4178 6328
1186 348 1254 405 IN
1290 329 1445 403 cari
1483 341 1671 401 xvm.
1712 337 1956 396 δεμες.
1996 332 2231 392 ιιοιιιι..
2271 324 2436 383 XLII.

1330 682 1858 780 HOMILIA
1928 678 2236 767 XLII.

382 959 517 1018 Cum
556 954 912 1013 surrexissent
942 956 1125 1006 autem
1149 946 1272 1011 uiri,
1314 944 1660 1012 respexerunt
1683 936 1742 991 in
1772 934 1963 1004 facient
1997 928 2349 991 Sodomorum
2384 932 2437 980 et
2472 920 2779 982 Gomorrae
2818 914 2971 990 (Gen.
3009 913 3097 970 18.
3135 909 3248 983 l6).

263 1224 319 1280 i.
350 1220 645 1278 Didicimus
671 1230 737 1272 ex
774 1213 1024 1269 hesterna
1054 1205 1307 1272 lectione,
1337 1196 1625 1265 carissimi,
1666 1192 1782 1250 exi-

188 1317 353 1374 miam
393 1312 519 1383 justi
559 1306 971 1379 hospitalitatem
1000 1319 1016 1356 :
1042 1314 1141 1370 age
1172 1306 1227 1390 et
1256 1310 1318 1352 ea
1347 1304 1467 1365 qua!
1487 1294 1785 1390 sequuntur

191 1412 508 1468 tractantes,
540 1399 700 1453 hodie
719 1398 989 1453 discamus
1018 1388 1397 1459 benignitatem
1422 1391 1480 1438 et
1496 1388 1784 1468 commise-

192 1495 459 1551 rationem
476 1466 812 1560 patriarcha.
836 1479 1083 1539 Possedit
1108 1479 1253 1534 enim
1279 1474 1477 1531 eximie
1496 1472 1676 1543 justus
1698 1466 1789 1522 ille

193 1587 426 1642 virtutes
471 1595 679 1637 omnes.
728 1577 912 1646 Neque
959 1573 1102 1628 enim
1149 1576 1353 1624 tantum
1389 1565 1527 1621 bene
1568 1560 1790 1615 allectus

192 1686 319 1735 erat
344 1677 396 1731 in
427 1674 718 1744 proximos,
753 1680 925 1737 neque
950 1646 1229 1733 hospitalis
1260 1665 1465 1713 tantum
1490 1663 1559 1744 et
1578 1650 1792 1744 miseri-

196 1782 351 1833 cors,
396 1743 491 1821 sed
522 1774 577 1819 et
602 1763 735 1816 alias
764 1759 987 1813 virtutes
1014 1767 1203 1810 omnes
1228 1748 1461 1805 ubertim
1483 1743 1787 1833 exhibebat.

202 1832 344 1915 Nam
381 1857 496 1910 sive
537 1851 846 1923 patientiam
887 1844 1141 1903 exhibere
1180 1855 1315 1911 opus
1344 1837 1435 1906 sit,
1462 1834 1701 1891 invenies
1726 1832 1794 1887 il-

204 1950 317 2006 lum
350 1948 403 2003 in
424 1959 693 2002 summum
714 1941 854 1996 illius
876 1936 1132 1995 verticem
1156 1944 1496 2005 progressum
1524 1946 1539 1983 :
1570 1927 1683 1983 sive
1695 1924 1798 1979 hu-

203 2040 488 2095 militatem
511 2035 771 2105 requiras,
802 2029 1011 2086 videbis
1038 2036 1093 2084 et
1122 2028 1175 2081 in
1204 2027 1306 2080 hac
1332 2022 1466 2078 nulli
1493 2019 1796 2085 cedentem,

204 2129 301 2185 sed
325 2141 514 2183 omnes
535 2122 999 2181 transcendentem
1023 2138 1037 2175 :
1066 2119 1182 2175 sive
1208 2115 1344 2173 ﬁdes
1368 2110 1691 2171 declaranda
1704 2110 1798 2177 sit,

204 2231 265 2277 ct
291 2221 347 2274 in
384 2219 488 2273 hoc
533 2231 645 2286 prae
673 2213 920 2270 omnibus
962 2211 1080 2267 aliis
1104 2209 1318 2265 laudem
1360 2205 1674 2261 merebitur.
1704 2201 1804 2257 Est

202 2311 354 2366 enim
381 2308 560 2363 anima
588 2306 705 2377 ejus
734 2305 908 2374 imago
933 2300 1177 2372 quaedam
1207 2298 1461 2363 animata,
1492 2296 1673 2351 varios
1689 2294 1805 2350 vir-

209 2409 384 2455 tutum
410 2398 618 2453 colores
639 2397 691 2449 in
712 2409 770 2450 se
797 2401 1097 2451 ostentans.
1127 2391 1259 2459 Qum
1283 2389 1442 2460 igitur
1470 2386 1625 2443 nobis
1650 2393 1803 2456 post-

211 2490 318 2544 hac
344 2489 531 2544 relicta
570 2495 654 2543 est
680 2484 973 2551 excusatio,
1017 2497 1140 2539 cum
1180 2494 1317 2537 unus
1366 2480 1529 2535 homo
1585 2484 1807 2533 cunctas

209 2579 271 2633 in
297 2592 359 2633 se
389 2577 612 2632 virtutes
640 2575 931 2645 possideat,
960 2587 1059 2628 nos
1088 2586 1216 2627 vero
1245 2571 1316 2625 ita
1344 2576 1596 2639 expertes
1620 2582 1806 2623 earum

211 2671 407 2735 simus,
443 2680 502 2723 ut
544 2678 613 2723 ne
662 2682 820 2737 unam
850 2666 1063 2737 quidem
1116 2676 1371 2719 exercere
1414 2659 1608 2731 juvetf
1653 2657 1809 2728 Quod

208 2761 363 2815 enim
409 2774 515 2813 non
555 2758 677 2828 quia
730 2770 834 2810 non
868 2769 1168 2825 possumus,
1203 2752 1298 2807 sed
1326 2752 1447 2822 quia
1478 2751 1749 2816 nolumus,
1777 2763 1809 2803 a

214 2848 379 2904 bonis
426 2846 675 2903 omnibus
709 2847 877 2901 simus
906 2845 1082 2910 alieni,
1118 2843 1249 2899 illud
1281 2842 1566 2898 manifeste
1612 2841 1813 2896 indicat

210 2940 364 3012 quod
390 2939 540 2993 multi
565 2937 804 3006 ejusdem
829 2946 1033 2990 natura:
1063 2935 1309 2990 homines
1336 2933 1674 2989 inveniantur
1698 2933 1811 2987 vir-

215 3030 425 3084 tutibus
466 3027 762 3096 conspicui.
796 3027 862 3081 Et
887 3041 1014 3080 vero
1044 3026 1180 3080 istud
1206 3027 1379 3094 ipsum
1411 3024 1552 3093 quod
1582 3024 1813 3093 patriar-

215 3120 343 3184 cha,
394 3117 484 3187 qui
528 3126 653 3171 ante
699 3118 885 3185 gratiae
938 3125 1146 3184 tempus
1188 3124 1243 3169 et
1278 3114 1402 3168 ante
1436 3115 1606 3182 legem
1638 3112 1755 3179 fuit,
1784 3127 1815 3167 a

216 3211 404 3278 seipse
427 3216 480 3263 et
504 3223 533 3261 a
560 3205 783 3261 scientia
815 3220 934 3276 quas
978 3213 1182 3259 natura:
1210 3205 1367 3259 insita
1395 3213 1499 3270 est,
1529 3203 1580 3257 in
1609 3212 1814 3259 tantum

218 3299 468 3370 pervenit
492 3297 703 3351 virtutis
738 3295 1029 3365 fastigium,
1067 3294 1264 3350 sufficit
1288 3306 1345 3349 ut
1388 3309 1579 3349 omnes
1607 3304 1817 3349 nostras

216 3391 601 3447 excusationes
631 3387 844 3443 refutet.
878 3391 948 3441 At
978 3388 1113 3442 forte
1141 3388 1321 3441 dicent
1344 3386 1508 3456 aliqui
1543 3403 1557 3441 :
1592 3386 1684 3439 Vir
1730 3386 1819 3441 ille

218 3480 449 3536 multam
478 3495 506 3532 a
552 3479 661 3537 Deo
686 3479 909 3549 gratiam
939 3488 1301 3549 consequutus
1337 3488 1421 3533 est
1451 3518 1466 3541 ,
1500 3486 1554 3549 et
1581 3477 1817 3531 omnium

222 3574 487 3629 Dominus
510 3572 627 3641 ejus
651 3573 976 3642 singularem
1004 3572 1185 3626 habuit
1214 3585 1418 3625 curam.
1452 3569 1650 3633 Etiam,
1682 3568 1736 3624 id
1766 3578 1822 3624 et

218 3680 329 3735 ego
354 3664 526 3719 fateor
572 3682 587 3717 :
637 3679 823 3719 verum
870 3665 971 3719 nisi
1015 3665 1221 3733 primus
1262 3672 1319 3717 et
1347 3664 1462 3733 ipse
1490 3663 1632 3733 quod
1663 3678 1821 3717 suum

219 3764 344 3810 erat
386 3754 619 3819 fecisset,
668 3770 773 3809 non
802 3764 944 3809 tanta
986 3770 1017 3809 a
1062 3756 1289 3809 Domino
1326 3754 1668 3809 obtinuisset.
1718 3753 1824 3809 Ea-

220 3854 451 3915 propter
476 3860 583 3899 non
612 3845 714 3899 hoc
738 3846 913 3900 solum
942 3846 1169 3915 respice,
1193 3845 1285 3899 sed
1311 3846 1362 3899 in
1389 3858 1711 3913 unoquoque
1741 3844 1823 3898 di-

222 3935 459 4003 ligenter
501 3936 737 4000 attende,
770 3936 1038 4004 quomodo
1083 3936 1314 4005 primum
1347 3935 1397 3989 in
1438 3935 1686 3989 omnibus
1711 3933 1823 3989 vir-

221 4026 363 4081 tutis
390 4040 502 4080 suae
522 4028 1278 4096 experimentumexhibuerit,
1302 4036 1461 4098 atque
1485 4027 1563 4081 sic
1581 4027 1822 4082 divinum

219 4116 489 4172 Μυθήι
518 4117 843 4186 praesidium.
886 4118 1011 4173 Haec
1050 4133 1192 4188 saepe
1219 4118 1371 4174 vobis
1413 4119 1819 4188 declaravimus,

221 4208 382 4262 illum
426 4221 639 4278 nempe,
666 4208 880 4278 quando
922 4224 952 4263 a
986 4210 1151 4279 patria
1182 4224 1277 4263 sua
1312 4210 1595 4280 migrabat,
1637 4225 1746 4265 non
1791 4225 1823 4263 a

220 4298 664 4369 progenitoribus
700 4312 887 4354 semen
929 4299 1052 4354 fidei
1099 4299 1394 4370 accepisse,
1448 4299 1544 4354 sed
1582 4315 1613 4354 a
1642 4300 1824 4369 seipso

217 4387 389 4443 valde
421 4388 724 4458 religiosam
745 4398 904 4460 atque
932 4391 1073 4459 piam
1113 4399 1348 4446 mentem
1384 4391 1693 4447 exhibuisse
1723 4400 1738 4459 ς
1770 4401 1826 4448 et

218 4479 509 4536 hominem
537 4479 708 4546 illum,
740 4494 863 4536 cum
888 4497 1060 4550 nuper
1083 4496 1112 4535 a
1132 4480 1384 4537 Chaldzea
1418 4483 1709 4538 translatus
1734 4498 1825 4540 es.

214 4579 333 4629 set.
387 4570 582 4624 iterum
626 4571 804 4626 subito
848 4574 1057 4640 jussum
1093 4573 1198 4626 alio
1226 4587 1468 4643 pergere,
1515 4583 1568 4628 et
1593 4574 1825 4629 alienam

216 4670 434 4713 terram
450 4674 560 4714 suae
586 4661 857 4730 praeferre,
891 4676 995 4717 non
1021 4664 1308 4719 ﬂuctuasse
1327 4665 1505 4719 animo
1526 4705 1541 4731 ,
1574 4680 1679 4719 non
1707 4666 1824 4720 dis-

214 4749 443 4811 tulisse.
476 4749 569 4804 sed
615 4751 795 4805 statim
821 4753 1076 4821 imperata
1116 4753 1308 4809 fecisse
1331 4795 1347 4819 ,
1381 4754 1538 4822 idque
1581 4770 1702 4810 cum
1733 4771 1829 4811 ne-

212 4839 626 4896 aeintubinam
652 4842 865 4896 errandi
886 4843 1092 4898 futurus
1116 4853 1258 4899 esset
1284 4844 1424 4909 linis,
1447 4855 1499 4899 et
1524 4847 1821 4912 festinasse,

212 4942 281 4990 et
313 4943 649 5001 properasse,
693 4942 751 4986 ut
778 4934 867 5003 qui
906 4935 960 4989 in
990 4935 1053 4989 iis
1077 4951 1195 5004 qua:
1225 4938 1379 5005 plane
1412 4938 1611 4991 incerta
1642 4948 1818 5005 erant,

220 5047 510 5106 tamquam
537 5046 682 5092 certa
721 5048 921 5099 essent,
954 5041 1261 5093 mandatum
1293 5040 1383 5093 Dei
1410 5038 1657 5092 omnibus
1682 5052 1818 5108 prte-

211 5125 512 5183 lerendum
536 5126 774 5181 duceret.

305 5318 548 5372 Facient:
574 5317 706 5382 quod
733 5315 785 5366 in
812 5330 863 5366 se
893 5323 966 5366 est
1008 5311 1140 5365 Dens
1159 5313 1405 5366 auxilium
1435 5330 1535 5366 non
1563 5324 1726 5381 negat.
1758 5342 1824 5354 -

223 5410 431 5464 Vidisti
457 5405 726 5477 quomodo
755 5405 821 5458 ab
856 5405 1004 5458 initio
1033 5420 1151 5474 qua:
1196 5421 1224 5457 a
1255 5407 1541 5473 semetipso
1573 5415 1723 5459 erant
1751 5416 1826 5459 at-

218 5496 445 5561 tuli-rit,
473 5505 527 5549 et
548 5504 825 5565 propterea
849 5493 1026 5547 divina
1055 5494 1292 5561 quotidie
1321 5494 1552 5548 ubertim
1579 5510 1824 5562 suscepe-

219 5593 301 5645 rit
329 5592 354 5641 ?
401 5587 603 5641 Eodem
649 5587 828 5649 modo,
868 5585 1066 5649 dilecti,
1098 5586 1258 5638 ctiam
1290 5601 1405 5647 nos,
1433 5588 1474 5638 si
1509 5588 1833 5640 voluerimus

219 5695 473 5749 superna
528 5677 626 5731 frui
670 5678 857 5747 gratia,
908 5678 1176 5729 imitemur
1226 5680 1603 5745 patriarcham,
1662 5688 1711 5731 et
1770 5696 1833 5734 ne

223 5780 563 5828 cunctcmur
617 5772 763 5824 obire
818 5771 1090 5825 virtutem.
1142 5770 1232 5822 sed
1284 5786 1707 5844 uuamqnamrpw
1768 5773 1833 5825 ita

1886 1204 2256 1256 exerceamus,
2284 1198 2344 1245 ut
2370 1188 2585 1245 oculum
2609 1190 2779 1256 illum,
2807 1182 2898 1259 qui
2925 1188 3088 1258 sopiri
3114 1187 3307 1257 nescit,
3347 1202 3480 1246 con-

1887 1281 2132 1335 ciliemus
2156 1280 2309 1335 nobis
2336 1277 2403 1333 ad
2432 1279 2738 1335 mercedem
2761 1277 3115 1333 tribuendam.
3151 1278 3367 1333 Etenim
3394 1278 3488 1348 qui

1888 1372 1991 1426 scit
2016 1385 2213 1426 arcana
2264 1373 2461 1425 mentis
2502 1380 2720 1435 nostrae,
2748 1384 2873 1425 cum
2904 1369 3095 1424 viderit
3121 1383 3308 1425 sanam
3334 1384 3490 1428 men-

1891 1470 2001 1517 tem
2046 1470 2307 1527 nostram,
2340 1470 2395 1517 et
2423 1476 2521 1517 nos
2550 1460 2733 1516 conari
2763 1470 2818 1516 et
2857 1462 2987 1516 eniti
3016 1462 3083 1515 ad
3125 1460 3338 1517 virtutis
3362 1476 3491 1518 cer-

1893 1558 2111 1625 tamina,
2139 1557 2319 1613 statim
2342 1565 2472 1611 nutu
2488 1555 2793 1611 etsnbsidio
2819 1569 2916 1610 suo
2942 1568 3041 1609 nos
3066 1554 3302 1625 adjuvat,
3328 1555 3492 1613 simul

1891 1660 1947 1706 et
1986 1651 2198 1706 labores
2227 1658 2441 1706 nostros
2468 1649 2825 1715 imminuens,
2867 1657 2920 1703 et
2948 1648 3215 1704 infirmam
3244 1657 3492 1705 naturam

1894 1752 2133 1798 nostram
2162 1740 2443 1807 roborans,
2480 1739 2782 1809 uberesque
2828 1738 3209 1795 retributiones
3235 1737 3494 1810 suppedi-

1898 1842 2039 1890 tans.
2071 1833 2213 1890 Sane
2244 1833 2299 1889 in
2318 1831 2616 1903 Olympicis
2639 1830 3021 1887 certaminibus
3041 1832 3354 1903 neutiquam
3371 1831 3496 1904 quis

1898 1928 2002 1983 tale
2023 1925 2150 1998 quid
2181 1926 2419 1982 inveniet
2446 1944 2462 1980 :
2494 1925 2591 1981 sed
2614 1932 2720 1980 stat
2747 1925 3063 1996 patdotriba,
3100 1925 3264 1998 fitque
3284 1934 3498 1997 specta-

1900 2029 1983 2074 tor
2005 2027 2214 2075 tantum
2241 2018 2581 2083 certantium,
2612 2030 2786 2087 neque
2816 2017 2872 2072 in
2916 2016 3023 2072 ulla
3050 2031 3110 2072 re
3134 2026 3308 2087 potest
3338 2017 3499 2088 adju-

1899 2124 2047 2176 vare,
2076 2108 2171 2166 sed
2201 2118 2483 2180 exspectat
2527 2108 2702 2164 donec
2743 2109 2966 2165 victoria
3008 2108 3313 2165 declaretur
3340 2126 3356 2163 :
3385 2110 3500 2165 Do-

1901 2203 2077 2257 minus
2122 2212 2304 2259 autem
2346 2211 2532 2259 noster
2569 2217 2675 2257 non
2721 2203 2816 2270 ita,
2866 2200 2962 2258 sed
3009 2202 3169 2257 simul
3219 2202 3503 2260 nobiscum

1901 2304 2093 2363 certat,
2132 2304 2190 2351 et
2235 2310 2453 2350 manum
2493 2296 2736 2366 porrigit,
2770 2304 2824 2349 et
2861 2294 3021 2350 simul
3049 2294 3417 2366 congreditur,
3448 2302 3506 2354 et

1903 2387 2053 2456 quasi
2078 2385 2316 2456 undique
2338 2386 2559 2441 enititur
2585 2396 2643 2440 ut
2677 2384 3043 2442 adversarium
3065 2395 3313 2456 nostrum
3342 2386 3502 2444 nobis

1906 2477 2100 2540 tradat,
2134 2476 2371 2547 nihilque
2412 2491 2521 2538 non
2565 2477 2695 2547 agit,
2743 2487 2993 2549 satagens
3022 2485 3081 2531 ut
3105 2478 3161 2531 in
3211 2478 3509 2537 certamine

1910 2569 2312 2639 praevaleamus,
2337 2578 2392 2624 et
2413 2568 2713 2633 vincamus,
2740 2583 2848 2639 quo
2872 2568 3033 2639 capiti
3074 2578 3261 2625 nostro
3283 2570 3506 2627 immor-

1909 2662 2213 2717 cescibilem
2240 2661 2480 2730 imponat
2517 2675 2795 2715 coronam.
2828 2661 3081 2715 Coronam
3110 2662 3276 2726 enim,
3314 2661 3512 2733 inquit,

1911 2753 2193 2823 gratiarum
2230 2750 2452 2822 accipies
2495 2752 2549 2804 in
2584 2752 2752 2821 capite
2780 2760 2867 2805 tuo
2896 2749 3081 2823 (Prov.
3115 2753 3166 2805 1.
3199 2750 3276 2813 9).
3309 2751 3429 2808 Jam
3457 2752 3514 2812 in

1914 2842 2021 2898 illis
2067 2841 2365 2913 Olympicis
2405 2842 2795 2897 certaminibus
2830 2857 3028 2899 corona
3074 2853 3198 2913 post
3230 2845 3517 2903 victoriam

1913 2934 2046 2989 nihil
2087 2934 2229 2988 aliud
2268 2942 2371 3001 est,
2403 2949 2565 3004 quam
2595 2934 2718 2989 folia
2750 2936 2908 3001 lauri,
2938 2949 3098 3005 quam
3137 2936 3431 3005 applausus
3458 2945 3519 2995 et

1915 3028 2232 3084 acclamatio
2257 3026 2424 3097 vulgi,
2447 3043 2568 3097 qua:
2597 3028 2777 3083 omnia
2808 3035 3093 3098 appetente
3120 3043 3345 3097 vespera
3374 3044 3519 3086 mar-

1915 3126 2137 3173 cescunt
2159 3125 2211 3172 et
2241 3127 2504 3188 pereunt:
2535 3126 2590 3171 at
2615 3132 2813 3174 corona
2839 3132 2959 3188 qua:
2982 3132 3077 3186 pro
3102 3118 3364 3175 virtuteet
3394 3119 3516 3188 ejus

1918 3207 2204 3263 sudoribus
2231 3208 2407 3274 datur,
2447 3207 2580 3262 nihil
2624 3207 2787 3264 habet
2820 3208 3097 3273 sensibile,
3129 3224 3302 3279 neque
3330 3212 3384 3265 in
3414 3210 3522 3272 hoc

1918 3298 2115 3351 saeculo
2146 3298 2425 3351 nobiscum
2452 3298 2790 3363 dissolvitur,
2820 3298 2917 3353 sed
2947 3308 3203 3368 perpetua
3230 3310 3313 3355 est
3342 3311 3397 3357 et
3418 3301 3524 3357 ima-

1920 3387 2183 3453 mortalis,
2226 3386 2527 3441 extendens
2565 3402 2624 3442 se
2674 3388 2730 3441 in
2779 3388 2959 3443 omnia
3011 3390 3229 3445 siccula.
3276 3390 3343 3445 Et
3371 3391 3524 3448 labor

1922 3478 2135 3547 quidem
2178 3487 2261 3533 est
2295 3479 2447 3548 parvi
2476 3480 2735 3549 temporis
2765 3496 2780 3544 ;
2810 3496 3021 3536 merces
3048 3491 3227 3539 autem
3279 3484 3525 3543 laborum

1923 3566 2083 3622 ﬁnem
2125 3582 2233 3623 non
2261 3567 2440 3624 habet.
2482 3583 2657 3639 neque
2687 3570 2830 3624 cedit
2861 3573 3110 3641 tempori,
3158 3588 3332 3644 neque
3374 3590 3525 3631 mar-

1924 3662 2107 3717 cescit.
2138 3661 2209 3716 Et
2248 3670 2307 3716 ut
2333 3662 2575 3728 discatis,
2624 3676 2752 3718 ecce
2796 3673 2927 3733 quot
2965 3664 3092 3719 anni
3126 3669 3523 3735 praeterierunt,

1923 3762 2055 3822 quot
2069 3753 2466 3821 generationes,
2492 3768 2522 3806 a
2548 3766 2654 3822 quo
2680 3753 2978 3820 patriarcha
3012 3755 3100 3809 hic
3130 3757 3183 3810 in
3215 3756 3350 3812 vivis
3379 3756 3480 3813 fuit
3508 3777 3523 3812 :

1924 3851 1979 3895 et
2002 3842 2139 3896 sicut
2155 3841 2275 3897 heri
2298 3850 2352 3896 et
2380 3841 2561 3905 hodie,
2592 3842 2661 3895 ita
2685 3841 2888 3912 fulgent
2925 3844 3042 3913 ejus
3072 3860 3168 3915 pro
3199 3847 3394 3902 virtute
3420 3862 3522 3905 co-

1926 3946 2095 4000 ronas,
2128 3938 2183 3987 et
2210 3945 2381 4003 usque
2406 3932 2473 3986 ad
2512 3934 3033 3990 consummationem
3059 3937 3241 3991 surculi
3275 3938 3527 3996 omnibus

1925 4027 2015 4097 qui
2062 4034 2208 4081 recte
2258 4025 2497 4097 sapiunt,
2529 4035 2899 4097 argumentum
2931 4036 3015 4084 est
3055 4030 3323 4085 sermonis
3349 4040 3405 4086 et
3427 4029 3527 4086 do-

1926 4116 2133 4171 ctrinze.

1997 4207 2053 4261 2.
2082 4205 2315 4261 Facilius
2340 4208 2599 4261 medemur
2620 4209 2807 4262 animas
2830 4249 2844 4273 ,
2876 4226 3029 4278 quam
3055 4212 3285 4281 corporis
3311 4214 3524 4272 morbis.

1927 4330 1999 4341 -—
2026 4298 2259 4355 Proinde
2275 4300 2398 4370 quia
2427 4298 2551 4353 talis
2574 4306 2657 4354 est
2685 4301 2855 4354 virtus
2880 4301 3033 4369 justi,
3066 4303 3131 4357 ad
3163 4305 3532 4363 aemulandum

1930 4390 2081 4444 illum
2130 4390 2587 4461 expcrgiscamur,
2636 4397 2693 4445 et
2729 4390 2812 4444 vel
2856 4405 2980 4446 sero
3030 4392 3244 4449 tandem
3291 4406 3529 4453 nostram

1933 4489 2292 4551 agnoscentes
2335 4479 2692 4547 nobilitatem,
2736 4480 3090 4551 patriarcbam
3155 4484 3447 4554 imitemur,
3479 4498 3536 4544 et

1930 4575 1998 4629 de
2028 4574 2198 4629 salute
2228 4581 2410 4628 nostra
2453 4573 2773 4642 cogitemus,
2806 4573 2973 4628 multa
3021 4573 3258 4630 adhibita
3302 4577 3531 4649 diligen-

1932 4665 2027 4731 tia,
2060 4673 2117 4716 ut
2145 4678 2250 4717 non
2283 4662 2455 4717 solum
2487 4677 2683 4731 corpus
2711 4679 2901 4718 sanum
2930 4666 3017 4729 sit,
3049 4666 3142 4720 sed
3167 4674 3219 4720 ct
3246 4677 3302 4720 ut
3326 4668 3529 4725 diversi

1931 4758 2125 4811 animm
2143 4756 2314 4812 morbi
2343 4763 2613 4810 curentur.
2654 4753 2787 4808 Nam
2810 4754 2853 4809 si
2877 4754 3205 4810 voluerimus
3218 4757 3385 4813 sobrii
3414 4774 3536 4816 esse

1932 4864 1996 4903 ac
2009 4849 2213 4919 vigiles,
2232 4847 2439 4901 facilius
2455 4848 2675 4901 morbos
2694 4847 2886 4900 animae
2905 4861 3064 4916 quam
3086 4849 3329 4917 corporis
3341 4865 3534 4906 emen-

1932 4938 2197 4993 dabimus.
2250 4936 2383 4992 Nam
2412 4938 2623 5007 quoties
2655 4952 2754 4992 nos
2781 4936 2997 4991 affectio
3026 4939 3290 5007 quaepiam
3322 4950 3539 5011 pertur-

1934 5033 2045 5098 bat,
2077 5033 2121 5086 si
2151 5031 2478 5085 voluerimus
2520 5031 2605 5099 pia
2655 5030 3013 5099 religiosaque
3055 5039 3235 5087 mente
3294 5035 3534 5103 cogitare

1928 5124 2187 5193 judicium
2216 5122 2321 5176 diei
2370 5122 2514 5177 illius
2550 5122 2825 5187 terribilis,
2869 5131 2924 5177 et
2966 5135 3073 5177 non
3110 5122 3177 5177 ad
3207 5132 3531 5194 prterentem

1933 5217 2262 5286 voluptatem
2297 5222 2565 5291 spectare,
2616 5213 2709 5269 sed
2752 5213 2819 5268 ad
2844 5215 3113 5269 cruciatus
3148 5231 3289 5286 quos
3318 5228 3541 5289 propter

1936 5308 2086 5361 illam
2108 5306 2357 5367 feremus,
2387 5306 2567 5359 statim
2599 5304 2668 5360 ab
2687 5306 2866 5360 anima
2894 5315 3077 5362 nostra
3111 5309 3314 5365 resiliet
3333 5320 3387 5366 et
3405 5325 3540 5368 avo-

1934 5397 2085 5451 labit.
2129 5396 2426 5465 Eapropter
2456 5412 2525 5450 ne
2568 5396 2742 5451 simus
2770 5397 3125 5467 negligentes,
3166 5401 3259 5454 sed
3307 5402 3542 5459 scientes

1936 5501 2162 5555 agonem
2191 5501 2310 5541 esse
2351 5495 2407 5541 ct
2436 5495 2734 5553 certamen,
2764 5496 2823 5540 ut
2865 5488 2918 5541 in
2947 5488 3133 5556 praelia
3164 5489 3409 5547 hostibus
3440 5508 3541 5548 nos

1936 5580 2253 5649 objiciamus
2295 5588 2546 5648 oportet,
2579 5579 2819 5650 quatidie
2860 5591 3173 5649 renovetur,
3209 5598 3271 5638 ac
3298 5586 3536 5655 vigorem

1934 5674 2223 5741 juvenilem
2271 5675 2493 5730 reciniat
2524 5676 2736 5729 animus
2781 5684 2983 5739 noster,
3033 5687 3091 5731 ut
3137 5694 3372 5747 superno
3420 5681 3540 5735 freti

1943 5764 2210 5833 praesidio,
2245 5766 2393 5818 malm
2427 5765 2583 5833 hujus
2620 5767 2822 5832 testim,
2851 5767 3177 5822 insidiatoris
3210 5769 3327 5825 dno
3352 5772 3541 5824 salutis
