4178 6328
711 395 816 453 387

716 521 930 578 nostrtc,
954 518 1114 580 caput
1142 509 1324 566 statim
1361 520 1640 567 conterere
1677 511 1965 568 valeamus.
1992 510 2111 582 ipse
2137 512 2280 567 enim

715 602 975 661 Dominus
1003 600 1153 655 nobis
1170 600 1439 672 promisit,
1462 601 1646 655 dicens
1673 616 1689 654 :
1720 599 1850 656 Ecce
1884 600 1999 655 dedi
2025 601 2162 655 vobis
2187 615 2283 668 po-

712 702 933 746 testatem
959 691 1188 744 calcandi
1208 707 1360 760 super
1387 700 1637 761 serpentes
1656 700 1703 744 et
1729 693 2036 760 scorpiones,
2065 699 2115 746 et
2131 707 2287 760 super

707 783 1162 836 omnem-uirtutem
1189 782 1382 836 inimici
1409 781 1559 852 (Luc.
1595 781 1681 837 i0.
1714 782 1827 854 19).
1859 783 2143 854 \‘igilemus
2180 782 2282 854 igi-

700 883 815 937 tur,
845 874 1088 934 obsecro,
1121 881 1180 927 ut
1211 872 1433 942 vestigia
1459 873 1614 942 hujus
1655 873 1968 941 patriarchae
1997 881 2285 944 sequentes

702 963 771 1017 ad
818 963 1065 1019 virtutem
1105 964 1458 1018 exercendam
1493 1005 1510 1032 ,
1554 963 1769 1019 easdem
1813 977 2041 1020 coronas
2088 963 2284 1020 mereri

701 1055 992 1124 possimus,
1016 1064 1071 1111 et
1095 1052 1159 1110 ad
1184 1054 1301 1125 ejus
1337 1056 1486 1111 sinus
1523 1055 1818 1127 pervenire,
1852 1063 1904 1110 et
1929 1054 2162 1126 eﬁugere
2191 1062 2284 1126 ge-

702 1143 897 1201 hennae
929 1160 1162 1215 prunam,
1187 1155 1243 1202 et
1284 1147 1500 1217 assequi
1546 1147 1684 1202 bona
1713 1145 1802 1202 illa
1833 1145 2134 1202 ineﬁ‘abilia.
2167 1145 2280 1204 Ve-

701 1251 822 1292 rum
849 1246 906 1292 ut
943 1237 1170 1307 amplior
1213 1237 1304 1292 ﬂat
1344 1245 1520 1292 vestra
1567 1237 1858 1305 azmulatio,
1898 1246 1954 1294 et
1997 1239 2167 1309 magis
2210 1237 2280 1294 ad

702 1328 1026 1384 imitandum.
1044 1329 1184 1384 hunc
1197 1329 1396 1398 justum
1416 1342 1511 1382 vos
1538 1343 1894 1398 provocemus
1924 1346 1938 1382 :
1961 1344 2062 1399 age
2086 1329 2276 1385 iterum

696 1435 763 1476 ex
785 1422 1002 1477 historia
1024 1421 1165 1478 illius
1183 1437 1304 1477 cum
1321 1431 1498 1477 vestra
1524 1423 1749 1477 caritate
1776 1421 2166 1492 colloquentes,
2190 1437 2274 1477 se-

697 1513 913 1580 quentia
948 1513 1334 1582 aggrediamur.
1370 1512 1528 1584 Igitur
1557 1522 1676 1583 post
1704 1513 1903 1582 largam
1925 1513 2069 1568 illam
2094 1512 2278 1584 hospi-

693 1605 978 1670 talitatem,
1011 1620 1168 1674 quam
1195 1605 1464 1668 exercuit,
1498 1620 1602 1659 non
1637 1604 1839 1660 lautitia
1859 1605 1944 1661 vel
1974 1605 2278 1676 multiplici-

692 1703 807 1751 tate
832 1694 1150 1750 ferculorum
1175 1736 1192 1760 ,
1223 1695 1314 1748 sed
1345 1691 1618 1750 alacritate
1644 1703 1696 1750 et
1739 1695 2056 1751 liberalitate
2081 1695 2274 1752 mentis

695 1784 1030 1851 aestimatam,
1061 1785 1239 1839 statim
1266 1784 1635 1855 hOSpitalitatis
1664 1784 1965 1841 mercedem
1991 1785 2219 1842 obtinuit
2255 1805 2269 1840 :

693 1884 749 1930 et
774 1873 958 1930 didicit
981 1875 1222 1944 quisnam
1254 1887 1489 1944 praesens
1534 1875 1622 1931 ille
1647 1886 1822 1941 esset,
1845 1885 1900 1933 et
1922 1884 2119 1948 quanta
2158 1877 2274 1946 ejus

687 1966 885 2022 virtus.
917 1966 1167 2022 Abituros
1196 1965 1340 2021 illinc
1365 1965 1432 2020 ad
1460 1965 1812 2022 subvertenda
1845 1965 2076 2021 Sodoma
2096 1966 2288 2046 actiui:

694 2065 780 2111 tur
802 2055 1096 2126 patriarcha
1121 2097 1138 2122 ,
1168 2065 1224 2112 et
1265 2055 1483 2111 honoris
1521 2071 1680 2112 causa
1717 2057 2034 2121 comitatur,
2077 2057 2269 2126 inquit.

693 2145 825 2200 Vide
855 2145 1414 2200 Dominiclementiam
1443 2155 1496 2200 et
1525 2153 1720 2216 quanta
1744 2145 2267 2217 benignitateman-

688 2240 972 2309 gentiaque
992 2253 1138 2304 usus,
1164 2237 1326 2313 simul
1342 2237 1485 2305 justo
1507 2236 1766 2294 honorem
1795 2238 2070 2308 impendit,
2090 2237 2270 2293 etvir—

691 2337 856 2384 tutcm
885 2329 940 2383 in
977 2329 1152 2383 anima
1188 2328 1306 2399 ejus
1346 2329 1597 2385 latentem
1635 2329 1886 2400 detegere
1936 2330 2120 2385 voluit.
2177 2331 2264 2386 i6.

691 2420 816 2477 Cum
841 2421 1171 2475 surrexissent
1187 2430 1370 2486 autem,
1402 2421 1592 2490 inquit,
1619 2421 1737 2489 uiri,
1765 2431 2089 2493 rapererunt
2113 2423 2165 2477 in
2181 2426 2270 2495 {e—

689 2512 814 2566 tiam
844 2510 1182 2568 Sodomorum
1207 2521 1256 2567 et
1278 2511 1593 2566 Gomorrlue.

761 2604 900 2659 Deus
919 2604 1175 2663 Abraham
1186 2604 1513 2658 consiliorum
1533 2619 1740 2658 suorum
1751 2604 2043 2674 participat.
2065 2605 2268 2674 Quanto

688 2696 880 2751 honore
891 2696 1092 2765 justum
1108 2695 1347 2765 dignatur
1366 2692 1523 2749 Deus.
1547 2722 1620 2735 —
1649 2694 1724 2750 De
1742 2695 1945 2764 angelis
1969 2695 2118 2751 dicit.
2133 2694 2266 2752 Nam

691 2787 780 2844 hic
801 2788 1016 2859 quidem
1043 2787 1096 2842 in
1126 2786 1468 2842 tabernaculo
1493 2785 1745 2854 Abrahae,
1786 2795 1843 2843 et
1869 2787 2063 2859 angeli,
2089 2796 2145 2844 et
2170 2802 2266 2843 eo-

689 2893 806 2933 rum
837 2877 1091 2932 Dominus
1118 2893 1215 2949 per
1227 2876 1369 2932 idem
1399 2885 1607 2946 tempus
1635 2878 1732 2932 visi
1749 2885 1871 2933 sunt
1894 2895 1907 2931 :
1933 2888 2114 2947 postea
2139 2892 2266 2935 vero

688 2967 767 3023 illi
806 2967 1020 3040 quidem
1052 2976 1109 3023 ut
1136 2967 1363 3023 ministri
1393 2969 1538 3022 missi
1582 2975 1708 3022 sunt
1752 2967 1821 3023 ad
1861 2968 2265 3025 subverstonem

690 3060 897 3115 illarum
948 3058 1240 3126 civitatum,
1291 3058 1406 3129 ipse
1447 3067 1626 3113 autem
1677 3056 1931 3114 Dominus
1969 3059 2184 3124 mansit,
2215 3072 2268 3113 et

689 3150 840 3221 quasi
859 3149 1060 3204 amicus
1088 3149 1261 3204 amico
1281 3148 1428 3218 justo
1453 3149 1879 3204 communicabat
1906 3163 2150 3218 quamam
2189 3147 2269 3202 la-

696 3249 881 3296 cturus
906 3248 1067 3296 esset.
1094 3238 1248 3297 Unde
1289 3239 1394 3294 illis
1429 3238 1704 3309 profectis,
1743 3239 1828 3294 l7.
1868 3239 2030 3305 Dixit,
2076 3240 2264 3309 inquit,

689 3330 944 3385 Dominus
972 3346 991 3382 :
1037 3328 1158 3384 Non
1193 3328 1366 3384 celabo
1391 3328 1645 3382 Abraham
1671 3343 1886 3398 puerum
1929 3344 2112 3392 meum,
2156 3342 2270 3396 qua:

688 3441 778 3495 ego
797 3423 999 3494 faciam.
1027 3421 1213 3493 Magna
1240 3420 1332 3476 Dei
1361 3419 1706 3491 indulgentia,
1737 3428 1792 3474 et
1813 3432 2026 3475 omnem
2064 3432 2272 3475 sermo-

690 3531 812 3572 nem
852 3529 1108 3585 superans
1131 3513 1276 3585 justo
1325 3512 1495 3569 honor
1520 3511 1829 3567 exhibetur.
1873 3509 2010 3565 Vide
2039 3524 2269 3580 namque

683 3619 794 3676 quo
831 3614 986 3678 pacto
1019 3605 1191 3676 ipsum
1232 3603 1532 3674 alloquetur
1574 3602 1726 3671 quasi
1770 3601 1933 3658 homo
1970 3599 2266 3669 hominem,

687 3697 1068 3753 demonstrans
1095 3694 1270 3762 nobis,
1299 3705 1498 3767 quanto
1524 3695 1727 3750 honore
1751 3695 2000 3766 dignetur
2027 3691 2270 3748 homines

691 3789 884 3843 virtute
905 3785 1172 3855 ptmditos.
1196 3786 1260 3840 Et
1279 3796 1334 3839 ut
1359 3801 1427 3841 ne
1445 3794 1598 3856 putes
1623 3784 1882 3839 honorem
1904 3793 2109 3838 tantum
2122 3783 2269 3852 justo

689 3893 1002 3934 concessum
1015 3878 1183 3933 solius
1203 3875 1398 3932 divina:
1425 3890 1546 3932 esse
1573 3874 1843 3938 bonitatis,
1866 3874 1985 3930 vide
2004 3874 2272 3944 quomodo

690 3969 868 4026 divina
897 3969 1167 4040 Scriptura
1211 3969 1400 4025 doceat
1444 3980 1567 4036 nos,
1595 3968 1767 4036 ipsum
1796 3967 1894 4022 sibi
1924 3966 2022 4036 ipsi
2054 3967 2273 4021 honoris

695 4063 862 4118 fuisse
892 4072 1198 4127 auctorem,
1241 4059 1504 4115 mandatis
1530 4073 1722 4128 nempe
1749 4057 1943 4112 divinis
1970 4072 2158 4126 magna
2187 4071 2274 4112 se-

689 4153 915 4209 dulitate
943 4152 1322 4222 obsequutum.
1349 4151 1635 4218 Postquam
1662 4148 1805 4202 enim
1838 4147 1969 4201 dixit
1999 4165 2012 4199 :
2045 4146 2165 4200 Non
2182 4162 2269 4201 ce-

691 4245 806 4299 labo
831 4244 1087 4298 Abraham
1109 4258 1320 4311 puerum
1347 4257 1530 4304 meum,
1561 4254 1676 4309 quia
1699 4255 1789 4309 ego
1813 4239 2020 4308 faciam,
2047 4252 2153 4292 non
2166 4247 2276 4291 sta-

686 4336 784 4391 tim
827 4335 956 4390 dicit
983 4333 1109 4402 quid
1153 4331 1388 4385 futurum
1430 4329 1498 4384 sit
1532 4347 1546 4383 :
1592 4342 1923 4398 consequens
1951 4328 2093 4382 enim
2134 4337 2271 4394 erat,

693 4436 750 4479 nt
773 4439 997 4494 [urgeas
1020 4423 1221 4476 diceret
1239 4436 1298 4475 se
1325 4424 1665 4476 incensurum
1688 4417 1941 4474 Sodoma.
1965 4419 2034 4472 At
2058 4418 2273 4488 dignum

692 4523 794 4580 est,
823 4521 880 4568 ut
904 4527 1079 4583 neque
1108 4512 1237 4565 illud
1277 4519 1656 4580 praetereamus
1689 4527 1703 4563 :
1738 4524 1910 4578 neque
1935 4510 2076 4563 enim
2105 4509 2272 4579 sylla-

695 4608 834 4669 bam,
891 4618 1066 4673 neque
1107 4599 1312 4670 apicem
1358 4602 1408 4654 in
1457 4599 1634 4655 divina
1680 4597 1953 4668 Scriptura
2002 4599 2275 4667 praeterire

695 4702 922 4763 oportet.
968 4693 1190 4758 Quanta:
1238 4690 1381 4745 enim
1407 4688 1678 4759 dignitatis
1712 4701 1830 4743 esse
1873 4697 2022 4757 putas
2055 4687 2102 4741 id
2132 4688 2273 4758 quod

697 4785 845 4845 dicit,
873 4783 1128 4838 Abraham
1153 4797 1364 4850 puerum
1395 4796 1556 4833 meum
1575 4780 1795 4848 ?quanti
1811 4779 2032 4833 allectus
2050 4780 2072 4830 ?
2093 4781 2274 4849 quanti

701 4870 939 4928 nllltlriS?
968 4873 1076 4927 Hoc
1101 4873 1243 4926 enim
1278 4872 1606 4940 potissimum
1632 4880 1894 4924 monstrat
1919 4870 2167 4926 eximiam
2194 4871 2275 4926 di-

699 4968 952 5036 gnitatem
980 4976 1030 5018 et
1054 4964 1309 5018 honorem
1333 4964 1475 5031 justo
1498 4963 1813 5016 exhibitum.
1841 4963 2042 5016 Deinde
2063 4962 2114 5015 id
2135 4962 2275 5032 quod

699 5055 964 5119 dicebam,
993 5063 1269 5124 postquam
1301 5053 1452 5118 dixit,
1490 5052 1607 5110 Non
1635 5054 1803 5108 celabo
1833 5070 1850 5106 :
1878 5070 1980 5107 non
2008 5055 2184 5107 statim
2202 5056 2279 5108 af-

701 5150 802 5201 fert
827 5157 878 5202 et
905 5145 1031 5199 dicit
1059 5145 1198 5212 quod
1227 5155 1337 5199 erat
1369 5146 1596 5198 futurum
1624 5163 1637 5209 ;
1672 5146 1764 5200 sed
1794 5145 1952 5215 quid?
1996 5145 2059 5200 Ut
2100 5144 2273 5199 disca-

702 5255 818 5294 mus
848 5257 948 5292 non
997 5240 1194 5307 absque
1235 5253 1410 5303 causa,
1447 5253 1618 5306 neque
1655 5248 1855 5294 temere
1881 5239 2044 5292 Deum
2077 5249 2276 5292 tantum

700 5349 824 5403 erga
873 5334 1015 5386 illum
1053 5331 1323 5383 declarare
1353 5332 1604 5394 studium,
1650 5332 1816 5400 inquit
1847 5351 1856 5382 :
1893 5332 1974 5384 13.
2024 5334 2279 5384 Abraham

704 5435 867 5477 autem
892 5425 1090 5489 futurus
1117 5430 1186 5472 est
1231 5423 1279 5472 in
1317 5431 1509 5488 gentem
1539 5437 1770 5492 magnam
1809 5433 1850 5474 et
1883 5422 2110 5482 multum,
2147 5431 2191 5474 et
2227 5424 2280 5474 in

704 5516 814 5580 ipso
852 5515 1201 5567 benedicentur
1231 5529 1399 5564 omnes
1428 5523 1597 5584 gentes
1637 5523 1797 5567 terra.
1837 5515 1918 5568 19.
1973 5514 2104 5566 Novi
2151 5516 2280 5568 enim

709 5611 838 5675 quod
866 5610 1126 5659 constituet
1151 5606 1269 5671 [iliis
1297 5619 1341 5657 ct
1363 5608 1536 5658 domui
1557 5621 1661 5658 sua
1681 5617 1787 5674 post
1817 5612 1889 5664 se.
1919 5619 1963 5660 et
2001 5609 2281 5659 (ηδιοάίινηι

651 5737 653 5739 ι
705 5701 818 5750 vias
862 5701 1060 5753 Domini
1101 5700 1215 5762 Dei,
1262 5709 1309 5749 ut
1358 5703 1545 5768 faciant
1571 5701 1820 5767 justitiam
1863 5703 2199 5768 etjutt'icium,
2233 5713 2282 5752 ut

702 5796 928 5850 adducat
957 5794 1199 5849 Dominus
1220 5810 1370 5862 super
1393 5792 1649 5845 Abraham
1678 5793 1844 5845 omnia
1869 5808 2190 5860 φιλέει-ταινίας
2207 5795 2282 5847 lo-

1452 393 1509 452 8.
1547 393 1823 456 JOANNIS
1857 391 2323 453 CHRYSOSTO)"
2363 393 2677 454 A‘BClllEP.
2719 397 3252 459 CONSTANTINOI".

2394 521 2581 579 quutus
2605 514 2772 568 estad
2795 530 2929 569 aut.
2959 515 3137 586 Papa,
3166 523 3363 587 quanta
3389 516 3732 589 benignitatis
3761 515 3977 576 Domini

2395 602 2731 672 magnitudo!
2763 603 3021 673 Quoniam
3042 615 3224 676 postea
3251 606 3564 664 inducturus
3579 619 3695 665 erat
3708 612 3976 668 excidium

2392 690 2771 757 Sodomorum,
2819 710 2960 750 nunc
3007 696 3154 766 prius
3196 698 3554 766 patriarcham
3603 699 3671 755 ad
3724 699 3975 758 ﬁduciatn

2390 782 2649 848 concitat,
2676 781 2833 838 simul
2857 783 3114 853 pollicens
3137 787 3186 839 ei
3206 787 3636 844 benedictionem
3660 790 3968 854 maximam,

2391 872 2670 942 ipsumque
2709 873 2763 927 in
2803 888 3050 944 magnam
3091 876 3481 932 multitudinem
3522 879 3756 935 futurum
3806 894 3928 936 esse
3955 897 3975 935 ε

2387 959 2589 1017 docens
2633 978 2755 1018 eum
2806 965 2950 1035 quod
2998 966 3301 1023 mercedem
3341 967 3481 1025 hanc
3514 969 3616 1039 pia:
3641 986 3754 1026 sum
3781 972 3976 1028 mentis

2386 1063 2706 1124 accepturus
2750 1055 2840 1110 sit.
2885 1055 3069 1128 Cogita
3111 1057 3255 1113 enim
3295 1069 3490 1128 quanta
3541 1060 3612 1114 sit
3657 1061 3975 1130 patriarcha

2386 1145 2576 1212 virtus,
2615 1146 2828 1217 quando
2856 1148 2997 1204 Deus
3017 1147 3146 1205 dicit
3172 1165 3190 1206 :
3217 1149 3340 1207 Scio
3365 1151 3500 1204 enim
3527 1156 3664 1222 quod
3706 1151 3975 1209 constituet

2383 1235 2507 1304 filiis
2533 1235 2638 1291 suis
2663 1246 2776 1306 post
2811 1253 2886 1305 se,
2916 1247 2963 1292 et
2988 1238 3268 1294 custodiant
3287 1239 3395 1294 uias
3417 1238 3627 1295 Domini
3643 1238 3762 1296 Dei.
3784 1240 3971 1314 “agna

2382 1327 2499 1385 bace
2515 1339 2600 1386 est
2617 1331 2826 1387 virtutis
2847 1332 3118 1387 accessio:
3139 1346 3245 1388 non
3271 1333 3415 1389 enim
3441 1340 3643 1391 tantum
3667 1333 3973 1392 mercedem

2376 1421 2575 1492 accipit
2597 1422 2718 1491 quia
2739 1423 2856 1493 ipse
2881 1422 3018 1478 bene
3035 1423 3176 1494 egit;
3204 1424 3302 1480 sed
3328 1433 3384 1481 et
3407 1425 3532 1496 quia
3558 1427 3812 1496 praecepit
3831 1427 3975 1482 natis

2377 1509 2515 1579 suis,
2546 1512 2718 1583 largas
2747 1511 3122 1570 retributiones
3163 1515 3374 1585 accipit,
3415 1515 3578 1586 idque
3604 1518 3796 1573 merito
3838 1533 3856 1573 :
3886 1516 3971 1573 si-

2379 1601 2594 1671 quidem
2640 1602 2754 1674 ipse
2791 1603 3040 1661 omnibus
3077 1604 3331 1675 deinceps
3370 1605 3627 1678 magister
3677 1616 3734 1663 et
3780 1605 3974 1664 doctor

2375 1695 2565 1750 evasit.
2594 1695 2644 1751 is
2667 1697 2809 1752 enim
2833 1697 2921 1767 qui
2945 1696 3265 1767 principium
3297 1698 3500 1769 prabet
3525 1712 3588 1754 ac
3609 1699 3778 1766 initia,
3805 1698 3971 1756 etiam

2377 1798 2563 1840 eorum
2597 1800 2716 1856 qute
2733 1794 2914 1855 postea
2931 1787 3064 1843 liuet
3081 1795 3267 1844 auctor
3299 1797 3405 1843 est.

2449 1877 2502 1931 3.
2543 1876 2610 1930 Et
2633 1875 2754 1932 vide
2781 1877 2990 1932 Domini
3019 1877 3332 1934 bonitatem.
3355 1876 3474 1934 Non
3498 1879 3672 1935 solum
3701 1894 3798 1952 pro
3826 1893 3969 1951 prte-

2379 1965 2532 2020 terita
2564 1967 2782 2033 virtute,
2807 1967 2902 2022 sed
2928 1976 2984 2023 et
3012 1982 3109 2038 pro
3137 1966 3314 2024 futura
3344 1969 3546 2038 justum
3562 1978 3962 2026 remuneratur.

2376 2053 2498 2110 Scio
2525 2056 2678 2120 enim,
2704 2056 2901 2127 inquit,
2924 2058 3061 2127 quod
3083 2058 3348 2113 constituet
3373 2058 3496 2128 ﬁliis
3517 2059 3647 2115 suis.
3677 2057 3965 2128 Quoniam,

2375 2145 2575 2216 inquit,
2629 2147 2861 2217 prmnovi
2882 2147 3013 2216 justi
3040 2157 3298 2214 mentem,
3339 2148 3542 2204 idcirco
3570 2150 3968 2205 remuneratio-

2375 2235 2532 2292 nibus
2560 2237 2847 2305 praevenio.
2875 2237 2987 2294 Scit
3029 2238 3173 2294 enim
3212 2237 3391 2294 abdita
3431 2240 3610 2295 cordis
3653 2241 3859 2308 nostri,
3909 2250 3969 2296 et

2373 2328 2587 2393 quando
2628 2330 2771 2386 videt
2811 2329 3156 2387 consulentes
3185 2340 3242 2386 ut
3265 2340 3478 2401 oportet
3519 2347 3582 2386 ac
3624 2346 3808 2388 sanam
3853 2348 3969 2403 pra

2370 2432 2433 2474 se
2461 2417 2692 2475 ferentes
2716 2431 2974 2486 mentem,
3004 2435 3220 2476 manum
3247 2421 3490 2493 porrigit,
3523 2431 3578 2477 et
3603 2432 3725 2478 ante
3751 2423 3968 2479 labores

2373 2511 2677 2568 mercedem
2709 2510 2913 2578 tribuit,
2963 2511 3253 2569 alacriores
3300 2512 3401 2568 hac
3439 2512 3645 2569 ratione
3677 2513 3917 2569 efﬁciens
3949 2531 3964 2567 :

2371 2601 2426 2657 id
2462 2603 2603 2672 quod
2653 2603 2706 2657 in
2746 2603 2908 2674 justis
2947 2605 3195 2660 omnibus
3221 2603 3332 2660 ﬁeri
3362 2604 3618 2660 invenies.
3667 2604 3799 2660 Nam
3838 2619 3967 2659 cum

2371 2692 2507 2748 sciat
2526 2691 2942 2749 imbecillitatem
2965 2692 3213 2749 humana:
3239 2702 3463 2762 naturae,
3481 2705 3540 2751 ut
3567 2709 3674 2751 non
3704 2697 3758 2751 in
3781 2694 3969 2751 arduis

2373 2781 2536 2838 homo
2553 2783 2789 2837 animum
2815 2783 3162 2853 despondeat,
3181 2784 3321 2841 inter
3340 2784 3687 2841 laborandum
3713 2785 3784 2842 ita
3804 2801 3970 2842 suum

2369 2873 2625 2931 auxilium
2661 2882 2716 2929 et
2743 2875 3205 2931 remuneratiooes
3230 2875 3449 2946 praebet,
3495 2884 3552 2931 ut
3576 2884 3633 2933 et
3656 2876 3805 2932 labor
3831 2877 3968 2931 sub-

2371 2966 2597 3030 levetur,
2648 2975 2703 3020 et
2751 2963 2927 3018 fervor
2967 2972 3193 3020 crescat.
3249 2963 3385 3019 Noui
3407 2967 3565 3032 enim,
3591 2965 3782 3036 inquit,
3825 2967 3969 3035 quod

2370 3060 2634 3114 constituet
2661 3058 2782 3124 ﬁliis
2808 3058 2931 3115 suis.
2961 3064 3008 3110 et
3027 3056 3312 3110 custodiant
3333 3057 3442 3112 aias
3473 3057 3680 3112 Domini
3702 3057 3815 3111 Dei.
3843 3056 3968 3113 Non

2370 3150 2541 3204 solum
2569 3149 2637 3203 de
2662 3147 2780 3218 ipso
2801 3144 3062 3217 praedicit,
3078 3144 3372 3210 Constituet,
3401 3147 3492 3203 sed
3514 3158 3570 3203 et
3587 3146 3657 3204 de
3679 3146 3798 3202 ﬁliis
3821 3146 3968 3217 ejus,

2370 3239 2661 3296 Custodient
2686 3240 2797 3294 uias
2828 3237 3031 3293 Domitii
3058 3228 3176 3304 Dei,
3221 3237 3364 3293 Isaac
3389 3249 3444 3293 et
3472 3238 3636 3294 Jacob
3663 3239 3967 3296 insinuans.

2382 3329 2502 3385 Vias
2546 3329 2770 3394 Domini,
2818 3328 2919 3383 hoc
2946 3337 3049 3394 est,
3098 3329 3348 3384 mandata
3372 3339 3429 3386 et
3455 3327 3760 3401 praecepta.
3790 3330 3858 3385 Ut
3885 3335 3975 3402 {ts—

2371 3422 2528 3486 ciant,
2570 3420 2757 3489 inquit,
2775 3418 3030 3490 judicium
3061 3427 3111 3473 ct
3128 3420 3385 3489 justitiam
3417 3438 3430 3475 :
3464 3419 3596 3476 nihil
3632 3420 3975 3490 praeferendo

2370 3511 2605 3581 justiti-.13,
2655 3519 2709 3566 et
2750 3510 2979 3568 vivendo
3025 3511 3158 3567 citra
3200 3525 3414 3566 omnem
3455 3509 3789 3580 injustitiam.
3837 3510 3975 3566 il.cc

2373 3605 2519 3660 enim
2558 3605 2794 3660 maxima
2819 3605 2987 3660 virtus
3012 3613 3097 3661 est
3124 3621 3139 3658 :
3169 3614 3451 3675 prepterea
3489 3604 3738 3661 evenient
3784 3603 3973 3659 omnia

2374 3710 2495 3765 qua:
2535 3695 2787 3765 loquutus
2815 3705 2898 3751 est
2920 3695 2970 3752 ei
3001 3695 3276 3750 Dominus.
3306 3693 3510 3764 Opinor
3533 3701 3712 3748 autem
3739 3703 3792 3747 et
3817 3692 3973 3747 aliud

2373 3786 2628 3856 quiddam
2663 3786 2983 3857 signiﬁcare,
3011 3799 3138 3841 cum
3175 3786 3305 3839 dicit
3334 3801 3347 3836 :
3376 3784 3635 3837 Abraham
3675 3793 3842 3838 autem
3875 3788 3972 3853 frs-

2374 3887 2521 3932 turus
2544 3886 2615 3931 est
2647 3877 2698 3930 in
2737 3885 2935 3947 gentem
2973 3891 3212 3946 magnam
3239 3885 3287 3930 et
3318 3875 3530 3928 multam
3562 3875 3754 3945 :quasi
3782 3874 3972 3931 dicat:

2373 3969 2455 4025 Tu
2483 3968 2698 4040 quidem
2725 3968 2816 4038 qui
2840 3967 3093 4023 virtutem
3122 3965 3463 4036 amplexaris,
3494 3975 3550 4020 et
3577 3965 3714 4021 meis
3750 3966 3973 4022 obtem-

2377 4075 2533 4132 peras
2563 4060 2861 4130 pncceptis,
2883 4058 3346 4126 obedientiamque
3370 4072 3477 4127 prae
3507 4065 3560 4111 te
3589 4055 3714 4118 fers,
3751 4055 3803 4111 in
3831 4071 3978 4126 gen-

2380 4164 2487 4208 tem
2525 4166 2773 4222 magnam
2809 4165 2865 4206 et
2888 4152 3112 4206 multam
3134 4149 3242 4206 eris
3273 4168 3285 4204 :
3315 4149 3458 4218 impii
3485 4156 3662 4201 autem
3690 4147 3766 4202 illi
3795 4147 3980 4203 Sodo-

2379 4257 2590 4296 morum
2648 4242 2924 4310 regionem
2971 4239 3326 4294 inhabitantes
3366 4236 3702 4305 dislieribunt
3751 4251 3972 4293 omnes.

2374 4333 2512 4388 Nam
2551 4334 2689 4388 sicut
2731 4334 2899 4386 virtus
2937 4330 3124 4385 salutis
3151 4343 3310 4384 causa
3336 4339 3418 4383 est
3451 4343 3570 4382 eam
3597 4327 3977 4396 operantibus,

2379 4425 2452 4479 ita
2477 4433 2528 4479 et
2555 4424 2751 4478 malitia
2778 4422 3041 4478 interitus.
3070 4420 3240 4475 Porro
3269 4427 3549 4490 postquam
3576 4418 3978 4475 benedictioni-

2379 4517 2480 4572 bus
2506 4526 2559 4571 et
2589 4515 2832 4570 laudibus
2857 4513 3104 4568 ﬁduciam
3123 4512 3380 4582 majorem
3409 4509 3612 4565 addidit
3635 4509 3802 4579 justo,
3829 4512 3976 4566 inci-

2379 4609 2456 4679 pit
2492 4607 2544 4663 id
2589 4606 2730 4678 quod
2772 4605 3014 4661 dicturus
3058 4611 3194 4668 erat,
3223 4612 3279 4658 et
3301 4602 3374 4656 ait
3400 4618 3414 4654 :
3443 4602 3532 4656 20.
3567 4599 3772 4655 Clamor
3797 4601 3986 4657 Sodo-

2380 4715 2576 4753 morum
2623 4707 2670 4752 et
2715 4695 3012 4752 Gomorrluz
3049 4693 3409 4764 multiplicatus
3447 4701 3521 4746 est
3562 4693 3700 4762 apud
3744 4708 3858 4758 nte,
3928 4703 3982 4748 et

2380 4798 2583 4859 peccata
2607 4802 2780 4841 eorum
2804 4800 2988 4855 ntagna
3003 4782 3168 4837 valde.
3190 4781 3278 4838 Si.
3299 4781 3427 4837 Cum
3455 4783 3609 4852 igitur
3637 4781 3978 4849 descendere,

2381 4880 2552 4933 uidebo
2573 4888 2744 4932 utrum
2763 4878 2915 4947 juxta
2939 4875 3210 4930 clamorem
3233 4874 3482 4944 ipsorum,
3515 4875 3603 4944 qui
3630 4872 3699 4927 ad
3718 4890 3795 4927 me
3815 4877 3982 4943 venit,

2385 4971 2675 5040 perﬁciunt,
2716 4983 2806 5022 nec
2849 4983 2929 5032 ne,
2984 4977 3037 5018 ut
3083 4967 3259 5020 sciam.
3308 4964 3585 5019 Terribilia
3631 4964 3810 5018 verba.
3853 4964 3991 5018 Cia-

2383 5079 2513 5127 mor,
2566 5061 2764 5128 inquit,
2814 5057 3153 5112 Sodomorum
3195 5067 3239 5108 et
3281 5054 3596 5110 Gomorrlue.
3627 5053 3880 5122 Quamvis
3929 5067 3992 5110 et

2384 5152 2498 5204 alia;
2547 5150 2788 5203 civitates
2831 5146 2988 5201 simul
3039 5145 3311 5215 perierint,
3363 5145 3453 5197 sed
3494 5145 3614 5213 quia
3642 5144 3726 5199 ba:
3759 5144 3991 5201 fuerunt

2387 5243 2667 5301 clariores,
2721 5241 2859 5308 ipsas
2897 5239 3072 5292 solum
3106 5238 3560 5291 commemoravit.
3600 5235 3992 5305 ilultipltcatus

2384 5347 2455 5388 est
2481 5333 2618 5401 apud
2646 5347 2742 5397 me,
2775 5340 2819 5382 et
2849 5340 3052 5398 peccata
3080 5345 3248 5380 eorum
3277 5343 3455 5396 magna
3489 5326 3650 5381 valde.
3679 5326 3811 5382 Vide
3835 5343 3991 5395 qun-

2388 5426 2546 5479 modo
2572 5422 2708 5477 mala
2735 5429 3133 5475 coacervantur.
3164 5417 3278 5470 Non
3304 5419 3475 5471 solum
3511 5432 3699 5486 magna
3727 5426 3809 5471 est
3839 5421 3994 5473 ιιιιιι-

2391 5517 2560 5571 titudo
2624 5514 2904 5575 clamoris,
2951 5510 3046 5564 sed
3100 5511 3258 5563 etiam
3290 5509 3580 5578 illjUSlilllB.
3637 5507 3772 5564 Nam
3819 5509 3994 5582 illud,

2391 5607 2590 5659 Clamor
2633 5605 2970 5658 Sodomorum
3018 5611 3060 5653 et
3103 5599 3400 5654 Gomom'lm:
3451 5600 3811 5670 multiplicatus
3859 5617 3947 5658 est
3974 5649 3994 5672 ,

2391 5701 2577 5766 Opinor
2617 5694 2914 5764 significare
2936 5735 2948 5758 ,
2978 5693 3118 5760 ipsos
3151 5707 3270 5746 cum
3312 5693 3645 5747 inenarrabili
3674 5702 3730 5747 et
3766 5697 4001 5752 veniam

2393 5791 2591 5845 nullam
2635 5796 2875 5842 merente
2918 5786 3192 5854 iniquitate
3238 5785 3429 5839 multas
3477 5788 3636 5840 etiam
3692 5787 3998 5856 injusttttas
