4178 6328
256 395 363 454 389

259 508 394 561 alias
442 505 758 563 exhibuisse
790 522 804 559 :
834 514 889 562 et
922 504 1274 560 insurrexisse
1303 502 1633 575 potentiores
1664 509 1855 557 contra

264 596 631 663 invalidiores,
682 597 1007 666 ditioresque
1051 604 1236 650 contra
1284 608 1565 663 pauperes.
1629 590 1859 648 Proinde

262 702 371 742 non
399 687 595 754 solum,
639 687 829 757 inquit,
873 701 1098 756 magnus
1141 694 1258 740 erat
1301 684 1545 753 planctus
1586 682 1856 747 clamoris,

262 774 362 830 sed
382 786 436 831 et
466 785 683 845 peccata
706 778 947 845 ipsorum
974 788 1081 829 non
1112 774 1348 845 vulgaria
1392 772 1561 839 fuere,
1610 771 1704 826 sed
1747 785 1861 825 ma-

259 879 388 936 gna,
436 875 597 936 atque
641 865 895 934 ingentia.
946 864 1221 919 Insolitum
1263 864 1408 919 enim
1434 862 1727 933 iniquitatis
1752 876 1861 914 mo-

260 955 391 1009 dum
432 955 901 1024 excogitaverunt,
930 962 988 1009 et
1029 954 1234 1008 alienas
1281 963 1335 1008 et
1379 953 1594 1007 illicitas
1632 950 1858 1005 coeundi

261 1046 411 1115 leges
460 1048 796 1101 invenerunt.
843 1048 1019 1116 Atque
1059 1054 1203 1101 tanta
1248 1054 1365 1100 erat
1406 1044 1623 1100 malitiae
1668 1044 1861 1114 procli-

258 1139 420 1204 vitas,
471 1146 529 1192 ut
570 1152 759 1192 omnes
805 1139 950 1193 omni
994 1138 1135 1192 malo
1182 1137 1537 1208 replerentur,
1579 1147 1632 1191 et
1659 1135 1858 1189 nullam

258 1236 453 1297 postea
504 1228 893 1283 correctionem
940 1227 1320 1295 admitterent,
1384 1230 1633 1299 dignique
1679 1236 1859 1283 essent

257 1312 371 1386 qui
411 1319 624 1388 penitus
663 1319 1007 1374 abolerentur
1048 1338 1063 1374 :
1110 1334 1286 1389 neque
1337 1320 1482 1374 enim
1536 1319 1857 1374 ineurabiles

256 1409 472 1465 illorum
500 1411 671 1465 morbi
700 1411 939 1467 medicos
963 1410 1226 1467 ferebant.
1254 1411 1445 1465 Postea
1472 1411 1671 1466 docens
1699 1426 1858 1465 omne

258 1501 540 1558 hominum
569 1519 757 1574 genus,
802 1505 927 1560 licet
956 1520 1147 1575 magna
1177 1503 1336 1559 valde
1363 1514 1420 1559 et
1447 1504 1720 1573 explorata
1751 1501 1856 1557 sint

258 1606 498 1662 peccata,
527 1610 632 1648 non
653 1605 808 1649 antea
839 1604 1015 1650 tamen
1037 1594 1486 1665 pronuntiandam
1511 1595 1855 1660 sententiam,

257 1701 416 1753 quam
463 1686 759 1741 manifesta:
808 1688 1151 1757 probationes
1192 1687 1399 1752 adsint,
1444 1687 1616 1755 inquit
1666 1703 1679 1739 :
1724 1684 1853 1739 Cum

255 1778 582 1845 descendere,
630 1780 806 1834 videbo
862 1789 1030 1833 utrum
1065 1782 1220 1849 juxta
1269 1780 1541 1833 clamorem
1586 1778 1813 1847 ipsorum
1837 1817 1852 1842 ,

254 1870 346 1937 qui
389 1870 457 1922 ad
506 1886 584 1924 me
626 1871 778 1935 venit,
817 1871 1101 1939 perﬁciant,
1146 1884 1320 1933 necne,
1373 1878 1426 1921 ut
1454 1869 1631 1921 sciant.

332 1961 455 2014 Non
502 1972 620 2015 sunt
671 1962 851 2014 auditu
899 1963 1008 2015 solo
1053 1960 1426 2014 condemnandi
1474 1960 1567 2012 rei.
1610 1988 1684 1998 ——
1722 1958 1856 2024 Quid

256 2051 361 2105 sibi
406 2051 542 2116 vult,
583 2061 637 2107 et
682 2067 779 2106 cur
824 2066 1131 2105 sermonem
1180 2066 1337 2105 suum
1381 2051 1451 2105 ita
1501 2050 1859 2120 attemperat‘l

258 2141 386 2194 Cum
412 2143 736 2207 descendero,
772 2142 960 2211 inquit,
1010 2142 1204 2195 videbo.
1235 2142 1498 2211 Numquid
1538 2142 1605 2197 de
1646 2143 1763 2197 loco
1804 2143 1856 2196 in

257 2230 436 2285 locum
486 2233 675 2286 transit
726 2233 1096 2287 universorum
1142 2232 1441 2287 Dominus?
1511 2233 1683 2287 Absit.
1741 2232 1855 2288 Non

258 2322 360 2378 hoc
402 2323 506 2378 sibi
553 2324 701 2388 vult;
756 2323 852 2378 sed
901 2332 956 2378 ut
1004 2324 1135 2389 dixi,
1168 2323 1417 2377 crassiori
1469 2337 1718 2378 sermone
1760 2338 1858 2377 nos

258 2414 539 2469 instituere
581 2416 761 2483 (ξυνὴ,
824 2429 1011 2484 magna
1067 2428 1200 2483 opus
1246 2428 1367 2467 esse
1413 2412 1682 2482 diligentia
1739 2429 1751 2464 :
1804 2421 1859 2467 et

258 2519 363 2559 non
424 2505 606 2559 auditu
662 2507 780 2559 solo
845 2517 1153 2575 peccatores
1213 2505 1651 2559 condemnandos
1697 2519 1853 2573 esse,

257 2610 433 2665 neque
462 2597 783 2651 sententiam
814 2595 1104 2661 ferendam,
1152 2596 1262 2650 nisi
1310 2596 1680 2664 comprobatio
1710 2611 1852 2665 prte-

257 2686 432 2741 cedat.
491 2687 785 2741 Audiamus
810 2687 925 2741 haec
950 2700 1159 2741 omnes.
1188 2686 1305 2741 Non
1333 2687 1477 2741 enim
1508 2689 1681 2742 solum
1708 2688 1742 2741 ii
1769 2690 1859 2757 qui

260 2790 358 2846 pro
385 2776 643 2831 tribunali
682 2777 890 2841 sedent,
936 2778 1230 2833 observare
1260 2778 1399 2832 hanc
1435 2779 1608 2848 legem
1637 2779 1853 2845 debent,

261 2870 353 2925 sed
385 2881 443 2925 et
473 2872 652 2925 nullus
692 2886 945 2941 umquam
975 2870 1043 2925 ob
1072 2870 1268 2925 nudam
1308 2872 1705 2926 accusationem
1732 2886 1857 2940 pro-

260 2962 463 3016 ximum
496 2962 837 3017 condemnet.
890 2962 1093 3016 Idcirco
1129 2963 1273 3017 enim
1297 2971 1352 3017 et
1381 2972 1501 3031 post
1527 2964 1642 3016 haec
1670 2964 1857 3017 beatus

259 3053 435 3108 Moses
472 3053 671 3123 Spiritu
703 3063 890 3108 sancto
918 3051 1129 3115 afflatus
1153 3053 1434 3115 admonet,
1481 3053 1668 3107 dicens
1697 3069 1711 3105 :
1745 3053 1852 3105 Au-

256 3146 419 3199 ditum
456 3162 643 3199 vanum
683 3162 745 3198 ne
789 3145 1011 3215 accipias
1060 3143 1276 3215 (Exod.
1302 3144 1393 3197 2'5.
1422 3145 1449 3198 I
1474 3143 1518 3212 ).
1562 3142 1630 3197 Et
1673 3142 1858 3198 beatus

258 3233 477 3300 Paulus,
534 3235 797 3300 scribens,
844 3234 1110 3288 clamabat
1144 3252 1156 3287 :
1187 3232 1265 3285 Tu
1306 3243 1475 3287 autem
1526 3250 1619 3286 cur.
1650 3235 1858 3303 judicas

257 3327 470 3395 fratrem
496 3334 640 3377 tuum
689 3323 865 3394 (Rom.
896 3324 983 3377 M.
1013 3324 1143 3393 IO)?
1170 3322 1413 3379 Christus
1458 3338 1670 3392 quoque
1716 3339 1856 3393 prte-

256 3416 464 3485 cipiens
507 3413 780 3482 discipulis
807 3416 938 3477 suis,
970 3422 1025 3467 et
1050 3413 1249 3466 ducens
1278 3412 1587 3467 Judaiorum
1616 3414 1858 3467 multitu-

256 3506 462 3570 dinem,
508 3505 712 3561 scribas
749 3519 959 3571 eorum,
990 3514 1046 3559 et
1076 3504 1396 3569 Pharisnos,
1434 3503 1626 3569 Nolite,
1667 3505 1855 3574 inquit,

253 3594 513 3666 iudicare,
554 3609 607 3650 ut
647 3614 749 3651 non
772 3597 1077 3667 judicemini
1120 3596 1334 3668 (Matth.
1368 3597 1421 3650 7.
1457 3597 1529 3667 i).
1554 3596 1661 3651 Cur
1689 3598 1854 3662 enim,

257 3688 451 3759 inquit,
500 3699 627 3743 ante
672 3698 881 3758 tempus
919 3688 1127 3744 invadis
1170 3688 1367 3758 judicis
1397 3688 1523 3758 jus?
1566 3704 1663 3744 cur
1714 3704 1855 3757 prae-

260 3782 411 3837 venis
440 3780 584 3835 diem
614 3780 762 3835 illum
792 3778 1119 3836 terribilem?
1152 3780 1243 3834 Vis
1263 3780 1429 3849 judex
1458 3782 1626 3835 esse?
1672 3780 1857 3836 Indica

259 3872 629 3941 temetipsum,
674 3881 734 3925 et
758 3880 846 3926 tua
874 3870 1087 3926 delicta.
1116 3870 1304 3925 Nullus
1328 3882 1411 3926 est
1436 3872 1525 3941 qui
1551 3879 1714 3926 vetet.
1770 3871 1859 3927 Sic

260 3964 404 4017 enim
445 3971 507 4016 et
547 3973 764 4031 peccata
793 3972 879 4016 tua
906 3962 1239 4029 emendabis,
1268 3971 1323 4018 et
1352 3962 1482 4017 nihil
1512 3979 1585 4017 ex
1625 3962 1727 4017 hoc
1778 3966 1859 4017 in-

258 4051 530 4108 commodi
571 4052 770 4121 capies.
801 4051 953 4119 Quod
983 4051 1029 4105 si
1056 4052 1257 4107 relictis
1282 4052 1443 4107 rebus
1468 4052 1572 4107 tuis
1606 4052 1763 4108 sedes
1790 4053 1858 4107 ad

258 4141 610 4211 judicandum
646 4141 799 4208 alios,
848 4141 1081 4211 majores
1108 4149 1162 4196 te
1189 4141 1283 4195 tibi
1312 4141 1412 4211 ipsi
1438 4142 1692 4211 colligere
1732 4157 1861 4211 pec-

264 4240 508 4286 catorum
540 4231 779 4287 sarcinas
804 4246 910 4287 non
938 4231 1126 4286 sentis.
1159 4230 1384 4297 Idcirco,
1415 4231 1662 4297 obsecro,
1695 4232 1861 4303 fugia-

267 4335 384 4376 mus
406 4322 629 4375 omnino
652 4336 685 4375 a
707 4320 1127 4377 condemnandis
1154 4321 1295 4376 aliis.
1336 4321 1472 4376 Nam
1508 4324 1607 4377 etsi
1634 4321 1863 4391 judicia-

267 4414 359 4468 rite
390 4414 670 4482 potestatis
707 4428 813 4467 non
851 4413 926 4467 sis
969 4413 1270 4483 particeps,
1330 4422 1564 4469 attamen
1609 4415 1860 4483 judicasti

268 4511 472 4569 mente,
499 4510 555 4556 ct
581 4511 800 4571 peccato
840 4500 1009 4557 fecisti
1048 4511 1098 4558 te
1124 4502 1436 4570 obnoxium,
1477 4505 1692 4574 quando
1720 4506 1862 4561 nulla

268 4590 726 4645 demonstratione
763 4600 1012 4660 accepta,
1063 4591 1159 4646 sed
1200 4608 1573 4660 smpenumero
1615 4594 1726 4649 sola
1772 4609 1860 4650 su-

267 4685 533 4754 spicione,
554 4692 608 4738 et
625 4684 766 4738 tenui
795 4685 1134 4739 accusatione
1159 4684 1506 4740 condemnas.
1526 4686 1864 4756 Quapropter

271 4775 463 4831 beatus
500 4774 666 4830 David
695 4776 957 4831 clamabat
993 4776 1177 4830 dicens
1221 4794 1233 4829 ε
1269 4774 1629 4830 Detrahean
1674 4787 1864 4833 secreto

274 4870 507 4938 proximo
542 4884 655 4930 suo,
698 4868 831 4921 hunc
871 4868 1202 4938 persequebar
1240 4867 1413 4938 (Psal.
1461 4868 1582 4924 100.
1619 4867 1696 4938 5).

342 4960 399 5012 Δ.
438 4956 632 5011 Aliena
656 4960 809 5027 fam
832 4957 1161 5027 parcendum.
1184 4986 1257 4996 —-
1272 4956 1462 5011 Vidisti
1487 4957 1697 5012 virtutis
1726 4958 1866 5013 emi-

274 5048 555 5103 nentiam?
587 5047 703 5101 Non
728 5048 903 5101 solum
932 5063 1035 5100 non
1059 5047 1349 5116 recipiebat
1377 5063 1495 5117 qua:
1523 5048 1859 5115 dicebantur,

275 5136 372 5193 sed
399 5146 455 5192 et
473 5136 720 5207 abigebat
746 5136 1011 5191 volentem
1031 5137 1179 5191 fratri
1210 5151 1307 5191 suo
1331 5137 1667 5193 maledicere.
1701 5138 1868 5209 Igitur

273 5230 321 5285 si
368 5238 424 5284 ct
468 5243 567 5284 nos
610 5235 833 5298 peccata
872 5236 1054 5283 nostra
1088 5230 1407 5285 imminuere
1433 5230 1707 5297 volumus,
1763 5230 1867 5285 hoc

276 5319 512 5375 maxime
555 5319 793 5373 omnium
839 5332 1135 5385 servemus,
1179 5334 1279 5373 nec
1318 5319 1739 5375 condemnemus
1764 5321 1867 5375 fra-

276 5419 393 5465 tres
416 5418 646 5474 nostros,
677 5423 848 5478 neque
873 5408 1159 5463 detrahere
1184 5406 1459 5478 cupientes
1486 5410 1866 5466 admittamus:

278 5502 391 5558 imo
417 5501 707 5556 secundum
734 5500 1045 5570 prophetam
1064 5500 1361 5569 abigamus,
1388 5511 1442 5556 et
1471 5502 1689 5557 omnino
1718 5517 1870 5557 aver-

283 5608 482 5650 sanur.
506 5592 620 5648 Hoc
637 5592 780 5647 enim
808 5591 999 5661 opinor
1017 5600 1071 5646 et
1100 5590 1415 5661 prophetam
1447 5592 1645 5647 Mesem
1668 5593 1871 5647 insinu-

270 5694 397 5750 gare,
432 5695 556 5739 eum
593 5680 755 5738 dicit:
780 5681 1024 5735 Auditum
1067 5697 1252 5735 vanum
1292 5697 1354 5735 ne
1386 5683 1635 5751 acceperis
1674 5680 1872 5751 (Exod.

284 5777 387 5837 93.
420 5771 495 5846 l).
532 5772 608 5831 Et
634 5771 734 5831 bac
767 5769 833 5830 de
867 5785 1046 5829 causa.
1072 5771 1232 5829 etiam
1274 5785 1415 5828 nunc
1458 5771 1715 5830 Dominus
1762 5779 1874 5827 tam

1285 389 1351 445 IN
1389 387 1538 446 CAP.
1582 382 1767 442 XVIII.
1808 380 2051 440 GENES.
2085 378 2317 436 IIOMIL.
2357 377 2518 435 XLII.

3440 374 3554 431 390

1968 512 2151 551 crasso
2195 512 2445 552 sermone
2500 511 2630 553 usus
2675 506 2759 552 est
2815 497 2870 553 in
2916 496 3201 554 utilitatem
3264 498 3561 554 animarum

1963 598 2288 643 nostrarum.
2320 588 2455 643 Dicit
2475 590 2619 644 enim
2654 606 2668 643 :
2698 588 2825 643 Cum
2849 589 3157 645 descendere
3178 588 3571 655 autem,videbo.

1962 679 2072 733 Cur
2120 678 2306 733 enim?
2348 678 2486 733 Num
2545 679 2850 733 nesciebat?
2908 679 3258 749 ignorabatne
3314 690 3562 750 peccato-

1963 785 2081 825 rum
2127 770 2593 840 magnitudinem?
2634 785 2701 824 an
2740 769 3013 825 nesciebat
3056 770 3236 841 lapsos
3264 772 3559 827 correctio-

1964 874 2087 914 nem
2117 875 2226 914 non
2252 860 2641 929 suscepturus?
2682 862 2856 915 Absit.
2904 861 3102 916 Verum
3144 863 3295 933 quasi
3343 863 3559 918 satisfa-

1963 952 2195 1007 ctionem
2223 952 2507 1021 quamdam
2544 952 2697 1007 affert
2746 954 2809 1008 iis
2848 955 2936 1023 qui
2964 954 3187 1024 posthac
3221 954 3564 1024 impudenter

1963 1058 2217 1100 accusare
2267 1045 2474 1111 volent,
2528 1054 2582 1100 et
2609 1046 2956 1100 monstrando
2981 1061 3166 1101 eorum
3207 1048 3558 1116 pervicaciam

1962 1144 2016 1188 et
2052 1136 2262 1190 virtutis
2297 1137 2610 1207 penuriam,
2662 1145 2808 1191 tanta
2838 1152 2966 1192 usus
2997 1148 3079 1194 est
3103 1141 3376 1209 patientia.
3423 1142 3556 1197 For-

1965 1228 2119 1283 tassis
2146 1237 2323 1284 autem
2353 1244 2462 1284 non
2488 1236 2710 1299 propter
2734 1230 2835 1285 hoc
2860 1230 3057 1296 solum,
3106 1232 3203 1287 sed
3246 1241 3301 1286 et
3329 1240 3386 1287 ut
3415 1233 3564 1302 justo

1962 1320 2118 1375 detur
2144 1321 2354 1375 occasio
2379 1319 2687 1375 declarandi
2727 1331 2959 1375 mentem
2995 1337 3146 1375 suam
3179 1322 3565 1378 misericordiae

1962 1412 2197 1482 plenam,
2245 1422 2297 1466 et
2324 1412 2463 1467 bene
2486 1414 2541 1466 in
2566 1412 2700 1467 alios
2729 1412 2995 1467 all‘ectam.
3040 1414 3234 1484 Angeli
3278 1416 3455 1483 enim,
3504 1425 3565 1471 ut

1962 1503 2094 1568 dixi,
2144 1502 2388 1558 abierant
2434 1504 2491 1558 in
2535 1503 2769 1559 Sodoma
2822 1503 3025 1575 (v.22)
3052 1524 3064 1557 :
3096 1506 3399 1574 patriarcha
3436 1522 3565 1561 vero

1962 1594 2142 1649 Slttb'll
2189 1610 2371 1648 coram
2417 1594 2645 1649 Domino
2690 1612 2703 1647 :
2750 1596 2840 1649 ‘23.
2890 1594 2956 1648 Et
3002 1604 3057 1648 ut
3101 1596 3563 1667 appropinquavit,

1962 1684 2151 1752 inquit,
2177 1683 2456 1752 Abraham,
2497 1684 2624 1737 dixit
2653 1700 2672 1737 :
2702 1683 2967 1753 Numquid
2988 1686 3165 1755 perdes
3187 1687 3339 1740 simul
3362 1687 3583 1754 justum

1964 1789 2085 1825 cum
2114 1774 2295 1840 impio,
2342 1782 2388 1827 et
2428 1774 2524 1827 erit
2542 1774 2716 1843 justus
2756 1775 2885 1826 sicut
2924 1775 3157 1842 impius?
3194 1776 3238 1830 0
3285 1776 3412 1844 justi
3463 1778 3562 1831 viri

1963 1861 2245 1917 ﬁduciam!
2280 1864 2408 1928 imo,
2455 1881 2486 1917 ο
2530 1873 2725 1934 quanta
2767 1866 2930 1918 animi
2972 1869 3399 1921 commiseratio!
3431 1884 3563 1938 quo-

1962 1953 2123 2007 modo
2166 1955 2647 2008 commiscrationis
2677 1955 2936 2009 ebrietate
2965 1968 3213 2024 gravatus
3242 1959 3409 2012 nescit
3435 1960 3561 2027 quid

1962 2044 2122 2098 dicat.
2160 2044 2226 2097 Et
2256 2045 2547 2099 ostendens
2577 2044 2754 2099 divina
2786 2045 3088 2114 Scriptura,
3146 2050 3318 2115 ipsum
3370 2066 3564 2120 magno

1964 2136 2155 2190 timore
2175 2145 2228 2191 et
2260 2146 2492 2192 tremore
2521 2151 2707 2206 preces
2735 2137 2988 2201 fundere,
3021 2140 3093 2192 ait
3124 2158 3135 2191 :
3174 2139 3241 2193 Ut
3282 2146 3561 2212 appropin-

1962 2227 2131 2296 quavit
2170 2229 2446 2293 Abraham,
2492 2229 2621 2282 dixit
2648 2244 2668 2281 :
2695 2227 2963 2299 Numquid
2991 2234 3167 2300 perdes
3196 2233 3351 2286 simul
3364 2236 3565 2303 justum

1962 2333 2075 2370 cum
2099 2318 2294 2389 impio?
2314 2318 2450 2385 Quid
2482 2318 2629 2385 facis,
2664 2335 2695 2373 0
2720 2320 2875 2375 beate
2901 2323 3235 2391 patriarcha?
3263 2325 3397 2391 Quid
3430 2341 3564 2395 npus

1965 2409 2125 2464 habet
2166 2419 2253 2465 tua
2292 2414 2671 2483 deprecatione
2702 2414 2977 2479 Dominus,
3034 2425 3091 2470 ut
3132 2434 3199 2472 ne
3238 2418 3339 2473 hoc
3369 2420 3563 2475 faciat?

1962 2500 2162 2557 Verum
2204 2519 2271 2559 ne
2311 2504 2412 2560 hoc
2455 2507 2754 2575 cegitemus
2790 2521 2937 2562 :non
2980 2509 3122 2562 enim
3151 2511 3302 2578 quasi
3334 2511 3563 2565 Domino

1966 2591 2068 2647 hoc
2096 2592 2299 2646 facturo
2332 2593 2478 2662 dicit,
2523 2595 2616 2649 sed
2647 2598 2770 2664 quia
2803 2596 3085 2652 manifeste
3125 2610 3345 2673 propter
3377 2600 3559 2655 fratris

1964 2682 2131 2735 ﬁlium
2159 2681 2339 2737 dicere
2363 2697 2470 2738 non
2498 2683 2766 2749 audebat,
2813 2701 3129 2741 communes
3172 2702 3269 2755 pro
3312 2688 3565 2744 omnibus

1963 2773 2135 2827 fundit
2178 2788 2385 2843 preces,
2429 2776 2613 2831 volens
2651 2792 2773 2832 cum
2822 2778 2941 2832 aliis
2988 2786 3040 2833 et
3092 2778 3235 2833 hunc
3302 2794 3559 2847 servare,

1962 2875 2017 2919 et
2066 2880 2187 2921 cum
2225 2866 2325 2920 hoc
2356 2868 2517 2922 etiam
2546 2869 2680 2922 alios
2710 2870 2919 2938 eripere
2948 2887 2960 2923 :
2997 2869 3289 2940 incipitque
3326 2874 3561 2942 patroci-

1964 2956 2102 3021 nari,
2150 2971 2213 3009 ac
2259 2957 2387 3011 dicit
2433 2974 2446 3011 ξ
2496 2956 2588 3012 24.
2620 2958 2681 3012 Si
2712 2960 2901 3029 fuerint
2938 2961 3305 3030 quinquaginta
3333 2964 3467 3033 justi
3510 2965 3564 3019 in

1963 3046 2180 3113 civitate,
2226 3065 2344 3100 num
2373 3048 2551 3103 perdes
2590 3065 2672 3102 eos
2689 3049 2714 3101 ?
2741 3048 2863 3102 Non
2883 3068 3061 3119 parces
3104 3055 3195 3105 toti
3220 3054 3331 3107 loco
3356 3064 3565 3124 propter

1963 3138 2326 3207 quinquaginta
2357 3139 2557 3204 justas,
2588 3139 2631 3193 si
2670 3139 2857 3193 inventi
2898 3142 3090 3211 fuerint
3124 3143 3176 3195 in
3206 3146 3307 3197 ea?
3332 3145 3421 3200 25.
3450 3144 3563 3201 Ne-

1963 3244 2216 3294 quaquam
2261 3230 2418 3299 facies
2456 3230 2665 3284 verbum
2718 3229 2833 3295 hoc,
2879 3241 2932 3283 ut
2977 3233 3181 3287 occidas
3210 3235 3414 3304 justum
3451 3254 3565 3292 cunt

1962 3318 2145 3388 impio,
2196 3328 2241 3371 et
2270 3320 2332 3371 sit
2345 3321 2522 3390 justus
2543 3322 2671 3374 sicut
2700 3321 2908 3389 impius.
2946 3319 3307 3392 Nequaquam.
3343 3326 3447 3393 Qui
3472 3330 3567 3399 ju-

1964 3407 2102 3460 dicas
2138 3424 2337 3475 onnzem
2364 3417 2568 3475 terram,
2607 3427 2705 3464 non
2734 3412 2891 3479 facies
2924 3412 3180 3479 judicium
3205 3414 3230 3466 ?
3268 3413 3401 3471 Vide
3431 3432 3565 3486 quo-

1965 3498 2124 3551 modo
2170 3507 2224 3551 et
2262 3499 2312 3550 in
2366 3498 2467 3553 hac
2512 3502 2755 3553 oratione
2787 3514 2938 3554 suam
2980 3502 3284 3572 religiosam
3323 3515 3378 3560 et
3421 3507 3563 3575 piam

1965 3599 2199 3644 mentem
2248 3590 2524 3655 declarat,
2580 3600 2634 3645 et
2675 3591 2912 3661 iudicem
2953 3596 3131 3649 omnis
3182 3604 3339 3652 terrae
3392 3599 3566 3654 contio

1967 3689 2126 3745 tetur,
2201 3690 2557 3751 precaturque
2606 3697 2672 3736 ne
2721 3692 2905 3753 pereat
2946 3684 3123 3753 justus
3168 3701 3290 3740 cum
3339 3687 3567 3757 injuste.

1965 3772 2153 3828 Postea
2186 3775 2331 3829 mitis
2356 3784 2412 3829 et
2450 3774 2714 3845 benignus
2761 3775 3018 3830 Dominus
3067 3778 3255 3831 annuit
3299 3780 3565 3849 petitioni,

1965 3871 2019 3918 et
2069 3863 2199 3919 dicit
2240 3882 2253 3918 :
2306 3863 2467 3919 Facio
2512 3865 2564 3919 id
2604 3864 2730 3935 quid
2755 3865 2957 3929 dixisti,
2988 3876 3042 3922 et
3070 3869 3275 3938 accipio
3299 3879 3441 3925 tuam
3472 3886 3569 3943 po-

1968 3954 2230 4009 litionem.
2276 3954 2366 4010 26.
2421 3955 2483 4011 Si
2543 3956 2863 4010 invenientur
2917 3958 3287 4029 quinquaginta
3335 3961 3470 4030 justi
3511 3961 3570 4018 in

1967 4048 2183 4113 civitate,
2230 4057 2440 4117 propter
2467 4046 2585 4103 illos
2638 4064 2846 4119 parcam
2889 4051 2981 4104 toti
3020 4051 3153 4107 loco.
3219 4052 3367 4109 Dabo
3417 4054 3521 4112 hoc
3547 4097 3565 4123 ,

1968 4140 2157 4209 inquit,
2200 4140 2581 4209 quinquaginta
2600 4141 2783 4210 justis,
2814 4141 2861 4196 si
2890 4141 3095 4197 inventi
3118 4142 3341 4210 fuerint,
3365 4156 3419 4201 et
3445 4147 3569 4204 aliis

1967 4232 2191 4285 salutem
2244 4233 2584 4300 impertiam,
2643 4242 2698 4287 et
2741 4234 3053 4303 petitionem
3106 4242 3248 4290 tuam
3308 4237 3565 4307 implebo.

1972 4321 2167 4377 Verum
2222 4321 2498 4377 videamus
2532 4322 2733 4392 justum
2787 4323 2974 4391 illum,
3034 4327 3307 4393 quomodo
3352 4340 3570 4401 arrepta

1970 4412 2186 4478 fiducia,
2220 4421 2275 4466 et
2297 4411 2474 4482 agnita
2501 4413 2787 4467 clementia
2830 4413 2962 4480 Dei,
3012 4414 3204 4469 iterum
3240 4416 3398 4471 aliam
3429 4421 3569 4487 peti-

1970 4504 2172 4559 tionem
2219 4502 2393 4567 affert,
2441 4512 2494 4557 et
2538 4503 2709 4571 inquit
2759 4520 2773 4555 :
2817 4503 2907 4557 27.
2958 4502 3116 4558 Nunc
3156 4507 3287 4576 ccepi
3326 4508 3465 4578 loqui
3502 4511 3575 4563 ad

1971 4593 2249 4648 Dominum
2298 4609 2485 4655 meum,
2521 4608 2615 4663 ego
2660 4602 2831 4646 autem
2879 4609 2991 4646 sum
3039 4603 3173 4649 terra
3215 4606 3265 4650 et
3291 4599 3441 4653 cinis.
3492 4600 3573 4655 Nc

1971 4694 2143 4752 putes,
2195 4684 2383 4753 inquit,
2442 4682 2696 4747 Domine,
2748 4698 2834 4738 me
2883 4684 3130 4754 ignorare
3174 4688 3462 4757 meipsum,
3520 4702 3576 4747 et

1972 4772 2272 4844 transgredi
2321 4788 2670 4837 mensuram,
2727 4780 2789 4827 et
2837 4782 2981 4827 tanta
3026 4774 3101 4828 uti
3157 4774 3371 4833 ﬁducia.
3444 4778 3574 4835 Scio

1973 4869 2138 4931 enim,
2190 4879 2277 4919 me
2327 4872 2525 4918 terram
2565 4878 2686 4919 esse
2739 4871 2795 4919 et
2837 4864 3074 4919 cinerem
3108 4867 3241 4921 :sed
3287 4868 3427 4924 sicut
3472 4868 3576 4927 hoc

1973 4954 2103 5019 scio,
2135 4962 2189 5009 et
2213 4952 2495 5008 manifeste
2522 4954 2656 5017 scio,
2687 4952 2757 5007 ita
2788 4969 2965 5023 neque
3000 4954 3129 5010 illud
3159 4957 3365 5027 ignoro,
3392 4962 3581 5030 copia.

1974 5060 2089 5100 sam
2132 5058 2253 5099 esse
2294 5055 2399 5097 tum
2429 5043 2730 5098 clementiae
2756 5044 3197 5114 magnitudinem,
3241 5056 3298 5102 et
3336 5057 3392 5104 te
3437 5051 3549 5105 divi
3575 5083 3590 5091 -

1977 5143 2083 5189 tem
2134 5148 2255 5189 esse
2310 5133 2577 5196 bonitate,
2634 5132 2878 5200 velleque
2905 5147 3096 5189 omnes
3125 5135 3370 5192 homines
3394 5139 3589 5194 salvus

1978 5226 2113 5281 ﬁeri.
2165 5223 2297 5278 Nam
2341 5238 2476 5294 quos
2515 5240 2578 5278 ex
2630 5224 2799 5278 nihilo
2826 5224 3140 5295 produxisti,
3179 5228 3453 5297 quomodo
3511 5230 3588 5283 fa-

1978 5326 2095 5372 ctos
2127 5316 2404 5387 perderes,
2443 5314 2545 5369 nisi
2585 5330 2775 5385 magna
2826 5324 2972 5370 esset
3013 5327 3357 5386 peccatorum
3383 5322 3588 5391 copia-2'

1979 5408 2410 5463 Idcirco-iterum
2442 5421 2538 5461 oro
2564 5415 2617 5461 et
2645 5422 2855 5476 precor,
2889 5409 2980 5463 28.
3022 5409 3085 5463 Si
3120 5411 3385 5479 pauciores
3424 5416 3579 5483 quin-

1980 5500 2221 5569 quaginta
2272 5499 2463 5552 inventi
2508 5499 2717 5569 fuerint,
2750 5507 2796 5552 et
2833 5498 3173 5569 quadraginta
3215 5502 3439 5573 quinque
3492 5508 3575 5575 frt-

1982 5591 2112 5644 erint
2157 5591 2211 5645 in
2260 5590 2461 5644 civitate
2495 5590 2647 5659 justi,
2696 5606 2797 5643 non
2827 5590 3047 5644 salvebis
3075 5591 3327 5647 civitatem
3346 5594 3372 5646 Ρ
3397 5592 3467 5647 Et
3496 5596 3590 5650 di-

1980 5679 2055 5733 xit
2105 5695 2124 5732 :
2165 5678 2226 5734 Si
2261 5676 2451 5734 inventi
2472 5678 2661 5751 fuerint
2689 5680 3033 5749 quadraginta
3070 5682 3309 5752 quinque,
3334 5700 3435 5739 non
3460 5703 3582 5755 per.

1986 5773 2125 5826 dam.
2169 5772 2299 5842 Quis
2336 5787 2435 5845 pro
2468 5770 2723 5844 dignitate
2749 5772 3033 5829 Dominum
3060 5774 3311 5830 omnium.
3333 5775 3603 5845 laudarit...
