4178 6328
657 538 729 593 ob
772 539 972 591 nutat!
1017 522 1324 600 patintia!!!
1365 515 1526 593 atque
1570 516 1949 588 indulgentiam
1979 531 1995 569 :
2020 511 2106 568 vel
2150 507 2237 600 itt-

657 636 801 680 stum
824 599 1040 679 beatum
1065 613 1387 688 prtedlcarit,
1410 619 1552 666 tanta
1581 608 1865 682 puditum
1895 601 2120 660 ﬁducia?
2141 599 2236 656 ω.

661 714 732 770 Et
774 711 990 784 adjecit,
1037 707 1227 779 inquit,
1272 705 1408 760 ultra
1436 702 1591 774 loqui,
1639 707 1686 756 et
1725 700 1854 754 dixit
1886 713 1906 753 :
1951 697 2013 753 Si
2052 693 2240 750 inventi

659 807 846 876 fuerint
869 803 938 857 ibi
964 797 1298 874 quadraginta
1319 796 1344 848 2
1387 792 1455 849 Et
1483 793 1610 848 dicit
1656 805 1676 848 :
1713 790 1834 844 Non
1863 787 2076 860 perdam
2115 800 2239 855 pro-

660 875 771 970 pter
818 892 1171 968 quadraginta.
1223 888 1358 944 Exin
1401 886 1554 958 quasi
1601 884 1862 942 reveritus
1912 875 2237 970 ineilhbilent

659 965 754 1045 Dei
803 965 1106 1058 patientiam
1147 982 1343 1053 justus,
1393 987 1450 1034 et
1491 974 1685 1032 timens
1707 988 1776 1028 ne
1805 971 1945 1026 forte
1971 965 2239 1040 precando

658 1079 902 1136 videatur
945 1072 1328 1131 transcendere
1354 1069 1594 1136 modum,
1625 1065 1752 1123 dicit
1784 1082 1798 1120 :
1826 1063 1916 1121 50.
1949 1058 2235 1132 Numquia,

660 1169 898 1236 Domine,
938 1167 986 1221 si
1021 1166 1199 1238 loquor
1239 1179 1259 1219 :
1307 1161 1370 1218 Si
1411 1158 1601 1215 inuenti
1645 1156 1834 1229 fuerint
1871 1152 1942 1208 ibi
1991 1149 2242 1234 triginta?

657 1260 794 1328 Quia
834 1266 1077 1329 paratum
1117 1253 1321 1310 invenit
1361 1250 1430 1308 ad
1469 1244 1890 1306 misericordiam
1911 1285 1926 1310 ,
1985 1255 2092 1297 non
2126 1239 2238 1310 jam

659 1351 912 1422 paulatim
952 1346 1222 1412 diminuit,
1271 1349 1444 1414 neque
1485 1339 1724 1413 quinque
1761 1336 1937 1406 iustos
1964 1330 2237 1397 detrahit,

657 1444 753 1501 sed
801 1439 1011 1508 decem,
1068 1447 1121 1495 et
1170 1437 1251 1494 sic
1290 1433 1457 1491 aﬂert.
1489 1429 1845 1504 patrocinium
1885 1443 1900 1482 :
1947 1424 2012 1482 Si
2054 1425 2240 1479 inpasti

660 1537 845 1609 fuerint
871 1535 981 1589 illic
1001 1531 1208 1602 triginta
1227 1528 1256 1583 2
1279 1525 1350 1582 Et
1374 1525 1504 1582 dicit
1527 1539 1547 1579 :
1569 1521 1691 1578 Non
1712 1520 1944 1593 perdam,
1970 1517 2014 1573 si
2033 1516 2238 1571 insene-

659 1628 756 1681 rim
781 1626 886 1680 ittic
926 1622 1154 1694 triginta.
1197 1615 1577 1676 Animadverte
1603 1620 1801 1685 quanta
1825 1609 1958 1681 justi
1983 1613 2237 1665 constan-

659 1718 730 1771 tia
757 1733 773 1782 ;
820 1713 974 1786 quasi
1001 1715 1116 1784 ipse
1143 1709 1282 1766 foret
1309 1705 1572 1764 obnoxius
1596 1701 1901 1766 sententias,
1925 1700 1996 1755 ita
2031 1698 2242 1767 eripere

659 1806 836 1862 studet
883 1818 917 1858 a
961 1815 1117 1874 pinna
1149 1798 1543 1856 Sodomitarum
1567 1802 1801 1864 gentem.
1829 1792 1919 1848 31.
1971 1789 2043 1845 Et
2069 1788 2238 1856 diuit,

660 1894 897 1959 quoniam
923 1906 1129 1962 possunt
1149 1889 1286 1959 loqui
1309 1887 1379 1943 ad
1405 1884 1679 1942 Dominum
1715 1900 1733 1940 :
1759 1882 1822 1939 Si
1844 1880 2030 1937 inventi
2054 1879 2242 1953 fuerint

660 1986 729 2040 ibi
754 1982 972 2056 viginti?
1018 1979 1089 2035 Et
1130 1979 1259 2034 dicit
1310 1992 1330 2032 :
1371 1975 1494 2032 Non
1539 1975 1748 2046 perdam
1806 1981 2012 2044 propter
2042 1970 2238 2043 viginti.

661 2075 886 2132 Omnem
915 2085 1216 2128 sermonem
1245 2066 1573 2124 transcendit
1613 2074 1668 2123 et
1710 2079 1924 2121 omnem
1963 2063 2243 2135 cogitatio-

661 2178 785 2220 nem
814 2161 1022 2218 Domini
1047 2159 1275 2216 bonitas.
1305 2157 1436 2227 Quis
1463 2158 1604 2212 enim
1631 2166 1892 2219 nostrum,
1931 2155 2020 2224 qui
2050 2154 2103 2208 in
2131 2166 2245 2207 me-

659 2254 754 2310 dio
792 2250 1121 2308 inﬁnitarum
1166 2248 1429 2304 malorum
1473 2260 1770 2311 versamur,
1817 2243 1980 2299 vellet
2021 2241 2243 2299 terendo

660 2342 979 2399 sententiam
1006 2348 1195 2397 contra
1221 2339 1495 2409 proximos
1525 2344 1674 2392 tanta
1702 2335 1780 2391 uti
1805 2332 2132 2405 indulgentia
2157 2339 2244 2388 at-

659 2445 767 2504 que
786 2427 1065 2486 clementia
1081 2430 1107 2484 ἲ

731 2521 786 2577 5.
825 2518 1207 2576 Verumtamen
1229 2519 1405 2587 justus
1433 2517 1523 2572 ille
1559 2514 1748 2571 videns
1771 2512 1986 2569 divitias
2006 2512 2244 2568 clemen-

659 2610 747 2663 tia:
777 2607 892 2676 Dei,
919 2622 1025 2662 non
1043 2608 1303 2671 subsistit,
1326 2605 1420 2663 sed
1441 2607 1635 2662 iterum
1654 2605 1783 2661 dicit
1805 2625 1819 2660 :
1841 2605 1931 2660 '52.
1957 2604 2243 2676 Numquid,

658 2699 880 2754 Domine
901 2740 917 2765 ,
948 2699 992 2752 si
1021 2698 1198 2769 loquar
1226 2699 1395 2751 adhuc
1421 2696 1616 2752 semel?
1642 2696 1774 2752 Nam
1817 2697 1939 2767 quia
1965 2695 2247 2752 ineffabilia

663 2800 780 2844 erat
817 2788 1117 2852 tolerantia,
1147 2797 1362 2858 propter
1387 2787 1490 2842 hoc
1527 2786 1787 2844 reveritus
1811 2802 1879 2842 ne
1905 2797 1961 2843 et
2002 2787 2244 2858 indigna-

667 2881 866 2934 tionem
890 2878 1146 2933 adversus
1173 2892 1234 2934 se
1250 2886 1488 2934 moveret
1503 2879 1620 2947 ejus
1644 2878 1735 2946 qui
1762 2878 2064 2948 rogabatur,
2093 2878 2243 2934 dicit:

671 2969 960 3042 Numquid,
987 2967 1204 3023 Domine
1220 2970 1245 3022 ?
1271 2968 1406 3024 Num
1429 2969 1767 3024 temerarium
1792 2969 2038 3040 quiddam
2065 2969 2245 3026 facio?

666 3059 796 3116 dicit
825 3077 839 3113 :
867 3073 996 3114 num
1039 3057 1420 3128 impudentiam
1462 3074 1575 3130 pra:
1618 3074 1705 3114 me
1746 3059 1900 3115 iero?
1946 3075 2072 3115 num
2110 3074 2245 3130 cpus

667 3148 1113 3204 condemnatioue
1143 3147 1358 3217 dignum
1388 3148 1543 3211 iacio,
1567 3147 1612 3202 si
1630 3147 1814 3215 loquar
1841 3148 2015 3204 adhuc
2039 3148 2246 3204 semel?

661 3239 769 3293 Pro
790 3253 979 3305 magna
992 3245 1044 3291 et
1065 3237 1400 3292 inenarrabili
1415 3235 1650 3292 bonitate
1662 3253 1750 3293 tua
1760 3251 1932 3294 annue
1947 3254 2104 3294 unam
2126 3255 2244 3295 ora-

660 3333 856 3386 tionem
873 3329 1097 3398 accipito
1115 3344 1145 3383 a
1157 3328 1334 3394 me,Si
1348 3339 1514 3384 autem
1532 3331 1714 3384 invenit
1725 3330 1913 3399 fuerint
1929 3329 2037 3384 illic
2051 3330 2248 3386 decem?

657 3421 724 3474 Et
750 3420 919 3474 dixit:
949 3417 1070 3472 Non
1093 3419 1301 3488 perdam
1316 3429 1520 3490 prapter
1539 3421 1728 3474 decem.
1748 3417 1815 3476 Et
1843 3421 1963 3490 quia
1987 3422 2136 3490 prius
2159 3421 2244 3476 di-

657 3515 740 3566 xit
772 3532 785 3566 :
815 3511 997 3568 Adhuc
1021 3513 1172 3567 semel
1198 3513 1421 3583 loquar?
1448 3515 1537 3569 55.
1560 3513 1715 3581 Abiit,
1773 3515 1964 3585 inquit,
1997 3514 2243 3570 Dominus

659 3615 922 3674 postquam
941 3615 1218 3659 cessaverat
1237 3606 1372 3676 loqui
1391 3605 1642 3672 Abrahae;
1665 3616 1709 3660 et
1736 3606 1990 3660 Abraham
2020 3623 2244 3662 reversus

656 3699 799 3751 estin
835 3696 999 3751 locum
1028 3715 1194 3752 suum.
1219 3697 1436 3753 Vidistis
1466 3698 1748 3752 Dominum
1783 3697 1850 3752 ad
1889 3707 2124 3753 nostram
2155 3700 2243 3752 in-

656 3788 959 3841 ﬁrmitatem
988 3803 1047 3843 se
1080 3789 1475 3844 demittentem?
1513 3789 1719 3844 vidistis
1739 3799 1791 3844 et
1815 3790 2082 3860 justierga
2111 3791 2243 3845 alios

654 3877 941 3931 allectum?
989 3877 1246 3932 didicistis
1289 3886 1485 3947 quanta
1512 3879 1592 3931 vis
1630 3879 1699 3932 sit
1727 3894 1913 3934 eorum
1940 3881 2028 3949 qui
2067 3882 2237 3934 virtu-

632 3977 764 4023 -tcm
790 3969 1081 4023 exercent?
1106 3968 1162 4023 Si
1189 3968 1330 4022 enim
1363 3949 1566 4024 inventi
1589 3968 1803 4035 fuerint,
1833 3971 2023 4040 inquit,
2053 3973 2238 4027 decem

649 4057 810 4124 justi,
862 4065 1079 4126 propter
1131 4057 1253 4112 illos
1289 4059 1534 4114 omnibus
1587 4061 1954 4116 remissionem
2001 4065 2240 4119 concedo

660 4154 1027 4216 peccatorum.
1059 4147 1172 4202 Non
1199 4147 1336 4204 bene
1363 4149 1622 4214 dicebam,
1645 4151 1759 4206 hare
1779 4154 1955 4206 omnia
1984 4153 2121 4208 facta
2147 4170 2236 4210 es-

657 4253 738 4303 se,
770 4247 830 4293 ut
859 4239 1002 4292 nulla
1027 4248 1213 4308 postea
1241 4241 1574 4309 relinquatur
1605 4243 1943 4311 impudenter
1971 4244 2238 4314 loquenti-

651 4330 753 4386 bus
779 4330 1172 4387 contradicendi
1201 4333 1448 4386 occasio?
1475 4331 1763 4388 Suntenim
1781 4333 1934 4387 multi
1961 4333 2234 4391 insanien-

653 4423 803 4486 tium,
835 4423 925 4493 qui
972 4421 1164 4477 int‘reni
1215 4423 1388 4493 lingua
1415 4432 1470 4478 et
1514 4422 1909 4494 reprehendere
1947 4434 2002 4480 et
2052 4425 2232 4483 dicere

649 4514 848 4569 audent
883 4531 897 4568 :
941 4513 1117 4581 Quare
1164 4514 1381 4571 incensa
1423 4525 1548 4571 sunt
1590 4515 1858 4572 Sodoma?
1887 4517 1943 4574 Si
1971 4519 2232 4587 patienter

651 4604 859 4659 tulisset
900 4619 994 4659 eos
1044 4605 1330 4671 Dominus,
1383 4607 1517 4661 forte
1561 4608 1929 4676 ptenitentiam
1974 4611 2226 4681 egissent.

653 4695 879 4765 Propter
907 4696 1009 4751 hoc
1035 4697 1375 4752 ostendittibi
1408 4699 1653 4767 nequitia:
1681 4702 2126 4768 exsuperantiam;
2156 4703 2228 4758 ita

649 4795 709 4841 ut
734 4789 788 4842 in
821 4796 962 4842 tanta
1000 4787 1337 4842 multitudine
1385 4796 1525 4842 tanta
1563 4789 1773 4845 virtutis
1803 4793 2018 4859 penuria
2048 4793 2224 4861 fuerit,

644 4885 707 4933 ut
736 4877 840 4931 alio
864 4877 1094 4946 quodam
1136 4878 1337 4932 diluvio
1364 4878 1642 4949 indigeret,
1687 4890 1742 4936 et
1785 4883 1941 4951 quale
1981 4884 2130 4954 prius
2173 4888 2224 4941 in

653 4965 848 5022 mundo
886 4965 1001 5020 fuit.
1037 4966 1138 5021 Sed
1190 4968 1311 5037 quia
1334 4969 1616 5037 promissio
1637 4971 1730 5026 Dei
1763 4982 1868 5040 est,
1915 4982 1969 5027 ut
2000 4989 2106 5029 non
2147 4977 2228 5032 ul-

651 5064 728 5109 tra
757 5057 861 5110 tale
897 5056 1150 5111 inferatur
1190 5061 1531 5128 supplicium,
1561 5072 1840 5133 propterea
1869 5066 2032 5123 alium
2050 5082 2222 5138 pcena:

646 5147 863 5200 modum
892 5147 1174 5216 excogitat,
1203 5148 1358 5203 simul
1379 5150 1446 5204 de
1471 5153 1574 5207 illis
1601 5169 1783 5222 poenas
1805 5171 2024 5213 sumens
2049 5168 2103 5213 et
2124 5176 2223 5230 po-

646 5238 806 5290 steris
835 5238 1081 5291 omnibus
1115 5250 1423 5307 perpetuam
1452 5245 1690 5310 przebens
1719 5247 2036 5306 doctrinam.
2077 5253 2223 5320 Quo-

645 5327 787 5381 niam
807 5329 947 5382 enim
970 5339 1170 5384 natura:
1190 5331 1332 5401 leges
1358 5334 1748 5403 subverterant,
1777 5324 1848 5395 'et
1888 5345 2091 5399 alienos
2117 5346 2191 5400 illi

643 5418 884 5488 citosque
906 5423 1273 5491 excogitarant
1297 5427 1487 5491 coitus,
1513 5429 1711 5484 idcirco
1729 5433 1994 5491 insolitum
2016 5440 2220 5510 suppli-

1364 404 1424 464 s.
1462 400 1739 462 lOANNlS
1775 389 2249 457 cnnrsosrout
2286 345 2606 451 suculae.
2642 390 3180 450 consumma

3814 397 3918 456 392

2346 520 2476 578 gere
2500 506 2684 564 videre
2713 507 2882 578 ipsam
2912 518 3108 564 terram
3128 550 3143 574 ,
3172 516 3229 562 ut
3265 507 3334 562 ita
3362 505 3534 562 dicam
3552 546 3569 574 ,
3610 505 3928 563 clamantem

2343 609 2400 656 et
2425 599 2798 656 ostendentem
2827 601 3070 670 supplicii
3088 601 3308 670 vestigia
3325 607 3448 669 post
3473 609 3580 655 tam
3607 599 3805 655 multos
3829 611 3928 655 an-

2343 706 2464 759 nos,
2499 693 2649 761 quasi
2681 692 2794 748 heri
2840 693 2924 747 vel
2965 692 3126 749 hodie
3164 694 3419 762 impressa
3451 709 3470 758 :_
3510 703 3618 746 tam
3651 690 3930 747 manifesta

2343 784 2642 838 ostenditur
2669 783 2982 856 indignatio.
3009 784 3131 840 Ideo
3151 785 3398 852 obsecro,
3417 794 3475 839 ut
3501 784 3661 839 alieni
3687 781 3930 854 supplicii

2342 874 2588 944 exemplo
2619 888 2718 929 nos
2733 874 3073 945 castigemur.

2418 965 2518 1021 Hic
2535 967 2740 1038 impune
2758 975 3015 1038 peccantes
3029 968 3258 1022 acerbius
3279 965 3613 1035 punienturin
3633 964 3792 1020 altera
3809 965 3937 1032 vita;

2343 1055 2617 1126 proborum
2643 1073 2799 1112 causa
2838 1057 2977 1112 Dens
3007 1058 3251 1127 patienter
3276 1060 3374 1128 fert
3406 1068 3797 1127 peccatores.-—-
3823 1054 3932 1112 Sed

2341 1146 2479 1203 forte
2519 1148 2715 1203 dixerit
2753 1149 2946 1218 aliquis
2973 1166 2987 1202 :
3019 1148 3160 1217 Quid
3187 1148 3352 1218 ergo?
3379 1164 3475 1203 cur
3501 1147 3575 1202 illi
3611 1163 3799 1217 panas
3834 1147 3933 1205 de-

2341 1237 2560 1294 derunt!
2581 1253 2762 1294 nonne
2785 1248 2911 1294 sunt
2935 1240 3098 1295 etiam
3120 1252 3262 1294 nunc
3289 1239 3442 1292 multi
3461 1238 3551 1308 qui
3572 1237 3760 1295 eadem
3780 1252 3935 1294 com-

2341 1329 2560 1385 mittunt
2579 1329 2803 1394 scelera,
2837 1342 3012 1398 neque
3041 1338 3217 1384 tamen
3237 1328 3565 1397 puniuntur?
3592 1327 3772 1383 Etiam
3798 1345 3815 1384 :
3838 1327 3934 1383 sed

2343 1419 2448 1476 hoc
2486 1419 2818 1491 potissimum
2846 1419 3109 1490 majorem
3137 1425 3354 1489 poenam
3390 1417 3700 1474 conciliabit
3728 1417 3796 1474 iis
3842 1418 3935 1488 qui

2344 1507 2469 1564 talia
2492 1508 2865 1580 perpetrant‘.
2885 1508 3112 1578 Quando
3136 1509 3282 1566 enim
3306 1523 3414 1564 non
3437 1508 3760 1578 castigamur
3775 1523 3841 1564 ex
3869 1507 3939 1563 iis

2343 1612 2462 1667 quae
2485 1597 2592 1653 illis
2608 1597 2950 1665 acciderunt,
2977 1607 3157 1655 etnec
3195 1597 3468 1670 quidpiam
3498 1598 3652 1654 nobis
3693 1598 3940 1669 provenit

2343 1687 2477 1743 lucri
2502 1701 2569 1744 ex
2590 1688 2843 1760 patientia
2855 1687 2972 1754 Dei,
3001 1688 3176 1760 cngita
3199 1687 3470 1758 quomodo
3497 1688 3644 1744 illum
3675 1688 3940 1744 inexstin-

2344 1779 2599 1850 guibilem
2625 1781 2803 1852 ignem
2833 1780 3203 1837 vehementius
3225 1780 3628 1851 nobismetipsis
3657 1778 3943 1837 succendi-

2346 1886 2484 1939 mus,
2535 1879 2592 1928 et
2635 1871 2889 1927 acerbum
2933 1885 3172 1927 vermem
3216 1885 3486 1943 paramus.
3532 1871 3938 1939 Verulamen,

2346 1961 2469 2032 quia
2489 1971 2708 2034 propter
2727 1961 2952 2033 gratiam
2982 1961 3078 2019 Dei
3105 1972 3231 2019 sunt
3269 1971 3328 2018 et
3374 1977 3518 2017 nunc
3546 1962 3699 2018 multi
3741 1962 3943 2019 virtute

2347 2054 2575 2124 prmditi,
2606 2055 2697 2125 qui
2745 2053 2961 2125 placare
3000 2062 3223 2125 possunt
3263 2054 3578 2120 Dominum,
3626 2055 3765 2109 sicut
3813 2063 3944 2111 tunc

2347 2143 2643 2213 patriarcha
2676 2161 2688 2196 :
2723 2144 2930 2198 tametsi
2957 2159 3077 2209 nos,
3109 2158 3232 2198 cum
3262 2157 3364 2198 nos
3390 2145 3538 2214 ipsos
3577 2144 3938 2213 attendimus,

2346 2240 2403 2289 et
2427 2242 2663 2288 nostram
2694 2233 2934 2289 videmus
2958 2233 3240 2301 desidiam,
3272 2242 3522 2304 putamus
3551 2236 3741 2290 miram
3766 2237 3939 2291 virtu-

2349 2324 2417 2378 tis
2439 2323 2720 2380 raritatem
2747 2341 2761 2378 :
2788 2333 3024 2381 attamen
3053 2332 3274 2394 propter
3304 2324 3521 2380 illorum
3553 2325 3827 2392 virtutem,
3853 2341 3942 2381 er-

2348 2429 2414 2488 ga
2435 2417 2568 2471 alios
2596 2417 2735 2472 Deus
2777 2417 3084 2487 patientiam
3123 2414 3360 2472 exhibet.
3391 2415 3462 2470 Et
3487 2424 3546 2470 ut
3577 2417 3718 2473 scias
3755 2416 3942 2474 talium

2349 2509 2624 2566 hominum
2687 2510 2880 2566 ﬁducia
2927 2511 3084 2566 nobis
3123 2509 3217 2566 Dei
3275 2507 3588 2578 patientiam
3638 2509 3938 2580 conciliari,

2349 2599 2471 2654 audi
2508 2615 2576 2655 ex
2628 2600 2726 2654 hac
2773 2601 2888 2670 ipsa
2931 2599 3173 2666 historia,
3205 2600 3333 2669 quid
3376 2599 3522 2655 dicat
3567 2600 3887 2669 patriarcha:
3923 2618 3937 2655 :

2351 2691 2414 2747 Si
2442 2692 2610 2746 decem
2646 2693 2811 2762 justas
2854 2693 3089 2746 invenero
3113 2733 3127 2757 ,
3162 2708 3264 2746 non
3314 2693 3525 2762 perdam
3558 2693 3828 2747 ciuitatem.
3875 2693 3942 2750 Et

2350 2781 2474 2851 quid
2504 2781 2624 2836 dico
2651 2781 2834 2838 decem
2861 2783 3073 2852 justus?
3101 2782 3286 2838 Nullus
3312 2783 3559 2839 inventus
3588 2783 3696 2839 illic
3738 2784 3807 2838 ab
3835 2784 3942 2840 ini-

2349 2872 2550 2942 quitate
2591 2873 2816 2938 alienus,
2850 2873 2952 2928 nisi
2977 2873 3126 2928 solus
3153 2873 3252 2928 Lot
3268 2870 3463 2943 justus,
3493 2884 3548 2928 et
3581 2875 3697 2944 ejus
3719 2874 3841 2931 dum
3871 2873 3940 2930 ii-

2351 2963 2454 3018 lim.
2488 2962 2635 3020 Uxor
2662 2963 2808 3019 enim
2842 2974 3062 3034 propter
3088 2964 3262 3035 ipsum
3302 2965 3442 3020 forte
3471 2980 3686 3034 pronam
3708 2967 3940 3023 civitatis

2349 3053 2551 3124 etl‘ugit,
2578 3063 2763 3124 postea
2790 3063 2965 3110 tamen
2987 3069 3202 3125 penam
3217 3054 3363 3110 dedit
3376 3055 3598 3126 ignaviae
3624 3070 3753 3111 suae.
3785 3055 3940 3114 Nune

2349 3153 2527 3200 autem
2563 3154 2783 3216 propter
2822 3146 3144 3203 inetiabilem
3174 3145 3271 3202 Dei
3309 3147 3770 3215 misericordiam,
3813 3148 3938 3219 quia

2349 3239 2519 3308 pietas
2551 3239 2939 3294 incrementum
2983 3238 3233 3309 sumpsit,
3280 3240 3431 3294 multi
3461 3240 3622 3295 etiam
3663 3241 3715 3295 in
3746 3240 3941 3298 mediis

2348 3331 2652 3386 civitatibus
2679 3332 2903 3386 latentes
2938 3339 3163 3400 possunt
3202 3330 3414 3399 placare
3441 3331 3628 3394 Deum,
3659 3341 3711 3386 et
3745 3331 3834 3385 alii
3884 3331 3938 3388 in

2349 3421 2618 3476 montibus
2641 3430 2696 3476 et
2713 3421 3000 3491 speluncis,
3032 3435 3428 3491 paucorumque
3458 3422 3624 3476 virtus
3651 3421 3939 3480 multorum

2348 3520 2526 3582 tegere
2544 3513 2684 3567 valet
2701 3513 2981 3566 malitiam.
3006 3511 3168 3566 Multa
3192 3513 3336 3567 enim
3357 3513 3565 3566 Domini
3598 3513 3802 3566 bonitas
3825 3523 3934 3581 est,

2347 3613 2400 3657 et
2426 3619 2567 3673 saepe
2614 3603 2751 3658 solet
2769 3605 2929 3656 etiam
2956 3610 3172 3673 propter
3200 3617 3396 3671 paucos
3428 3602 3609 3657 multis
3634 3603 3760 3657 dare
3787 3602 3936 3657 salu-

2349 3704 2476 3750 tem.
2518 3695 2585 3749 Et
2611 3694 2735 3764 quid
2779 3694 2918 3758 dico,
2974 3704 3194 3764 propter
3237 3708 3436 3762 paucos
3482 3695 3693 3761 justos?
3747 3693 3930 3765 Saepe,

2347 3788 2558 3857 quando
2584 3802 2687 3841 non
2714 3787 2962 3840 inventus
2986 3797 3068 3840 est
3099 3787 3151 3839 in
3185 3786 3432 3855 praesenti
3469 3788 3568 3837 vita
3583 3787 3777 3852 justus,
3811 3799 3936 3855 pro-

2347 3889 2465 3950 pter
2502 3880 2872 3935 defunctorum
2897 3881 3183 3945 virtutem,
3227 3879 3513 3932 viventium
3554 3879 3840 3933 miseretur
3880 3888 3937 3934 et

2344 3987 2526 4026 curam
2556 3972 2714 4026 habet
2740 3988 2753 4022 :
2779 3971 2918 4025 unde
2935 3972 3128 4026 clamat
3147 3969 3330 4024 dicens
3353 3985 3365 4020 :
3389 3967 3662 4039 Protegam
3683 3970 3935 4024 civitatem

2344 4064 2474 4116 lianc
2520 4073 2722 4131 prapter
2751 4078 2847 4125 me,
2886 4072 2931 4114 et
2977 4071 3183 4131 propter
3230 4061 3396 4114 David
3426 4077 3638 4129 puerum
3681 4077 3846 4113 meum
3878 4061 3935 4130 (ι

2343 4151 2473 4222 Reg.
2504 4152 2589 4205 l9.
2621 4153 2757 4220 54);
2801 4153 2949 4221 quasi
2982 4150 3184 4204 diceret
3214 4167 3228 4202 :
3263 4151 3411 4204 Licet
3451 4151 3548 4218 ipsi
3583 4150 3782 4221 indigni
3826 4152 3935 4206 sint

2342 4244 2431 4313 qui
2456 4252 2755 4304 serventur,
2779 4251 2831 4296 et
2857 4243 3054 4296 nullam
3083 4242 3268 4295 salutis
3295 4239 3527 4294 habeant
3557 4242 3929 4296 occasionem:

2341 4351 2524 4390 verum
2551 4335 2673 4405 quia
2704 4335 2890 4388 solitus
2930 4348 3046 4387 sum
3090 4331 3507 4387 misericorditer
3554 4348 3734 4401 agere,
3776 4341 3833 4388 et
3860 4333 3930 4389 ad

2339 4424 2700 4479 miserandum
2751 4435 3026 4493 promptus
3050 4439 3165 4478 sum
3194 4433 3246 4477 et
3270 4422 3335 4476 ad
3373 4423 3704 4490 eripiendum
3733 4439 3762 4476 e
3789 4424 3929 4478 cala-

2337 4518 2627 4581 mitatibus,
2661 4526 2877 4586 propter
2894 4518 3177 4584 meipsum,
3199 4523 3254 4569 et
3269 4512 3488 4584 p'r0pter
3507 4530 3731 4584 puerum
3749 4530 3925 4571 meum

2339 4607 2504 4663 David
2537 4618 2809 4678 protegam
2835 4624 2849 4659 τ
2872 4617 2925 4661 et
2946 4607 3035 4677 qui
3072 4615 3195 4661 ante
3223 4613 3301 4660 tot
3340 4619 3510 4660 annos
3536 4620 3566 4659 e
3594 4606 3698 4660 vita
3727 4610 3928 4677 migra-

2335 4700 2428 4764 vit,
2465 4698 2552 4753 hic
2577 4706 2761 4753 auctor
2789 4708 2872 4753 est
2900 4698 3082 4752 salutis
3113 4698 3177 4751 iis
3201 4698 3288 4766 qui
3317 4711 3409 4751 sua
3436 4711 3555 4751 sese
3585 4696 3926 4764 perdiderant

2335 4790 2556 4845 desidia.
2576 4790 2765 4844 Vidisti
2787 4791 3122 4845 clementiam
3153 4789 3385 4854 Domini,
3405 4788 3673 4857 quomodo
3703 4803 3796 4842 eos
3834 4792 3921 4860 qui

2337 4882 2539 4936 virtute
2598 4883 2832 4949 pollent,
2899 4882 3102 4934 honore
3141 4881 3341 4946 afﬁcit,
3383 4881 3676 4949 praeponit,
3718 4891 3773 4935 et
3829 4881 3922 4936 toti

2334 4971 2660 5026 multitudini
2681 4972 3008 5040 tequiparat?
3033 4970 3368 5039 Quapropter
3389 4982 3441 5023 et
3467 4969 3660 5024 Paulus
3686 4971 3921 5028 dicebat:

2336 5061 2795 5116 Obambulaeerunt
2816 5063 2868 5114 in
2894 5061 3056 5115 oaillis
3071 5061 3391 5130 caprinisque
3417 5061 3651 5129 pellibus,
3672 5062 3922 5130 destituti,

2333 5156 2511 5223 pressi,
2540 5153 2728 5224 amicti,
2764 5154 2941 5220 quibus
2967 5153 3208 5223 indignus
3230 5161 3335 5205 erat
3358 5153 3574 5205 mundus
3605 5151 3624 5224 (
3649 5152 3809 5206 Hebr.
3833 5156 3922 5211 li.

2332 5246 2418 5300 37.
2444 5246 2555 5315 58).
2588 5245 2756 5298 Totus
2777 5286 2790 5310 ,
2826 5244 3023 5314 inquit,
3071 5245 3171 5299 iste
3216 5243 3447 5298 mundus
3471 5284 3486 5311 ,
3516 5255 3569 5297 et
3601 5254 3743 5299 totus
3777 5245 3924 5301 orbis

2333 5351 2438 5390 non
2460 5349 2541 5393 est
2568 5334 2921 5406 conferendas
2951 5337 3015 5390 iis
3045 5335 3134 5405 qui
3180 5336 3232 5389 in
3274 5333 3656 5390 afﬂictionibus
3682 5344 3738 5389 et
3772 5350 3924 5404 pres-

2340 5428 2496 5494 suris,
2528 5437 2581 5482 et
2601 5426 2836 5481 nuditate
2860 5436 3024 5496 agunt
3048 5435 3101 5480 et
3144 5425 3506 5492 obambulant,
3535 5435 3588 5480 et
3625 5425 3677 5480 in
3705 5424 3925 5495 spelun-

643 5510 713 5564 cii
761 5510 977 5565 modum
1009 5513 1215 5569 induxit
1257 5527 1477 5587 prepter
1524 5519 1737 5577 illorum
1763 5525 2093 5596 iniquitatem
2121 5548 2133 5584 :
2163 5544 2218 5587 et
2329 5519 2406 5573 eis
2431 5528 2711 5574 νθτδεηιυΐ
2733 5527 2947 5587 Propter
2977 5517 3162 5572 Deum-

645 5609 801 5654 terrae
824 5601 1024 5656 viscera
1057 5603 1257 5659 inutilia
1287 5607 1533 5674 reddens,
1567 5621 1619 5666 et
1648 5613 1834 5670 relicto
1856 5619 2079 5684 posteris
2102 5635 2216 5676 mo-

641 5689 880 5746 nimento
909 5702 1181 5762 perpetuo,
1210 5706 1267 5750 ut
1307 5713 1374 5753 ne
1413 5701 1601 5756 eadem
1629 5709 1859 5775 aggressi
1905 5710 1955 5764 in
2000 5710 2214 5769 easdem

641 5779 874 5837 incidant
899 5796 1101 5854 pmnas.
1136 5786 1473 5855 Ucetautcm
1499 5795 1691 5852 volenti
1723 5797 1788 5855 ad
1813 5799 1926 5856 loca
1960 5804 2043 5859 illa
2084 5821 2207 5877 per.

2395 5634 2408 5663 ¹
2446 5633 2582 5681 Savil.
2610 5639 2663 5682 et
2684 5641 2891 5694 quatuor
2908 5639 3011 5694 Mss.
3038 5642 3050 5678 :
3071 5627 3223 5694 Etiam
3246 5627 3362 5694 (sed
3384 5625 3472 5679 hoc
3496 5627 3796 5694 potissimum
3815 5642 3923 5681 ma-

2318 5695 2482 5755 jorem
2502 5689 2793 5744 anxietatem
2811 5692 2984 5743 animis
3006 5691 3180 5742 nostris
3203 5690 3404 5752 injicere
3421 5689 3608 5753 poterit.
3628 5691 3723 5755 sed
3749 5689 3921 5743 lectio-

2325 5752 2439 5805 nem
2463 5757 2658 5810 Morelli,
2683 5769 2795 5816 quae
2818 5755 2988 5804 melior
3013 5754 3218 5816 videtur,
3246 5752 3542 5816 retinemus;
3567 5752 3657 5801 sub
3681 5752 3786 5803 haec
3808 5765 3918 5803 ma-

2327 5831 2424 5878 gna
2448 5812 2729 5867 observatur
2758 5820 2803 5865 in
2826 5823 2930 5864 Mss.
2962 5824 3013 5865 ct
3030 5813 3152 5877 apud
3172 5812 3311 5863 Savil.
3339 5822 3564 5863 varietas.
