4178 6328
344 522 397 578 6.
439 515 629 592 Igitur,
647 512 863 580 dilecte,
886 509 1101 583 quando
1117 506 1314 564 videris
1336 504 1512 560 virum
1534 498 1625 555 vili
1649 504 1878 592 esterno

279 587 779 674 habitu'vestitum,
830 604 1031 659 virtute
1061 613 1192 657 vero
1221 596 1550 653 intrinsecus
1597 587 1877 651 amictum,

277 719 343 759 ne
362 701 511 759 hunc
536 696 879 770 vilipenderis
919 699 1137 766 prepter
1184 688 1239 745 id
1290 685 1434 758 quod
1479 686 1702 753 apparet
1736 695 1750 732 :
1782 674 1880 733 sed

276 799 472 852 anima
525 793 741 851 divitias
768 791 935 855 disce,
974 796 1029 843 et
1053 787 1320 841 inteream
1376 778 1627 850 gloriam,
1669 782 1725 827 et
1752 779 1881 825 tunc

278 887 486 943 videbis
504 886 742 954 undique
775 881 1063 951 fulgentem
1082 877 1358 931 virtutem.
1386 868 1531 924 Talis
1553 872 1673 921 erat
1692 864 1880 917 beatus

275 980 445 1046 Elias,
474 977 567 1049 qui
608 975 862 1030 melotem
896 979 1101 1026 tantum
1143 965 1358 1027 habuit;
1414 970 1469 1016 et
1510 958 1601 1049 qui

276 1039 509 1124 νεειίίυὲ
548 1074 664 1120 erat
690 1061 895 1126 Achab,
930 1059 1074 1114 illius
1104 1056 1302 1110 melote
1343 1048 1637 1119 indigebat.
1689 1039 1881 1097 Vidisti

280 1258 389 1304 tum
418 1222 688 1316 potestate
731 1244 952 1304 distent.
1002 1238 1199 1294 Melote
1241 1234 1402 1303 hujus
1430 1230 1623 1286 caelum
1666 1222 1879 1316 clausit,

277 1314 585 1410 pluviarum
643 1334 965 1389 descensum
1021 1326 1281 1390 inhibuit;
1346 1323 1528 1392 lingua
1604 1314 1880 1410 propheta:

278 1406 497 1485 irenum
539 1428 640 1482 fuit
694 1426 848 1491 caelo,
876 1422 1142 1492 annisque
1186 1419 1358 1474 tribus
1382 1423 1438 1470 et
1467 1427 1561 1468 sex
1606 1406 1885 1465 mensibus

278 1519 459 1589 pluvia
490 1515 721 1572 nonfuit
747 1533 761 1571 :
792 1515 881 1569 ille
909 1522 1112 1577 autem,
1159 1521 1392 1579 purpura
1413 1505 1641 1558 amictus
1666 1509 1723 1555 et
1764 1497 1884 1552 dia—

279 1611 493 1668 dentale
522 1609 827 1675 redimitus,
866 1602 1185 1661 circumibat
1220 1611 1473 1670 quaerens
1521 1592 1839 1664 pmpbetam
1864 1626 1881 1653 ,

281 1711 338 1759 et
389 1702 526 1756 nihil
568 1700 701 1755 lucri
730 1714 797 1754 ex
838 1706 983 1752 tanta
1020 1703 1283 1765 potestate
1312 1688 1562 1743 habebat.
1616 1684 1884 1739 Caeterum

280 1793 405 1851 vide
435 1792 648 1848 Domini
668 1789 1029 1846 clementiam.
1058 1785 1191 1853 Quin
1214 1782 1346 1837 vidit
1370 1778 1687 1849 prophetam
1718 1771 1887 1827 multo

282 1885 469 1941 zeloet
490 1883 701 1939 fervore
730 1880 955 1947 moveri,
976 1886 1032 1933 et
1048 1889 1291 1945 magnam
1314 1874 1451 1933 hanc
1477 1861 1888 1939 pmnaminferri
1920 1904 1921 1907 η

283 1986 469 2032 contra
500 1982 668 2028 totam
699 1982 917 2037 terram,
938 1984 1005 2023 ne
1032 1975 1088 2022 et
1133 1965 1247 2034 ipse
1272 1961 1432 2017 simul
1485 1958 1538 2013 in
1568 1952 1889 2025 supplicium

284 2067 549 2123 incideret
572 2080 695 2120 cum
753 2062 880 2128 illis,
927 2070 983 2116 ct
1013 2071 1199 2114 eorum
1222 2051 1471 2124 nequitize
1503 2061 1687 2119 poenas
1713 2043 1889 2107 daret,

286 2158 414 2216 dicit
438 2158 490 2215 ei
518 2172 533 2211 :
563 2156 751 2227 Surge,
776 2164 825 2210 et
862 2152 991 2207 uade
1033 2152 1085 2203 in
1125 2148 1348 2217 Surepta
1390 2140 1743 2198 Sidoniarum.
1772 2133 1892 2227 Illic

286 2251 419 2307 enim
449 2226 747 2320 praecipiam
774 2243 978 2299 mulieri
991 2241 1173 2303 viduis,
1198 2248 1251 2291 ut
1269 2246 1317 2291 te
1340 2240 1534 2306 pascat.
1560 2230 1625 2284 Et
1649 2226 1889 2297 surrexit,

287 2341 465 2400 etabiit
482 2342 564 2413 (3.
586 2340 710 2411 Reg.
733 2338 817 2393 t7.
835 2328 1392 2406 9.10).VideSpiritus
1413 2325 1659 2398 gratiam,
1677 2320 1891 2413 dilecte.

288 2411 504 2491 Etlmim
529 2441 585 2489 et
615 2430 730 2486 heri
747 2428 903 2485 nobis
932 2435 1075 2482 totus
1105 2436 1285 2479 sermo
1312 2420 1453 2476 circa
1474 2411 1892 2485 hospitalitatem

289 2526 596 2595 insumptus
624 2531 727 2588 est,
766 2531 820 2576 et
845 2520 1006 2574 hodie
1047 2513 1325 2586 hospitalis
1353 2512 1454 2565 ista
1484 2508 1641 2563 vidua
1674 2502 1749 2577 (a)
1776 2516 1897 2557 ser-

290 2632 507 2675 monem
562 2624 803 2671 nostrum
834 2611 1142 2682 complebit.
1180 2608 1249 2662 Et
1277 2606 1433 2673 venit,
1483 2602 1686 2673 inquit,
1716 2598 1786 2651 ad
1821 2596 1897 2649 vi-

289 2710 469 2777 duam,
494 2720 543 2764 et
571 2707 757 2762 invenit
795 2722 905 2760 eam
926 2703 1246 2774 colligentem
1269 2700 1430 2770 ligna,
1458 2704 1505 2749 et
1538 2694 1663 2747 dicit
1690 2692 1736 2745 ei
1763 2706 1783 2743 .°
1814 2687 1899 2743 Da

290 2801 416 2857 mihi
455 2816 641 2872 parum
661 2812 827 2866 aqum,
856 2806 903 2850 ct
935 2796 1119 2850 bibam.
1152 2792 1242 2848 Illa
1292 2787 1550 2845 obedivit.
1585 2785 1651 2840 Et
1678 2782 1809 2837 dixit
1830 2779 1900 2833 ad

292 2911 405 2952 eam
424 2895 610 2948 iterum
635 2890 782 2945 :Fac
800 2890 924 2943 mihi
973 2885 1333 2942 subcinericios
1374 2898 1548 2953 partes,
1572 2889 1617 2934 et
1640 2876 1901 2932 comedam

294 2984 474 3057 (Ibid.
503 3002 553 3041 ν.
606 2984 726 3055 ll).
782 2982 873 3038 llla
920 2995 1046 3035 vero
1090 2987 1273 3049 postea
1317 2974 1518 3043 detegit
1560 2967 1901 3025 immodicam

294 3092 449 3133 suam
460 3083 777 3148 egestatem,
798 3073 907 3127 imo
922 3068 1307 3126 inenarrabiles
1321 3060 1745 3128 divitiasJIagua
1758 3059 1902 3113 enim

298 3147 585 3239 paupertas
616 3164 817 3220 indicat
846 3161 1154 3217 divitiarum
1192 3158 1333 3213 illius
1358 3150 1801 3225 magnitudinem.
1836 3147 1905 3201 Et

296 3260 471 3317 dicit:
504 3258 628 3313 Non
663 3266 738 3311 est
776 3255 979 3310 ancilla
1004 3264 1105 3307 tua:
1128 3252 1227 3305 nisi
1270 3249 1493 3321 pugillus
1515 3246 1719 3317 farina,
1743 3252 1788 3299 et
1810 3258 1907 3312 pa-

298 3366 417 3406 rum
435 3350 535 3406 olei
559 3350 612 3403 in
637 3348 908 3416 anaphora,
936 3353 982 3399 et
1009 3344 1328 3398 comedemus
1356 3355 1449 3411 ego
1469 3349 1517 3394 et
1548 3338 1714 3409 pueri,
1729 3343 1778 3390 et
1794 3351 1909 3388 mo.

298 3443 494 3498 rientur
527 3439 691 3512 (Ibid.
734 3454 785 3492 υ.
816 3436 931 3508 η).
973 3433 1293 3490 Miserabilia
1328 3430 1492 3487 verba
1516 3470 1530 3494 ,
1572 3442 1693 3499 qua:
1736 3428 1908 3497 ipsam

302 3534 571 3608 lapideam
603 3533 837 3589 animam
890 3528 1165 3586 inﬂectere
1192 3535 1432 3597 possent.
1484 3522 1637 3578 Nulla
1686 3520 1912 3592 posthac

304 3626 463 3684 nobis
499 3640 627 3698 spes
671 3623 879 3679 salutis.
909 3620 1053 3676 llors
1083 3620 1136 3674 in
1180 3616 1387 3674 foribus
1424 3623 1528 3672 est.
1579 3613 1695 3669 Hoc
1736 3613 1911 3668 solum

305 3722 466 3779 nobis
493 3720 743 3779 relictum
790 3728 875 3774 est
903 3716 972 3772 ad
1003 3715 1188 3782 vitam,
1220 3713 1364 3785 quod
1387 3713 1478 3767 vix
1522 3710 1755 3766 sufﬁciet
1778 3708 1913 3764 mihi

307 3823 367 3871 et
388 3812 647 3885 puerulis.
673 3809 731 3866 Id
750 3807 897 3881 quod
913 3816 1028 3863 erat
1055 3808 1107 3862 in
1136 3820 1253 3861 mea
1281 3812 1547 3877 potestate
1567 3802 1690 3866 feci;
1719 3815 1913 3871 aquam

307 3904 725 3965 communicavi.
757 3902 957 3959 Verum
1000 3908 1060 3956 ut
1086 3898 1356 3955 discamus
1382 3906 1437 3952 et
1466 3894 1705 3950 mulieris
1726 3891 1915 3963 hospi-

312 4001 595 4067 talitatem,
626 4006 685 4055 ct
706 3998 835 4068 justi
863 4007 1114 4065 magnam
1158 3990 1444 4058 ﬁduciam,
1473 3988 1599 4045 vide
1635 3985 1763 4060 quid
1799 3985 1913 4040 ﬁat.

312 4092 418 4151 libi
446 4092 709 4165 propheta
754 4087 1039 4161 diligenter
1073 4084 1189 4141 hac
1215 4082 1395 4139 omnia
1416 4078 1621 4147 didicit,
1670 4090 1727 4135 ut
1770 4079 1919 4134 dete-

313 4192 471 4257 geret
490 4182 647 4240 nobis
670 4182 921 4237 virtutem
952 4177 1190 4235 mulieris
1214 4177 1360 4249 (nam
1392 4174 1533 4231 Deus
1562 4172 1654 4244 qui
1680 4171 1916 4227 dixerat:

319 4274 556 4346 Prcecpi
579 4272 806 4339 mulieri,
825 4281 880 4325 ut
902 4279 950 4324 te
974 4277 1150 4341 pascat
1171 4266 1337 4339 (Ibid.
1356 4281 1405 4321 υ.
1438 4265 1521 4337 9),
1555 4265 1668 4333 ipse
1688 4270 1805 4318 erat
1829 4260 1921 4331 qui

317 4376 448 4423 tunc
490 4379 590 4436 per
618 4361 934 4435 prophetam
956 4360 1340 4431 operabatur),
1368 4355 1499 4411 dicit
1522 4354 1571 4410 ei
1600 4367 1615 4408 :
1650 4351 1760 4407 Fac
1794 4351 1922 4407 milii

320 4462 564 4531 primum,
593 4466 641 4510 et
659 4454 942 4521 comedam,
969 4462 1015 4507 et
1036 4462 1157 4507 tunc
1179 4450 1302 4520 ﬁliis
1325 4450 1445 4504 tuis.
1471 4447 1687 4511 Audite,
1726 4444 1921 4500 mulie-

322 4565 431 4616 res,
459 4562 579 4619 quaa
604 4546 805 4603 divitiis
832 4543 1075 4611 afﬁuitis,
1107 4552 1162 4598 et
1186 4542 1240 4598 in
1272 4541 1440 4597 multa
1478 4539 1686 4594 inutilia
1716 4547 1925 4593 vestras

322 4640 609 4697 facultates
637 4636 929 4702 insumitis,
956 4649 1021 4690 ac
1057 4644 1179 4704 post
1226 4633 1314 4688 illa
1343 4633 1522 4687 omnia
1568 4630 1705 4686 duos
1739 4628 1928 4686 obolos

323 4730 709 4803 indigentibus,
732 4727 818 4785 vel
833 4728 948 4783 viro
973 4727 1205 4797 cuipiam
1228 4726 1429 4781 virtute
1454 4724 1681 4796 prazdito
1708 4732 1931 4794 prepter

329 4823 499 4880 Deum
520 4836 713 4893 egeno,
748 4820 1059 4891 impendere
1102 4834 1211 4873 non
1237 4818 1420 4874 vultis.
1452 4815 1557 4872 Ista
1587 4824 1768 4873 autem
1793 4815 1932 4871 nihil

328 4913 522 4970 horum
540 4913 843 4985 possidens,
868 4913 964 4968 sed
988 4920 1191 4966 tantum
1215 4910 1471 4983 pugillum
1488 4909 1698 4975 farinaa,
1724 4918 1774 4965 et
1801 4921 1935 4979 pau-

329 5007 384 5064 lo
422 5016 547 5079 post
587 5006 880 5062 secundum
910 5020 1063 5061 suam
1088 5005 1399 5075 opinionem
1431 5004 1661 5059 ﬁliorum
1702 5011 1935 5058 mortem

332 5109 659 5173 spectatura,
692 5110 751 5154 ut
773 5099 979 5154 audivit
997 5115 1030 5155 a
1060 5097 1321 5170 propheta
1350 5116 1366 5153 :
1398 5096 1510 5151 Fac
1535 5097 1661 5151 mihi
1686 5096 1932 5167 primum,

333 5204 381 5251 et
408 5204 529 5250 tunc
560 5193 651 5248 tibi
677 5201 724 5246 et
756 5190 980 5262 puerulis
1010 5192 1109 5245 tuis
1137 5208 1156 5245 :
1184 5206 1293 5246 non
1322 5204 1465 5261 aegre
1492 5190 1630 5254 tulit,
1662 5203 1771 5244 non
1800 5203 1935 5244 cun-

336 5296 478 5342 ctata
520 5294 625 5350 est,
677 5283 773 5339 sed
814 5282 940 5340 fecit
962 5283 1223 5353 imperata
1251 5300 1267 5338 :
1297 5281 1552 5337 erudiens
1586 5295 1778 5337 omnes
1818 5294 1937 5346 nos,

340 5377 708 5450 praeferendos
728 5386 927 5431 nostra
954 5373 1332 5432 refocillationi
1361 5387 1549 5428 servos
1580 5372 1676 5428 Dei
1709 5389 1725 5425 :
1754 5379 1811 5427 et
1832 5386 1939 5425 non

343 5479 548 5528 temere
570 5469 693 5524 talia
712 5468 857 5523 lucra
876 5464 1266 5538 praetereunda,
1282 5464 1380 5521 sed
1401 5462 1782 5519 attendendum
1795 5462 1941 5517 mul-

346 5573 452 5619 tam
481 5562 608 5618 hinc
631 5561 790 5617 nobis
819 5560 1049 5616 futuram
1093 5573 1215 5614 esse
1252 5555 1579 5613 mercedem.
1613 5553 1750 5611 Vide
1781 5553 1944 5625 igitur

386 5698 485 5785 ita)
518 5728 646 5772 uane
666 5726 993 5789 suam.

348 5772 700 5897 mrum
724 5772 1352 5849 m'sapninuomiﬁ'ade
1380 5773 1520 5829 uelis
1558 5780 1611 5826 et
1649 5772 1793 5827 vidua
1821 5772 1949 5828 circa

1278 404 1343 465 IN
1380 401 1537 461 CAP.
1580 396 1769 458 XVIII.
1808 391 2060 454 GENES.
2104 390 2341 450 nostra.
2383 387 2549 448 XLII.

1986 490 2127 545 hanc
2156 486 2405 553 viduam,
2448 499 2547 558 pro
2584 480 2783 556 pugillo
2804 480 3026 548 farinae,
3089 487 3149 537 et
3187 478 3425 551 pauxillo
3470 479 3595 537 olco

1986 577 2257 650 quomodo
2281 584 2599 649 perpetuum
2636 574 2891 629 horreum
2939 571 3043 628 sibi
3072 572 3468 641 comparaverit
3520 570 3592 641 (3

1984 673 2118 745 Reg.
2148 670 2239 727 l7.
2265 670 2375 741 14).
2400 669 2535 725 Nam
2562 678 2846 738 postquam
2874 666 3016 737 pavit
3044 665 3394 736 pr0phetam,
3418 680 3595 737 neque

1988 762 2216 833 pugillus
2243 760 2427 815 farinae
2454 760 2671 823 defecit,
2707 773 2882 829 neque
2909 756 3169 827 amphora
3214 756 3343 822 olei,
3366 772 3489 811 cum
3512 758 3597 811 in-

1989 855 2145 909 terim
2172 852 2311 907 fame
2344 862 2485 906 terra
2522 851 2698 906 omnis
2731 856 3163 904 consumeretur.
3197 848 3294 902 Est
3320 857 3499 903 autem
3542 860 3598 903 et

1987 944 2091 1000 hoc
2119 943 2432 998 admirabile
2466 951 2521 996 et
2558 940 2881 1011 stupendum
2929 954 3049 994 eam
3099 954 3273 1009 neque
3319 938 3598 994 laboribus

1986 1043 2172 1104 postea
2201 1047 2336 1103 Opus
2364 1031 2648 1095 habuisse,
2681 1030 2774 1085 sed
2814 1037 3058 1100 paratum
3117 1038 3378 1099 perpetuo
3431 1029 3600 1084 fuisse

1853 1159 1881 1171 ο
1987 1125 2215 1179 farinam
2270 1133 2323 1179 et
2366 1125 2567 1190 oieum,
2604 1132 2659 1177 et
2704 1137 2877 1192 neque
2911 1121 3237 1192 agricultura
3282 1121 3597 1199 indiguisse,

1988 1231 2167 1285 neque
2214 1215 2377 1269 boum
2428 1214 2849 1283 cooperatione,
2906 1227 3083 1282 neque
3132 1212 3240 1266 ulla
3287 1213 3395 1266 alia
3431 1228 3597 1277 cura;

1989 1309 2085 1363 sed
2112 1308 2293 1363 videre
2323 1316 2441 1362 erat
2488 1307 2669 1360 omnia
2702 1316 2897 1375 praeter
2951 1315 3201 1359 naturam
3247 1306 3486 1361 evenire.
3532 1305 3602 1364 Ιῑρι

1989 1414 2111 1454 cum
2159 1415 2276 1466 rex,
2308 1400 2399 1469 qui
2438 1413 2692 1453 coronam
2721 1399 2893 1467 capite
2919 1397 3184 1466 gestabat,
3214 1398 3406 1451 anxius
3432 1405 3601 1467 esset,

1990 1499 2045 1544 et
2096 1489 2237 1544 l'ame
2278 1489 2585 1554 laboraret,
2633 1488 2788 1557 inops
2829 1487 2986 1540 vidua
3026 1486 3278 1541 omnibus
3319 1486 3599 1553 destituta,

1991 1579 2113 1648 quia
2139 1579 2453 1647 prophetam
2473 1588 2807 1646 susceperat,
2835 1578 2888 1630 in
2921 1585 3231 1646 perpetuam
3255 1578 3400 1631 venit
3427 1576 3603 1633 abun-

1991 1669 2249 1723 dantiam.
2282 1668 2571 1737 Propterea
2601 1677 2657 1721 et
2677 1668 2924 1721 Christus
2940 1665 3152 1720 dicebat
3184 1684 3196 1720 :
3231 1667 3332 1733 Qui
3360 1682 3595 1735 suscepe-

1992 1762 2056 1814 rit
2095 1760 2395 1829 prophetam
2441 1759 2494 1811 in
2537 1758 2738 1811 nomine
2759 1758 3044 1825 prophetia,
3071 1758 3350 1811 mercedem
3378 1759 3606 1827 prophe-

1995 1862 2059 1906 ta:
2088 1852 2294 1923 recipiet
2327 1849 2542 1923 (Matth.
2578 1844 3001 1912 10.41).Vidisti
3015 1845 3277 1916 heriquid
3294 1849 3599 1917 patriarcha

1994 1946 2253 2003 meruerit
2277 1944 2427 2014 larga
2455 1958 2555 1998 sua
2583 1941 2952 2013 hospitalitate
3007 1948 3060 1992 et
3077 1936 3279 1991 fervida
3302 1936 3602 1992 alacritate:

1994 2031 2117 2086 vide
2141 2040 2194 2085 et
2226 2045 2367 2085 nunc
2400 2032 2535 2084 hanc
2566 2028 2843 2085 Sidoniam
2874 2038 3099 2098 repente
3122 2029 3366 2098 ingentes
3391 2027 3606 2085 divitias

1996 2124 2381 2195 possidentem.
2405 2123 2607 2193 Lingua
2626 2124 2766 2177 enim
2786 2122 3063 2193 propheta:
3085 2136 3203 2190 qua:
3223 2121 3339 2176 caeli
3369 2120 3607 2179 habenas

1997 2216 2397 2282 moderabatur,
2427 2216 2553 2270 fecit
2580 2224 2637 2269 ut
2662 2214 2850 2269 farina:
2872 2214 3103 2285 pugillus
3129 2224 3183 2269 et
3208 2214 3315 2270 olei
3341 2214 3604 2286 amphora

1994 2308 2194 2379 jugiter
2244 2309 2585 2363 scalurirent.

2072 2404 2126 2457 7.
2169 2401 2392 2457 Herulis
2421 2401 2801 2455 exhortatio.-—
2824 2400 2975 2455 llauc
3025 2416 3215 2455 omnes
3250 2400 3533 2455 imitentur
3554 2408 3612 2456 ct

2000 2497 2101 2552 viri
2128 2504 2183 2551 et
2207 2496 2481 2550 mulieres.
2512 2494 2627 2564 Ego
2648 2493 2864 2562 quidem
2892 2493 3085 2548 vellem
3117 2507 3212 2548 vos
3235 2494 3300 2547 ad
3332 2493 3612 2563 propheta:

2002 2588 2196 2653 zelum,
2225 2598 2279 2643 et
2302 2586 2368 2641 ad
2395 2585 2511 2655 ejus
2540 2585 2752 2639 virtutis
2778 2584 3132 2638 imitationem
3163 2583 3432 2638 deducere
3465 2598 3479 2634 :
3513 2582 3611 2638 sed

2002 2684 2122 2753 quia
2149 2681 2251 2735 hoc
2271 2695 2560 2736 onerosum
2607 2678 2760 2734 vobis
2813 2677 3027 2733 videtur
3072 2691 3214 2741 esse,
3266 2678 3514 2747 quamvis
3558 2685 3615 2732 ct

2003 2777 2095 2831 ille
2124 2775 2286 2829 homo
2316 2782 2451 2839 erat,
2482 2787 2811 2843 carnemque
2855 2773 2995 2827 sicut
3029 2784 3129 2827 nos
3173 2766 3613 2835 circumferebat,

2005 2878 2059 2924 et
2082 2867 2326 2923 eamdem
2352 2881 2511 2937 quam
2554 2880 2653 2919 nos
2694 2864 2925 2919 habebat
2953 2872 3199 2918 naturam
3233 2881 3249 2919 :
3278 2877 3463 2918 verum
3491 2864 3616 2930 quia

2006 2976 2125 3031 qua:
2152 2974 2247 3013 sua
2268 2968 2424 3014 erant
2448 2960 2669 3029 largiter
2684 2958 2882 3026 attulit,
2912 2967 3073 3028 atque
3124 2957 3375 3012 virtutem
3402 2957 3616 3025 ample-

2008 3060 2164 3105 xatus
2191 3060 2296 3119 est,
2329 3066 2619 3119 supernam
2650 3065 2862 3121 quoque
2888 3051 3113 3119 gratiam
3140 3059 3463 3119 assequutus
3493 3058 3615 3116 est;

2008 3153 2263 3199 cxterum
2291 3145 2506 3198 interim
2548 3158 2649 3198 nos
2692 3143 2774 3197 vel
2808 3142 3095 3197 mulierem
3146 3143 3285 3196 hanc
3320 3142 3618 3207 imitemur,

2010 3245 2065 3292 et
2090 3236 2168 3290 sic
2189 3236 2446 3305 paulatim
2477 3250 2543 3291 eo
2572 3235 2870 3301 veniemus,
2914 3235 3157 3289 utetiam
3186 3233 3465 3305 propheta:
3494 3233 3603 3289 imi-

2012 3337 2215 3382 tatores
2235 3327 2419 3387 simus.
2456 3326 2798 3381 Emulemur
2829 3326 3008 3395 itaque
3034 3327 3152 3395 ejus
3178 3325 3621 3395 hospitalitatem,

2012 3431 2070 3476 et
2114 3422 2293 3483 nullus
2330 3420 2556 3491 peslltac
2587 3421 2821 3489 inopiam
2852 3428 3132 3488 prtctexat.
3157 3418 3291 3472 Nam
3331 3427 3625 3489 quantum-

2014 3516 2096 3569 vis
2124 3514 2282 3585 inops
2312 3515 2382 3570 sit
2427 3513 2641 3583 aliquis,
2677 3529 2784 3567 non
2830 3515 2934 3567 erit
2973 3511 3074 3566 hac
3122 3511 3390 3581 egentior,
3415 3512 3503 3566 cui
3555 3507 3625 3566 ad

2017 3620 2183 3661 unum
2216 3614 2422 3659 tantum
2466 3603 2609 3659 diem
2662 3611 2779 3656 erat
2827 3602 3187 3657 alimentum:
3220 3611 3276 3656 et
3324 3616 3501 3672 neque
3548 3600 3630 3657 sic

2017 3696 2117 3751 fuit
2142 3695 2359 3766 segnior
2386 3695 2451 3750 ad
2480 3694 2791 3764 petitionem
2825 3692 3125 3764 prophetae,
3169 3692 3265 3748 sed
3295 3706 3486 3762 magna
3512 3692 3629 3747 ala-

2020 3789 2212 3845 critate
2237 3789 2285 3844 ei
2316 3788 2511 3858 paruit,
2564 3796 2619 3843 et
2648 3786 2953 3843 mercedem
2991 3786 3235 3857 protinus
3273 3785 3498 3856 recepit.
3526 3785 3633 3841 Ta-

2020 3883 2090 3939 lia
2119 3882 2265 3938 enim
2287 3890 2434 3947 sunt,
2476 3895 2595 3951 qua:
2619 3895 2650 3934 a
2698 3880 2807 3934 Deo
2838 3880 2991 3934 ﬁunt.
3037 3878 3153 3933 Mos
3183 3878 3232 3933 ei
3261 3877 3392 3933 dare
3437 3892 3631 3950 magna

2022 3989 2123 4046 pro
2143 3974 2341 4044 parvis.
2368 3971 2508 4041 Quid
2534 3971 2699 4039 enim,
2728 3970 2839 4038 dic,
2862 3986 2981 4039 oro,
3008 3980 3210 4025 tantum
3233 3970 3429 4039 attulit,
3454 3986 3629 4041 quan-

2025 4075 2137 4122 tum
2178 4063 2435 4135 accepit?
2492 4062 2691 4118 Verum
2750 4063 3014 4118 Dominus
3055 4070 3241 4117 noster
3286 4076 3391 4116 non
3436 4071 3637 4131 quanta

2024 4159 2221 4216 dentur
2264 4157 2546 4213 consuevit
2586 4155 2887 4222 attendere,
2938 4154 3034 4211 sed
3086 4154 3378 4209 voluntatis
3419 4153 3640 4224 largita-

2028 4260 2173 4317 tem;
2218 4260 2274 4305 et
2322 4249 2393 4305 ab
2438 4248 2541 4304 hac
2565 4264 2686 4319 qua:
2716 4263 2878 4319 parva
2922 4257 3050 4303 sunt
3074 4263 3265 4319 magna
3310 4247 3637 4313 redduntur,

2026 4352 2083 4399 et
2107 4354 2299 4411 magna
2339 4354 2485 4409 saepe
2536 4339 2661 4394 vilia
2692 4339 3031 4404 efﬁciuntur,
3085 4339 3301 4410 quando
3343 4355 3450 4393 non
3478 4338 3639 4394 hilari

2029 4444 2212 4500 animo
2248 4459 2369 4515 qua
2416 4443 2553 4498 ﬁunt
2608 4450 2954 4514 peraguntur.
3008 4440 3309 4509 Eapropter
3339 4438 3498 4493 vidua
3550 4437 3642 4492 illa

2031 4536 2363 4608 evangelica,
2387 4534 2573 4590 multis
2612 4534 2780 4588 multa
2832 4532 2886 4588 in
2915 4531 3356 4604 gazophylacium
3383 4530 3648 4586 mittenti-

2033 4632 2155 4694 bus.
2209 4626 2463 4701 proiectis
2510 4627 2725 4683 duobus
2753 4626 2974 4681 minutis
2999 4640 3189 4680 omnes
3212 4624 3339 4679 vicit
3366 4623 3521 4692 (Luc.
3547 4622 3641 4679 ει.

2034 4724 2089 4779 5.
2117 4722 2193 4793 ι),
2225 4736 2333 4778 non
2363 4719 2509 4791 quod
2554 4720 2840 4775 immiserit
2865 4720 3019 4789 plura
3039 4719 3180 4783 aliis,
3210 4718 3307 4773 sed
3336 4716 3482 4787 quod
3510 4716 3646 4772 libe-

2036 4815 2291 4871 raliorem
2339 4813 2671 4868 voluntatem
2721 4811 3042 4867 ostenderit.
3076 4811 3183 4865 Alii
3229 4810 3405 4874 enim,
3454 4809 3646 4879 inquit,

2038 4922 2109 4964 ex
2154 4922 2221 4963 eo
2247 4906 2390 4979 quod
2426 4906 2528 4961 sibi
2573 4906 2883 4961 abundabat
2912 4906 3310 4976 eleemosynam
3333 4903 3651 4975 erogabant,

2040 5000 2141 5055 ista
2167 5007 2347 5054 autem
2408 4998 2590 5053 omnia
2640 5012 2995 5067 quaecumque
3044 4996 3357 5066 possidebat
3407 4994 3649 5051 immisit.

2042 5092 2270 5148 Omnem
2323 5090 2469 5145 enim
2495 5091 2692 5145 victum
2740 5105 2917 5155 suum,
2954 5090 3146 5160 inquit,
3190 5090 3394 5161 injecit.

2110 5184 2457 5255 Elcemosyna
2478 5182 2979 5254 eroganda.-—Ergo
2996 5182 3250 5238 mulieres
3271 5183 3462 5238 saltem
3489 5182 3657 5237 imite-

2047 5294 2168 5334 mur
2188 5276 2311 5344 viri,
2329 5284 2380 5333 et
2396 5291 2500 5331 non
2521 5275 2802 5331 inferiores
2812 5275 2891 5330 eis
2908 5274 3211 5329 videamur:
3234 5275 3329 5330 sed
3348 5275 3661 5330 studeamus

2050 5386 2159 5426 non
2177 5370 2352 5425 solum
2371 5369 2439 5423 ad
2473 5377 2719 5423 nostrum
2746 5382 2903 5422 usum
2930 5383 3147 5422 omnem
3174 5367 3529 5423 substantiam
3560 5382 3663 5420 no-

2050 5472 2217 5517 stram
2248 5459 2583 5529 impendere,
2624 5458 2721 5513 sed
2764 5468 2818 5512 et
2862 5474 3155 5529 egenorum
3182 5473 3435 5529 magnam
3464 5454 3666 5511 habere

2052 5566 2273 5619 curam,
2324 5550 2486 5619 idque
2526 5565 2649 5605 cum
2696 5550 2974 5604 alacritate
3023 5559 3079 5605 et
3114 5549 3407 5606 hilaritate.
3451 5546 3666 5602 Etenim

2055 5643 2288 5714 agricola
2316 5650 2475 5697 terrae
2512 5641 2849 5699 concredens
2875 5641 3103 5709 semina,
3133 5656 3242 5699 non
3282 5640 3385 5697 hoc
3413 5652 3539 5694 cum
3569 5637 3669 5693 tri-

2058 5736 2201 5792 stitia
2228 5734 2373 5803 facit,
2402 5733 2496 5791 sed
2526 5733 2767 5805 gaudens
2815 5742 2871 5789 et
2898 5734 3256 5801 laetabundus,
3293 5741 3349 5789 et
3376 5731 3528 5805 quasi
3555 5729 3669 5802 iam

2062 5844 2158 5902 spe
2181 5827 2485 5901 manipulos
2504 5825 2688 5885 videre
2713 5840 2772 5887 sc
2798 5826 3133 5899 existimans,
3164 5824 3219 5884 in
3249 5833 3392 5885 terra
3415 5817 3670 5881 seminat.
