4178 6328
584 380 695 441 395

587 492 655 550 Et
684 501 761 559 tu,
791 485 1005 555 dilecte,
1039 501 1108 543 ne
1144 484 1317 542 solum
1345 480 1645 553 respexeris
1670 478 1736 535 ad
1762 492 1887 535 eum
1911 475 2002 548 qui
2028 470 2165 529 reci-

586 582 683 651 pit,
712 594 886 650 neque
918 577 985 634 ad
1024 584 1266 646 sumptus
1289 574 1377 645 qui
1425 570 1593 635 fiunt;
1637 568 1731 626 sed
1767 568 1973 641 cogita,
2018 564 2169 621 illum

583 672 800 742 quidem
828 670 917 740 qui
947 684 977 723 a
1007 680 1058 724 te
1082 668 1274 736 accipit
1315 679 1435 721 esse
1457 664 1719 720 visibilem
1740 703 1753 726 ,
1794 661 1957 715 alium
1988 667 2167 713 autem

583 775 706 831 qum
732 762 784 816 in
806 760 953 815 illum
988 759 1138 821 fiunt,
1168 757 1269 813 sibi
1306 756 1443 812 facta
1470 755 1784 817 declarare;
1817 766 1991 823 neque
2017 750 2166 805 illum

584 852 854 919 vulgarem
894 848 1195 920 quempiam
1249 861 1404 913 esse,
1450 846 1544 903 sed
1587 844 1822 900 omnium
1862 842 2163 908 Dominum,

582 940 701 995 caeli
738 951 1000 1008 terraeque
1040 936 1414 1001 Conditorem;
1442 944 1497 990 et
1534 942 1803 1003 sumptum
1833 932 1981 987 illum
2026 930 2168 986 redi-

583 1038 735 1084 tuum
760 1028 938 1084 locum
965 1028 1227 1094 obtinere,
1259 1041 1358 1082 nec
1394 1025 1567 1082 solum
1609 1039 1714 1078 non
1755 1025 1997 1079 minuere
2033 1023 2164 1077 sub-

581 1117 834 1174 stantiam
862 1124 1027 1184 tuam,
1054 1118 1146 1173 sed
1173 1130 1369 1188 augere
1390 1115 1557 1186 magis
1592 1116 1637 1169 si
1680 1129 1805 1170 eum
1829 1113 1935 1170 fide
1962 1124 2016 1170 et
2053 1112 2159 1167 ala-

579 1207 771 1262 critate
813 1205 915 1262 hoc
941 1206 1150 1263 feceris.
1194 1206 1401 1263 Addam
1446 1205 1498 1261 id
1540 1205 1679 1275 quod
1720 1203 2047 1274 prmcipuum
2084 1211 2164 1259 cst

581 1295 817 1352 bunum:
848 1306 1044 1368 praeter
1071 1297 1168 1353 hos
1196 1294 1398 1353 reditus
1424 1306 1481 1352 et
1520 1296 1690 1364 lucra,
1714 1310 1834 1366 qua:
1861 1310 1927 1351 ex
1951 1302 2169 1364 smnptu

584 1395 858 1454 paramur,
892 1394 1104 1455 peccata
1132 1386 1293 1443 etiam
1319 1387 1687 1444 condonantur
1718 1405 1731 1440 :
1758 1385 1842 1441 cui
1871 1386 2011 1440 bono
2038 1383 2171 1456 quid

582 1488 677 1544 par
704 1488 822 1532 esse
848 1477 1077 1547 poterit?
1118 1476 1177 1533 Si
1206 1476 1367 1549 igitur
1389 1476 1637 1533 volumus
1665 1490 1793 1532 vere
1828 1474 2160 1545 locupletari,

579 1573 783 1621 etcum
811 1565 1008 1622 divitiis
1044 1567 1206 1624 etiam
1240 1576 1578 1637 peccatorum
1620 1567 1858 1623 invenire
1896 1564 2162 1622 remissio-

582 1671 727 1722 nem,
767 1658 1100 1715 eï¬‚'undamus
1145 1674 1233 1715 res
1273 1668 1482 1715 nostras
1529 1660 1582 1715 in
1626 1673 1916 1729 egenorum
1952 1671 2162 1722 maniis,

582 1747 966 1816 prmmittamus
991 1760 1082 1803 cas
1112 1748 1167 1804 in
1193 1748 1405 1817 cmlum,
1437 1749 1526 1806 ubi
1555 1764 1730 1821 neque
1757 1749 1856 1815 fur,
1890 1762 2063 1819 neque
2082 1749 2161 1804 la-

582 1844 687 1904 tro,
718 1852 892 1907 neque
920 1838 1179 1907 parietum
1222 1838 1465 1906 effossor,
1507 1852 1681 1908 neque
1721 1836 1909 1893 famuli
1939 1838 2162 1905 malitia,

580 1940 754 1998 neque
780 1926 925 1983 aliud
952 1928 1239 1999 quidquam
1280 1942 1476 1985 nocere
1500 1930 1695 1999 poterit
1719 1928 1918 1983 divitiis
1947 1929 2161 1984 nostris.

580 2015 747 2087 Regio
771 2018 915 2074 enim
943 2017 1031 2074 illa
1069 2018 1318 2074 omnibus
1361 2018 1659 2075 istiusmodi
1686 2018 1896 2074 damnis
1924 2019 2164 2089 superior

578 2116 682 2163 est.
708 2107 935 2163 Tantum
961 2122 1030 2164 ne
1058 2124 1245 2164 vanam
1270 2110 1493 2180 gloriam
1522 2118 1807 2171 sectesnur.
1836 2108 1930 2164 sed
1968 2124 2162 2180 sequa-

578 2212 703 2254 mur
728 2198 874 2269 leges
908 2213 939 2253 a
980 2197 1193 2254 Christo
1237 2199 1477 2267 traditas,
1522 2208 1582 2254 ut
1616 2215 1724 2256 non
1756 2200 1824 2256 ab
1863 2199 2164 2257 hominibus

578 2288 765 2347 laudes
786 2290 1163 2360 pereipiamus,
1186 2289 1282 2346 sed
1302 2306 1330 2345 a
1356 2290 1625 2346 communi
1651 2289 1889 2345 omnium
1918 2290 2160 2356 Domino,

576 2395 648 2437 ne
674 2389 729 2437 et
767 2390 1011 2451 sumptus
1052 2379 1307 2437 faciamus
1332 2422 1348 2444 ,
1395 2390 1451 2436 et
1491 2381 1641 2436 lucro
1681 2380 2053 2435 destituamur.
2096 2379 2165 2434 Ut

574 2469 719 2526 enim
746 2470 814 2525 ab
842 2468 1047 2524 insidiis
1070 2469 1188 2524 aliis
1212 2469 1459 2525 omnibus
1499 2478 1626 2524 tuta:
1662 2476 1785 2524 sunt
1827 2468 2026 2524 divitia:
2068 2482 2166 2537 per

575 2576 763 2617 manus
792 2575 1084 2631 pauperum
1110 2575 1177 2616 co
1207 2562 1496 2628 translate,
1537 2560 1608 2614 ita
1646 2574 1743 2630 per
1773 2574 1961 2615 vanam
1990 2559 2161 2615 solum

576 2650 796 2729 gloriam
835 2648 1222 2717 absumuntur;
1272 2661 1328 2705 ct
1355 2659 1412 2705 ut
1456 2651 1595 2706 tinea
1638 2661 1694 2706 et
1726 2665 1937 2706 vermes
1983 2657 2162 2705 vestes

575 2748 943 2808 corrumpunt,
989 2740 1060 2794 ita
1107 2749 1161 2794 et
1199 2740 1371 2795 inanis
1398 2741 1563 2811 gloria
1602 2740 1811 2796 divitias
1837 2756 1955 2811 qua:
1995 2741 2161 2797 mise-

575 2830 802 2886 ricordia
832 2830 1173 2901 colliguntur.
1202 2830 1422 2896 Idcirco,
1455 2831 1697 2897 obsecro,
1738 2847 1843 2887 non
1871 2832 2042 2887 solum
2076 2831 2157 2885 fa-

574 2922 776 2977 ciamus
799 2922 1186 2993 eleemosynas,
1213 2923 1307 2977 sed
1336 2932 1389 2978 et
1412 2932 1565 2977 caute
1587 2922 1860 2987 faciamus,
1889 2931 1946 2977 ut
1972 2936 2161 2993 magna

577 3012 715 3071 bona
740 3016 1091 3086 percipiamus
1115 3029 1211 3085 pro
1228 3014 1423 3085 parvis,
1464 3024 1519 3070 et
1563 3030 1658 3086 pro
1685 3014 1721 3068 fi
1732 3014 1954 3086 agilibus
1982 3015 2163 3070 incor-

576 3105 866 3175 ruptibilia,
907 3115 961 3161 ct
1008 3121 1108 3177 pro
1153 3106 1528 3176 temporalibus
1569 3114 1791 3173 mterna,
1837 3116 2038 3161 etcum
2079 3104 2163 3160 his

578 3198 826 3254 omnibus
852 3200 1009 3254 etiam
1040 3208 1373 3268 peccatorum
1404 3200 1770 3255 remissionem
1796 3199 2003 3269 assequi
2031 3212 2163 3269 pos-

577 3289 765 3353 simus,
807 3288 1051 3358 bamque
1090 3288 1177 3344 illa
1218 3289 1502 3345 ineffabilia
1550 3307 1566 3349 :
1608 3289 1799 3360 quibus
1836 3305 1935 3345 nos
1973 3305 2163 3346 omnes

576 3376 733 3450 potiri
778 3378 1070 3449 contingat,
1109 3379 1274 3448 gratia
1312 3387 1366 3434 et
1410 3379 1772 3434 misericordia
1816 3379 2024 3435 Domini
2066 3395 2165 3435 no-

575 3469 671 3525 stri
700 3469 828 3525 Jesu
850 3469 1069 3535 Christi,
1096 3469 1181 3525 cui
1210 3484 1336 3525 cum
1377 3468 1534 3526 Patre
1562 3480 1617 3526 ct
1642 3481 1827 3527 sancto
1853 3469 2164 3541 vivificoque

576 3562 775 3635 Spiritu
803 3563 871 3618 sit
890 3563 1075 3633 gloria,
1108 3576 1248 3616 nunc
1274 3568 1326 3617 et
1346 3574 1575 3631 semper,
1608 3570 1662 3617 ct
1689 3563 1740 3615 in
1767 3563 1962 3618 sarcina
1989 3576 2165 3618 saecu-

579 3653 771 3709 lorum.
803 3653 996 3707 Amen.

1123 3780 1396 3835 IIONIILIA
1432 3778 1613 3834 XLIII.

593 3888 838 3948 Venerunt
865 3902 1054 3961 utilem,
1098 3893 1281 3961 inquit,
1328 3892 1430 3945 duo
1464 3892 1633 3961 angeli
1664 3892 1890 3947 Sodoma
1938 3908 2163 3962 vespere.

1183 3982 1334 4050 (Gen.
1368 3983 1454 4038 I9.
1490 3982 1562 4052 I).

650 4132 702 4183 á¼±.
733 4125 1185 4194 Quemadmodum
1202 4122 1444 4175 floridum
1458 4118 1725 4187 quoddam
1742 4126 1955 4184 pratum
1969 4118 2150 4172 varios

581 4232 635 4275 et
662 4218 973 4285 omnigenos
992 4212 1151 4266 ï¬‚ores
1176 4212 1229 4264 in
1257 4224 1315 4264 se
1343 4216 1604 4270 ostentat,
1635 4206 1704 4259 ita
1734 4216 1787 4259 et
1808 4205 1987 4259 divina
2006 4205 2150 4262 Scri-

578 4318 735 4379 ptura
770 4306 1038 4372 iustorum
1074 4301 1299 4353 virtutes
1336 4296 1489 4351 nobis
1518 4296 1849 4349 demonstrat
1880 4311 1893 4347 :
1924 4309 2028 4348 non
2066 4304 2146 4361 ut,

579 4398 717 4451 sicut
745 4395 953 4447 illorum
981 4390 1167 4443 ï¬‚orum
1198 4385 1511 4456 fragrantia,
1538 4398 1703 4452 parvo
1731 4391 1972 4451 tempore
2002 4382 2148 4437 frua-

580 4500 721 4546 mur,
760 4483 853 4537 sed
881 4490 937 4534 ut
964 4486 1275 4548 perpetuam
1326 4475 1448 4529 inde
1489 4472 1771 4528 utilitatem
1800 4472 2145 4541 recipiamus.

581 4574 693 4629 Illic
717 4588 876 4626 manu
911 4579 1111 4623 tantum
1142 4567 1412 4637 carpimus
1440 4565 1622 4629 ï¬‚ores,
1646 4574 1701 4617 et
1734 4563 1979 4632 protinus
2004 4576 2148 4615 mar-

582 4672 856 4720 ecseentcs
871 4676 1021 4716 suam
1044 4660 1270 4728 gratiam
1301 4656 1551 4711 amittunt
1569 4673 1582 4708 :
1598 4654 1685 4709 hic
1708 4664 1883 4708 autem
1903 4669 2010 4708 non
2034 4653 2147 4708 sic:

581 4752 674 4808 sed
698 4751 912 4821 quando
940 4749 1161 4803 auribus
1191 4749 1460 4817 justorum
1490 4745 1717 4799 virtutes
1746 4743 2065 4812 accipimus,
2094 4751 2150 4797 et

577 4859 670 4898 eas
702 4843 754 4896 in
782 4842 903 4897 sinu
940 4840 1139 4894 mentis
1163 4838 1491 4908 reponimus,
1524 4850 1622 4906 per
1650 4849 1809 4894 omne
1840 4842 2073 4903 tempus,
2102 4834 2147 4891 si

577 4936 824 4989 volumus
853 4975 867 4999 ,
922 4948 1103 4989 eorum
1146 4933 1293 4986 suavi
1336 4933 1502 4988 odore
1548 4931 1650 4985 frui
1698 4928 2011 5000 poterimus.
2057 4930 2167 4998 Age

575 5041 726 5095 ergo,
762 5025 884 5093 quia
928 5033 1070 5077 tanta
1110 5032 1415 5078 sanctorum
1447 5024 1498 5077 in
1525 5022 1701 5078 divina
1736 5022 2014 5091 Scriptura
2058 5018 2170 5075 fra-

575 5115 785 5187 grantia
810 5122 911 5181 est,
942 5113 1098 5170 hodie
1128 5113 1245 5167 Leti
1270 5114 1467 5169 bonum
1494 5113 1711 5169 odorem
1738 5114 2088 5185 Inquiramus,
2111 5119 2168 5168 ut

578 5207 806 5262 sciamus
831 5204 1048 5274 liquido,
1076 5205 1278 5273 justum
1308 5203 1449 5259 hunc
1492 5204 1541 5257 in
1584 5212 1787 5259 tantum
1815 5206 2025 5259 virtutis
2052 5204 2167 5273 api-

576 5310 693 5350 cem
726 5304 970 5349 evectum
996 5310 1115 5348 esse
1146 5295 1461 5363 patriarchae
1499 5295 1906 5361 consuetudine,
1946 5311 2065 5365 qum
2092 5294 2166 5348 ef-

574 5386 700 5443 fecit
729 5397 785 5441 ut
820 5389 1041 5457 vestigia
1084 5390 1224 5445 illius
1264 5398 1595 5459 sequeretur,
1626 5400 1680 5443 et
1711 5392 2047 5458 peculiariter
2075 5389 2166 5444 hoc

574 5481 913 5550 spitalitatem
940 5476 1231 5538 exerceret.
1256 5483 1448 5537 Verum
1473 5492 1529 5536 ut
1556 5482 1883 5538 manifestior
1906 5483 1973 5537 sit
1989 5498 2167 5538 sermo

454 5591 461 5594 Ï…
577 5584 773 5637 noster,
799 5589 977 5642 operte
998 5575 1223 5643 pretium
1261 5575 1417 5630 fuerit
1458 5575 1745 5645 Scriptura:
1774 5575 1936 5630 verba
1958 5574 2161 5629 audire.

584 5661 892 5718 IJâ€™mcrtnt
912 5675 1098 5730 autem,
1121 5668 1308 5736 inquit,
1341 5666 1441 5720 duo
1469 5667 1637 5736 angeli
1669 5668 1897 5723 Sodoma
1914 5667 2094 5738 (ÎŸÏ„Î¹ÏÎ¿á½¶
2108 5668 2163 5731 9)

578 5754 789 5828 vesperi.
823 5754 999 5825 Quare
1044 5757 1120 5812 sic
1164 5757 1359 5829 incepit
1398 5766 1452 5817 et
1481 5757 1655 5815 dixit:
1698 5756 1953 5813 Venerunt
1999 5766 2166 5815 autem

1353 368 1416 431 á½ƒ.
1454 363 1730 429 JOANNIS
1766 352 2253 423 CHRYSUSTO)â€œ
2281 347 2599 412 ARCHIEP.
2639 347 3173 409 CONSTANTINOP.

2277 466 2382 525 duo
2407 465 2579 530 annali
2600 463 2826 523 Sodoma
2844 466 3035 535 vesperi
3054 464 3083 521 7
3104 463 3369 534 Quoniam
3385 474 3666 539 postquam
3681 466 3868 527 divae.

2275 556 2377 614 sati
2405 563 2530 612 sunt
2555 554 2694 624 apud
2738 552 3119 625 patriarcham,
3146 560 3205 610 et
3244 553 3369 611 inde
3404 565 3685 627 surgentes
3712 556 3867 615 abie-

2274 659 2430 716 runt;
2471 663 2535 704 ac
2571 647 2809 703 clemens
2843 645 3102 704 Dominus
3125 655 3180 702 et
3203 655 3439 713 curator,
3466 661 3565 717 pro
3588 663 3684 704 sua
3710 648 3866 706 hom-

2275 748 2386 797 tate
2428 742 2480 795 in
2523 739 2753 793 humana
2788 736 2955 809 figura
2994 737 3164 804 visus,
3211 737 3409 794 mansit
3452 739 3596 809 apud
3638 740 3865 810 ÏÎ±Î¹-Î¾Î¹Ï„.

2272 832 2449 893 chum,
2482 830 2704 901 loquens
2726 842 2849 885 cum
2880 845 2966 898 eo,
2997 830 3140 885 sicut
3181 830 3297 885 heri
3324 829 3600 887 audivistis
3631 850 3646 887 :
3679 834 3865 891 volens

2274 936 2371 974 nos
2394 934 2581 976 omnes
2609 918 2806 975 docere
2830 927 2885 975 et
2924 920 3195 991 ingentem
3242 920 3550 990 patientium
3591 927 3769 990 suam,
3804 932 3870 981 et

2272 1009 2586 1080 patriarclm
2608 1010 2906 1077 caritatem,
2924 1010 3098 1082 angeli
3124 1018 3302 1066 autem
3324 1012 3717 1069 contendebant
3736 1021 3863 1070 tunc

2271 1115 2458 1155 versus
2480 1099 2712 1156 Sodoma
2735 1118 2752 1156 :
2781 1114 3004 1157 servans
3026 1100 3301 1172 Scriptura
3328 1113 3488 1157 suum
3506 1101 3754 1159 ordinem
3775 1102 3862 1161 dl-

2270 1191 2343 1246 cit
2364 1192 2555 1247 iterum
2581 1209 2596 1246 :
2635 1188 2884 1246 Venerunt
2909 1199 3078 1245 autem
3101 1192 3204 1246 duo
3216 1191 3405 1264 quaeâ€œ
3427 1191 3659 1249 Sodoma
3684 1207 3855 1263 vespe-

2267 1284 2335 1352 ri,
2360 1280 2552 1338 facturi
2571 1282 2714 1354 quod
2742 1282 3060 1354 imperatum
3088 1291 3225 1338 erat.

2341 1371 2457 1427 Leti
2484 1371 2803 1442 hospitalitas
2830 1371 3234 1427 laudum-Et
3264 1371 3383 1429 vide
3398 1372 3730 1445 diligentiam
3757 1376 3865 1431 ob-

2269 1466 2732 1535 scrvatioucmque
2756 1463 2951 1520 divina:
2989 1464 3301 1535 Scriptura,
3339 1465 3610 1534 quomodo
3648 1474 3875 1535 tempus

2287 1584 2395 1643 quo
2413 1570 2747 1629 advenerunt
2772 1568 2929 1626 nobis
2952 1567 3271 1624 declararit:
3287 1566 3416 1621 dicit
3432 1565 3603 1631 enim,
3626 1563 3859 1635 Vesperi.

2283 1666 2353 1723 Et
2380 1680 2550 1737 quare
2586 1674 2797 1735 tempus
2824 1660 3182 1733 signiï¬cavit?
3208 1667 3263 1716 et
3290 1673 3459 1729 quare
3485 1658 3553 1714 ad
3578 1670 3861 1727 vesperam

2282 1771 2349 1813 eo
2373 1755 2676 1813 venerunt?
2703 1752 2775 1811 Ut
2800 1751 3187 1808 ostenderetur
3206 1749 3363 1805 nobis
3386 1762 3580 1818 magna
3608 1746 3727 1802 Loti
3754 1748 3863 1802 ho-

2280 1843 2565 1915 spitalitas.
2591 1842 2742 1899 Sicut
2759 1843 2903 1897 enim
2927 1839 3233 1910 patriarcha
3254 1838 3450 1895 sedens
3478 1845 3721 1908 tempore
3744 1850 3863 1892 rue-

2280 1933 2455 1998 ridiel,
2476 1931 2799 1988 observabat
2816 1938 3235 2002 praâ€˜tereuntes,
3262 1938 3318 1984 et
3342 1930 3679 1985 venationem
3702 1943 3861 1984 suam

2277 2021 2416 2076 hanc
2453 2020 2693 2075 studiose
2733 2019 3043 2084 exercebat,
3083 2026 3139 2074 et
3180 2020 3501 2075 occurrebat
3544 2033 3611 2075 ac
3660 2032 3862 2091 magno

2275 2108 2472 2180 gaudio
2496 2108 2731 2163 viatores
2763 2108 3095 2178 suscipiebat
3132 2125 3151 2161 Ï„
3192 2106 3363 2162 simili
3389 2107 3550 2162 modo
3590 2116 3646 2163 et
3676 2106 3859 2175 justus

2275 2198 2385 2263 ille,
2410 2198 2666 2269 quoniam
2686 2194 2893 2253 sciebat
2915 2197 3328 2267 perversitatem
3350 2211 3539 2252 eorum
3560 2196 3652 2266 qui
3677 2197 3730 2251 in
3754 2193 3860 2252 So-

2273 2288 2447 2343 domis
2477 2286 2795 2342 habitabant
2819 2300 3000 2355 neque
3017 2287 3228 2356 vesperi
3250 2284 3585 2353 discedebat,
3613 2286 3708 2342 sed
3740 2301 3856 2341 ma-

2271 2380 2457 2443 nebat,
2483 2392 2551 2433 ne
2580 2378 2867 2433 thesaurus
2884 2376 3079 2446 aliquis
3106 2376 3206 2446 ipsi
3227 2374 3551 2441 elaberetur,
3580 2385 3637 2431 et
3668 2386 3726 2430 ut
3753 2374 3854 2431 ho-

2270 2469 2577 2538 spitalitatis
2604 2467 2837 2524 fructum
2874 2468 3165 2537 decerpere
3191 2476 3394 2538 posset.
3424 2465 3564 2523 Vere
3590 2467 3848 2524 admirari

2268 2562 2617 2617 vehementer
2636 2560 2760 2618 licet
2778 2558 2912 2629 justi
2936 2560 3099 2630 huius
3118 2559 3394 2627 virtutem,
3424 2560 3518 2630 qui
3540 2574 3768 2617 versans
3794 2560 3849 2615 in

2266 2654 2446 2711 medio
2473 2665 2580 2710 tam
2607 2656 2890 2725 impiorum
2918 2655 3219 2721 hominum,
3248 2670 3355 2710 non
3392 2653 3563 2711 solum
3589 2670 3701 2711 non
3731 2654 3861 2714 inde

2266 2746 2617 2817 negligentior
2643 2753 2725 2801 est
2760 2747 2951 2811 factus,
2980 2744 3074 2802 sed
3104 2754 3159 2801 et
3190 2745 3451 2817 majorem
3472 2746 3724 2803 virtutem
3748 2763 3862 2818 pra

2265 2852 2325 2891 se
2352 2837 2469 2891 tulit
2503 2853 2517 2890 :
2548 2852 2777 2907 cumque
2819 2852 3026 2905 omnes,
3076 2847 3136 2892 ut
3186 2838 3264 2892 ita
3283 2838 3478 2904 dicam,
3531 2838 3584 2893 in
3620 2854 3859 2911 praeceps

2264 2939 2501 2995 ruerent,
2532 2931 2645 3000 ipse
2670 2930 2816 2984 solus
2842 2931 2892 2983 in
2916 2939 3058 2985 tanta
3082 2914 3418 2987 multitudine
3444 2940 3644 2987 rectam
3670 2934 3861 2989 ambu-

2265 3020 2395 3075 lavit
2413 3021 2573 3074 viam.
2592 3019 2693 3076 Ubi
2720 3035 2861 3076 nunc
2885 3029 3013 3075 sum
3028 3020 3118 3091 qui
3141 3022 3342 3084 dicunt,
3367 3036 3472 3075 non
3498 3036 3655 3091 posse
3673 3037 3865 3092 quem-

2268 3113 2407 3181 piam
2423 3112 2477 3166 in
2499 3110 2670 3167 media
2681 3112 3205 3168 eivitateversantem
3224 3113 3472 3167 virtutem
3498 3126 3743 3170 servare:
3763 3114 3863 3172 sed

2268 3220 2401 3275 opus
2413 3219 2534 3260 esse
2549 3217 2790 3272 secessu,
2800 3214 2854 3260 et
2876 3214 3124 3260 montana
3141 3203 3366 3275 quadam
3385 3204 3710 3262 habitatione
3728 3226 3742 3261 :
3760 3222 3866 3265 neu

2271 3310 2428 3365 posse
2466 3294 2648 3350 domui
2692 3310 2804 3351 sua:
2846 3295 3178 3365 prtefectum,
3215 3305 3269 3351 et
3299 3311 3523 3352 uxorem
3552 3296 3866 3371 habentem,

2268 3396 2322 3441 et
2349 3385 2489 3442 filios
2509 3396 2786 3442 curantem
2806 3401 2870 3442 ac
2890 3385 3138 3452 famulos,
3168 3387 3365 3442 virtute
3392 3388 3671 3457 prmditum
3698 3391 3874 3448 esse?

2267 3475 2494 3532 Videant
2521 3491 2649 3547 ergo
2673 3477 2875 3545 justum
2916 3477 3064 3532 illum
3112 3490 3234 3533 cum
3276 3479 3520 3547 muliere,
3578 3481 3780 3550 pueris,
3805 3490 3868 3539 et

2267 3567 2501 3633 famulis,
2531 3568 2587 3622 in
2614 3568 2828 3624 civitate
2854 3567 3160 3639 degentem,
3196 3576 3356 3640 atque
3377 3570 3516 3625 inter
3544 3578 3649 3626 tam
3693 3570 3870 3629 malos

2268 3674 2331 3714 ac
2362 3660 2552 3729 impios
2573 3668 2976 3717 conversantem
3003 3671 3057 3716 et
3081 3662 3232 3729 quasi
3256 3662 3539 3718 scintillam
3572 3662 3860 3733 quamdam

2271 3752 2324 3807 in
2349 3751 2526 3807 medio
2555 3753 2687 3807 mari
2730 3754 3014 3818 lucentem,
3061 3768 3162 3810 nec
3198 3754 3375 3809 solum
3420 3770 3525 3808 non
3570 3755 3867 3826 exstingui.

2268 3843 2365 3899 sed
2393 3843 2628 3913 quotidie
2668 3844 2839 3900 lucem
2868 3844 3149 3900 clariorem
3176 3845 3440 3900 emittere.
3487 3844 3552 3901 Et
3593 3846 3706 3902 haec
3744 3846 3871 3904 dico

2273 3948 2379 3987 non
2411 3932 2697 4002 prohibens
2724 3948 2997 3991 secessum
3022 3936 3090 3989 ab
3125 3935 3367 4002 urbibus,
3399 3951 3575 4007 neque
3602 3938 3871 3996 interdico

2269 4024 2527 4077 montimn
2555 4033 2608 4078 et
2632 4024 2979 4079 solitudinum
3006 4028 3470 4081 conversationem
3487 4043 3506 4094 ;
3523 4027 3613 4082 sed
3640 4028 3867 4084 ostendo

2276 4114 2476 4170 volenti
2505 4114 2684 4169 sobrie
2710 4128 2871 4182 agere
2902 4122 2958 4168 et
2980 4114 3233 4183 vigilare,
3268 4114 3399 4167 nihil
3431 4115 3556 4169 inde
3591 4114 3860 4170 obstaculi

2276 4219 2414 4259 esse.
2450 4202 2603 4257 Sicut
2631 4202 2791 4272 igitur
2819 4202 3107 4273 negligenti
3133 4216 3197 4257 ac
3232 4203 3424 4271 supino
3467 4203 3601 4257 nihil
3638 4201 3863 4271 prodest

2276 4291 2506 4347 solitudo
2528 4310 2540 4346 :
2564 4306 2738 4359 neque
2759 4292 2902 4345 enim
2924 4292 3075 4347 locus
3101 4306 3197 4347 nos
3216 4293 3418 4347 virtute
3431 4290 3561 4347 facit
3578 4291 3861 4360 praeditos,

2280 4382 2375 4439 sed
2404 4397 2557 4438 mens
2586 4392 2642 4437 et
2674 4396 2861 4438 mores
2891 4401 2903 4437 :
2947 4384 3019 4437 ita
3050 4393 3105 4437 et
3125 4385 3364 4453 prudens
3390 4390 3553 4452 atque
3580 4383 3708 4453 vigil
3746 4398 3859 4439 non

2280 4473 2584 4537 offenditur,
2615 4474 2780 4528 etiam
2806 4474 2859 4527 in
2889 4474 3060 4529 media
3091 4474 3307 4529 civitate
3335 4473 3554 4545 degens.
3591 4471 3854 4541 Quocirca

2278 4562 2491 4627 vellem,
2511 4561 2652 4617 sicut
2676 4561 2891 4617 beatum
2913 4561 3082 4628 illum,
3103 4564 3303 4619 virtute
3324 4572 3645 4633 praestantes
3666 4565 3720 4619 in
3744 4579 3862 4619 me-

2276 4653 2383 4711 diis
2410 4653 2720 4709 civitatibus
2745 4668 2897 4718 esse,
2925 4663 2985 4709 ut
3014 4656 3168 4725 quasi
3202 4655 3525 4712 fermentum
3552 4656 3677 4711 facti
3711 4655 3859 4720 aliis,

2272 4743 2470 4800 multos
2511 4746 2580 4799 ad
2618 4744 2699 4800 sui
2753 4745 3112 4801 imitationem
3141 4748 3441 4803 traherent.
3480 4748 3682 4802 Verum
3726 4748 3857 4815 quia

2272 4834 2611 4892 hocditï¬eile
2658 4838 2869 4892 videtur
2897 4852 3041 4904 esse,
3082 4839 3273 4911 saltem
3315 4839 3443 4895 illud
3472 4840 3702 4895 alterum
3741 4839 3858 4893 list.

2271 4928 2482 4985 Transit
2520 4930 2656 4984 enim
2701 4929 2873 5000 ï¬gura
2921 4932 3105 4984 mundi
3144 4932 3303 5002 Itusz
3331 4931 3385 4998 (Î™
3417 4931 3543 4987 Cor.
3570 4934 3625 4986 7.
3655 4931 3770 5001 5i),
3801 4941 3857 4985 et

2270 5022 2449 5078 brevis
2490 5030 2577 5075 est
2613 5022 2723 5075 vita
2761 5036 2997 5089 prtesens
3035 5037 3049 5075 :
3081 5031 3135 5077 et
3174 5023 3274 5078 nisi
3306 5038 3465 5085 nunc.
3506 5038 3640 5081 cum.
3674 5023 3857 5079 adhuc

2270 5115 2321 5169 iu
2347 5113 2521 5169 stadio
2535 5128 2744 5180 sumus,
2767 5113 2979 5169 labores
3002 5115 3266 5170 virtutum
3288 5116 3682 5187 aggrediamur,
3698 5123 3752 5170 et
3774 5114 3855 5171 Ia-

2269 5218 2437 5273 queos
2476 5202 2693 5258 malitiae
2716 5202 3053 5275 effugiamus,
3082 5215 3271 5275 postea
3302 5206 3357 5260 in
3385 5221 3588 5260 vanum
3611 5214 3857 5261 nosmet-

2270 5292 2412 5363 ipsos
2440 5294 2895 5362 reprehendemus
2913 5337 2927 5360 ,
2956 5299 3170 5365 quando
3213 5296 3356 5351 nulla
3381 5298 3487 5352 erit
3512 5297 3853 5366 ptenitentim

2272 5384 2499 5439 utilitas.
2541 5383 2673 5437 Nam
2690 5380 2924 5455 quandiu
2951 5387 3003 5440 in
3027 5387 3277 5456 praesenti
3293 5387 3399 5441 vita
3421 5385 3701 5449 fuerimus,
3720 5400 3855 5454 poe-

2267 5485 2392 5529 sunt
2435 5474 2557 5529 inde
2606 5476 2927 5543 pmuitentes
2977 5476 3185 5533 lucrum
3233 5479 3499 5548 accipere,
3544 5486 3599 5532 et
3646 5476 3852 5535 ablatis

2269 5566 2537 5634 prioribus
2581 5569 2814 5633 peccatis
2854 5568 3280 5624 misericordiam
3328 5568 3539 5624 Domini
3576 5569 3792 5639 assequi
3827 5586 3845 5625 :

2267 5658 2408 5727 quod
2450 5648 2494 5712 si
2532 5658 2953 5726 praeterierimus
2990 5668 3200 5730 tempus
3230 5674 3487 5731 praesens,
3519 5669 3851 5731 repenteun

2270 5749 2475 5822 abrepti
2498 5748 2757 5808 fuerimus
2780 5768 2792 5807 :
2821 5751 3143 5825 pteuiteutia
3166 5752 3383 5828 quidem
3411 5762 3537 5811 tunc
3565 5754 3847 5821 docemur.
