4178 6328
222 440 319 501 337

225 555 420 613 nullam
448 561 630 608 autem
661 547 945 605 utilitatem
975 541 1100 597 inde
1131 539 1428 611 capiemus.
1468 531 1623 601 Quod
1664 537 1720 584 ut
1751 525 1833 582 di-

225 664 361 713 scas,
396 646 523 701 audi
549 645 865 714 prophetam
891 638 1161 693 dicentem
1183 653 1195 686 :
1226 632 1289 685 In
1316 630 1516 698 inferno
1539 633 1705 678 autem
1721 620 1834 690 quis

229 739 544 807 confitebitur
562 738 651 791 tibi
677 734 698 808 (
728 733 872 788 Psal.
901 731 956 786 6.
983 729 1054 800 6)
1084 729 1107 782 'l
1154 735 1209 781 et
1252 726 1442 778 iterum
1479 740 1492 774 :
1527 717 1708 808 Frater
1731 729 1832 808 non

225 803 446 893 redi-tit,
473 803 854 880 redimet-homo
875 820 1046 892 (Psal.
1069 817 1159 872 ts.
1175 812 1492 885 8)?Nullus,
1518 806 1707 877 inquit,
1733 817 1780 854 ιτ
1795 803 1834 855 u

222 921 328 976 illic
358 917 671 990 postea,qui
687 916 879 984 eripiat
905 927 1028 967 eum
1055 924 1215 979 quem
1243 920 1336 959 sua
1356 900 1559 958 desidia
1590 894 1834 990 prodide-

220 988 490 1081 rit,neque
511 1010 554 1063 si
579 1008 741 1063 frater
766 1003 941 1070 fuerit,
976 1017 1145 1072 neque
1168 999 1214 1054 si
1242 1005 1410 1067 pater,
1444 1005 1620 1061 neque
1648 988 1693 1081 si
1721 1002 1834 1081 nia-

221 1114 318 1158 ter.
351 1078 421 1156 Et
443 1100 571 1171 quid
593 1099 737 1163 dico,
757 1097 942 1161 frater,
965 1101 1136 1164 pater,
1170 1098 1223 1145 et
1246 1097 1417 1143 mater
1436 1087 1459 1138 ’ἔ
1478 1083 1662 1152 Neque
1679 1078 1828 1148 justi,

221 1192 414 1264 quibus
446 1199 590 1245 tanta
635 1189 774 1261 apud
809 1188 974 1241 Deum
1016 1183 1214 1238 ﬁducia
1255 1187 1355 1245 est,
1390 1183 1640 1247 poterunt.
1678 1171 1832 1264 nobis

224 1294 348 1338 tunc
374 1282 580 1352 aliquid
613 1280 890 1353 prodesse,
931 1277 976 1331 si
1011 1289 1154 1330 nunc
1183 1271 1398 1327 desides
1428 1268 1702 1323 fuerimus.
1737 1263 1828 1316 Di-

221 1378 291 1430 cit
315 1376 461 1430 enim
489 1393 501 1427 :
529 1374 589 1428 Si
601 1372 842 1427 steterint
889 1368 1004 1424 Noe
1035 1377 1080 1424 et
1101 1365 1207 1432 Job
1235 1373 1281 1417 et
1308 1360 1514 1423 Daniel,
1548 1359 1682 1426 ﬁlios
1710 1371 1830 1408 suos

221 1477 267 1520 et
290 1468 430 1531 filias
456 1482 556 1519 non
584 1466 796 1535 eripient
819 1461 1031 1534 (Ezech.
1052 1461 1140 1514 Η.
1167 1456 1285 1524 Ωθ).
1320 1455 1387 1509 Et
1411 1453 1533 1506 vide
1564 1449 1826 1502 minarum

230 1561 572 1629 gravitatem,
603 1557 898 1627 qualesque
939 1554 1112 1623 justos
1153 1552 1207 1605 in
1249 1546 1481 1603 medium
1523 1540 1825 1598 adduxerit.

189 1671 194 1677 ⁴
221 1653 484 1718 Quoniam
525 1650 600 1703 illi
629 1651 742 1704 suis
765 1645 1094 1715 temporibus
1119 1642 1280 1697 etlam
1308 1639 1424 1692 aliis
1450 1635 1636 1692 salutis
1667 1645 1828 1686 causa

219 1743 436 1798 fuerunt
464 1759 476 1794 :
506 1741 619 1798 Noe
645 1741 812 1804 enim,
842 1754 965 1793 cum
1009 1733 1262 1789 terribilis
1292 1731 1377 1784 illa
1410 1727 1592 1782 diluvii
1626 1734 1830 1792 tempe-

219 1844 330 1888 stas
358 1844 556 1888 terram
583 1839 916 1901 occupasset,
945 1839 999 1883 et
1029 1841 1275 1884 uxorem,
1301 1832 1353 1878 et
1386 1823 1522 1875 ﬁlios
1553 1817 1783 1874 servavit
1811 1833 1824 1867 :

219 1935 274 1980 et
291 1925 394 1980 Job
420 1925 668 1979 similiter
690 1923 808 1976 aliis
839 1921 1026 1974 salutis
1047 1927 1232 1971 auctor
1254 1915 1348 1969 fuit
1373 1932 1385 1966 :
1413 1911 1596 1966 Daniel
1616 1923 1829 1980 quoque

220 2015 416 2070 multos
462 2015 656 2085 eripuit
699 2028 730 2066 a
763 2020 955 2074 morte,
997 2008 1211 2078 quando
1243 2005 1500 2061 barbarus
1534 2003 1620 2056 ille
1651 1999 1828 2069 inqui-

219 2105 376 2162 rehat
420 2121 541 2176 quae
589 2118 750 2173 supra
798 2104 1085 2173 humanam
1131 2108 1254 2152 sunt
1303 2105 1546 2150 naturam
1575 2134 1590 2159 ,
1639 2100 1692 2146 ct
1743 2091 1826 2145 in-

221 2200 477 2254 terimere
511 2198 726 2252 volebat
760 2194 1046 2251 Chaldzeos
1071 2235 1084 2258 ,
1131 2202 1183 2248 et
1230 2190 1408 2260 Magos
1456 2197 1615 2258 atque
1654 2184 1825 2240 Gaza-

220 2304 406 2343 renos.

291 2380 348 2433 2.
371 2378 436 2432 In
463 2384 634 2451 futuro
663 2377 849 2432 saeculo
868 2374 1207 2444 unusquisque
1231 2387 1322 2441 pro
1352 2367 1830 2439 sejudicabitur.—

221 2471 288 2526 Et
317 2486 386 2525 ne
415 2479 658 2539 putemus
689 2468 743 2521 in
776 2466 954 2521 futuro
980 2464 1177 2520 sarculo
1208 2461 1321 2516 fore
1364 2460 1506 2522 talia,
1538 2469 1587 2513 et
1615 2472 1708 2512 eos
1739 2457 1826 2525 qui

221 2563 419 2616 virtute
440 2559 648 2630 przrditi
670 2566 813 2621 sunt,
833 2567 885 2611 et
909 2555 1152 2609 ﬁduciam
1177 2553 1374 2606 habent
1392 2553 1441 2604 in
1465 2551 1650 2612 Deum,
1672 2550 1824 2612 alios,

217 2655 313 2724 qui
341 2655 430 2709 hic
450 2652 781 2724 negligenter
799 2651 1065 2714 vixerunt,
1092 2648 1422 2703 necessarios
1450 2660 1576 2699 suos
1599 2645 1856 2698 liberare'

219 2747 332 2802 illic
356 2761 385 2800 a
417 2744 676 2814 supplicio
704 2758 864 2813 posse
887 2760 900 2795 :
929 2751 1209 2811 propterea
1240 2739 1458 2793 adduxit
1478 2736 1632 2791 nobis
1654 2735 1828 2804 justos

217 2838 367 2902 illos,
403 2848 664 2892 terrorem
696 2835 851 2889 nobis
895 2834 1148 2896 inferens,
1180 2839 1234 2886 et
1275 2831 1475 2884 docens
1519 2828 1569 2881 in
1596 2825 1828 2896 proiiriis

219 2929 379 2984 bonis
404 2927 660 2997 operibus
687 2941 809 2981 cum
839 2939 1070 2995 superna
1108 2922 1278 2992 gratia
1310 2935 1460 2989 spem
1495 2918 1684 2972 salutis
1727 2930 1826 2969 no-

225 3031 347 3075 sti-tr
367 3019 689 3082 habendam,
713 3026 767 3071 ct
787 3032 891 3070 non
916 3018 969 3069 in
990 3013 1386 3084 progenitor-um
1408 3008 1712 3071 virtutibus,
1738 3021 1831 3061 ne-

218 3127 327 3180 que
359 3111 411 3163 in
439 3109 544 3163 alio
570 3109 820 3178 qu0piam
845 3103 1284 3176 superbiendum,
1308 3101 1392 3155 vel
1424 3098 1824 3162 conﬁdendum,

220 3200 270 3254 si
302 3216 399 3254 nos
427 3200 479 3252 in
511 3199 751 3268 peccatis
775 3211 897 3252 esse
925 3211 1031 3250 non
1063 3194 1381 3257 desinimus,
1416 3189 1511 3246 sed
1541 3190 1640 3243 hoc
1663 3203 1827 3242 unum

218 3288 544 3354 curandum,
580 3297 636 3343 ut
666 3289 710 3343 si
753 3294 1002 3358 parentes
1032 3283 1376 3339 habuerimus
1406 3282 1604 3337 virtute
1629 3282 1826 3342 claros,

218 3382 498 3437 imitemur
517 3397 704 3437 eorum
729 3381 1017 3436 virtutem:
1048 3387 1104 3434 et
1129 3378 1174 3432 si
1199 3392 1230 3433 e
1261 3378 1474 3432 diverso
1504 3375 1735 3440 accidat,
1775 3385 1828 3428 et

216 3490 288 3530 ex
318 3474 574 3542 improbis
605 3474 773 3528 simus
804 3470 1147 3540 parentibus,
1183 3483 1289 3522 non
1323 3466 1621 3536 putandum
1670 3465 1825 3519 nobis

215 3563 424 3634 aliquid
477 3562 723 3617 accidere
769 3560 1096 3623 nocumenti,
1141 3557 1436 3614 dummodo
1480 3570 1829 3612 exerceamur

214 3654 292 3708 ad
336 3655 592 3707 virtutum
636 3653 882 3707 labores:
921 3652 1124 3706 nullum
1167 3652 1308 3704 enim
1368 3649 1492 3704 hinc
1538 3648 1693 3704 nobis
1730 3648 1829 3702 da-

217 3761 410 3800 mnum
436 3744 558 3799 erit.
578 3738 709 3797 Nam
735 3742 1095 3812 unusquisque
1109 3757 1206 3811 per
1227 3756 1286 3794 ca
1308 3742 1388 3795 vel
1414 3749 1720 3802 coronatur,
1743 3738 1829 3794 vel

215 3838 640 3902 condemnatur,
694 3851 814 3906 qum
867 3837 980 3904 ipse
1019 3835 1207 3905 gessit,
1265 3832 1721 3903 quemadmodum
1776 3839 1830 3884 et

217 3925 415 3984 beatus
453 3928 648 3981 Paulus
676 3928 882 3996 inqttit:
920 3925 988 3980 Ut
1014 3934 1232 3994 reportet
1263 3924 1605 3992 unusquisque
1630 3939 1687 3975 ea
1716 3937 1830 3992 qua:

218 4036 319 4090 per
348 4036 535 4088 corpus
574 4020 724 4086 ﬁunt,
763 4019 917 4086 juxta
943 4017 997 4070 id
1027 4018 1161 4086 quod
1186 4016 1325 4088 fecit,
1358 4016 1462 4069 sive
1487 4013 1694 4076 bonum,
1728 4015 1830 4067 sive

218 4109 646 4178 ιιιΙιηι(2.ϐοτ.
675 4109 860 4179 5.10);
892 4116 946 4162 et
971 4109 1161 4162 iterum
1187 4125 1200 4159 :
1239 4107 1337 4173 Qui
1363 4105 1536 4159 reddet
1563 4106 1827 4168 unicuique

207 4206 372 4276 juxta
395 4220 552 4273 apem
579 4221 671 4257 sua
694 4202 712 4274 (
738 4201 889 4256 Rom.
916 4201 969 4255 2.
1001 4199 1096 4272 6).
1129 4200 1260 4266 Qua:
1293 4199 1472 4254 omnia
1523 4213 1645 4252 cum
1684 4198 1826 4252 scia-

217 4312 366 4363 mus,
413 4310 638 4351 excussa
693 4295 841 4350 omni
891 4294 1233 4364 negligentia,
1285 4291 1497 4346 virtutis
1537 4291 1825 4344 maximam

213 4389 522 4446 habeamus
559 4389 838 4442 rationem.
871 4387 936 4440 Et
973 4401 1094 4440 cum
1128 4385 1300 4439 adhuc
1330 4385 1382 4437 in
1415 4383 1588 4438 stadio
1617 4396 1821 4447 sumus,

213 4490 276 4538 et
303 4478 542 4536 certandi
575 4487 785 4547 tempus
807 4487 910 4544 est,
940 4476 1248 4546 priusquam
1276 4474 1602 4529 dissolvatur
1624 4482 1826 4542 specta-

216 4573 424 4635 culum,
476 4571 692 4625 solliciti
719 4572 887 4625 simus
927 4570 996 4625 de
1036 4579 1219 4624 nostra
1261 4568 1452 4634 salute,
1493 4576 1549 4620 ut
1585 4567 1635 4619 in
1675 4565 1824 4620 brevi

219 4661 322 4718 i'lo
352 4673 592 4731 tempore
620 4662 849 4715 virtutes
874 4660 1196 4723 exercendo,
1241 4660 1293 4712 in
1335 4659 1533 4712 saeculo
1563 4667 1825 4726 perpetuo

210 4755 436 4810 illarum
487 4754 766 4808 mercedes
810 4753 1174 4821 recipiamus:
1227 4752 1362 4807 sicut
1403 4762 1459 4804 et
1500 4750 1675 4818 justus
1714 4751 1822 4814 ille,

211 4847 313 4903 nni
356 4847 409 4899 in
457 4845 636 4899 medio
679 4852 757 4896 tot
793 4844 1055 4897 malorum
1101 4842 1366 4903 habitans,
1400 4852 1453 4896 et
1490 4843 1690 4895 nullum
1726 4842 1820 4894 ha~

209 4938 358 4993 bens
385 4938 476 5006 qui
502 4950 654 4988 suam
681 4934 977 4989 imitaretur
1006 4935 1274 4996 virtutem,
1298 4933 1389 4988 sed
1420 4934 1607 4987 videns
1636 4948 1823 4986 omnes

210 5029 246 5081 it
268 5027 513 5082 ridentes
538 5024 1007 5080 et'subsannantcs
1033 5066 1047 5089 ,
1078 5040 1182 5079 non
1214 5027 1385 5078 solum
1416 5040 1519 5078 non
1551 5023 1718 5077 factus
1744 5035 1825 5077 est

214 5120 463 5189 segnior,
511 5131 696 5171 verum
744 5124 888 5170 tanta
935 5117 1129 5169 \‘irttttc
1161 5116 1399 5176 emicuit,
1440 5124 1496 5167 ut
1525 5124 1578 5169 et
1605 5115 1823 5182 angelos

209 5211 497 5281 suscipere
521 5211 776 5266 meruerit
804 5217 995 5278 :atque
1022 5224 1142 5262 cum
1173 5208 1246 5262 illi
1279 5208 1434 5261 simul
1469 5222 1656 5260 omnes
1691 5221 1818 5275 per-

210 5306 223 5354 i
262 5311 398 5367 ent,
438 5301 582 5355 solus
624 5300 737 5368 ipse
764 5313 886 5352 cum
915 5297 1122 5352 ﬁliabus
1174 5298 1420 5368 effugerit
1451 5313 1663 5369 poenam
1706 5314 1823 5366 quzr.

212 5396 330 5448 illis
377 5391 520 5445 illata
562 5399 664 5445 est.
699 5389 961 5443 Cmtcrum
998 5391 1062 5443 a.l
1102 5390 1295 5444 seriem
1339 5395 1602 5451 sermonis
1631 5391 1822 5450 redea-

214 5498 365 5538 mus.
406 5480 658 5536 Venerunt
699 5491 868 5536 autem
920 5482 1020 5535 duo
1047 5483 1212 5551 angeli
1257 5483 1308 5536 in
1349 5482 1574 5537 Sodoma
1610 5486 1819 5550 t'cSperi.

209 5576 356 5630 Justi
387 5573 543 5641 hujus
565 5573 916 5627 excellentem
945 5574 1198 5628 virtutem
1233 5585 1436 5643 tempus
1485 5575 1585 5628 hoc
1614 5578 1821 5643 potiss-

213 5683 366 5721 tntnn
417 5666 637 5731 indicat,
670 5665 792 5733 quia
834 5672 888 5717 et
928 5666 1206 5733 ingruente
1247 5682 1468 5735 vespera
1510 5667 1821 5734 permansit,

209 5775 262 5815 et
315 5774 423 5813 non
473 5757 694 5812 destitit.
736 5755 868 5810 Nam
905 5761 1025 5828 quia
1059 5759 1257 5812 sciebat
1287 5761 1488 5817 lucrum
1522 5762 1658 5829 quod
1704 5763 1822 5814 inde

215 5850 562 5914 nascebatur,
592 5847 712 5902 itif?!)
736 5850 897 5902 lIItSt‘t‘
926 5853 1135 5908 diviti-is
1168 5859 1374 5925 assequi
1403 5860 1638 5927 cupiens,
1670 5856 1818 5911 valde

1276 423 1341 479 ΙΝ
1369 419 1527 478 CAP.
1567 412 1714 472 XIX.
1755 409 2001 470 GENES.
2045 407 2280 464 llOMlL.
2315 405 2499 463 XLI".

1947 522 2168 580 sedulus
2217 532 2354 586 erat,
2396 530 2452 576 et
2496 532 2670 590 neque
2715 517 2803 573 die
2849 516 3070 587 impleto
3109 515 3438 572 discedebat.
3475 514 3548 573 Ita

1943 616 2087 672 enim
2128 631 2188 671 se
2228 614 2390 670 habet
2438 615 2615 667 anima
2665 610 2870 666 fervida
2909 621 2964 665 ct
3007 609 3252 678 vigilans,
3292 619 3349 663 ut
3388 607 3549 664 nullis

1943 707 2343 777 impedimentis
2393 704 2772 776 prmpediatur,
2817 704 3104 771 quominus
3135 717 3286 759 suam
3313 701 3546 758 declaret

1941 801 2193 856 virtutem
2229 819 2241 854 :
2273 799 2399 869 quin
2439 807 2495 853 et
2539 798 2727 852 istlnrc
2766 796 2880 866 ipsa
2910 812 3029 865 qua:
3063 795 3349 864 prohibent
3374 794 3545 849 maxio

1943 907 2051 956 me,
2084 893 2253 961 magis
2281 891 2526 955 incitant,
2557 900 2612 943 et
2639 903 2897 956 majorem
2927 886 3235 954 cupiditatis
3276 884 3551 941 flammant

1940 982 2260 1036 accendunt.
2299 980 2366 1034 Ut
2410 989 2576 1034 aulem
2618 979 2772 1043 vidit,
2805 978 3010 1045 inquit,
3057 974 3192 1040 Lat,
3234 975 3453 1028 surrexit
3494 976 3550 1030 in

1942 1090 2208 1128 occursum
2236 1075 2358 1127 illis.
2395 1073 2628 1127 Audiant
2658 1071 2691 1125 ii
2714 1071 2803 1140 qui
2835 1070 3070 1124 advenas
3097 1078 3317 1122 orantes
3342 1075 3397 1121 et
3422 1080 3543 1137 sup-

1941 1165 2232 1234 plicantes,
2270 1178 2331 1217 ac
2356 1162 2549 1218 sedulo
2588 1177 2647 1215 se
2683 1175 2864 1215 coram
2898 1160 2976 1212 eis
3007 1157 3350 1212 demittentcs
3371 1153 3546 1212 multa

1939 1255 2330 1311 inhumanitate
2380 1264 2698 1308 aversantur
2754 1261 2808 1305 et
2863 1249 3151 1318 repellunt.
3216 1247 3351 1301 Vide
3401 1247 3547 1302 enim

1939 1346 2211 1416 quomodo
2235 1347 2410 1413 justus
2441 1344 2530 1399 ille
2560 1359 2665 1397 non
2692 1342 3024 1410 exspectavit
3053 1341 3228 1394 donec
3254 1339 3318 1393 ad
3351 1355 3411 1394 se
3451 1354 3550 1395 voc

1941 1438 2136 1502 nirent,
2166 1436 2261 1492 sed
2292 1437 2428 1490 sicut
2455 1436 2790 1504 patriarcha,
2823 1434 3075 1503 ignorans
3126 1433 3214 1502 qui
3243 1440 3427 1487 essent
3451 1431 3545 1487 ho-

1939 1529 2124 1596 Spites,
2157 1537 2212 1582 et
2239 1528 2518 1596 suSpicans
2546 1527 2780 1580 viatores
2810 1525 3066 1595 quosdam
3101 1539 3242 1589 esse,
3269 1524 3416 1594 quasi
3437 1538 3548 1593 prie

1934 1621 2131 1689 gaulio
2175 1619 2421 1684 saltabat,
2459 1620 2577 1688 quia
2610 1629 2929 1688 assequutns
2958 1626 3073 1672 erat
3100 1619 3377 1686 qua-sitam
3411 1632 3549 1687 prae-

1936 1709 2080 1775 dam,
2127 1722 2311 1765 etnon
2354 1711 2633 1766 aberrarat
2673 1710 2740 1763 ab
2771 1726 2836 1764 eo
2864 1710 3004 1778 quod
3037 1709 3303 1778 cupiebat.
3347 1708 3414 1764 Ut
3453 1725 3550 1764 au-

1936 1811 2033 1854 tem
2059 1802 2201 1865 uidit,
2245 1802 2438 1871 inquit,
2480 1803 2697 1856 surrexit
2741 1805 2795 1854 in
2836 1817 3097 1854 occursum
3125 1801 3249 1866 illis,
3282 1810 3327 1854 et
3354 1801 3544 1854 adora-

1937 1894 2019 1949 bat
2068 1893 2198 1963 [acie
2243 1909 2398 1964 super
2434 1903 2639 1946 terram.
2682 1891 2893 1946 Gratias
2932 1893 3038 1960 egit
3088 1892 3221 1954 Deo,
3275 1891 3417 1960 quod
3464 1890 3547 1946 di-

1935 1992 2127 2054 gnatus
2169 1995 2314 2040 esset
2348 2001 2471 2039 enm
2503 1987 2945 2054 prastereuntium
2968 1986 3332 2052 susceptione.
3357 1985 3548 2038 Anim-

1933 2077 2159 2131 adverte
2207 2077 2344 2133 illius
2390 2079 2583 2132 anima:
2627 2079 2903 2131 virtutem.
2947 2077 3196 2146 Magnum
3243 2076 3335 2131 Dei
3372 2077 3544 2132 bene-

1937 2169 2112 2224 ficium
2141 2170 2501 2226 arbitrabatur
2530 2171 2783 2225 incidisse
2833 2171 2886 2224 in
2931 2170 3030 2224 hos
3059 2171 3204 2225 viros
3225 2211 3239 2234 ,
3273 2178 3332 2224 ut
3359 2185 3545 2225 susce-

1936 2259 2041 2329 ptis
2068 2260 2172 2314 illis
2206 2275 2359 2322 snum
2385 2261 2668 2331 perﬁceret
2688 2261 3039 2317 desiderium.
3071 2260 3190 2315 Jam
3223 2275 3291 2314 ne
3318 2259 3542 2325 dixeris,

1936 2353 2081 2422 ipsos
2123 2355 2348 2424 angelos
2393 2354 2589 2410 fuisse:
2635 2355 2732 2410 sed
2778 2355 2880 2409 hoc
2919 2356 3098 2424 potius
3127 2363 3301 2408 tecum
3330 2363 3544 2423 reputa,

1930 2445 2135 2513 justum
2184 2447 2332 2502 illum
2365 2446 2602 2500 nondum
2648 2447 2752 2501 hoc
2793 2447 3037 2511 scivisse,
3067 2445 3162 2500 sed
3186 2445 3338 2515 quasi
3366 2446 3546 2499 homi-

1936 2552 2032 2590 nes
2059 2536 2348 2607 ignotoset
2376 2546 2767 2607 praetereuntes
2803 2537 3125 2606 suscipiens,
3169 2537 3240 2591 ita
3287 2536 3544 2591 affectum

1935 2627 2121 2683 fuisse.
2168 2629 2223 2684 9..
2254 2629 2325 2683 Et
2360 2630 2532 2684 dixit:
2563 2626 2717 2697 Ecce,
2746 2627 2960 2695 domini,
2993 2628 3218 2681 divertite
3249 2627 3305 2681 in
3336 2627 3546 2681 domum

1935 2720 2080 2788 pueri
2118 2721 2296 2786 vestri,
2332 2730 2380 2774 et
2423 2731 2638 2786 manete,
2689 2720 2946 2792 quiescile,
2981 2732 3026 2773 et
3067 2719 3232 2772 lavate
3267 2718 3417 2788 pedes
3459 2733 3545 2772 ro-

1933 2820 2085 2873 stros,
2116 2820 2162 2862 et
2196 2809 2422 2864 diluculo
2452 2817 2590 2882 facto
2619 2810 3015 2880 proﬁciscemini
3049 2810 3101 2864 in
3132 2810 3267 2862 viam
3302 2821 3543 2863 vestram.

1938 2902 2224 2958 Sufﬁciunt
2271 2904 2388 2958 hate
2430 2905 2591 2959 verba
2625 2904 2692 2958 ad
2737 2903 3097 2974 detegendam
3139 2903 3394 2956 virtutem
3422 2916 3547 2970 qua

1936 2993 1988 3047 in
2016 3005 2232 3062 pectore
2253 2995 2382 3064 justi
2415 2996 2628 3050 latebat.
2658 2995 2729 3049 Et
2748 2994 2873 3065 quid
2905 2995 3099 3049 mirum
3122 2995 3166 3049 si
3196 2994 3318 3063 quis
3350 2992 3546 3048 obstu-

1935 3093 2121 3153 pescat
2157 3086 2417 3140 eximiam
2465 3087 2845 3152 humilitatem,
2893 3101 2956 3140 ac
2997 3086 3268 3141 fervorem
3300 3101 3459 3155 quem
3490 3085 3546 3142 iu

1937 3175 2306 3244 hospitalitate
2333 3176 2643 3230 declarabat
2669 3177 2692 3228 Ἰ
2723 3176 2872 3238 Ecce,
2904 3176 3097 3245 inquit,
3131 3174 3344 3241 domini,
3376 3176 3548 3231 diver-

1934 3267 2023 3318 tite
2048 3266 2102 3318 in
2138 3267 2345 3319 domum
2372 3267 2513 3336 pueri
2539 3267 2707 3320 vestri.
2739 3267 2804 3320 Et
2833 3266 2951 3332 illos
2978 3264 3228 3319 dominos
3260 3273 3437 3331 vocat,
3480 3279 3547 3322 ac

1935 3356 2172 3423 seipsum
2223 3357 2435 3411 illorum
2478 3373 2693 3423 servum
2721 3356 2978 3425 appellat.
3012 3356 3313 3410 Audiamus
3339 3363 3548 3414 attente

1935 3446 2051 3501 haec
2079 3448 2260 3512 verba,
2300 3449 2658 3514 dilectissimi,
2692 3458 2748 3504 et
2791 3449 2989 3502 similia
3034 3463 3135 3504 nos
3161 3463 3375 3519 quoque
3403 3465 3546 3520 prae-

1935 3547 2079 3594 stare
2107 3540 2400 3594 discamus.
2423 3541 2514 3594 Vir
2543 3541 2833 3611 gloriosus,
2859 3542 3075 3605 nobilis,
3106 3553 3211 3597 tam
3238 3543 3544 3610 abundans,

1939 3639 2118 3686 tantus
2165 3633 2577 3702 paterfamilias,
2632 3635 2890 3700 viatores,
2935 3633 3196 3705 hospites,
3225 3635 3457 3706 ignotos,
3487 3645 3549 3691 ut

1935 3724 2285 3793 apparebant,
2326 3726 2482 3789 viles,
2516 3733 2928 3794 prxtereuntes,
2962 3725 3201 3793 nihilque
3233 3725 3302 3780 ad
3331 3740 3390 3781 se
3415 3727 3545 3781 atti-

1937 3825 2147 3879 nentes,
2187 3816 2437 3870 dominos
2475 3816 2737 3880 nominat,
2776 3824 2831 3870 et
2864 3816 3037 3884 inquit
3065 3834 3078 3870 :
3107 3814 3355 3870 Divertile
3379 3816 3432 3870 in
3451 3816 3547 3869 do.

1935 3926 2073 3962 mum
2106 3911 2246 3978 pueri
2286 3910 2454 3974 vestri,
2498 3918 2543 3961 et
2570 3909 2829 3977 quiescite.
2861 3908 3094 3977 Vespera
3137 3909 3304 3972 enim,
3347 3909 3541 3976 iquit,

1936 4001 2154 4072 ingruit.
2190 4000 2393 4056 Morem
2427 3999 2560 4054 mihi
2591 4000 2784 4069 gerite,
2829 4008 2884 4054 et
2925 3999 3296 4054 lassitudinem
3321 3997 3428 4053 diei
3456 4011 3545 4052 so-

1937 4094 2119 4149 lamini
2150 4095 2202 4148 in
2230 4093 2451 4148 domum
2492 4093 2634 4147 servi
2675 4092 2838 4147 vestri
2879 4092 3235 4147 divertentes.
3274 4090 3544 4162 Numquid

1933 4202 2187 4256 magnum
2219 4185 2374 4240 vobis
2405 4185 2704 4256 promitto?
2731 4183 2922 4237 Lavate
2958 4183 3110 4254 pedes
3133 4191 3323 4237 vestros
3351 4182 3547 4239 itinere

1935 4278 2092 4347 longo
2134 4277 2404 4347 fatigatos,
2448 4287 2498 4333 et
2540 4277 2764 4330 diluculo
2797 4277 3014 4346 pergetis
3046 4276 3099 4328 in
3136 4276 3268 4330 viam
3303 4284 3540 4329 vestram.

1937 4369 2084 4423 Hanc
2113 4370 2336 4440 gratiam
2378 4369 2577 4422 donate
2625 4368 2778 4432 mihi,
2811 4375 2867 4420 et
2907 4367 3224 4435 petitionem
3269 4380 3444 4420 meam
3476 4381 3543 4423 ne

1938 4461 2288 4516 frustremini.
2321 4459 2387 4514 Et
2416 4460 2677 4525 dixerunt,
2712 4457 2906 4528 inquit,
2943 4456 3177 4521 dfinime,
3215 4457 3304 4510 sed
3338 4457 3393 4510 in
3428 4457 3544 4527 pla-

1939 4562 2018 4606 tea
2069 4552 2398 4605 manebimus.
2454 4550 2629 4604 Etiam
2681 4557 2804 4620 post
2859 4558 3067 4613 tantam
3109 4548 3546 4606 exhortationem

1933 4661 2092 4714 quant
2133 4645 2357 4707 fecerat,
2388 4660 2509 4698 cum
2543 4643 2676 4697 vidit
2704 4659 2799 4696 eos
2831 4657 3081 4706 renuere,
3109 4658 3215 4696 non
3247 4642 3542 4711 obtorpuit,

1935 4751 2107 4804 neque
2145 4738 2210 4790 ab
2253 4738 2498 4789 instituto
2543 4750 2642 4789 suo
2688 4734 2920 4798 destitit,
2966 4749 3140 4801 neque
3183 4734 3308 4788 fecit
3339 4735 3413 4788 uti
3446 4749 3546 4790 nos

1937 4828 2202 4882 interdum
2263 4827 2488 4880 facimus
2535 4845 2548 4879 :
2596 4825 2688 4896 qui
2741 4827 2786 4879 si
2848 4825 3062 4893 quando
3119 4825 3350 4893 aliquem
3418 4824 3544 4878 hor-

1936 4923 2036 4975 tari
2084 4922 2385 4990 dignamur,
2430 4928 2485 4975 et
2523 4926 2709 4988 postea
2745 4918 2990 4971 videmus
3028 4932 3315 4986 parumper
3366 4916 3543 4971 detru»

1933 5025 2164 5069 ctantem
2212 5023 2266 5068 et
2319 5021 2658 5074 renuentem,
2707 5010 2888 5065 statim
2934 5010 3250 5064 desistimus
3281 5010 3368 5064 :id
3399 5010 3543 5079 quod

1933 5107 2215 5175 contingit,
2273 5106 2393 5174 quia
2449 5105 2578 5158 citra
2646 5101 2980 5156 desiderium
3022 5112 3078 5153 et
3121 5100 3392 5154 fervorem
3436 5102 3539 5157 hoc

1935 5198 2162 5267 agimus,
2192 5205 2245 5250 et
2270 5197 2502 5249 maxime
2530 5194 2651 5262 quia
2685 5202 2933 5262 putamus
2964 5190 3217 5246 sufﬁcere
3239 5197 3541 5248 excusant»

1934 5309 2080 5356 nem,
2101 5294 2142 5344 si
2168 5293 2347 5346 dicere
2369 5289 2641 5359 possimus
2669 5287 2864 5341 fecisse
2885 5302 2982 5339 nos
3007 5286 3244 5339 ofﬁcium
3270 5295 3537 5342 nostrum.

2009 5385 2060 5437 ὅ.
2091 5382 2226 5450 Quid
2258 5382 2359 5448 ais,
2394 5380 2629 5434 ofﬁcium
2673 5385 2724 5432 te
2761 5387 2907 5431 tuum
2942 5376 3175 5430 fecisse?
3203 5377 3446 5431 Amisisti
3484 5379 3534 5432 in

1937 5477 2220 5531 venatione
2239 5473 2494 5544 praedam;
2520 5471 2781 5526 aberrasti
2799 5486 2827 5524 a
2850 5471 3122 5534 thesauro;
3148 5479 3201 5524 et
3218 5479 3312 5524 tuo
3327 5469 3540 5524 functus

1935 5585 1993 5622 es
2006 5568 2214 5621 ofﬁcio?
2229 5566 2378 5620 Tunc
2393 5575 2482 5619 tuo
2501 5563 2715 5618 functus
2731 5562 3100 5627 esscsofﬁcio,
3122 5562 3287 5615 sinon
3308 5561 3540 5628 abiecis-

1934 5678 2020 5716 ses
2040 5678 2068 5715 e
2095 5660 2337 5714 manibus
2369 5657 2764 5722 thesaurum,si
2797 5670 2904 5708 non
2935 5655 3268 5723 prmterisses
3294 5655 3348 5708 in
3379 5667 3532 5707 vena-

1940 5754 2352 5824 tiomprmiam,
2374 5753 2413 5804 si
2447 5766 2555 5804 non
2575 5746 2933 5819 perfunctt‘ric
2973 5757 3019 5799 et
3057 5746 3213 5801 verbo
3243 5755 3394 5799 tenus
3431 5756 3545 5801 tan-

1943 5861 2051 5904 tum
2083 5847 2500 5920 imspitaiitateut
2531 5844 2843 5899 iudicasses.
2877 5844 2938 5895 At
2976 5857 3079 5894 non
3116 5841 3288 5908 justus
3319 5838 3408 5895 ille
3427 5840 3539 5896 sic:
