4178 6328
715 387 826 446 δειι

722 505 819 562 sed
842 506 967 579 quid
983 508 1009 562 t
1039 509 1258 568 Videbat
1275 513 1608 577 obluctantes
1623 520 1736 579 suis
1747 522 2017 596 precibus,
2033 529 2091 578 et
2105 519 2158 574 in
2185 517 2299 590 plac

723 603 807 651 tea
829 613 1047 656 manere
1069 601 1332 660 volentes.
1353 605 1465 664 Hoc
1494 617 1672 667 autem
1697 611 1961 674 faciebant
1982 611 2175 684 angeli,
2191 611 2301 666 viro

723 696 891 743 tntum
898 687 1026 759 justi
1046 691 1221 761 palam
1243 694 1421 754 facere
1440 700 1700 768 volentes,
1715 713 1768 758 et
1789 717 1887 759 nos
1898 716 2086 759 omnes
2104 701 2299 758 docere

719 787 917 846 quanta
936 780 1055 850 ejus
1079 781 1242 840 fuerit
1266 785 1619 860 hospitalitas.
1649 793 1838 849 Postea
1862 803 2041 849 autem
2062 807 2169 850 non
2186 791 2300 863 iam

720 868 899 924 verbis
915 882 1200 931 contentus
1221 885 1307 933 est
1322 880 1614 948 exhortari,
1640 883 1737 939 sed
1773 895 1829 939 et
1853 884 1960 939 vim
1988 883 2134 940 facit.
2166 883 2301 939 Pro-

717 965 904 1047 ptem
926 970 981 1016 et
999 961 1240 1021 Christus
1255 966 1491 1024 dict-bat:
1510 970 1724 1028 l'ioleuti
1747 976 1951 1046 rapiunt
1971 990 2181 1047 regnum
2198 989 2301 1028 al-

719 1045 886 1136 tam.
923 1049 1135 1122 (υοιιιι.
1168 1056 1257 1110 ll.
1291 1058 1406 1130 ts).
1437 1059 1538 1118 Ubi
1567 1062 1711 1119 enim
1739 1045 2016 1136 spirituan
2030 1045 2299 1121 attinuerit

719 1135 944 1207 Imm,
968 1145 1278 1214 tempestiva
1313 1150 1473 1206 fuerit
1507 1135 1784 1220 violentia,
1802 1163 1858 1210 et
1891 1153 2172 1210 laudabilis
2206 1167 2301 1211 co-

715 1225 880 1282 actio.
910 1229 966 1285 5.
981 1230 1049 1286 Et
1076 1237 1423 1308 compellebat,
1453 1242 1643 1312 inquit,
1659 1259 1766 1299 eos.
1793 1244 1920 1299 Alibi
1947 1253 2128 1302 autem
2149 1243 2298 1302 vidc-

717 1324 809 1374 tur
838 1327 894 1376 et
927 1320 1120 1379 invitos
1147 1341 1242 1385 eos
1267 1333 1563 1389 attrahere.
1597 1334 1802 1392 Deinde
1824 1335 1916 1392 ubi
1938 1334 2190 1393 viderunt
2210 1335 2298 1406 ju-

713 1418 860 1466 stum
889 1411 961 1467 ita
1001 1415 1315 1487 ferventem,
1343 1423 1721 1497 nolentemque
1745 1425 2026 1492 desistere,
2054 1427 2160 1484 nisi
2184 1427 2295 1482 voti

712 1513 935 1572 compos
974 1503 1144 1574 ﬂeret,
1189 1509 1616 1582 Declinavcrunt,
1645 1517 1834 1589 inquit,
1873 1520 1944 1574 ad
1978 1535 2114 1586 eam,
2144 1527 2189 1574 et
2215 1519 2297 1574 in-

714 1598 971 1648 trarant
994 1595 1048 1649 in
1063 1597 1270 1654 domum
1294 1603 1423 1671 ejus.
1445 1602 1516 1658 Et
1527 1605 1647 1674 fecit
1667 1609 1740 1661 eis
1767 1609 2068 1676 convicium,
2094 1617 2142 1663 et
2161 1608 2295 1663 coxit

714 1682 1114 1756 iufcrmeutatos,
1146 1701 1196 1745 et
1222 1694 1562 1763 comederunt,
1602 1700 1652 1754 4.
1699 1710 1966 1771 antequam
1999 1703 2128 1754 irent
2153 1699 2293 1754 cubi-

715 1782 842 1830 tum.
879 1775 1063 1834 Vidisti
1094 1790 1150 1837 et
1179 1785 1266 1839 hic
1295 1801 1400 1843 non
1426 1788 1478 1844 iu
1506 1800 1817 1862 sumptuosa
1843 1805 2026 1847 mensa
2051 1790 2292 1863 hospita-

714 1864 918 1923 litate
969 1873 1202 1942 ostendi,
1253 1876 1348 1933 sed
1385 1879 1564 1949 potius
1616 1881 1668 1936 in
1705 1883 2022 1937 liberalitate
2051 1882 2295 1937 mentis?

712 1956 847 2044 Nam
873 1963 1051 2018 statim
1077 1975 1134 2020 ut
1161 1980 1256 2022 eos
1281 1968 1533 2026 inducere
1570 1975 1742 2043 potuit
1777 1975 1830 2028 in
1866 1974 2082 2029 domum
2115 1987 2288 2037 suam,

715 2049 919 2105 nullum
965 2052 1342 2125 hospitalitatis
1387 2059 1624 2118 cilicium
1667 2065 2030 2133 praetermisit.
2068 2063 2136 2118 Et
2179 2065 2293 2133 ipse

711 2139 925 2210 quidem
955 2142 1008 2198 in
1039 2146 1335 2204 ministerio
1363 2163 1655 2224 occupatus
1679 2165 1814 2220 erat,
1845 2162 1901 2211 et
1929 2154 2079 2212 cibos
2121 2169 2290 2227 appo-

711 2230 838 2296 suit,
877 2242 933 2288 et
966 2248 1180 2292 omnem
1201 2238 1464 2298 honorem
1493 2245 1801 2316 cultumque
1828 2247 2086 2318 impendit
2111 2247 2294 2318 hospi-

715 2319 877 2388 tibus,
911 2321 1157 2382 homines
1181 2342 1275 2384 eos
1299 2339 1356 2386 et
1388 2332 1620 2390 viatores
1641 2335 1900 2405 quosdam
1930 2351 2050 2393 esse
2075 2347 2290 2408 putans.

723 2408 831 2464 Viri
853 2422 1020 2468 autem
1059 2417 1273 2475 civitatis
1300 2422 1581 2480 Sodomita:
1617 2429 2052 2484 circumdede
2083 2429 2292 2485 domum

709 2514 744 2553 ιι
774 2500 962 2590 juvene
985 2519 1142 2576 usque
1177 2509 1247 2562 ad
1282 2527 1470 2581 senem,
1506 2516 1670 2570 omnis
1707 2516 1925 2586 populus
1951 2518 2124 2584 simul,
2163 2520 2218 2578 5.
2242 2528 2293 2576 ct

708 2603 1036 2682 evocaverunt
1056 2595 1174 2667 Lot,
1205 2610 1253 2654 et
1282 2603 1515 2660 dixerunt
1537 2607 1617 2662 ei:
1649 2603 1747 2663 Ubi
1773 2618 1891 2664 sunt
1914 2611 2028 2676 viri,
2056 2611 2144 2682 qui
2173 2621 2292 2667 aaut

711 2681 924 2753 ingrcssi
942 2687 1013 2738 ad
1040 2697 1089 2742 te
1115 2701 1259 2745 nocte
1273 2691 1300 2745 2
1319 2693 1469 2748 Edric
1492 2711 1576 2750 eos
1597 2698 1666 2750 ad
1693 2714 1805 2764 nos,
1835 2708 1893 2752 ut
1925 2715 2159 2754 coeamus
2175 2715 2291 2755 cum

708 2773 800 2826 eis.
832 2773 908 2829 Ne
937 2777 1294 2844 perfunctorie
1322 2792 1654 2841 transeamus
1680 2803 1801 2857 qua:
1825 2788 1969 2843 dicta
1998 2797 2158 2856 sunt,
2201 2804 2292 2847 ca-

710 2861 927 2932 rissimi,
970 2878 1026 2922 et
1070 2883 1176 2925 non
1221 2872 1394 2928 solum
1447 2875 1668 2932 istorum
1710 2878 1983 2936 videamus
2025 2880 2289 2936 insaniam

709 2953 854 3010 nulla
884 2957 1036 3012 venia
1069 2958 1391 3031 dignandam
1425 2982 1440 3031 ;
1471 2966 1566 3022 sed
1596 2975 1652 3023 et
1673 2968 1989 3039 cogitemus,
2021 2969 2292 3041 quomodo

708 3042 882 3116 justus
922 3046 976 3102 in
1021 3051 1201 3106 medio
1227 3064 1332 3109 tam
1364 3057 1784 3114 truculentarum
1812 3060 2104 3116 bestiarum
2136 3061 2292 3117 habi-

711 3147 853 3206 tans,
878 3141 948 3198 ita
967 3145 1249 3202 excellenti
1272 3149 1466 3206 virtute
1491 3150 1718 3219 fulserit,
1746 3153 2017 3223 quomodo
2037 3155 2178 3211 ferre
2198 3169 2292 3226 po-

713 3233 873 3287 tuerit
905 3235 1231 3306 iniquitatem
1263 3255 1472 3310 eorum,
1513 3245 1782 3315 quomodo
1821 3261 1926 3301 non
1956 3245 2152 3318 fugerit
2191 3263 2290 3304 eo-

711 3336 827 3377 rum
848 3325 1136 3392 civitatem,
1160 3331 1429 3398 quomodo
1453 3333 1533 3390 eis
1561 3335 1702 3406 loqui
1731 3338 2288 3408 potuerit.Quomodo,

711 3424 811 3480 ego
840 3411 1034 3469 dicam.
1066 3416 1309 3474 Universi
1342 3421 1596 3479 Dominus
1638 3426 1941 3495 pnevidcns
1973 3427 2290 3498 stupendam

714 3502 922 3560 illorum
956 3508 1266 3577 nequitiam,
1296 3510 1644 3581 dispensavit,
1673 3523 1731 3570 ut
1760 3516 1937 3585 justus
1963 3531 2030 3574 eo
2057 3516 2162 3574 loci
2187 3517 2292 3574 do-

714 3595 969 3650 micilium
1001 3598 1253 3664 haberet,
1283 3610 1342 3656 ut
1378 3603 1514 3659 sicut
1544 3604 1777 3674 optimus
1806 3607 2046 3664 medicus
2075 3607 2294 3666 morbos

709 3696 894 3738 eorum
937 3687 1265 3744 emendaret.
1300 3690 1495 3746 Verum
1535 3693 1724 3750 videns
1763 3709 1823 3752 se
1865 3711 1992 3751 cura
2022 3711 2117 3752 sua
2160 3697 2291 3754 nihil

712 3775 992 3842 proficere,
1041 3786 1097 3832 et
1137 3777 1258 3833 illos
1300 3781 1499 3835 nullam
1530 3783 1667 3837 velle
1704 3784 1967 3840 medelam
1993 3786 2289 3856 suscipere,

713 3876 819 3917 non
851 3877 1133 3935 propterea
1154 3882 1184 3920 a
1214 3883 1341 3924 cura
1370 3870 1593 3928 destitit.
1639 3873 1809 3930 liabet
1833 3875 1976 3931 enim
2010 3877 2150 3933 hunc
2174 3893 2290 3934 mo-

712 3967 827 4008 rem
849 3956 1124 4016 medicus:
1149 3962 1392 4031 quamvis
1418 3963 1591 4021 videat
1629 3969 1846 4023 morbos
1873 3981 1992 4024 esse
2017 3969 2292 4040 graviores

711 4058 870 4114 quam
904 4056 958 4102 ut
988 4057 1104 4106 arte
1133 4054 1306 4108 curari
1347 4056 1571 4124 possint,
1607 4072 1714 4113 non
1744 4060 1940 4114 omittit
1961 4069 2139 4117 tamen
2167 4060 2292 4116 olli-

713 4134 855 4190 eium
883 4150 1062 4204 suum,
1087 4149 1163 4207 ut,
1189 4144 1235 4196 si
1268 4143 1402 4199 forte
1432 4148 1600 4216 possit
1627 4164 1826 4219 aegrum
1855 4151 1936 4204 vel
1967 4151 2124 4224 longo
2155 4162 2292 4210 tem-

714 4239 842 4294 pore
861 4241 1133 4295 reparare,
1161 4236 1521 4300 praestantiam
1538 4239 1668 4293 artis
1685 4240 1927 4295 oswndat
1945 4258 1958 4295 :
1977 4242 2120 4311 quod
2141 4242 2186 4297 si
2213 4243 2293 4298 ni-

713 4315 788 4370 hil
814 4319 1039 4388 amplius
1068 4325 1328 4393 proliciat,
1362 4326 1551 4384 habeat
1585 4331 1982 4390 excusationem
2009 4334 2289 4402 majorem,

711 4421 778 4462 eo
802 4410 942 4478 quod
972 4411 1106 4467 nihil
1128 4419 1533 4484 pretermiserit
1559 4421 1697 4490 quod
1727 4423 1792 4477 ad
1819 4437 1878 4479 se
1906 4424 2218 4492 pertineret.

786 4499 1118 4557 Exserranda
1142 4505 1521 4562 Sodomitarum
1539 4513 1775 4580 nequitia.
1805 4543 1876 4554 ——
1903 4513 1959 4568 Id
1980 4529 2107 4570 sane
2125 4525 2178 4572 et
2209 4515 2296 4572 hic

716 4591 910 4648 factum
932 4603 1036 4646 est.
1063 4593 1247 4649 Justus
1276 4598 1417 4651 enim
1449 4599 1536 4653 hic
1573 4600 1660 4669 qui
1693 4603 2001 4658 versabatur
2023 4605 2074 4659 in
2117 4607 2293 4662 medio

715 4681 952 4748 illorum,
985 4685 1142 4738 etiam
1174 4686 1250 4740 sic
1269 4691 1463 4744 mansit
1483 4691 1678 4759 justus,
1711 4695 2036 4766 multamque
2058 4697 2292 4766 philoso-

715 4772 897 4838 phiam
946 4775 1228 4830 exhibuit:
1262 4779 1336 4832 illi
1391 4789 1566 4834 autem
1617 4796 1896 4854 propterea
1949 4788 2094 4841 omni
2139 4789 2290 4843 venia

712 4873 836 4919 sunt
866 4867 1121 4935 destituti,
1169 4871 1309 4938 quod
1350 4886 1454 4925 non
1504 4874 1672 4927 solum
1697 4892 1723 4928 τι
1756 4876 1954 4931 malitia
1983 4893 2090 4932 non
2111 4893 2290 4936 cessa-

716 4955 838 5019 rint,
871 4956 963 5010 sed
991 4967 1047 5013 et
1069 4960 1235 5027 magis
1257 4976 1372 5015 eam
1399 4967 1659 5017 auxerint.
1694 4964 1826 5020 Vide
1854 4968 1992 5022 enim
2027 4986 2038 5020 :
2069 4967 2296 5023 Circum-

714 5047 981 5110 dedertmt,
1030 5049 1214 5119 inquit,
1257 5051 1462 5106 domum
1497 5072 1526 5106 (ι
1559 5057 1743 5127 juvene
1788 5074 1940 5124 usque
1990 5059 2056 5112 ad
2103 5075 2288 5126 senem,

716 5139 878 5193 onmis
905 5140 1125 5210 populus
1148 5142 1317 5197 simul.
1346 5143 1559 5200 Summa
1588 5147 1805 5202 malitia:
1829 5149 2172 5219 conspiratio,
2199 5167 2294 5208 vc-

717 5227 937 5283 l;einens
974 5232 1114 5286 male
1150 5235 1338 5302 agendi
1372 5237 1624 5304 studium,
1679 5240 2044 5298 inenarrabilis
2071 5258 2290 5313 perver-

719 5321 890 5373 sitatis
935 5323 1262 5391 magnitudo,
1313 5337 1536 5384 conatus
1565 5329 1705 5383 nulla
1725 5332 1877 5386 venia
1908 5331 2115 5399 dignus.
2141 5333 2182 5387 Α
2203 5338 2292 5404 ju-

717 5424 872 5473 vene,
911 5408 1101 5479 inquit,
1159 5430 1313 5483 usque
1353 5417 1422 5468 ad
1455 5434 1641 5472 senem.
1684 5418 1797 5475 Non
1829 5423 2031 5488 solum,
2079 5423 2288 5493 inquit,

721 5500 966 5566 juvrntus
998 5502 1112 5558 huic
1134 5506 1267 5560 mala
1295 5507 1594 5578 inquirebat
1623 5529 1633 5561 τ
1673 5513 1764 5566 sed
1787 5521 1840 5567 et
1879 5523 2142 5583 provecta:
2163 5529 2292 5569 mta-

725 5601 791 5651 tis
842 5596 933 5648 \‘lt‘l
974 5596 1228 5660 aderant,
1285 5611 1340 5654 et
1392 5605 1565 5658 omnis
1617 5607 1842 5675 tinnulos
1885 5607 2062 5660 simul.
2109 5606 2292 5676 Neque

721 5686 1105 5741 erubescebant
1130 5701 1232 5743 iam
1260 5704 1431 5761 turpe.
1460 5704 1670 5764 tamque
1697 5696 1976 5766 impudens
2011 5698 2289 5768 ﬂagitium,

722 5790 893 5848 neque
926 5780 1220 5835 insomnem
1248 5783 1454 5837 oculum
1497 5785 1833 5856 cogitabant,
1872 5800 2046 5858 neque
2090 5787 2289 5859 justum

1430 403 1487 460 S.
1529 396 1806 461 JOANNlS
1841 388 2318 452 CllRYSOSTOMl
2361 386 2677 445 ARCHIEP.
2709 385 3239 445 CONSTANTINOP.

3891 383 3996 442 ως

2408 500 2815 565 reverebantur,
2839 514 3011 571 neque
3036 500 3100 555 iis
3125 513 3260 568 quos
3289 496 3530 568 hospites
3548 495 3949 552 arbitrabantur
3975 534 3996 561 ,

2409 592 2608 664 quique
2661 593 2802 662 apud
2846 593 3052 663 justum
3081 590 3413 647 diverterant
3445 589 3815 660 hospitalitate
3864 588 3998 643 insi-

2405 697 2565 754 gnem
2589 722 2604 748 ,
2649 683 2940 751 parcebant
2971 701 2985 736 :
3019 682 3114 737 sed
3147 681 3351 752 absque
3371 679 3591 746 rubore,
3623 688 3680 734 ct
3707 677 3890 744 nudo,
3937 687 3998 732 ut

2404 774 2589 838 aiunt,
2621 774 2817 842 capite,
2849 773 3085 829 libidinis
3109 787 3225 828 suae
3261 771 3422 829 verba
3451 771 3713 836 dicentes,
3738 783 3995 827 accesse-

2406 873 2552 932 runt,
2578 874 2635 921 et
2681 875 2870 922 vocato
2894 865 3062 936 justo,
3096 864 3349 922 dixerunt
3367 865 3418 920 ei
3443 882 3458 919 :
3495 862 3594 919 Ubi
3619 871 3739 918 sunt
3763 861 3864 915 viri
3908 863 3997 932 qui

2405 957 2620 1029 ingressi
2641 966 2762 1012 sunt
2803 961 2873 1012 ad
2901 958 3027 1012 nos?
3047 955 3198 1010 Edric
3241 972 3362 1021 eos,
3403 963 3457 1009 ut
3482 969 3848 1027 cognoscamus
3887 966 3993 1007 eos.

2403 1048 2633 1118 Propter
2671 1048 2814 1106 hunc
2854 1063 3040 1105 eorum
3090 1047 3333 1104 illicitum
3356 1057 3641 1112 conatum,
3670 1057 3728 1103 et
3772 1044 3994 1116 impiam

2405 1137 2816 1208 perversitatem
2840 1179 2856 1206 ,
2910 1139 3101 1212 opinor
3140 1138 3342 1207 justum
3377 1151 3549 1208 usque
3583 1135 3650 1190 ad
3704 1148 3995 1208 vesperam

2402 1227 2629 1295 sedisse,
2661 1235 2722 1283 ut
2743 1243 2812 1286 ne
2835 1227 3039 1284 sineret
3066 1229 3301 1284 viatores
3324 1227 3539 1299 ignaros
3563 1225 3806 1285 incidero
3833 1227 3891 1287 in
3917 1226 3994 1283 il-

2403 1317 2576 1373 lorum
2600 1318 2841 1388 laqueos.
2865 1318 2939 1374 Et
2955 1317 3134 1389 justus
3160 1317 3377 1390 quidem
3400 1333 3524 1374 cum
3545 1315 3910 1387 hospitalitate
3934 1325 3999 1376 at

2403 1421 2592 1478 magna
2618 1407 2868 1478 pudicitia
2894 1406 3032 1464 hanc
3055 1421 3270 1480 quoque
3293 1405 3539 1464 adhibuit
3557 1406 3915 1478 diligentia,
3933 1415 3999 1463 ut

2399 1511 2589 1554 omnes
2613 1508 3000 1568 praetereuntes
3027 1499 3344 1569 susciperet,
3377 1498 3663 1568 nullusque
3701 1514 3825 1555 eum
3855 1498 3995 1556 late-

2399 1599 2516 1657 ret,
2547 1591 2672 1647 licet
2698 1605 2794 1648 eos
2830 1600 2955 1648 tunc
3001 1607 3108 1647 non
3137 1590 3357 1661 angelos
3389 1631 3404 1657 ,
3445 1589 3540 1646 sed
3587 1589 3834 1646 homines
3869 1603 3995 1647 esse

2403 1689 2636 1753 putaret.
2672 1683 2824 1754 lmpii
2849 1691 3029 1739 autem
3055 1682 3132 1739 illi
3159 1693 3514 1754 praeterquam
3553 1681 3696 1752 quod
3720 1681 3854 1737 nihil
3886 1681 3996 1738 tals

2399 1775 2647 1845 agebant,
2676 1775 2834 1847 quale
2863 1774 3041 1846 justus
3068 1773 3177 1840 ille,
3208 1789 3270 1830 ea
3300 1773 3478 1829 solum
3521 1781 3840 1844 perpetrare
3867 1779 3991 1828 stu-

2397 1865 2600 1922 debant
2622 1907 2638 1932 ,
2678 1882 2798 1937 qua:
2823 1866 3113 1938 nequitiam
3136 1881 3350 1922 omnem
3381 1865 3542 1937 longo
3570 1864 3854 1920 intervallo
3897 1877 3995 1921 su-

2400 1966 2672 2028 perarent.
2719 1957 2945 2027 Propter
2965 1958 3068 2013 hoc
3091 1972 3221 2029 ergo
3253 1958 3306 2012 in
3333 1958 3506 2028 platea
3531 1956 3782 2012 volebant
3803 1969 3996 2012 mane-

2397 2065 2476 2115 re,
2508 2059 2566 2104 ut
2594 2049 2789 2104 darent
2819 2047 2972 2119 justo
2995 2047 3341 2104 occasionem
3359 2046 3670 2104 declarandi
3701 2046 3991 2118 hospitali-

2398 2151 2562 2198 tatem
2589 2156 2713 2214 erga
2741 2141 2886 2212 ipsos
2905 2157 3080 2207 suam,
3099 2149 3156 2220 et
3178 2132 3541 2198 monstraronl
3566 2142 3617 2198 ei
3633 2143 3806 2212 reipsa
3825 2155 3992 2213 quam

2394 2233 2552 2304 digne
2569 2231 2846 2304 suppliciis
2868 2230 2946 2288 illi
2967 2232 3328 2303 plecterentur
3354 2232 3452 2303 qui
3485 2232 3538 2288 in
3568 2241 3678 2288 tam
3702 2229 3989 2304 stupenda

2395 2322 2595 2395 ﬂagitia
2637 2332 3066 2395 prorumperent.

2465 2415 2525 2470 4.
2569 2413 2678 2471 Sed
2723 2413 2998 2474 videamus
3052 2414 3122 2472 de
3156 2423 3356 2471 ctetero
3403 2414 3672 2486 ingentem
3712 2413 3842 2484 justi
3887 2411 3989 2469 viri

2396 2505 2667 2562 virtutem.
2700 2503 2753 2560 ϐ.
2780 2503 3048 2576 Egressus,
3078 2503 3278 2575 inquit,
3308 2503 3379 2558 ad
3401 2519 3486 2558 eos
3527 2504 3599 2557 ad
3638 2503 3937 2558 uestibulum
3966 2542 3987 2570 ,

2378 2599 2606 2668 januam
2650 2596 2853 2667 quidem
2879 2595 3063 2652 clausit
3089 2605 3203 2667 post
3221 2611 3295 2664 se,
3325 2596 3551 2666 dixitque
3597 2595 3665 2649 ad
3693 2611 3800 2650 eos.
3850 2593 3991 2650 Vitio

2393 2685 2669 2757 quomodo
2696 2687 2850 2743 timet
2871 2686 3071 2757 justus,
3102 2695 3158 2744 et
3187 2686 3366 2742 tremit
3390 2701 3489 2757 pro
3533 2686 3802 2755 hospitum
3831 2699 3992 2743 secu-

2393 2779 2568 2833 ritate.
2590 2776 2790 2848 Neque
2831 2778 2976 2834 enim
3006 2784 3212 2833 tantum
3236 2777 3454 2849 janu‘am
3501 2777 3694 2833 clausit
3738 2783 3863 2846 post
3901 2788 3987 2842 se,

2393 2865 2488 2922 sed
2507 2866 2685 2922 sciens
2707 2882 2892 2922 eorum
2923 2867 3186 2924 insaniam
3211 2876 3268 2923 et
3295 2867 3599 2933 audaciam,
3627 2875 3682 2922 et
3705 2866 3990 2938 suspicans

2394 2973 2583 3015 eorum
2613 2960 2994 3028 temeritatem,
3022 2958 3218 3015 deinde
3267 2959 3440 3029 inquit
3485 2957 3553 3014 ad
3597 2973 3734 3014 eos:
3766 2955 3989 3027 Nequa-

2398 3066 2572 3122 quam,
2604 3053 2812 3122 fratres.
2860 3051 2906 3106 0
2928 3051 3057 3120 justi
3100 3051 3204 3105 viri
3253 3049 3623 3106 tolerantiam!
3653 3064 3687 3104 o
3713 3049 3988 3120 ingentem

2396 3141 2786 3208 humilitatem!
2822 3141 2947 3198 litec
2984 3157 3114 3198 vera
3141 3142 3310 3196 virtus
3333 3150 3438 3206 est,
3475 3141 3548 3196 ita
3581 3148 3863 3196 mansuete
3903 3139 3989 3196 al-

2396 3234 2541 3306 loqui
2573 3235 2707 3291 tales
2741 3233 3011 3290 homines.
3042 3233 3230 3290 Nullus
3275 3235 3418 3289 enim
3448 3248 3650 3304 tegrnm
3673 3233 3862 3288 volens
3887 3245 3990 3288 cu-

2395 3338 2536 3392 rare,
2563 3333 2618 3381 et
2657 3324 3010 3379 insanientem
3037 3325 3320 3394 castigare,
3351 3339 3473 3379 cum
3508 3321 3784 3378 iracundia
3811 3333 3873 3378 et
3891 3336 3993 3378 an-

2394 3415 2637 3471 steritate
2667 3413 2772 3468 hoc
2797 3411 2945 3470 facit.
2976 3412 3045 3468 Et
3068 3413 3436 3469 animadverte
3463 3413 3737 3485 quomodo
3755 3427 3872 3478 eos,
3893 3413 3990 3486 qui

2396 3512 2506 3562 tam
2542 3504 2773 3561 absurda
2826 3515 3040 3574 patrare
3086 3504 3364 3570 volebant,
3389 3503 3587 3561 fratres
3623 3514 3799 3568 vocant.
3831 3513 3893 3560 ut
3935 3513 3994 3560 et

2394 3610 2588 3653 eorum.
2612 3596 2970 3652 conscientias
3000 3605 3262 3668 tangeret,
3287 3605 3342 3652 et
3365 3613 3396 3651 a
3414 3597 3616 3652 nefario
3636 3595 3838 3667 ﬂagitio
3863 3594 3994 3652 illos

2394 3685 2705 3746 abduceret.
2741 3685 3113 3758 Nequaquam,
3171 3687 3358 3759 inquit,
3396 3689 3611 3758 fratres;
3640 3686 3994 3757 notiteinique

2399 3798 2564 3854 agere.
2617 3780 2762 3838 Nihil
2793 3782 2902 3837 tale
2929 3781 3176 3852 cogitetis
3202 3823 3216 3848 ,
3247 3795 3316 3835 ne
3341 3779 3637 3835 admittatis
3668 3787 3774 3834 tam
3821 3792 3995 3850 grave

2395 3875 2572 3932 scelus
2597 3874 2649 3929 in
2681 3881 2914 3930 mentem
2941 3882 3200 3936 vestram,
3230 3887 3299 3927 ne
3319 3879 3565 3927 naturam
3605 3872 3774 3940 ipsam
3800 3869 3990 3924 tradu-

2395 3969 2556 4034 catis,
2601 3981 2669 4023 ne
2693 3967 2910 4024 illicitos
2939 3967 3254 4038 cxcogitctis
3278 3965 3451 4020 coitus
3481 3963 3612 4019 :sed
3640 3963 3685 4019 si
3714 3963 3994 4020 volueritis

2398 4057 2621 4114 insania:
2670 4066 2865 4115 vestrm
2911 4057 3147 4114 furorem
3195 4055 3536 4120 demulcere,
3580 4069 3680 4125 ego
3732 4052 3992 4123 quiddam

2394 4147 2669 4218 praebebo,
2713 4162 2824 4218 quo
2867 4148 3127 4219 ﬂagitium
3153 4156 3390 4203 vestrum
3418 4147 3590 4202 levius
3617 4146 3726 4200 liat.
3762 4145 3815 4200 8.
3852 4145 3995 4201 Sunt

2398 4239 2522 4292 mihi
2549 4238 2666 4292 dua:
2691 4239 2832 4307 ﬁlim,
2853 4253 2966 4308 qua:
2992 4239 3125 4293 viros
3153 4254 3253 4292 non
3278 4246 3636 4308 cognoverunt.
3668 4235 3880 4302 Adhuc,
3908 4235 3995 4291 in-

2397 4331 2543 4400 quit,
2573 4329 2870 4401 inexpertae
2923 4337 3050 4386 sunt
3101 4329 3356 4399 nuptialis
3381 4342 3728 4400 congressus,
3773 4327 3994 4384 intacta!

2399 4431 2544 4488 sunt,
2568 4420 2792 4492 juvenes
2817 4429 2962 4487 sunt,
2992 4428 3047 4475 et
3075 4419 3250 4474 adhuc
3279 4419 3332 4473 in
3362 4417 3493 4472 ﬂore
3517 4417 3691 4473 mtatis
3720 4433 3734 4471 :
3765 4431 3860 4472 eas
3874 4433 3994 4474 om-

2400 4512 2556 4566 nibus
2586 4513 2856 4584 expositas
2885 4512 2979 4578 do,
3025 4520 3077 4566 et
3103 4511 3311 4566 utimini
3336 4511 3415 4564 eis
3438 4510 3578 4565 sicut
3605 4508 3761 4564 vobis
3789 4509 3990 4580 placet.

2401 4604 2652 4674 Acceptis
2701 4603 2808 4658 illis
2831 4645 2846 4670 ,
2877 4603 3067 4673 inquit,
3099 4603 3308 4672 explete
3338 4610 3571 4657 vestram
3601 4600 3655 4656 in
3697 4601 3775 4654 eis
3809 4601 3992 4656 libidi-

2401 4711 2563 4761 nem,
2611 4703 2666 4751 ct
2735 4694 3003 4764 indulgete
3056 4705 3248 4748 vestrae
3289 4694 3445 4748 mala:
3495 4692 3990 4764 concupiscentize:

2400 4788 2621 4842 Tantum
2659 4787 2714 4841 in
2734 4789 2866 4841 riros
2890 4787 3007 4841 illos
3035 4786 3164 4840 nihil
3194 4786 3412 4858 feceritis
3441 4786 3689 4856 iniquum,
3721 4794 3993 4855 propterea

2397 4881 2532 4950 quod
2557 4881 2866 4936 intraverunt
2893 4878 2984 4932 sub
3005 4887 3132 4931 tectu
3162 4879 3414 4949 tignorum
3435 4894 3678 4930 meorum.
3700 4876 3990 4946 QuOniam.

2401 4970 2591 5040 inquit,
2619 4970 2769 5038 coegi
2800 4983 2894 5024 eos
2917 4977 2972 5023 et
3011 4967 3193 5023 induxi
3225 4968 3323 5023 sub
3355 4976 3550 5022 tectum
3587 4983 3786 5034 meum,
3819 4978 3876 5022 ut
3924 4986 3993 5023 ne

2401 5062 2529 5114 mihi
2570 5059 2913 5114 adscribatur
2961 5058 3212 5129 iniquitas
3243 5059 3294 5112 in
3322 5073 3414 5113 eos
3441 5066 3672 5127 patrata,
3700 5067 3754 5113 et
3780 5073 3881 5128 ego
3913 5061 3992 5114 eis

2400 5161 2586 5205 auctor
2607 5150 2704 5204 siin
2730 5150 3088 5215 contumelire,
3122 5148 3320 5204 idcirco
3364 5162 3458 5216 pro
3485 5148 3566 5201 eis
3586 5148 3721 5203 duas
3745 5163 3894 5203 meas
3934 5145 4002 5196 tl-

2400 5242 2498 5295 lias
2525 5240 2615 5302 do,
2649 5249 2708 5293 ut
2741 5239 2813 5294 illi
2859 5254 2889 5294 a
2916 5239 3164 5294 manibus
3191 5238 3386 5293 vestris
3431 5237 3750 5293 liberentur.
3777 5238 3997 5304 Quanta

2396 5334 2524 5402 justi
2554 5331 2765 5388 virtus?
2791 5346 3002 5390 omnem
3053 5333 3301 5387 virtutem
3357 5331 3738 5399 hospitaiitatis
3765 5345 3993 5401 supera-

2400 5426 2492 5477 vit.
2530 5422 2668 5491 Quid
2698 5424 2839 5478 enim
2886 5423 3007 5494 quis
3052 5422 3180 5493 justi
3239 5419 3396 5491 hujus
3427 5422 3752 5492 benignitate
3782 5431 3864 5478 sat
3901 5423 3995 5478 di-

2401 5529 2562 5584 gnum
2594 5513 2896 5582 protulerit,
2924 5514 3017 5585 qui
3067 5528 3239 5583 neque
3266 5511 3475 5568 ﬁliabus
3517 5529 3738 5583 parcere
3769 5514 3942 5569 voluit
3970 5553 3987 5578 .

2402 5615 2459 5659 ut
2484 5604 2763 5661 exhiberet
2788 5604 3083 5675 hospitibus
3113 5604 3394 5669 honorem,
3424 5615 3476 5660 et
3529 5606 3775 5660 liberaret
3819 5619 3918 5661 eos
3959 5624 3987 5660 a

2405 5696 2751 5767 perversitate
2775 5694 3168 5752 Sodomitarum
3191 5696 3216 5750 ἲ
3243 5696 3309 5751 Et
3343 5696 3430 5752 ille
3465 5698 3680 5768 quidem
3712 5696 3844 5749 filias
3861 5709 3990 5751 suas

2407 5787 2694 5860 prostituit,
2741 5797 2797 5844 ut
2845 5787 3084 5862 hospites
3114 5787 3342 5846 viatores
3372 5788 3588 5859 (iterum
3621 5789 3762 5845 enim
3791 5785 3986 5844 eadem
