4178 6328
194 362 299 418 399

188 476 588 540 ἀντιτείνοντας
619 477 714 531 καί
739 479 818 540 είς
847 479 944 546 τὴν
982 478 1236 530 πλατεῖαν
1272 477 1573 532 καταλῦσαι
1609 476 1871 546 βουλομέ-

194 579 316 625 νους
339 563 522 627 (τοῦτο
551 563 606 616 δὲ
644 565 860 616 ἐποίουν
886 566 934 616 οἱ
964 565 1206 631 ἄγγελοι,
1254 566 1346 616 ἐπὶ
1374 564 1534 617 πλέον
1570 563 1874 631 ἐκκαλύψαι

187 648 287 716 τὴν
311 650 513 718 ἀρετὴν
539 650 852 719 βουλόμενοι
902 651 993 703 τοῦ
1043 651 1274 713 δικαίου,
1303 651 1397 704 καὶ
1421 650 1708 704 παιδεῦσαι
1740 649 1876 701 πάν-

188 751 289 797 τας
313 738 481 805 ἡμᾶς,
520 739 619 806 ὅση
650 736 814 789 αὐτοῦ
842 740 873 806 ἡ
909 738 1222 806 φιλοξενία),
1260 738 1444 790 λοιπὸν
1474 739 1633 800 αὐτὸς
1664 737 1764 789 οὐκ
1793 736 1874 786 ἔτι

190 823 447 891 ἀνέχεται
475 825 562 876 διὰ
590 825 763 891 λόγων
793 825 890 893 τὴν
921 825 1265 894 παράκλησιν
1290 825 1575 885 ποιεῖσθαι,
1608 822 1743 875 ἀλλά
1783 823 1875 874 καὶ

194 908 314 977 βίαν
343 910 641 980 ἐπιτίθησι.
668 911 765 964 Διά
795 911 948 963 τοῦτο
970 911 1062 962 καὶ
1088 913 1115 963 6
1145 911 1378 979 Χριστὸς
1417 909 1590 977 ἐλεγε·
1621 906 1872 961 Βιασταὶ

190 996 523 1062 ἁρπάζουσι
571 996 686 1063 τὴν
723 1000 1053 1061 ,βασιλείαν
1091 997 1209 1049 τῶν
1241 995 1528 1063 οὐρανῶν.
1565 995 1731 1048 Ἔνθα
1763 999 1870 1064 γάρ

192 1083 257 1135 ἀν
293 1085 669 1153 πνευματικὸν
707 1085 992 1154 πρόκειται
1037 1084 1248 1153 κέρδος.
1291 1081 1544 1152 εὐκαιρος
1589 1084 1622 1150 ἡ
1656 1081 1869 1150 ἀνάγκη

191 1170 284 1223 καὶ
311 1172 343 1238 ἡ
383 1169 473 1237 βία
508 1172 786 1240 ἐπαινετή.
817 1171 925 1224 Καὶ
954 1169 1338 1232 κατεὸιάζετο,
1388 1169 1573 1238 φησὶν,
1625 1169 1868 1233 αὐτούς.

203 1255 357 1324 Ἐμοὶ
389 1255 540 1308 δοκεῖ
564 1258 657 1308 καὶ
679 1256 908 1319 ἄκοντας
931 1257 1125 1318 αὐτοὺς
1148 1255 1344 1308 ἐλκειν.
1377 1250 1509 1307 Εἶτα
1529 1254 1718 1324 ἐπειδὴ
1734 1250 1872 1306 εἶδον

189 1341 279 1393 τὸν
301 1342 512 1395 δίκαιον
531 1342 693 1411 ἔργον
731 1342 887 1394 τοῦτο
911 1342 1212 1410 τιθέμενον,
1245 1342 1338 1393 καὶ
1367 1341 1427 1392 οὐ
1455 1340 1722 1409 πρότερον
1765 1341 1874 1409 ἀφ-

191 1429 508 1499 ιστάμενον,
545 1431 592 1480 εἰ
623 1429 698 1498 μὴ
729 1428 788 1480 τὸ
816 1429 1245 1497 σπουδαζόμενον
1277 1426 1426 1496 αὐτῷ
1452 1429 1529 1490 είς
1550 1427 1709 1496 ἔργον
1738 1425 1874 1492 ἀγά-

187 1529 296 1579 γοι,
345 1511 715 1575 Έξέκλιναν,
751 1513 903 1580 φησι,
929 1511 1076 1577 πρὸς
1103 1510 1308 1574 αὐτὸν,
1344 1510 1443 1563 καὶ
1477 1509 1767 1576 εἰσῆλθον
1787 1511 1874 1573 εις

189 1601 293 1652 τόν
323 1601 498 1653 οἷκον
515 1599 725 1654 αὐτοῦ.
772 1599 884 1652 Καὶ
927 1586 1450 1663 ἐποίησεν-ἀὺτοῖς
1481 1595 1630 1667 [459]
1663 1597 1871 1657 πότον,

187 1686 285 1738 καί
317 1684 580 1754 ἀζύμους
632 1689 861 1753 ἔστεψεν
923 1684 1148 1748 αὐτοῖς,
1185 1683 1283 1735 καί
1341 1683 1570 1752 ἔφαγον
1608 1683 1722 1751 πρὸ
1765 1683 1872 1737 τοῦ

186 1767 569 1836 κοιμηθῆναι.
626 1765 779 1831 Εἶδες
815 1768 907 1820 καὶ
936 1767 1168 1820 ἐνταῦθα
1198 1769 1299 1820 οὐκ
1324 1769 1380 1819 ἐν
1423 1767 1488 1835 τῇ
1552 1765 1872 1835 πολυτελείᾳ

185 1855 283 1923 τῆς
317 1855 601 1925 τραπέζης
624 1854 721 1924 τὴν
743 1855 1047 1922 φιλοξενίαν
1069 1853 1534 1923 ἐπιδεικνυμένην,
1567 1853 1701 1905 ἀλλὰ
1717 1854 1774 1904 ἐν
1805 1855 1869 1922 τῇ

185 1941 441 2011 δαψιλείᾳ
468 1943 566 2011 τῆς
595 1941 848 2012 γνώμης;
892 1942 1107 2010 Ἐπειδὴ
1137 1941 1243 2012 γὰρ
1265 1943 1485 2010 ἴσχυσεν
1515 1941 1713 2003 αὐτοὺς
1763 1943 1873 1994 εἰσ-

183 2031 418 2095 αγαγεῖν
454 2030 534 2091 είς
569 2029 658 2082 τὸν
689 2023 836 2080 οἷκον
865 2028 1052 2088 αὐτοῦ,
1077 2028 1279 2090 εὐθέως
1309 2029 1377 2080 τὰ
1422 2029 1522 2098 τῆς
1571 2027 1870 2096 φιλοξενίας

183 2115 554 2168 ἐπεδείκνυτο.
581 2116 692 2168 Καὶ
720 2116 926 2178 ἐκεῖνος
962 2116 1058 2183 μέν
1093 2115 1227 2184 πρὸς
1256 2116 1355 2184 τὴν
1376 2115 1670 2184 θεραπείαν
1692 2114 1870 2167 αὐτῶν

185 2201 653 2273 παρεσκευάζετο,
687 2203 778 2254 καὶ
800 2201 866 2252 τὰ
905 2203 1004 2270 τῆς
1033 2202 1328 2264 ἑστιάσεως
1354 2204 1605 2270 παρεῖχε,
1638 2204 1733 2254 καὶ
1765 2203 1870 2254 πᾶ-

183 2306 280 2342 σαν
301 2289 651 2342 ἐπεδείκνυτο
675 2288 840 2358 τιμὴν
888 2290 982 2341 καὶ
1016 2287 1310 2358 θεραπείαν
1369 2288 1505 2357 πρὸς
1539 2291 1664 2352 τοὺς
1692 2307 1872 2359 παρα-

181 2377 533 2444 γενομένους,
580 2375 899 2446 ἀνθρώπους
941 2374 1139 2437 αὐτούς
1199 2391 1351 2437 τινας
1382 2374 1561 2437 όδίτας
1600 2373 1741 2427 εἶναι
1770 2392 1871 2427 ,νο-

183 2462 375 2531 μίζων.
407 2464 475 2514 Ol
512 2461 583 2513 δὲ
622 2461 836 2528 ἄνδρες
865 2448 983 2529 τῆξ
1000 2462 1230 2524 πόλεως
1254 2462 1305 2511 οὶ
1343 2460 1649 2527 Σοδομῖται
1712 2475 1872 2526 περι-

178 2550 546 2603 σκύκλωσαν
573 2549 686 2615 τὴν
723 2549 918 2600 οὶκίαν
964 2549 1082 2600 ἀπὸ
1125 2551 1451 2603 νεανίσκου
1480 2549 1589 2613 ἕως
1620 2551 1872 2615 πρεσϐυ-

179 2635 373 2702 τέρου,
412 2634 533 2700 πᾶς
563 2637 594 2688 ὀ
620 2635 769 2699 λαὸς
800 2635 939 2702 ἅμα,
973 2635 1067 2687 καὶ
1117 2634 1517 2697 ἐξεκαλοῦντο
1554 2635 1665 2686 τὸν
1715 2635 1868 2702 Λὼτ,

179 2724 275 2776 καὶ
310 2724 529 2792 ἔλεγον
564 2725 712 2790 πρὸς
750 2726 952 2776 αὐτόν’
989 2723 1114 2775 Ποῦ
1152 2727 1308 2776 εἰσιν
1336 2726 1389 2776 οἱ
1418 2724 1632 2792 ἄνδρες
1661 2727 1712 2777 οἱ
1745 2727 1869 2777 εισ-

177 2811 460 2875 ελθόιτες
545 2811 695 2876 πρὸς
750 2810 824 2861 σὲ
875 2810 990 2877 τὴν
1025 2812 1212 2862 νύκτα
1229 2828 1244 2872 ;
1318 2811 1601 2878 Ἐξάγαγε
1646 2811 1872 2876 αὐτοὺς

178 2898 328 2964 πρὸς
355 2895 537 2964 ἡμᾶς,
575 2899 674 2948 ἵνα
711 2898 1132 2964 συγγενώμεθα
1154 2897 1373 2961 αὐτοῖς.
1415 2897 1504 2965 Μὴ
1537 2896 1723 2959 ἁπλῶς
1770 2913 1871 2949 παι

181 2983 579 3052 ραδράμωμεν,
616 2984 912 3051 ἀγαπητοὶ,
945 2983 1013 3033 τὰ
1043 2983 1326 3052 εἰρημένα,
1364 2984 1496 3051 μηδέ
1536 2985 1693 3051 μόνον
1748 2981 1872 3035 τού⁴

179 3085 288 3121 των
317 3071 519 3138 ἴδωμεν
548 3069 643 3138 τὴν
682 3071 879 3137 μανίαν
906 3070 1002 3137 τὴν
1057 3071 1237 3136 πάσης
1262 3070 1590 3138 συγγνώμης
1639 3072 1870 3124 ἀπεστε-

183 3158 454 3225 ρημένην·
510 3155 624 3206 ἀλλ’
684 3158 1067 3226 ἐννοήσωμεν,
1117 3157 1232 3218 πῶς
1285 3159 1311 3208 6
1360 3158 1565 3219 δίκαιος
1623 3159 1678 3210 ἐν
1721 3159 1870 3228 μέσῳ

179 3244 439 3296 τοιούτων
476 3243 681 3313 θηρίων
705 3245 875 3304 οὕτως
910 3243 1210 3294 ἀλλοκότων
1235 3242 1417 3306 οἰκῶν,
1437 3244 1578 3296 οὕτω
1609 3245 1869 3315 διέλαμψε

180 3333 275 3384 καὶ
301 3332 570 3399 τοσαύτης
594 3333 793 3400 ἀρετῆς
817 3332 1118 3401 ὑπερϐολὴν
1146 3333 1471 3397 ἐπεδείξατο,
1491 3334 1607 3395 πῶς
1629 3335 1870 3400 ἐνεγκεῖν

179 3419 420 3488 ἠδυνήθη
451 3420 550 3487 τὴν
574 3418 803 3487 ἀνομίαν
839 3419 1038 3479 αὐτῶν,
1082 3419 1196 3480 πῶς
1218 3420 1317 3470 οὐκ
1358 3421 1525 3487 ἔφυγε
1552 3422 1650 3490 τὴν
1684 3422 1869 3473 αὐτόθι

179 3505 420 3575 οἴκησιν,
455 3506 572 3566 πῶς
592 3507 689 3574 τῆς
721 3507 857 3575 πρὸς
879 3506 1074 3567 αὐτοὺς
1102 3506 1386 3569 διαλέξεως
1433 3508 1694 3576 ἠνείχετο.
1727 3509 1869 3572 Πῶς,

179 3591 295 3659 ἐγὼ
310 3592 478 3660 λέγω.
512 3593 784 3662 Προειδὼς
819 3595 846 3644 6
866 3594 972 3644 τῶν
999 3594 1136 3644 ὅλων
1171 3594 1445 3663 Δεσπότης
1469 3595 1566 3664 τὴν
1598 3596 1872 3665 ὑπερϐάλ-

179 3679 382 3731 λουσαν
425 3679 604 3731 αὐτῶν
633 3680 916 3748 πονηρίαν,
971 3679 1289 3749 ᾠκονόμησε
1323 3681 1413 3731 τὸν
1440 3682 1647 3734 δίκαιον
1684 3683 1871 3735 τοῦτον

180 3765 375 3818 αὐτόθι
402 3767 748 3834 κατοικῆσαι,
775 3766 861 3816 ἵνα
889 3766 1140 3834 καθάπερ
1178 3768 1359 3835 ἰατρὸς
1385 3769 1606 3836 ἀριστος
1646 3769 1751 3820 τῶν
1768 3771 1870 3840 ἀῤ-

184 3853 563 3920 ρωστημάτων
620 3852 799 3904 αὐτῶν
841 3853 1221 3921 περιγενέσθαι
1266 3855 1489 3924 δυνηθῇ.
1551 3856 1689 3908 Ἀλλ’
1729 3855 1871 3925 ὀρῶν

181 3940 385 4001 αὐτοὺς
416 3939 609 3991 ἀνίατα
653 3939 964 4000 νοσοῦντας,
999 3939 1090 3990 καὶ
1132 3940 1398 4008 μηδεμίαν
1431 3942 1726 4012 θεραπείαν
1752 3945 1871 3994 ἐπιο

180 4025 441 4089 δέξασθαι
478 4025 862 4093 βουλομένους,
890 4025 1009 4077 οὐδὲ
1037 4025 1206 4087 οὕτως
1253 4027 1566 4094 ἀφίσταται.
1623 4028 1872 4082 Τοιοῦτον

181 4108 297 4177 γὰρ
324 4108 351 4157 6
390 4109 591 4176 ἱατρός*
633 4107 738 4159 κᾶν
769 4108 850 4176 ἴδῃ
887 4109 952 4159 τὰ
983 4109 1128 4177 πάθη
1167 4109 1403 4162 νικῶντα
1429 4111 1527 4179 τὴν
1560 4112 1774 4181 τέχνην,
1810 4113 1869 4164 οὐ

184 4188 426 4240 παύεται
455 4191 520 4240 τὰ
549 4192 678 4259 παρ’
725 4191 920 4242 ἐαυτοῦ
952 4191 1195 4260 πληρῶν,
1223 4191 1330 4256 ἵνα,
1368 4192 1433 4243 ἂν
1467 4194 1565 4261 μὲν
1597 4195 1672 4262 τῷ
1699 4196 1872 4265 χρόνῳ

181 4270 596 4341 ἀνακτήσασθαι
616 4285 638 4311 ο
681 4273 880 4343 δυνηθῇ
903 4273 994 4324 τὸν
1027 4274 1324 4343 κάμνοντα,
1349 4276 1497 4346 δείξῃ
1524 4278 1620 4345 τὴν
1649 4295 1870 4348 περιου-

185 4354 311 4404 σίαν
341 4354 441 4421 τῆς
463 4353 677 4422 τέχνης
719 4356 765 4405 εί
818 4353 875 4406 δὲ
906 4355 1072 4424 μηδὲν
1106 4355 1264 4406 πλέον
1295 4356 1468 4418 ἀνύει,
1512 4357 1608 4426 ἔχη
1644 4359 1742 4426 τὴν
1774 4376 1870 4427 με-

181 4436 380 4501 γίστην
415 4434 728 4500 ἀπολογίαν,
748 4436 828 4486 ὅτι
857 4437 1008 4488 οὐδὲν
1041 4436 1149 4488 τῶν
1183 4437 1570 4506 προσηκόντων
1602 4442 1679 4500 είς
1713 4439 1871 4490 αὐτὸν

182 4516 508 4586 παρέλιπεν
541 4515 568 4567 δ
590 4516 652 4583 δὴ
681 4517 770 4567 καὶ
802 4517 1035 4569 ἐνταῦθα
1075 4518 1385 4587 γεγένηται.
1430 4520 1486 4572 ’0
1537 4521 1633 4588 μὲν
1659 4521 1766 4589 γὰρ
1790 4520 1868 4571 δί-

181 4611 341 4657 καιος
365 4592 520 4657 οὗτος
554 4598 647 4648 καὶ
691 4598 897 4650 τούτων
931 4600 988 4650 ἐν
1043 4601 1193 4667 μέσῳ
1246 4602 1739 4670 ἀναστρεφόμενος,
1780 4603 1870 4654 καὶ

180 4678 360 4741 οὕτως
396 4680 550 4748 ἔμενε
593 4681 799 4742 δίκαιος
835 4681 1036 4751 πολλὴν
1087 4683 1184 4750 τὴν
1236 4682 1554 4749 φιλοσοφίαν
1597 4684 1869 4738 ἐκδεικνύ-

183 4777 369 4830 μενος
413 4763 684 4816 ἐκεῖνοιδέ
728 4765 820 4816 καὶ
852 4764 940 4816 διὰ
965 4765 1122 4816 τοῦτο
1151 4761 1292 4833 ἦσαν
1320 4766 1500 4835 πάσης
1542 4768 1869 4838 συγγνώμης

181 4846 646 4915 ἀπεστερημένοι,
695 4846 775 4899 ὃτι
806 4847 866 4898 οὐ
924 4848 1083 4917 μόνον
1117 4848 1216 4899 οὐκ
1248 4847 1443 4916 ἔληξαν
1499 4849 1598 4918 τῆς
1648 4852 1867 4918 κακίας,

183 4925 324 4977 ἀλλά
344 4925 435 4976 καὶ
469 4925 664 4992 μᾶλλον
699 4925 868 4997 αὐτὴν
900 4928 1202 4980 ἐπέτειναν.
1243 4930 1384 4997 Ὅρα
1435 4932 1562 5000 γάρ’
1595 4935 1870 4998 Περιεκύο

185 5014 455 5072 κλωσαν,
477 5011 629 5080 φησι,
644 5011 760 5078 τὴν
773 5015 970 5066 οὶκίαν
997 5014 1114 5068 ἀπὸ
1133 5016 1458 5069 νεανίσκου
1481 5017 1587 5082 ἕως
1613 5021 1870 5085 πρεσϐύ-

181 5100 387 5183 του-.-ὁ
414 5097 563 5183 ,ῖαὸς
600 5099 739 5183 ἅμα.
795 5101 1039 5183 Μεγίστη
1074 5102 1174 5169 τῆς
1213 5104 1529 5183 πονηρίαςὴ
1558 5108 1865 5172 συμφωνία,

184 5179 361 5247 πολλὴ
405 5180 502 5247 τῆς
532 5181 731 5243 κακίας
781 5183 814 5251 ὴ
847 5182 1008 5250 φορά,
1051 5184 1256 5250 άφατος
1285 5179 1384 5254 τῆς
1434 5188 1780 5255 παρανομίας
1835 5193 1870 5261 η

183 5264 485 5336 ὑπερϐολὴ,
537 5267 918 5334 ἀσύγγνωστος
966 5271 999 5338 ἡ
1051 5269 1411 5340 ἐπιχείρησις.
1480 5274 1622 5325 Ἀπὸ
1673 5277 1870 5328 νεανί-

184 5363 376 5427 σκοις,
408 5349 590 5418 φησὶν,
622 5350 733 5416 ἕως
771 5353 1132 5418 πρεσϐύτου.
1168 5354 1243 5405 Οὐ
1279 5354 1438 5421 μόνον
1466 5356 1498 5424 ή
1532 5357 1863 5427 νεότης,φη-

184 5432 294 5489 σὶν,
330 5425 398 5498 ἦν
433 5432 466 5500 ἡ
503 5431 570 5484 τά
596 5434 883 5503 παράνομα
913 5435 1087 5487 ταῦτα
1120 5434 1472 5503 ἐπιζητοῦσα,
1535 5436 1672 5489 ἀλλά
1700 5439 1792 5491 καὶ
1819 5425 1867 5492 οἱ

182 5510 494 5581 πρεσϐῦται
531 5515 627 5583 τὴν
651 5515 888 5584 ἡλικίαν,
937 5518 1031 5569 κα)⁸
1070 5520 1226 5579 πᾶςό
1269 5519 1396 5580 λαὸς
1430 5519 1566 5586 ἃμα.
1605 5521 1714 5573 Καὶ
1746 5521 1868 5575 οὐτε

181 5595 286 5664 τὴν
315 5592 520 5662 τόλμαν
551 5596 648 5664 τὴν
676 5598 868 5667 ἀναιδῆ
899 5600 992 5651 καὶ
1015 5601 1368 5668 ἀναίσχυντον
1391 5600 1593 5670 ταύτην
1621 5602 1866 5671 ᾐδοῦντο,

183 5673 315 5729 οὔτε
339 5673 428 5728 τὸν
452 5676 746 5747 ἀκοίμητον
770 5680 1046 5750 ὀφθαλμὸν
1062 5684 1143 5744 εἰς
1168 5683 1376 5736 ἔννοιαν
1400 5682 1722 5752 ἐλάμϐανον,
1741 5685 1865 5742 οὔτε

256 5808 280 5835 ³
331 5805 571 5877 SgVII.__el
592 5810 783 5877 quidam
813 5815 1020 5877 ωῃτῷ
1044 5815 1201 5877 χρόνῳ
1230 5815 1548 5877 περιγένηται,
1590 5815 1864 5874 ἀνακτήσα-

191 5866 451 5939 ᾳιαιμειο..
475 5869 535 5939 ει
559 5866 705 5932 ρδύιο
727 5883 837 5935 post
872 5866 1023 5923 iidem
1045 5866 1561 5938 'Bnqhotdis'criimuh
1601 5879 1738 5939 parvi
1759 5866 1866 5929 ino-

191 5930 354 5978 mcnli
377 5930 627 5980 exhtbrm.

585 6011 858 6075 ΡΑτιοι..
905 6016 1023 6078 Gn.
1045 5979 1232 6078 ἰΙν.

1322 364 1386 417 IN
1429 363 1580 421 CAP.
1624 361 1743 417 XIX
1783 360 2029 418 GENES.
2076 357 2310 415 llOMlL.
2352 359 2530 415 XLIII.

3557 354 3660 410 600

1981 476 2072 528 τὸν
2100 475 2307 528 δίκαιον
2335 476 2648 545 ᾐσχύνοντο,
2702 472 2824 527 οὐτε
2858 471 2965 525 τῶν
2993 471 3159 536 ξένων
3179 467 3547 540 νομιζομένων
3570 472 3664 520 καὶ

1979 560 2072 612 ἐπὶ
2121 561 2219 630 τὴν
2273 562 2368 613 τοῦ
2426 560 2637 613 δικαίου
2671 558 2977 628 φιλοξενίαν
3028 556 3215 610 αὐτόθι
3246 552 3665 607 καταλυσάντων

1978 647 2250 713 ἐφείδοντο
2276 688 2289 710 ,
2334 649 2463 699 ἀλλ’
2514 646 3051 718 ἀπηρυθριασμένως
3097 643 3191 696 καὶ
3228 645 3433 712 γυμνῇ,
3465 639 3542 702 ὡς
3584 639 3665 690 εἶ’

1977 736 2117 796 πεῖν,
2170 736 2235 802 τῇ
2271 734 2475 802 κεφαλῇ
2509 735 2577 787 τά
2631 734 2729 802 τῆς
2776 732 3063 796 ἀσελγείας
3102 733 3285 782 ἐκεῖνα
3330 732 3548 798 ῥήματα
3578 725 3665 776 λέ-

1978 837 2164 887 γοντες
2195 820 2345 892 [M0]
2373 821 2649 891 προσίασι,
2692 821 2786 872 καὶ
2815 819 3145 880 καλέσαντες
3178 818 3269 869 τὸν
3302 816 3530 870 δίκαιον,
3556 812 3665 864 ἐλε-

1977 923 2072 973 γον
2109 908 2248 976 πρὸς
2275 908 2460 959 αὐτόν’
2493 907 2614 960 Ποῦ
2657 909 2815 959 εἰσιν
2854 909 2904 957 οί
2951 905 3168 972 ἄνδρες
3195 906 3247 955 οὶ
3281 901 3668 964 εἰσελθόντες

1977 994 2128 1060 πρὸς
2148 994 2302 1062 ὑμᾶς
2328 1013 2346 1059 ;
2390 993 2678 1064 Ἐξάγαγε
2711 992 2953 1056 αὐτοὺς,
2983 994 3082 1045 ἵνα
3113 989 3536 1059 συγγενώμεθα
3558 987 3666 1039 αὺ-

1975 1083 2118 1147 τοῖς.
2147 1082 2248 1134 Διά
2278 1083 2482 1153 ταύτην
2514 1082 2695 1136 αὐτῶν
2718 1077 2871 1152 οἶμαι
2895 1083 2992 1150 τὴν
3038 1080 3405 1149 ἐπιχείρησιν,
3433 1078 3526 1129 καὶ
3566 1073 3666 1143 τὴν

1974 1171 2291 1239 παράνομον
2325 1171 2611 1241 πονηρίαν,
2649 1170 2862 1233 καὶτὸν
2889 1169 3097 1221 δίκαιον
3136 1165 3296 1236 μέχρι
3358 1163 3459 1233 τῆς
3500 1159 3666 1215 ἐσπέ-

1979 1273 2078 1326 ρας
2117 1256 2566 1326 παρακαθῆσθαι,
2615 1255 2757 1308 ῶστε
2798 1255 2990 1325 μηδενὶ
3027 1253 3384 1322 συγχωρῆσαι
3413 1250 3523 1302 τῶν
3556 1249 3670 1300 όδιο

1974 1344 2082 1396 τῶν
2112 1344 2391 1410 ἀγνοοῦντι
2425 1347 2743 1413 περιπεσεῖν
2795 1345 2914 1404 ταῖς
2949 1341 3174 1393 ἐκείνων
3209 1339 3437 1406 πάγαις.
3488 1337 3598 1390 Καὶ
3637 1336 3668 1388 6

1977 1430 2076 1499 μὲν
2114 1430 2318 1493 δίκαιος
2351 1431 2487 1500 μετὰ
2515 1430 2614 1497 τῆς
2669 1429 2996 1497 φιλοξενίας,
3055 1427 3149 1479 καὶ
3176 1426 3275 1494 τῆς
3307 1422 3665 1493 σωφροσύνης

1972 1515 2071 1586 τῆς
2136 1517 2340 1579 οἰκείας
2394 1517 2836 1586 ἐπιδεικνύμενος
2897 1515 2994 1584 τὴν
3046 1512 3394 1583 ὑπερϐολὴν,
3454 1509 3664 1577 ταύτην

1973 1603 2209 1656 ἐποιεῖτο
2241 1604 2340 1672 τὴν
2373 1603 2606 1672 σπουδὴν
2649 1602 2790 1656 ὥστε
2846 1603 3056 1663 πάντας
3088 1601 3214 1661 τοὺς
3266 1596 3664 1668 παροδεύοντας

1973 1689 2349 1759 ὑποδέχεσθαι,
2385 1690 2480 1742 καὶ
2534 1689 2724 1760 μηδεὶς
2753 1688 2916 1742 αὐτὸν
2973 1687 3146 1742 λάθοι,
3185 1687 3233 1737 εἰ
3265 1685 3359 1737 καὶ
3401 1682 3537 1744 τέως
3562 1682 3665 1734 οὐκ

1973 1775 2258 1842 ἀγγέλους,
2293 1775 2406 1828 ἀλλ’
2444 1775 2768 1843 ἀνθρώπους
2797 1770 2935 1825 εἶναι
2972 1771 3246 1840 ἐνόμιζεν.
3280 1771 3344 1822 Ol
3377 1769 3433 1822 δὲ
3486 1767 3665 1835 παρά-

1973 1878 2127 1929 νομοι
2149 1864 2346 1914 ἐκεῖνοι
2369 1863 2508 1930 μετά
2536 1860 2630 1913 τοῦ
2662 1862 2826 1930 μηδὲν
2848 1859 3090 1912 τοιοῦτον
3116 1855 3523 1909 ἐπιδείκνυσθαι
3550 1849 3664 1905 οἷον

1971 1947 1999 1998 6
2037 1948 2265 2009 δίκαιος,
2291 1949 2361 1999 τὰ
2389 1949 2568 1999 πᾶσαν
2595 1947 2794 1999 κακίαν
2822 1944 3248 2013 ἀποκρύπτοντα
3288 1943 3423 2011 μόνα
3457 1940 3664 2009 τολμᾷν

1972 2035 2314 2103 ἐπετήδευον.
2359 2035 2457 2086 Διά
2499 2034 2656 2085 τοῦτο
2698 2030 2792 2085 οὖν
2832 2034 2908 2094 είς
2951 2033 3049 2100 τὴν
3082 2031 3343 2082 πλατεῖαν
3377 2026 3662 2080 ἐϐούλοντο

1971 2121 2290 2183 καταλῦσαι,
2316 2122 2402 2173 ἵνα
2440 2122 2765 2190 παράσχωσι
2788 2119 2863 2188 τῷ
2885 2119 3080 2187 δικαίῳ
3104 2116 3358 2187 ἀφορμὴν
3392 2113 3662 2176 ἐπιδείξα-

1975 2207 2097 2259 σθαι
2126 2209 2222 2277 τὴν
2251 2211 2379 2276 περὶ
2409 2209 2605 2268 αὐτοὺς
2632 2207 2961 2274 φιλοξενίαν,
2992 2206 3088 2256 καὶ
3126 2203 3375 2267 δείξωσιν
3402 2200 3550 2269 αὐτῷ
3575 2199 3666 2252 διὰ

1970 2294 2078 2346 τῶν
2111 2296 2285 2365 ἔργων
2306 2295 2380 2356 ὡς
2409 2295 2566 2359 ἀξίαν
2595 2293 2879 2362 μέλλουσιν
2906 2289 3348 2358 ὐφίστασθαιτὴν
3369 2285 3662 2356 τιμωρίαν,

1970 2379 2115 2432 οὕτω
2144 2381 2238 2448 τὴν
2274 2380 2617 2448 παρανομίαν
2649 2378 2767 2448 μεθ’
2795 2377 3100 2446 ὑπερϐολῆς
3135 2373 3589 2442 ἐπιδεικνύμενοι.

2041 2468 2100 2518 δ’.
2159 2465 2296 2518 Ἀλλ’
2333 2467 2531 2534 ἴδωμεν
2584 2465 2769 2517 λοιπὸν
2814 2463 2908 2515 τοῦ
2951 2463 3159 2515 δικαίου
3207 2464 3306 2530 τῆς
3351 2461 3557 2529 ἀρετῆς
3603 2455 3668 2509 τὸ

1975 2551 2220 2622 μέγεθος.
2243 2551 2557 2614 Ἐξελθὼν,
2574 2551 2728 2620 φησὶ,
2749 2550 2898 2617 πρὸς
2928 2548 3152 2612 αὐτοὺς
3182 2549 3332 2614 πρὸς
3360 2545 3426 2597 τὸ
3445 2544 3667 2611 πρόθυ-

1964 2655 2098 2704 ρον,
2119 2637 2234 2705 τὴν
2255 2638 2373 2706 μὲν
2401 2638 2590 2703 θύραν
2619 2632 3132 2704 προσέῳξεν,είπε
3163 2632 3229 2685 δὲ
3246 2632 3395 2698 πρὸς
3418 2630 3664 2693 αὐτούς.

1975 2725 2115 2794 Ὅρα
2164 2725 2280 2787 πῶς
2309 2724 2550 2776 δέδοικεν
2594 2725 2621 2775 6
2649 2724 2854 2786 δίκαιος
2883 2724 2976 2775 καὶ
3014 2721 3208 2791 τρέμει
3234 2719 3374 2788 ὑπὲρ
3406 2719 3507 2786 τῆς
3552 2715 3666 2768 τῶν

1973 2811 2139 2874 ξένων
2183 2811 2500 2878 ἀσφαλείας.
2548 2811 2680 2863 Οὐδέ
2729 2810 2836 2879 γὰρ
2889 2809 3075 2870 ἁπλῶς
3128 2807 3226 2877 τὴν
3285 2806 3454 2875 θύραν
3498 2819 3666 2874 προσ-

1970 2898 2135 2968 έῳξεν
2169 2900 2345 2950 ὀπίσω
2382 2897 2572 2961 αὐτοῦ,
2601 2896 2714 2950 ἀλλ’
2746 2896 2908 2959 εἰδὼς
2954 2894 3135 2948 αὐτῶν
3182 2894 3279 2963 τὴν
3323 2891 3521 2961 μανίαν
3570 2889 3669 2943 καὶ

1968 2986 2030 3038 τὸ
2052 2987 2340 3058 τολμηρὸν,
2381 2988 2475 3038 καὶ
2508 2986 2859 3056 ὑφορώμενος
2902 2986 3082 3037 αὐτῶν
3135 2983 3234 3051 τὴν
3294 2981 3662 3050 προπέτειαν,

1971 3069 2091 3126 εἶτά
2120 3089 2252 3142 φησι
2285 3074 2421 3141 πρὸς
2448 3073 2648 3134 αὐτούς
2673 3087 2684 3101 ’
2719 3071 3035 3138 Μηδαμῶς,
3060 3068 3333 3135 ἀδελφοί.
3361 3069 3423 3118 Ὢ
3445 3067 3544 3137 τῆς
3565 3066 3660 3119 τοῦ

1969 3159 2177 3213 δικαίου
2234 3159 2644 3228 μακροθυμίας,
2686 3158 2731 3210 ὦ
2782 3156 3290 3226 ταπεινοφροσύνης
3354 3154 3656 3224 ὑπερϐολή.

1976 3246 2148 3298 Τοῦτο
2183 3246 2399 3314 ἀληθῶς
2431 3245 2632 3315 ἀρετὴ,
2656 3245 2715 3296 τὸ
2759 3245 2875 3312 μετ’
2909 3244 3212 3304 ἐπιεικείας
3256 3244 3371 3303 τοῖς
3401 3240 3666 3303 τοιούτοις

1977 3332 2407 3402 προσφέρεσθαι.
2469 3332 2655 3393 Οὐδεὶς
2710 3332 2820 3398 γάρ
2867 3330 2956 3381 τὸν
3024 3329 3285 3381 νοσοῦντα
3327 3326 3666 3397 θεραπεῦσαι

1974 3418 2316 3487 βουλόμενος,
2348 3419 2440 3469 καὶ
2471 3417 2562 3469 τὸν
2596 3419 2916 3485 μαινόμενον
2945 3417 3301 3488 σωφρονίσαι,
3326 3417 3462 3483 μετά
3488 3414 3665 3484 θυμοῦ

1972 3506 2064 3557 καὶ
2102 3507 2400 3576 αὐστηρίας
2447 3505 2602 3557 τοῦτο
2653 3507 2791 3556 ποεῖ.
2850 3505 3050 3556 Σκόπει
3108 3503 3236 3572 γὰρ,
3283 3501 3399 3564 πῶς
3432 3499 3559 3561 τοὺς
3595 3501 3668 3552 τὰ

1971 3590 2196 3644 τοιαῦτα
2243 3595 2580 3661 παρανομεῖν
2638 3592 2993 3660 βουλομένους
3037 3591 3303 3657 ἀδελφοὺς
3353 3587 3544 3651 καλεῖ,
3574 3587 3668 3640 tvo

1971 3679 2166 3749 τρέψαι
2196 3680 2390 3742 αὐτοὺς
2424 3678 2765 3747 βουλόμενος,
2824 3679 2919 3730 καὶ⁴
2965 3677 3288 3731 καθικέσθαι
3339 3674 3520 3729 αὐτῶν
3558 3672 3664 3742 τῆς

1975 3765 2351 3834 συνειδήσεως,
2387 3766 2477 3816 καὶ
2533 3765 2840 3834 ἀποστῆσαι
2880 3765 3076 3825 αὐτοὺς
3122 3766 3218 3834 τῆς
3263 3763 3666 3833 ἐπιχειρήσεως

1970 3852 2066 3921 τῆς
2105 3853 2321 3920 μιαρᾶς.
2355 3852 2670 3920 Μηδαμῶς,
2708 3851 2891 3921 φησιν,
2919 3851 3174 3919 ἀδελφοί
3209 3866 3221 3880 ·
3246 3849 3333 3918 μὴ
3364 3848 3668 3914 πονηρεύ-

1971 3942 2185 4004 σησθε.
2213 3939 2416 4006 Μηδὲν,
2454 3940 2607 4007 φησι,
2637 3938 2877 3990 τοιοῦτον
2911 3938 3223 4007 λογίσησθε,
3258 3936 3330 4005 μὴ
3361 3935 3461 4004 τὴν
3496 3951 3667 4002 πονη-

1978 4028 2074 4096 ρὰν
2115 4027 2320 4096 ταύτην
2352 4028 2550 4095 πρᾶξιν
2579 4028 2902 4096 ἐννοήσητε,
2950 4027 3083 4096 μηδέ
3132 4025 3231 4095 τὴν
3284 4023 3447 4092 φύσιν
3493 4021 3669 4089 αὐτὴν

1971 4113 2538 4182 παραδειγματίσητε,
2578 4113 2711 4182 μηδὲ
2764 4113 3037 4181 ἀθέσμους
3079 4113 3406 4180 ἐπινοήσητε
3437 4109 3611 4179 μίξεις
3650 4123 3665 4138 °

1976 4201 2089 4253 ἀλλ’
2130 4203 2175 4251 εί
2203 4203 2295 4253 καὶ
2332 4200 2588 4266 βούλεσθε
2619 4201 2718 4269 τῆς
2750 4200 2947 4269 μανίας
2987 4199 3143 4269 ὑμῶν
3182 4199 3274 4250 τὸν
3306 4197 3521 4267 οἶστρον
3563 4214 3669 4250 πα-

1980 4287 2421 4356 ραμυθήσασθαι,
2463 4287 2574 4353 ἐγὼ
2615 4287 2771 4338 τοῦτο
2834 4286 3093 4355 παρέξω,
3148 4286 3289 4338 ὥστε
3335 4284 3669 4353 κουφότερον

1975 4375 2129 4442 ὐμῶν
2162 4374 2415 4440 γενέσθαι
2445 4375 2504 4425 τὸ
2533 4374 2810 4442 τόλμημα.
2835 4373 2970 4425 Εἰσί
2983 4390 3079 4441 μοι
3102 4371 3212 4424 δύο
3242 4371 3585 4440 θυγατέρες,
3604 4370 3669 4420 a2

1974 4461 2085 4510 οὐκ
2111 4460 2387 4526 ἔγνωσαν
2417 4459 2666 4525 ἄνδρας.
2717 4459 2860 4523 Ἔτι,
2916 4461 3106 4525 φησὶν,
3149 4458 3367 4528 ἄπειροί
3414 4461 3518 4509 είσι
3554 4472 3671 4522 γα·-

1978 4546 2141 4614 μικῆς
2175 4546 2497 4608 συνουσίας,
2553 4546 2824 4614 ἀνέπαφοι
2866 4547 3260 4614 τυγχάνουσιν,
3310 4546 3367 4597 ἐν
3414 4545 3551 4615 αὐτῇ
3602 4547 3668 4614 τῇ

1974 4633 2125 4701 ἀκμῇ
2156 4631 2256 4700 τῆς
2290 4633 2505 4701 ἡλικίας
2524 4632 2651 4695 εἰσὶ,
2680 4633 2994 4702 λάμπουσαι
3017 4635 3081 4702 τῇ
3104 4632 3246 4702 ῶραο
3283 4630 3482 4695 ταύτας
3502 4634 3668 4683 πᾶσιν

1974 4718 2224 4780 ἐκδότους
2269 4718 2481 4788 δίδωμι,
2511 4721 2606 4771 καὶ
2656 4719 2857 4788 χρᾶσθε
2897 4721 3086 4782 αὐταῖς
3123 4720 3200 4781 ῶς
3234 4719 3458 4788 ἀρέσκει
3517 4719 3668 4787 ύμῖν.

1974 4805 2245 4867 Λαϐόντες
2273 4806 2463 4868 αὐτὰς,
2501 4806 2656 4876 φησὶ,
2684 4806 3011 4875 πληρώσατε
3057 4805 3212 4875 ὑμῶν
3248 4807 3328 4868 είς
3372 4805 3545 4866 αὐτάς
3571 4806 3671 4875 τὴν

1972 4891 2280 4959 ἀσέλγειαν,
2303 4895 2395 4946 καὶ
2426 4893 2776 4963 ἐμφορήθητε
2816 4895 2916 4963 τῆς
2944 4894 3239 4963 ἐπιθυμίας
3269 4893 3422 4962 ὑμῶν
3449 4895 3547 4963 τῆς
3573 4910 3672 4946 πο-

1977 4980 2168 5050 νηρᾶς.
2211 4982 2417 5034 Μόνον
2447 4984 2532 5045 εὶς
2563 4982 2702 5046 τοὺς
2743 4981 2973 5048 ἄνδρας
3002 4983 3256 5045 τούτους
3273 4981 3469 5048 μηδὲν
3507 4981 3674 5045 ποιή-

1975 5081 2128 5133 σητε
2153 5066 2382 5131 ἄδικον,
2422 5063 2493 5122 οὗ
2530 5068 2764 5119 εἵνεκεν
2819 5066 3118 5132 εἰσῆλθον
3141 5067 3260 5120 ὑπὸ
3281 5067 3397 5133 τὴν
3425 5068 3670 5136 σκέπην

1973 5153 2092 5206 τῶν
2112 5152 2310 5206 δοκῶν
2331 5172 2470 5222 μου.
2511 5154 2730 5225 Ἐπειδὴ
2761 5154 3090 5225 ἐϐιασάμην,
3111 5154 3297 5223 φησιν,
3317 5155 3539 5219 αὐτοὺς,
3569 5156 3666 5208 καὶ

1973 5242 2264 5310 εἰσήγαγον
2297 5241 2403 5292 ὐπὸ
2427 5240 2526 5304 τὰς
2547 5241 2738 5304 δοκούς
2780 5259 2901 5311 μου,
2921 5242 3008 5294 ἵνα
3046 5242 3120 5312 μὴ
3162 5242 3285 5308 ἐμοὶ
3312 5243 3590 5313 ἐπιγραφῇ
3633 5245 3668 5315 η

1975 5328 2056 5389 είς
2089 5327 2290 5390 αὐτοὺς
2323 5328 2584 5398 γινομένη
2617 5329 2933 5399 παρανομία
2953 5368 2968 5391 ,
3001 5329 3096 5380 καὶ
3126 5326 3239 5394 ἐγὼ
3279 5329 3461 5389 αὐτοῖς
3496 5329 3669 5393 αἴτιος

1971 5413 2072 5480 τῆς
2121 5412 2333 5484 ὕϐρεως
2366 5414 2571 5485 ταύτης
2621 5417 2898 5486 γένωμαι,
2947 5415 3036 5470 διὰ
3098 5414 3256 5468 τοῦτο
3310 5416 3451 5486 ὑπὲρ
3485 5416 3670 5471 αὐτῶν

1972 5499 2070 5560 τάς
2102 5499 2196 5551 δύο
2221 5517 2322 5570 μου
2339 5500 2645 5573 θυγατέρας
2667 5503 2881 5572 δίδωμι,
2904 5502 3043 5556 ὥστε
3056 5503 3279 5564 τούτους
3305 5502 3666 5572 ἐλευθερῶσαι

1973 5585 2080 5638 τῶν
2111 5587 2396 5658 ὑμετέρων
2410 5591 2628 5658 χειρῶν.
2655 5591 2803 5662 Πόση
2831 5590 2924 5643 τοῦ
2949 5591 3159 5644 δικαίου
3196 5591 3448 5661 ὴάρετής
3484 5593 3664 5644 πᾶσαν

1975 5673 2182 5744 ἀρετὴν
2213 5676 2524 5742 φιλοξενίας
2553 5678 2792 5747 ἐνίκησε.
2831 5680 2895 5732 Τί
2948 5680 3058 5749 γὰρ
3113 5679 3178 5732 ἄν
3225 5696 3311 5742 τις
3357 5678 3502 5731 είποι
3541 5681 3664 5732 κατ’

1979 5760 2138 5825 ἀξίαν
2164 5763 2262 5831 τῆς
2290 5764 2384 5817 τοῦ
2414 5764 2623 5818 δικαίου
2649 5767 2840 5818 τούτου
2871 5767 3293 5836 φιλοφροσύνης,
3323 5766 3380 5830 ὃς
3411 5767 3533 5818 οὐδὲ
3555 5767 3664 5819 τῶν

1979 5847 2297 5920 θυγατέρων
2323 5852 2612 5918 φείσασθαι
2646 5854 2926 5922 ἠνέσχετο,
2967 5855 3055 5907 ἵνα
3091 5853 3188 5923 τὴν
3218 5856 3298 5915 εἰς
3324 5855 3450 5916 τοὺς
3480 5854 3662 5919 ξένους

1977 5935 2146 6006 τιμὴν
2171 5937 2528 6010 ἐπιδείξηται,
2556 5943 2649 5995 καὶ
2673 5941 3015 6012 ἐλευθερώσῃ
3052 5942 3151 6010 τῆς
3180 5943 3531 6012 παρανομίας
3551 5944 3656 5998 τιύν

3153 6033 3194 6091 2
