4178 6328
231 474 361 547 dico)
380 474 611 532 omnino
638 474 849 549 ignotos
866 473 1102 547 eriperet
1120 473 1191 532 ah
1218 474 1506 547 impiorum
1534 481 1819 531 contume-

232 565 291 621 lia
316 582 330 620 :
358 580 459 623 nos
481 575 665 623 autem
692 566 939 623 videntes
952 579 1098 637 saepe
1116 565 1314 623 intres
1327 556 1545 623 nostros
1570 565 1624 621 in
1641 564 1817 636 ipsum

232 657 510 729 impietatis
538 658 887 729 profhndum,
922 666 979 715 et
1014 671 1182 730 prope
1236 658 1465 713 dixerim
1488 697 1505 723 ,
1535 655 1590 712 in
1636 654 1822 712 fauces

230 745 412 803 diaboli
452 747 671 816 cadere,
697 762 875 819 neque
898 761 1152 805 sermone
1190 761 1288 803 eos
1312 746 1618 817 dignamur,
1646 759 1821 816 neque

230 836 523 903 consulere,
556 852 734 908 neque
775 838 955 895 verbis
978 836 1302 900 admonere,
1328 845 1384 893 et
1407 837 1619 908 eripere
1643 852 1674 891 a
1699 851 1819 891 ma-

234 926 365 993 litia,
388 935 449 983 et
467 927 535 982 ad
561 927 820 984 virtutem
855 927 1239 985 manuducere.
1268 928 1495 997 Qualem
1523 928 1686 999 igitur
1717 929 1816 983 ha~

231 1016 463 1074 bebimus
489 1019 896 1076 excusationem
926 1059 941 1085 ,
988 1033 1112 1075 cum
1155 1019 1337 1090 iustus
1377 1033 1552 1090 neque
1606 1019 1819 1075 ﬁliabus

232 1116 417 1179 parcat,
444 1119 505 1164 ut
524 1109 795 1181 hospitum
825 1120 1007 1169 servet
1029 1126 1217 1167 curam
1241 1129 1255 1166 :
1279 1127 1381 1168 nos
1409 1120 1591 1170 autem
1621 1113 1694 1169 ita
1716 1113 1819 1169 im-

232 1197 645 1256 misericorditer
666 1215 791 1273 erga
807 1200 1004 1257 fratres
1030 1209 1242 1258 nostros
1265 1202 1583 1271 alliciamur,
1601 1211 1655 1260 et
1674 1216 1821 1273 sarpe

231 1286 406 1359 frigida
437 1289 527 1345 illa
566 1299 624 1347 et
669 1291 1021 1348 absurditatis
1046 1293 1206 1363 plena
1252 1292 1414 1349 verba
1445 1294 1820 1365 proferamus?

230 1377 355 1447 Quid
380 1381 565 1449 enim,
621 1381 837 1454 inquit,
891 1383 1024 1440 mihi
1066 1400 1191 1441 cum
1218 1400 1286 1442 eo
1325 1386 1650 1444 commune?
1686 1385 1819 1443 mihi

232 1484 327 1525 non
354 1478 438 1526 est
460 1486 627 1537 curae,
658 1473 791 1530 nihil
822 1475 955 1530 mihi
998 1476 1195 1547 negotii
1228 1492 1352 1534 cum
1372 1491 1458 1534 eo.
1483 1476 1623 1547 Quid
1642 1476 1778 1534 dicis
1797 1516 1817 1545 ,

234 1558 421 1615 homo?
450 1558 595 1617 Nihil
614 1564 709 1620 tibi
726 1578 1014 1623 commune
1039 1581 1165 1622 cum
1202 1568 1315 1624 eo?
1352 1567 1544 1625 Frater
1567 1576 1690 1625 tuus
1711 1578 1817 1638 est,

229 1649 458 1721 eiusdem
492 1661 671 1710 tecum
723 1664 949 1723 natura,
1006 1658 1109 1715 sub
1135 1658 1327 1716 eodem
1363 1662 1496 1717 estis
1549 1661 1814 1729 Domino,

233 1754 368 1814 sape
389 1745 557 1800 etiam
584 1746 828 1817 eiusdem
858 1750 1149 1821 participes
1174 1766 1397 1818 mensae,
1432 1751 1727 1824 spiritualis
1746 1754 1814 1809 il-

232 1832 356 1904 lius,
395 1838 638 1909 inquam,
670 1848 725 1895 et
757 1841 1034 1910 terribilis,
1065 1853 1121 1898 et
1154 1842 1291 1899 dicis
1321 1861 1336 1899 :
1366 1843 1513 1901 Nihil
1528 1859 1817 1903 commune

233 1924 394 1983 habeo
424 1944 550 1985 cum
574 1945 671 1998 eo;
696 1941 752 1988 et
779 1932 1281 1993 immisericorditcr
1308 1937 1572 2007 praeteris,
1612 1946 1669 1994 et
1707 1952 1816 1994 non

229 2016 443 2089 porrigis
468 2019 673 2090 iacenti
704 2037 923 2078 manum
939 2022 963 2076 2
981 2024 1049 2079 Et
1076 2023 1276 2082 Judmis
1297 2026 1515 2097 quidem
1536 2028 1625 2083 lex
1648 2029 1818 2099 impe-

232 2106 395 2177 tabat,
456 2125 530 2166 ne
600 2111 942 2170 inimicorum
979 2114 1129 2185 lapsa
1176 2115 1422 2187 iumenta
1484 2118 1820 2191 negligercnt

228 2195 413 2267 (Exod.
444 2201 540 2257 25.
564 2202 624 2273 5)
650 2220 665 2258 :
698 2211 755 2259 tu
775 2212 958 2261 autem
980 2204 1201 2263 fratrem
1215 2215 1363 2263 tuum
1390 2223 1421 2264 a
1438 2208 1653 2266 diabolo
1671 2224 1819 2280 saepe

227 2291 513 2347 sauciatum
534 2301 589 2350 et
622 2295 893 2366 iacentem
938 2313 1044 2354 non
1091 2314 1255 2370 super
1284 2308 1506 2371 terram,
1529 2301 1627 2361 sed
1654 2317 1820 2374 super

228 2382 420 2451 peccati
442 2383 761 2443 barathrum
796 2388 1010 2457 videns,
1038 2398 1128 2447 tua
1156 2390 1535 2449 exhortatione
1574 2409 1682 2449 non
1729 2410 1818 2451 re-

229 2472 407 2539 trahis,
437 2489 549 2531 non
570 2476 989 2536 admonitionem
1016 2489 1158 2536 tuam
1185 2481 1430 2551 adhibes,
1460 2498 1567 2539 non
1603 2485 1741 2541 alios
1762 2485 1819 2543 in

226 2564 474 2621 auxilium
522 2581 707 2637 vocas,
738 2576 800 2625 ut
823 2574 869 2626 si
899 2570 1016 2627 ﬁeri
1050 2573 1241 2643 possit,
1274 2588 1304 2628 a
1340 2573 1583 2632 faucibus
1628 2575 1819 2634 bestia:

227 2654 520 2711 membrum
544 2665 693 2713 tuum
719 2674 911 2717 eruere
926 2661 1136 2729 valeas,
1165 2673 1221 2721 et
1245 2665 1314 2720 ad
1340 2681 1494 2722 suam
1540 2666 1807 2725 reducere

228 2743 555 2804 nobilitatem
586 2765 600 2803 :
629 2759 689 2806 ut
738 2759 793 2807 et
842 2752 980 2823 ipse,
1032 2754 1077 2809 si
1102 2756 1320 2826 quando
1367 2757 1650 2823 cecideris,
1671 2757 1818 2830 quod

226 2834 392 2904 absit,
426 2838 481 2894 in
503 2839 727 2911 laqueos
752 2843 879 2898 mali
895 2844 1157 2901 damonis
1185 2847 1332 2902 illius
1352 2889 1367 2915 ,
1414 2849 1591 2919 possis
1616 2849 1818 2907 habere

226 2923 431 2996 aliquos
461 2929 555 2999 qui
579 2938 632 2985 te
654 2929 870 3001 iuvent,
903 2941 961 2989 et
987 2934 1218 2991 libarent
1243 2951 1272 2989 a
1298 2938 1548 2995 manibus
1579 2939 1818 2996 diaboli?

226 3013 313 3105 Sic
329 3025 383 3072 et
407 3017 611 3077 Paulus
634 3024 882 3081 excitare
913 3026 1102 3083 volens
1142 3027 1380 3097 Galatas,
1407 3039 1465 3086 ut
1492 3032 1606 3088 suis
1632 3033 1818 3105 provi-

225 3103 380 3164 deant
398 3111 687 3177 embris,
716 3113 890 3187 inquit
921 3133 935 3171 :
969 3116 1313 3174 Considerata
1346 3103 1664 3192 temetipsum
1693 3164 1711 3192 ,
1756 3140 1823 3182 tte

223 3206 340 3252 etta
363 3201 574 3255 tenteris
607 3201 803 3272 (Calas.
845 3204 902 3262 6.
957 3206 1014 3278 l)
1038 3224 1053 3261 :
1076 3209 1230 3280 quasi
1260 3209 1489 3277 diceret,
1522 3212 1583 3270 Si
1613 3214 1819 3287 absque

226 3289 696 3350 commiseratione
719 3303 776 3351 et
800 3294 1093 3355 inhumane
1119 3300 1341 3357 fratrem
1371 3306 1640 3374 praeteris,
1678 3306 1821 3365 forte

224 3386 275 3432 et
304 3389 375 3448 te,
406 3381 451 3437 si
468 3383 769 3451 cecideris,
796 3386 934 3443 alius
963 3388 1213 3447 similiter
1234 3394 1550 3462 preteribit.
1582 3396 1637 3453 Si
1658 3397 1822 3468 igitur

228 3471 306 3526 vis
338 3488 444 3529 non
485 3475 693 3547 despici
738 3480 913 3536 sicubi
957 3480 1155 3538 labaris
1176 3525 1193 3551 ,
1226 3499 1295 3541 ne
1343 3486 1460 3557 ipse
1503 3488 1819 3560 despexeris

224 3561 384 3618 alium
413 3566 546 3621 :sed
573 3582 822 3639 magnam
848 3584 963 3640 pm
996 3580 1049 3628 te
1069 3571 1151 3629 fer
1175 3573 1583 3647 benignitatem,
1610 3589 1666 3636 et
1702 3580 1820 3637 the-

225 3667 439 3735 sanrum
461 3658 631 3714 crede
660 3662 986 3731 maximum,
1014 3664 1060 3720 si
1095 3680 1318 3724 servare
1353 3671 1529 3739 possis
1574 3671 1816 3730 fratrem.

224 3742 357 3803 Nihil
387 3750 539 3805 enim
566 3750 693 3809 huic
732 3769 985 3826 umquam
1026 3772 1122 3828 par
1162 3758 1276 3815 ﬁeri
1330 3762 1548 3829 poterit,
1578 3764 1719 3835 quod
1748 3764 1819 3821 ad

226 3836 472 3895 virtutem
502 3843 719 3898 attinet.
746 3844 880 3900 Nam
921 3847 967 3902 si
1014 3848 1191 3905 solum
1247 3850 1571 3921 cogitaveris
1629 3853 1814 3923 illum,

224 3942 379 3999 quem
400 3930 641 4002 despicis
664 3943 720 3990 et
756 3936 1024 4006 praeteris,
1046 3952 1077 3993 a
1100 3937 1329 3995 Domino
1360 3950 1451 3997 tuo
1474 3951 1622 3998 tanto
1638 3944 1692 3999 in
1714 3945 1819 4001 hoc

230 4032 357 4077 nere
400 4020 649 4079 habitum
694 4025 881 4093 fuisse,
915 4036 976 4082 ut
1002 4038 1242 4099 ‘pr0pter
1272 4030 1446 4101 ipsum
1474 4047 1582 4089 non
1610 4033 1821 4107 refuge-

226 4109 290 4167 rit
311 4124 367 4169 et
388 4117 709 4188 sanguinem
733 4134 891 4175 suum
922 4119 1225 4190 eﬁ‘undere,
1252 4124 1393 4179 sicut
1418 4134 1475 4181 et
1498 4125 1695 4184 Paulus
1731 4129 1818 4185 di-

226 4202 335 4257 cit:
371 4203 441 4258 Et
471 4206 655 4275 peribit
704 4209 942 4278 infirmas
967 4213 1124 4282 frater
1167 4213 1221 4267 in
1252 4222 1338 4268 tua
1357 4216 1586 4283 scientia,
1615 4228 1823 4290 propter

223 4307 364 4365 pem
403 4294 644 4353 Christus
671 4309 897 4356 mortuus
920 4312 993 4356 est
1039 4302 1119 4374 (Ι.
1150 4303 1270 4359 Cor.
1297 4305 1353 4361 8.
1390 4306 1519 4378 il):
1550 4310 1822 4378 quomodo

225 4403 325 4447 non
368 4409 482 4462 prae
522 4389 732 4464 pudore
764 4391 868 4451 sub
898 4400 1041 4451 terra
1098 4402 1151 4454 te
1184 4393 1530 4452 abscondesi
1557 4398 1616 4454 Si
1659 4400 1823 4471 igitur

224 4491 439 4553 propter
469 4484 625 4539 illum
670 4484 914 4543 Christus
957 4490 1272 4561 sanguinem
1312 4485 1519 4561 effudit,
1547 4489 1674 4565 quid
1716 4506 1823 4552 ma-

221 4582 378 4639 gnum
406 4570 601 4641 facies,
633 4574 678 4629 si
712 4586 854 4630 tuam
884 4577 938 4631 in
963 4592 1085 4632 eum
1115 4578 1359 4635 declares
1388 4582 1820 4642 benevolentiam

222 4668 274 4716 ct
298 4663 680 4719 exhortatione
698 4668 982 4723 verborum
1008 4668 1277 4739 iacentem
1302 4672 1500 4743 erigas,
1518 4676 1820 4733 etanimam

221 4766 449 4811 mersam
479 4757 623 4813 forte
658 4766 713 4813 et
741 4759 1075 4815 submersam
1105 4762 1307 4817 referas
1336 4779 1401 4819 ex
1429 4765 1693 4834 profundo
1710 4784 1825 4822 ma-

222 4848 367 4915 litiae,
400 4858 461 4906 et
490 4850 627 4906 illud
654 4861 866 4924 satagas
886 4862 945 4908 ut
970 4854 1143 4909 videat
1173 4857 1386 4914 virtutis
1409 4857 1608 4928 lucem,
1633 4875 1701 4916 ac
1713 4876 1822 4917 non

221 4950 464 4994 recuth
491 4941 565 4995 ad
595 4941 850 5011 vitiorum
885 4944 1210 5014 caliginem?

287 5030 343 5084 5.
377 5029 673 5085 imitemur
696 5032 875 5102 igitur,
917 5036 1165 5102 obsecro,
1192 5036 1397 5106 justum
1430 5039 1619 5114 illum,
1671 5051 1727 5097 et
1778 5045 1822 5099 si

220 5119 643 5188 periclitandum
681 5122 842 5176 etiam
872 5122 1037 5178 fuerit
1066 5140 1165 5195 pro
1197 5129 1371 5183 salute
1410 5132 1661 5199 proximi,
1716 5148 1821 5190 non

223 5209 319 5268 hoc
345 5213 828 5285 snbterfugiamus.
856 5214 993 5271 Nam
1014 5218 1118 5272 tale
1143 5221 1439 5289 periculum
1467 5224 1621 5279 nobis
1637 5226 1824 5284 salutis

221 5302 375 5361 fuerit
394 5306 637 5373 occasio,
664 5307 995 5379 multamque
1021 5311 1329 5367 conciliabit
1374 5315 1645 5372 ﬁduciam.
1675 5319 1823 5375 Con-

221 5395 392 5453 sidera
421 5399 599 5463 enim,
632 5400 883 5465 obsecro,
929 5402 1204 5472 quomodo
1224 5404 1401 5476 iustus
1428 5409 1518 5463 ille
1538 5412 1636 5465 toti
1656 5427 1826 5483 popu-

224 5488 293 5557 lo,
329 5492 421 5562 qui
457 5492 533 5546 ita
561 5491 617 5546 in
641 5492 902 5548 malitiam
932 5494 1366 5565 conspiraverat,
1397 5513 1457 5553 se
1476 5504 1823 5574 opposuerit,

219 5591 272 5639 et
295 5598 551 5656 ntagnam
584 5584 927 5640 clementiam
974 5586 1411 5661 ineﬁ‘abilemque
1455 5592 1825 5651 fortitudinem

1206 360 1298 426 .lN
1333 360 1488 419 CAP.
1529 358 1677 418 XIX.
1715 356 1963 416 GENES.
2006 355 2242 417 ΗΟΙΙΙ...
2282 356 2469 416 XLIII.

3425 359 3533 418 ωε

1928 479 1987 527 et
2017 478 2128 527 tam
2171 469 2425 526 eximiam
2476 467 2987 538 mansuetudinem,
3041 483 3164 527 cum
3214 467 3400 528 verbis
3427 473 3542 525 suis

1924 561 2077 632 quasi
2102 559 2351 617 manibus
2365 558 2736 631 prostituisset
2753 558 2913 629 ﬁlias,
2937 559 3069 633 quid
3093 560 3280 618 dicunt
3293 559 3365 617 ad
3378 561 3541 617 eum?

1924 652 1982 709 9.
2008 652 2209 709 Recede
2255 651 2399 708 illuc.
2431 651 2477 708 0
2517 667 2736 724 gravem
2781 653 3137 710 ebrietatem!
3175 668 3211 711 o
3261 655 3539 725 ingentem

1927 742 2323 816 insipientiam!
2358 741 2415 799 In
2461 742 2605 798 hunc
2652 742 2872 799 modum
2901 758 2962 799 se
3009 744 3175 801 habet
3232 743 3457 801 eﬁ'erata
3483 754 3539 800 et

1927 834 2067 889 mala
2095 834 2266 891 bestia
2294 834 2731 904 concupiscentia
2756 852 2769 888 :
2797 835 3013 905 quando
3034 835 3300 891 rationem
3320 834 3538 901 vicerit,

1926 924 2061 981 nihil
2085 924 2345 981 decorum
2366 934 2422 981 et
2450 926 2735 982 honestum
2774 926 2960 983 videre
2987 926 3138 994 sinit,
3169 925 3268 983 sed
3292 927 3448 998 quasi
3483 926 3539 983 in

1926 1015 2171 1072 tenebris
2197 1025 2251 1071 et
2278 1030 2453 1086 pugna
2486 1026 2751 1071 nocturna
2776 1015 2957 1071 omnia
2983 1014 3129 1071 facit.
3167 1015 3363 1072 Recede
3386 1016 3534 1080 illnc,

1924 1105 2144 1162 dicunt:
2167 1107 2345 1161 venisti
2370 1116 2425 1161 ut
2453 1121 2587 1181 esses
2606 1106 2828 1175 advena,
2852 1108 3098 1180 numquid
3126 1108 3282 1163 etiam
3304 1115 3362 1168 att
3379 1107 3535 1178 judi-

1922 1197 2059 1252 cium
2088 1198 2291 1269 judices
2311 1197 2339 1251 1'
2364 1196 2506 1269 Ergo
2532 1214 2668 1253 nunc
2690 1208 2738 1253 te
2756 1198 3033 1270 «βῆσσαι
3062 1200 3249 1270 πειρῶ,
3279 1214 3438 1267 quant
3464 1198 3537 1253 il-

1925 1288 2021 1343 los.
2052 1288 2189 1345 Vide
2217 1288 2490 1360 quomodo
2513 1290 2692 1360 iustus
2713 1300 2995 1347 mansuete
3020 1304 3143 1345 cum
3159 1290 3240 1347 eis
3260 1290 3522 1361 loquitur.

1924 1378 2002 1435 illi
2038 1389 2220 1436 autem
2249 1392 2450 1451 quanta
2488 1380 2771 1438 ferocitate
2806 1381 3157 1454 respondent.
3207 1380 3368 1438 Enim
3401 1395 3536 1439 vero

1922 1470 2076 1542 quasi
2102 1485 2133 1526 a
2156 1470 2376 1528 diabolo
2413 1472 2692 1544 exagitati,
2734 1481 2792 1530 et
2814 1487 2885 1529 eo
2932 1473 3185 1530 ducatum
3213 1472 3529 1546 prabente,

1923 1563 1996 1619 ita
2018 1572 2208 1621 contra
2231 1563 2439 1635 iustum
2467 1564 2771 1636 insurgunt,
2802 1573 2861 1622 et
2882 1564 3070 1622 dicunt
3097 1581 3113 1620 :
3141 1563 3338 1622 Venisti
3358 1574 3413 1620 ut
3435 1564 3535 1619 ad-

1921 1669 2052 1709 vena
2078 1669 2231 1723 esses,
2259 1654 2510 1727 numquid
2532 1654 2686 1711 etiam
2704 1664 2760 1711 ttt
2789 1655 3046 1727 judicium
3061 1656 3316 1729 jndiees?
3342 1654 3531 1713 Adve-

1922 1759 2046 1801 nam
2103 1754 2176 1814 te,
2207 1744 2475 1816 inquiunt,
2514 1747 2851 1817 suscepimus
2882 1763 2897 1801 :
2923 1762 3051 1803 num
3071 1754 3127 1803 et
3151 1746 3317 1818 iudex
3345 1755 3536 1804 noster

1922 1849 1984 1892 es
2035 1834 2251 1891 factust
2291 1835 2338 1892 0
2378 1844 2677 1893 extremam
2746 1836 3188 1907 improbitatem!
3232 1835 3533 1909 Oportebat

1921 1928 2263 1995 erubescere,
2291 1927 2576 2000 oportebat
2595 1928 2831 1985 revereri
2851 1929 3133 1987 consilium
3146 1929 3277 2000 iusti
3302 1946 3318 1985 :
3340 1943 3530 1985 verum

1924 2019 2063 2075 sicut
2086 2020 2260 2076 insani
2282 2022 2443 2077 etiam
2468 2019 2738 2076 medicum
2780 2020 3044 2091 impetere
3065 2028 3351 2087 conantur,
3376 2020 3447 2074 ita
3473 2029 3535 2075 et

1924 2109 2002 2165 illi
2034 2126 2049 2164 :
2082 2109 2174 2177 Te,
2204 2112 2375 2177 aiunt,
2421 2111 2585 2189 magis
2612 2110 2910 2183 σωρίτην,
2939 2128 3095 2184 quam
3139 2112 3278 2168 illos.
3332 2110 3388 2168 Si
3420 2125 3529 2166 non

1923 2202 2026 2270 vis,
2048 2202 2218 2271 aiunt,
2246 2204 2411 2260 silere
2433 2212 2490 2259 et
2519 2204 2825 2275 quiescere,
2854 2204 3035 2261 disces
3052 2213 3103 2261 te
3120 2205 3419 2277 patrocinio
3436 2211 3532 2260 tuo

1922 2292 2058 2349 nihil
2085 2293 2230 2353 aliud
2254 2294 2596 2364 effecturum,
2624 2305 2984 2367 prmterquam
3031 2295 3177 2367 quod
3200 2295 3278 2352 illi
3307 2296 3529 2368 quidem

1920 2383 2221 2455 periculum
2242 2383 2524 2455 effugient,
2558 2393 2615 2439 tu
2633 2392 2813 2441 autem
2841 2385 2895 2440 in
2935 2386 3113 2457 ipsum
3140 2383 3371 2448 incides.
3412 2384 3529 2440 Fa-

1921 2475 2118 2531 ciebant
2144 2487 2311 2531 autem
2332 2479 2432 2532 vim
2459 2476 2557 2532 Lot
2586 2478 2752 2533 valde.
2776 2478 2913 2535 Vide
2932 2479 3135 2548 justum
3167 2478 3319 2535 illum
3346 2492 3526 2548 quan-

1923 2576 2032 2623 tam
2058 2567 2425 2623 fortitudinem
2459 2568 2734 2636 declarat,
2770 2577 2826 2625 et
2877 2578 3038 2625 tanta:
3064 2568 3393 2625 multitudini
3422 2583 3523 2639 op-

1921 2673 2124 2731 ponere
2152 2674 2213 2716 se
2259 2667 2444 2717 tentat.
2482 2659 2548 2714 Et
2588 2661 3151 2732 appropinquaverttnt,
3200 2660 3411 2732 inquit,
3470 2667 3529 2713 ut

1926 2758 2241 2805 contererent
2256 2752 2500 2822 ianuam.
2528 2750 2662 2807 Nam
2689 2753 2944 2821 quoniam
2977 2766 3315 2822 egressurus,
3342 2759 3398 2807 et
3425 2748 3526 2806 bo-

1926 2857 2045 2898 rum
2075 2842 2338 2898 insaniam
2360 2843 2663 2915 prazvidens
2688 2843 2883 2899 clausit
2909 2852 3029 2915 post
3056 2856 3119 2900 se
3143 2842 3386 2912 ianuam,
3418 2856 3527 2898 non

1923 2932 2158 2991 ferentes
2202 2933 2353 3004 impii
2390 2942 2448 2991 et
2493 2934 2709 2992 scelesti
2770 2935 2851 2992 illi
2902 2934 3326 2991 admonitionem
3368 2933 3526 3003 justi,

1924 3024 2097 3094 ipsum
2126 3026 2174 3080 vi
2201 3024 2539 3096 premebant,
2577 3035 2633 3081 et
2647 3025 2869 3095 ianuam
2915 3031 3199 3080 conterere
3227 3023 3529 3079 molieban-

1926 3122 2031 3169 tur.
2065 3114 2173 3172 Sed
2204 3114 2331 3187 quia
2357 3116 2615 3187 operibus
2641 3117 2774 3171 satis
2798 3115 3168 3172 demonstrata
3197 3113 3373 3169 fuerat
3392 3113 3525 3185 iusti

1924 3206 2114 3275 virtus,
2158 3217 2215 3263 et
2252 3207 2590 3280 hospitalitas
2625 3222 2754 3279 erga
2804 3222 2902 3264 eos
2930 3206 3021 3278 qui
3073 3206 3341 3278 peregrini
3366 3216 3526 3279 puta-

1924 3296 2138 3363 bantur,
2165 3313 2266 3354 nec
2308 3315 2415 3355 nou
2439 3308 2496 3354 et
2532 3298 2865 3369 conspiratio
2906 3297 3070 3355 totius
3097 3297 3281 3368 populi
3319 3298 3373 3353 in
3404 3312 3526 3352 ma-

1925 3387 2055 3454 lum,
2091 3396 2221 3443 tunc
2240 3398 2297 3444 et
2328 3389 2361 3443 ii
2392 3389 2484 3460 qui
2505 3388 2859 3455 advenerant,
2892 3387 3310 3444 manifestarunt
3346 3401 3426 3445 se.
3454 3386 3528 3445 Et

1925 3480 2051 3550 quia
2089 3480 2333 3537 viderant
2364 3480 2567 3551 iustum
2596 3494 2759 3537 omne
2784 3480 3025 3536 ofﬁcium
3048 3496 3203 3537 suum
3232 3480 3485 3552 implesse
3507 3519 3526 3546 ,

1924 3587 2078 3630 suam
2107 3573 2449 3629 declarantes
2498 3573 2813 3644 potentiam,
2836 3574 3111 3646 suppetias
3136 3573 3315 3629 ferunt
3337 3572 3488 3644 justo
3509 3611 3527 3639 .

1924 3663 2013 3720 cui
2044 3664 2127 3719 vis
2156 3662 2322 3718 ﬁebat
2346 3663 2418 3718 ab
2450 3663 2664 3719 illorum
2714 3663 2942 3719 insania.
2976 3662 3064 3718 l0.
3099 3661 3303 3732 Itaque,
3332 3664 3528 3733 inquit,

1924 3756 2018 3809 viri
2044 3755 2277 3810 manibus
2302 3757 2515 3811 extentis
2557 3763 2873 3811 attraxerant
2902 3754 3000 3810 Lot
3025 3755 3095 3810 ad
3113 3772 3169 3811 se
3196 3756 3249 3811 in
3274 3756 3482 3812 domum
3511 3797 3530 3823 ,

1923 3854 1972 3899 et
1986 3845 2209 3915 ianuam
2235 3845 2419 3900 ἄοικα
2449 3846 2739 3900 ctamrtmt
2760 3862 2782 3911 ;
2814 3847 2903 3902 ll.
2934 3846 3067 3902 viros
3086 3856 3258 3901 autem
3277 3847 3365 3918 qui
3389 3856 3535 3902 eram

1924 3935 2066 4009 apud
2092 3936 2313 4006 ianuam
2359 3944 2713 4005 percusserunt
2755 3936 2984 3991 eceitate
3025 3952 3059 3990 a
3089 3951 3246 4007 parvo
3270 3951 3427 4007 usque
3464 3936 3537 3991 ad

1924 4044 2189 4099 mgnum,
2215 4037 2265 4082 et
2288 4028 2523 4084 dissoluti
2540 4037 2659 4083 sunt
2675 4038 2956 4098 querentes
2974 4030 3217 4099 ianuam.
3244 4028 3407 4084 Vides
3424 4043 3536 4100 quo

1926 4128 2086 4189 pacto
2122 4119 2303 4189 iustus
2344 4118 2439 4175 ille
2468 4119 2651 4173 statim
2682 4119 3066 4189 hospitalitatis
3104 4119 3302 4190 accipit
3327 4134 3539 4175 merce-

1926 4210 2050 4265 dem
2074 4250 2090 4275 ,
2128 4216 2184 4266 et
2225 4208 2374 4280 impii
2434 4208 2515 4264 illi
2556 4209 2717 4279 digna
2770 4210 3077 4279 plectuntur
3138 4210 3343 4282 pana?
3386 4209 3531 4267 Dicit

1926 4298 2072 4355 enim
2104 4316 2117 4353 :
2147 4300 2476 4354 Attraxeratnt
2502 4298 2601 4353 Lot
2627 4300 2679 4353 in
2707 4299 2939 4368 domum,
2993 4311 3041 4355 et
3084 4302 3296 4367 ianuam
3324 4301 3526 4355 clause-

1927 4400 2048 4446 runt
2064 4406 2085 4457 ;
2108 4392 2243 4446 viros
2267 4400 2438 4445 autem
2483 4400 2843 4461 percusserant
2871 4392 3100 4446 cccitate
3140 4408 3171 4444 a
3200 4408 3353 4463 parvo
3373 4408 3535 4468 usque

1927 4483 1997 4543 ad
2017 4498 2282 4561 magnum,
2312 4490 2365 4542 et
2390 4476 2632 4541 dissoluti
2672 4497 2790 4541 sunt
2810 4497 3093 4557 quarentes
3112 4490 3359 4559 inrisam.
3389 4488 3534 4558 Quo-

1928 4580 2073 4635 niam
2099 4578 2300 4635 mentis
2328 4591 2517 4634 eorum
2561 4576 2754 4633 oculus
2793 4586 3099 4634 excaecatus
3148 4588 3287 4645 erat,
3318 4589 3540 4651 propter

1930 4673 2035 4730 hoc
2060 4680 2114 4728 et
2131 4672 2246 4728 visu
2276 4670 2467 4742 privati
2492 4677 2619 4726 sunt
2646 4686 2659 4724 :
2684 4677 2741 4726 ut
2762 4669 2973 4741 discant
2990 4670 3121 4727 nihil
3151 4670 3252 4727 sibi
3280 4671 3541 4742 prodesse

1928 4763 2238 4835 corporales
2266 4762 2453 4817 oculos
2478 4803 2494 4829 ,
2525 4761 2571 4816 si
2598 4759 2741 4816 oculi
2793 4761 2992 4817 mentis
3033 4760 3235 4817 fuerint
3259 4764 3538 4817 excaecati.

1932 4856 2001 4911 Et
2020 4855 2146 4926 quia
2170 4852 2623 4923 conspiraverant
2659 4852 2716 4908 in
2750 4852 2975 4919 malitia,
3007 4860 3064 4907 et
3109 4866 3139 4905 a
3171 4852 3315 4907 malo
3342 4862 3540 4907 conatu

1933 4963 2109 5019 neque
2130 4962 2289 5003 senes
2310 4960 2484 5016 neque
2514 4943 2742 5014 iuvenes
2785 4944 3151 5008 abstinebant,
3192 4942 3319 4998 ideo
3346 4956 3544 5000 omnes

1931 5039 2183 5095 excmcati
2213 5047 2338 5092 sunt
2369 5046 2462 5091 :et
2487 5051 2594 5091 non
2621 5035 2795 5091 solum
2825 5034 3102 5097 exwmti,
3133 5033 3230 5089 sed
3260 5042 3317 5089 et
3338 5033 3543 5091 viribus

1931 5130 2180 5201 corporis
2215 5128 2455 5184 destituti
2482 5134 2650 5181 sunt:
2683 5124 3118 5197 quandoquidem
3152 5124 3299 5181 enim
3330 5125 3542 5194 potitare

1934 5221 2168 5277 hominis
2198 5229 2353 5290 parte
2380 5217 2557 5273 anima
2593 5214 2862 5272 debilitati
2891 5226 3069 5281 erant,
3102 5214 3303 5273 idcirco
3336 5215 3543 5271 viribus

1934 5315 2098 5369 etiam
2146 5310 2391 5380 corporis
2419 5316 2546 5363 sunt
2586 5307 2946 5363 destituti:et
2995 5307 3088 5377 qui
3136 5306 3283 5376 prius
3320 5306 3541 5375 ianuam

1934 5416 2216 5460 conterere
2271 5401 2581 5457 nitebantur
2618 5398 2983 5469 adhibitisque
3032 5397 3193 5453 minis
3228 5411 3351 5452 cum
3393 5396 3544 5467 iusto

1933 5495 2308 5566 loquebantur,
2335 5491 2513 5548 subito
2532 5498 2800 5546 steterunt
2822 5478 3019 5545 luxa'tis
3038 5487 3317 5555 membris,
3341 5499 3395 5543 et
3417 5497 3546 5543 ante

1935 5589 2122 5645 oculos
2142 5587 2300 5642 sitam
2326 5584 2547 5656 ianuam
2582 5599 2687 5637 non
2713 5583 2973 5638 videntes.
3002 5580 3154 5636 Tunc
3181 5579 3335 5651 quasi
3366 5580 3545 5657 respi-

222 5690 419 5745 prtese
447 5675 664 5739 tulerit,
685 5677 931 5747 quamvis
976 5690 1154 5748 neque
1198 5678 1569 5754 siccorrigere
1591 5686 1828 5755 potuerit
1939 5683 2079 5740 tavit
2130 5681 2329 5751 iustus,
2377 5678 2566 5733 videns
2626 5676 2819 5748 quales
2884 5674 3128 5744 hospites
3194 5680 3422 5740 essent,
3486 5680 3543 5728 et

228 5767 544 5827 indomitam
568 5767 779 5826 illorum
805 5768 1091 5825 insaniam.
1118 5769 1324 5844 Quippe
1351 5783 1474 5845 post
1504 5776 1667 5834 verba
1693 5776 1785 5835 illa
1804 5815 1820 5847 ,

1939 5790 2099 5850 quam
2127 5788 2337 5847 magna
2374 5772 2607 5831 virtutis.
2642 5769 2729 5829 l2.
2774 5769 2989 5831 Etenim
3032 5767 3289 5827 Diserunt
3328 5767 3398 5823 ad
3426 5776 3542 5825 eum
