4178 6328
653 511 750 571 uiri
773 524 793 564 :
817 505 908 562 Est
936 505 1049 575 quis
1080 503 1177 558 tibi
1223 502 1304 556 hic
1357 517 1506 570 gener
1556 501 1632 553 vel
1681 499 1776 566 ﬁlii
1818 497 1894 552 vel
1942 497 2094 566 ﬁlice.
2146 499 2222 552 vel

643 601 789 654 ilius
819 597 1041 675 'qttis‘in
1087 590 1485 647 cioitateI«Vide
1516 589 1784 675 quomodo
1819 586 1946 656 justi
1991 586 2226 652 hospita-

646 692 861 746 ditatem
890 670 1270 748 remunerant,
1316 693 1375 738 et
1410 670 1676 753 quomodo
1723 681 1993 748 ei'langtr't
2043 679 2224 732 volunt

658 781 892 836 amnium
921 778 1156 832 omnium
1210 773 1543 829 saltuum-Si
1592 773 1710 842 quis
1744 780 1831 826 est
1871 773 1962 824 tibi
1987 811 2004 832 ,
2036 770 2222 836 inquit,

650 871 716 924 .in
770 873 984 922 civitate
1012 909 1027 932 ,
1080 870 1122 920 si
1163 880 1319 935 quem
1358 879 1572 919 servare
1621 864 1790 929 cupis,
1842 862 1884 914 si
1921 875 2076 929 quem
2121 862 2226 912 scis

657 961 726 1014 ab
758 960 977 1014 istorum
994 952 1672 1019 crimine-alienum,-E¢luc
1719 967 1783 1004 ea:
1817 950 1928 1002 'hoc
1980 949 2088 1002 loco
2114 988 2129 1013 ,
2175 957 2228 1000 (ι

648 1049 726 1102 de
782 1060 956 1110 tera;
1021 1060 1207 1099 omnes
1260 1039 1366 1113 qui
1394 1043 1486 1096 tibi
1539 1041 1706 1109 juncti
1742 1048 1883 1092 sunt
1918 1037 2065 1092 ‘educ
2094 1038 2226 1091 ΜΖ).

646 1136 929 1191 -Perditnus
975 1136 1110 1187 enim
1157 1133 1457 1187 nosulocttm
1505 1131 1673 1183 hunc:
1690 1129 1894 1182 Deinde
1919 1137 1970 1180 et
2015 1141 2229 1179 causam

652 1227 1173 1296 adieruntgjnstum
1225 1225 1402 1280 ornatis
1449 1222 1733 1292 diligenter
1759 1223 2036 1276 docentes.
2099 1221 2232 1285 Quia

657 1318 908 1371 exaltatus
980 1327 1075 1380 est,
1152 1317 1349 1383 inquit,
1394 1314 1587 1366 clamor
1631 1329 1803 1364 eorum
1849 1327 2017 1363 coram
2058 1309 2234 1364 Domi-

658 1425 762 1472 no,
820 1418 866 1459 ct
904 1407 1035 1460 misit
1070 1422 1164 1460 nos
1223 1385 1470 1460 Dominus
1502 1414 1558 1457 ut
1599 1414 1930 1456 extereremus
1973 1417 2075 1454 eos.
2124 1401 2234 1456 Hoc

657 1508 774 1553 erat
811 1498 951 1567 quod
1011 1497 1286 1552 dicebatur
1326 1496 1640 1564 patriarcha
1697 1494 1924 1548 Abrahae
1974 1510 1987 1546 :
2033 1493 2236 1547 Clamor

661 1587 1001 1642 Sodomorum
1044 1597 1090 1640 et
1132 1585 1428 1639 Gomorrhtr
1464 1585 1826 1653 multiplicatus
1850 1593 1921 1636 est
1955 1584 2095 1651 apud
2137 1596 2232 1636 me.

663 1677 933 1732 Exaltatus
975 1688 1067 1738 est,
1118 1675 1309 1746 inquit,
1366 1661 1559 1728 clamor
1586 1691 1759 1728 eorum
1803 1691 1974 1728 coram
2020 1673 2237 1727 Domino

663 1767 812 1836 (Gen.
845 1767 931 1823 l8.
961 1768 1076 1838 eo).

732 1862 785 1916 Β.
815 1860 1044 1916 Grandis
1077 1857 1441 1928 perversitatis
1480 1873 1664 1914 eorum
1695 1858 2021 1927 magnitudo,
2059 1865 2122 1912 et
2151 1857 2236 1912 id-

663 1952 828 2018 circo,
857 1951 977 2020 quia
1008 1949 1309 2004 incurabiiis
1339 1950 1573 2012 morbus.
1606 1960 1659 2004 et
1688 1951 1878 2005 vulnus
1899 1950 2010 2003 hoc
2040 1949 2239 2003 nullam

662 2052 847 2095 curam
868 2041 1082 2108 recipit,
1099 2039 1247 2093 misit
1273 2052 1369 2093 nos
1389 2039 1638 2093 Dominus
1657 2049 1711 2092 ut
1733 2049 2095 2093 extereremus
2123 2053 2236 2092 eos.

664 2129 732 2184 Et
760 2129 861 2184 boc
887 2138 969 2184 est
991 2129 1130 2199 quod
1153 2129 1362 2184 dicebat
1388 2130 1548 2183 David
1575 2148 1586 2181 :
1608 2130 1718 2196 ‘Qui
1747 2131 1868 2200 facit
1894 2131 2099 2199 angelos
2125 2147 2240 2182 suos

665 2222 892 2288 spiritus,
934 2230 978 2273 et
1005 2222 1258 2274 ministros
1296 2236 1411 2275 suos
1440 2221 1699 2290 ﬂammam
1727 2221 1857 2290 ignis
1894 2221 1910 2289 (
1939 2219 2084 2273 Psal.
2119 2221 2238 2274 105.

666 2310 748 2377 4).
777 2310 930 2376 Quia,
963 2312 1148 2379 inquit,
1180 2310 1490 2365 advenimus
1517 2311 1582 2365 ad
1611 2311 1746 2364 hanc
1769 2311 2036 2378 regionem
2060 2310 2244 2364 delen-

665 2401 788 2454 dam
842 2403 1096 2471 (propter
1142 2402 1392 2456 malitiam
1441 2401 1581 2455 enim
1632 2400 2034 2455 inhabitantium
2084 2402 2243 2455 etiam

668 2501 807 2546 terra
837 2507 1044 2560 pinnam
1071 2492 1634 2562 accipiet),'egredere
1659 2503 1715 2545 tu
1736 2491 1889 2546 'hinc.
1920 2492 2044 2545 Haec
2071 2500 2127 2544 ut
2153 2507 2244 2544 au-

668 2581 804 2635 divit
823 2583 1016 2650 justus,
1040 2593 1093 2637 et
1114 2584 1294 2637 didicit
1318 2599 1530 2637 causam
1559 2576 1773 2653 prepter
1798 2598 1953 2653 quam
1985 2583 2247 2637 affuerunt

667 2673 767 2725 viri
800 2673 1027 2741 quidem,
1063 2683 1119 2728 ut
1161 2675 1504 2742 apparebant,
1549 2675 1720 2743 angeli
1761 2685 1936 2728 autem
1968 2689 2152 2728 revera
2193 2682 2248 2728 et

668 2762 893 2816 ministri
916 2764 1006 2817 Dei
1033 2764 1287 2826 omnium,
1318 2766 1404 2818 i4.
1429 2763 1677 2835 Egressus
1704 2763 1797 2817 Lat
1815 2765 2054 2830 loquutus
2079 2773 2247 2834 est-ge-

669 2860 799 2905 neris
827 2854 948 2916 suis,
974 2855 1060 2917 qui
1083 2864 1376 2920 acceperant
1401 2856 1534 2922 [ilius
1564 2873 1690 2924 ejus.
1720 2856 1871 2925 Atqui
1900 2870 2060 2923 Supra
2091 2855 2242 2910 dice-

668 2943 760 2997 bat
800 2944 972 3012 impiis
1020 2946 1141 3012 illis,
1184 2947 1314 3000 Ecce
1348 2948 1473 3000 duas
1509 2949 1642 3015 ﬁlias
1675 2947 1848 3012 habeo,
1873 2964 1986 3015 quae
2024 2948 2247 3001 nondum

673 3047 1008 3104 cognoverunt
1037 3039 1166 3091 viros
1192 3055 1210 3092 :
1235 3041 1501 3107 quomodo
1544 3042 1700 3108 igitur
1726 3041 1812 3096 hic
1847 3042 1992 3103 dicit,
2042 3040 2246 3093 Generis

665 3127 792 3190 suis,
816 3128 897 3192 qui
927 3140 1217 3196 acceperant
1238 3131 1369 3197 ﬁlias
1397 3132 1540 3199 ejus?
1565 3131 1640 3184 Ne
1666 3141 1818 3199 putes
1841 3133 2103 3185 contraria
2130 3146 2248 3186 esse

669 3215 786 3268 luce
819 3217 942 3278 illis,
976 3233 1092 3286 qua:
1120 3223 1361 3287 superius
1391 3236 1419 3273 a
1455 3221 1598 3289 justo
1626 3230 1751 3275 sunt
1777 3221 1933 3275 dicta.
1969 3222 2079 3275 Mos
2105 3224 2244 3275 enim

668 3307 759 3361 ille
788 3309 1051 3362 veteribus
1073 3321 1206 3373 erat,
1237 3322 1360 3366 ante
1385 3313 1607 3365 multum
1639 3321 1845 3383 tempus
1871 3315 2134 3382 sponsalia
2168 3315 2245 3366 fa-

667 3412 826 3454 cere:
856 3415 997 3468 saepe
1028 3401 1152 3454 item
1179 3414 1230 3455 et
1255 3405 1559 3459 cohabitare
1587 3406 1919 3474 desponsatis
1939 3448 1952 3470 ,
1993 3416 2048 3461 et
2089 3407 2244 3460 simul

666 3503 788 3541 cum
835 3491 1139 3556 parentibus
1176 3495 1416 3548 versari:
1447 3495 1496 3549 id
1537 3496 1677 3564 quod
1719 3507 1771 3551 et
1802 3513 1941 3551 nunc
1983 3497 2162 3550 multis
2194 3499 2243 3550 in

662 3575 804 3631 locis
851 3579 963 3632 ﬁeri
1013 3580 1168 3635 solet.
1215 3583 1345 3646 Quia
1387 3584 1542 3651 igitur
1566 3586 1674 3652 jam
1724 3586 2064 3654 desponsatio
2107 3587 2244 3640 facta

664 3674 802 3731 erat,
839 3667 963 3721 ideo
991 3678 1144 3723 vocat
1172 3685 1264 3724 eos
1289 3683 1599 3739 generos-et
1620 3671 1779 3738 “dicit,
1811 3674 1910 3740 Qui
1951 3685 2244 3745 acceperant

665 3755 804 3822 ﬁlias
829 3757 958 3825 ejus,
994 3762 1263 3828 proposito
1290 3763 1532 3818 videlicet
1559 3778 1621 3817 ac
1651 3773 1834 3820 mutuo
1858 3781 2142 3821 consensu.
2177 3766 2245 3820 Et

657 3842 790 3897 'dicit
816 3861 835 3898 :
862 3847 1086 3916 Surgite,
1110 3860 1156 3902 et
1186 3853 1311 3905 exite
1335 3854 1395 3904 de
1424 3855 1516 3906 hoc
1545 3856 1654 3907 loco
1678 3873 1695 3908 :
1723 3857 1840 3924 quia
1860 3859 2039 3911 exterit
2063 3857 2246 3912 Domi-

659 3937 1057 3992 stus-civitatem.
1078 3939 1242 3995 ιῑτίειη
1266 3951 1336 3994 est
1361 3953 1526 3996 autem
1554 3944 1940 4016 ﬁdicula'loqni
1955 3965 2126 4002 caram
2153 3967 2242 4020 ge-

669 4025 804 4078 neris
831 4028 953 4080 suis.
994 4029 1121 4082 Vide
1149 4032 1413 4096 quomodo
1441 4050 1472 4088 e
1501 4035 1760 4088 malo-illo
1790 4035 2051 4091 fermento
2092 4050 2246 4095 erant

671 4123 725 4166 et
756 4115 858 4167 isti.
892 4118 954 4170 Et
982 4130 1262 4185 propterea
1286 4123 1470 4177 volens
1498 4125 1635 4178 Deus
1661 4126 2020 4181 cito'iiberare
2041 4128 2242 4197 justum

669 4202 738 4255 ab
766 4204 973 4259 illorum
995 4208 1271 4274 afﬁnitate,
1305 4227 1407 4264 non
1436 4215 1676 4281 permisit
1696 4225 1751 4268 ut
1777 4218 2247 4274 commiseerentur

671 4307 789 4347 cum
820 4296 1023 4352 tiliabus
1045 4299 1171 4367 justi
1197 4318 1210 4353 :
1234 4304 1328 4356 sed
1352 4319 1470 4357 cum
1510 4307 1682 4373 impiis
1707 4309 1866 4361 etiam
1906 4309 2025 4363 illos
2062 4311 2242 4380 perdi-

668 4384 765 4449 dit,
798 4397 856 4440 ut
893 4403 1139 4456 egressus
1161 4392 1335 4460 justus
1376 4411 1494 4448 cum
1529 4397 1732 4452 ﬁliabus
1767 4399 2021 4467 effugeret
2058 4417 2244 4456 eorum

662 4479 1060 4543 cognationem.
1103 4481 1280 4551 itaque
1319 4500 1436 4538 cum
1467 4486 1709 4540 audirent
1736 4503 1766 4541 a
1802 4490 1944 4556 justo
1979 4493 2246 4547 terribiles

671 4562 790 4618 illas
815 4568 1006 4633 minus,
1035 4572 1632 4639 quasi-subsannabant,
1660 4586 1714 4630 et
1747 4579 1996 4646 putabant
2040 4580 2242 4634 delira-

673 4662 849 4706 utet-ta
874 4669 992 4710 esse
1017 4674 1132 4724 qtae
1153 4659 1481 4715 dicebantur.
1515 4664 1887 4721 Verumtamen
1904 4667 2079 4737 justus
2101 4658 2246 4739 quod.

671 4757 825 4798 suum
851 4756 967 4800 erat
988 4748 1226 4817 faciebat,
1254 4763 1307 4807 et
1332 4754 1449 4821 quia
1475 4757 1639 4810 semei
1671 4757 1772 4811 illis
1801 4758 1933 4812 illius
1954 4760 2245 4829 desponsa-

671 4843 772 4898 rat,
803 4837 966 4891 voluit
988 4843 1197 4907 eripere
1223 4858 1314 4896 eos
1348 4860 1375 4896 a
1401 4847 1659 4920 supplicio
1689 4867 1703 4902 :
1735 4858 1790 4901 at
1819 4849 1892 4902 illi
1923 4850 2199 4908 noluerunt
2225 4897 2242 4922 ,

667 4928 765 4982 sed
796 4930 845 4983 in
875 4933 1108 4986 moribus
1134 4937 1242 4988 suis
1281 4951 1610 5005 manserunt,
1641 4950 1707 4995 let
1727 4944 1911 5013 reipsa
1951 4945 2247 5005 didicerunt

670 5032 730 5071 se
776 5035 966 5088 magno
1004 5038 1098 5076 suo
1139 5026 1333 5080 damno
1368 5031 1644 5085 consilium
1683 5032 1811 5100 justi
1856 5037 2122 5105 rejecisse.
2158 5042 2244 5095 t5.

676 5107 778 5161 libi
801 5122 985 5177 autem,
1019 5116 1204 5182 inquit,
1229 5134 1375 5170 mane
1399 5120 1584 5187 factum
1614 5132 1704 5188 est,
1745 5128 1969 5181 studiose
1993 5131 2247 5185 adhortati

670 5209 789 5253 sunt
810 5203 974 5270 angeli
1001 5202 1124 5265 Lat,
1153 5205 1371 5261 dicentes
1399 5225 1417 5262 :
1443 5208 1624 5280 Surge,
1652 5215 1824 5283 accipe
1850 5234 2055 5272 uxorem
2083 5230 2240 5286 tuam,

669 5299 717 5341 et
741 5291 873 5383 [ilius
902 5293 1048 5358 duas,
1080 5311 1202 5362 quas
1228 5297 1397 5362 habes,
1421 5310 1467 5354 et
1494 5304 1591 5367 exi,
1618 5313 1672 5356 ut
1697 5323 1758 5358 ne
1781 5317 1827 5359 et
1856 5317 1908 5360 tu
1929 5326 2039 5363 cum
2061 5312 2246 5383 iniqui-

670 5381 851 5471 tatibus
875 5385 1087 5438 cioitalis
1124 5403 1316 5471 pergas.
1345 5390 1432 5445 i6.
1465 5391 1532 5445 Et
1575 5395 1759 5448 turbati
1797 5408 1930 5452 sunt.
1955 5399 2030 5455 Ne
2072 5381 2244 5469 ὤσειν,

657 5470 839 5539 "inquit
862 5489 875 5525 :
895 5473 1003 5541 jam
1018 5476 1159 5530 enim
1185 5470 1288 5532 illis
1304 5481 1562 5546 pernicies
1585 5484 1863 5554 inﬂigenda
1882 5497 1963 5544 est
1983 5507 1997 5544 :
2023 5491 2246 5561 teipsnm

673 5561 829 5629 igitur
867 5572 922 5616 et
950 5581 1170 5621 uxorem
1215 5579 1269 5622 et
1296 5569 1430 5624 ﬁlias
1457 5587 1629 5628 serva.
1659 5574 1735 5630 illi
1774 5580 1918 5632 enim
1945 5583 2033 5649 qui
2062 5583 2247 5638 nolue-

672 5662 799 5706 runt
820 5655 1164 5739 admonitioni
1195 5667 1298 5715 tua:
1325 5676 1534 5731 parere,
1571 5680 1675 5720 non
1702 5667 1857 5740 longe
1881 5680 2001 5739 post
2027 5674 2244 5740 partici-

667 5757 934 5822 peserunt
948 5735 1244 5812 communis
1273 5754 1538 5816 interitus.
1559 5756 1634 5815 Ne
1651 5735 1995 5835 igiturdill'er,
2013 5735 2070 5820 ut
2095 5776 2162 5822 ne
2186 5777 2240 5826 et

1366 391 1423 451 8.
1461 389 1734 448 JOANNIS
1768 381 2244 445 CHRYSOSTOMI
2285 382 2600 440 ARCIIIEP.
2640 383 3166 444 CONSTANTINOP.

3751 383 3758 392 ‘
3819 375 3929 434 ιοι

2334 503 2448 564 ipse
2472 497 2847 552 internecionis
2868 499 3092 554 istorum
3117 498 3396 568 impiorum
3415 499 3682 572 particeps
3707 499 3823 556 ﬁas.
3856 497 3924 552 Et

2335 587 2519 640 turbati
2548 599 2686 654 sunt,
2720 601 2774 644 ut
2805 589 2919 644 haec
2958 591 3243 645 audierunt
3269 589 3368 645 Lot
3407 601 3462 647 et
3488 607 3623 646 uxor
3663 603 3719 649 et
3761 592 3922 657 filiae;

2332 675 2545 732 Turbati
2577 691 2711 744 sunt,
2755 682 2941 750 inquit,
2975 681 3074 734 hoc
3103 691 3208 747 est,
3238 678 3445 736 attoniti
3492 681 3728 756 (uerunt,
3767 694 3933 752 atque

2300 769 2388 822 in
2436 771 2653 825 nimium
2709 789 2958 840 pavorem
3010 774 3347 840 inciderunt,
3397 784 3713 846 et‘propter
3755 777 3931 830 minas

2336 862 2675 916 anxii-fuere.
2722 863 2786 916 Et
2816 863 2936 917 ideo
2962 864 3161 932 Angeli,
3192 880 3376 919 eumn
3398 876 3616 936 agentes
3652 865 3805 935 justi,
3835 881 3933 934 ap-

2339 953 2726 1022 prehendrrunt,
2751 952 2939 1020 inquit,
2965 969 3169 1006 manum
3195 953 3465 1024 ejus.'.lam
3494 971 3597 1009 non
3622 965 3679 1009 ut
3701 954 3772 1008 'de
3797 954 3933 1007 viris

2340 1043 2572 1111 lnqttitnr
2609 1044 2676 1096 de
2700 1045 2777 1097 eis
2804 1043 3078 1113 Scriptura
3109 1045 3308 1108 divina,
3335 1047 3428 1100 sed
3459 1047 3582 1114 quia
3616 1047 3821 1116 plagam
3854 1048 3934 1099 itt-

2337 1131 2529 1184 ﬂicturi
2549 1141 2720 1197 erant,
2745 1134 2963 1202 angelos
2983 1149 3080 1187 eos
3113 1136 3348 1188 nominat
3368 1133 3564 1189 et'dicit
3587 1154 3599 1186 :
3631 1137 3937 1206 Appre'hen-

2339 1223 2514 1274 derunt
2531 1239 2734 1275 manum
2753 1227 2879 1292 ejus,
2901 1234 2946 1276 et
2960 1240 3162 1277 manum
3179 1227 3351 1278 ua'oris
3363 1227 3494 1292 ejus,
3513 1235 3560 1278 et
3581 1242 3784 1278 manum
3811 1226 3942 1284 ﬁlia-

2338 1328 2450 1364 rum
2463 1314 2653 1381 ejus,eo
2669 1315 2800 1382 quod
2815 1315 3097 1383 parceretei
3116 1314 3656 1370 Dominus.Fidui:iam
3671 1316 3941 1370 addebant

2339 1401 2675 1454 eismanuum
2690 1412 2934 1456 contactu
2947 1413 3002 1456 et
3014 1403 3396 1458 roboraverunt
3407 1419 3592 1458 eorum
3608 1405 3866 1469 animum,
3883 1413 3940 1458 ut

2341 1508 2408 1546 ne
2447 1494 2605 1546 timor
2627 1508 2810 1546 eorum
2837 1494 3153 1548 dissolveret
3185 1496 3382 1559 robur;
3412 1506 3691 1564 propterea
3719 1496 3937 1563 adjecit,

2341 1581 2422 1635 Eo
2438 1583 2815 1652 quod-parceret
2844 1586 2890 1638 ei
2906 1583 3172 1637 Dominus.
3203 1586 3336 1650 Quia
3352 1587 3492 1639 enim
3516 1584 3939 1654 Dominusjndi-

2340 1674 2481 1726 cavit
2508 1688 2629 1726 eum
2663 1675 2838 1728 salute
2864 1674 3104 1743 dignum,
3150 1676 3348 1730 idcirco
3373 1685 3425 1729 et
3471 1676 3642 1745 angeli
3690 1677 3938 1732 volentes

2344 1779 2528 1818 eorum
2559 1766 2795 1818 animum
2839 1766 3114 1830 roburare,
3149 1782 3363 1820 manum
3395 1782 3580 1820 eorum
3631 1766 3939 1834 apprehen-

2342 1854 2494 1919 dunt,
2530 1856 2617 1909 17.
2654 1855 2715 1908 Et
2744 1857 3007 1909 educentes
3031 1873 3112 1911 eos
3139 1859 3297 1927 foras,
3325 1860 3560 1911 dixerunt
3588 1874 3606 1912 :
3636 1858 3796 1912 Salva
3816 1859 3933 1911 atii-

2343 1961 2480 1997 snam
2507 1957 2643 1998 tuam
2668 1963 2686 1998 :
2712 1962 2774 1998 ne
2791 1947 3034 2014 respicias
3061 1958 3172 2015 post
3201 1959 3393 2017 tergum
3428 1967 3441 2001 :
3473 1965 3535 2001 ne
3561 1958 3658 2002 stes
3698 1949 3750 2000 in
3799 1947 3940 2002 omni

2347 2036 2455 2088 loco
2479 2051 2568 2105 per
2595 2037 2858 2088 circuitum
2892 2054 2910 2089 :
2945 2039 2998 2090 in
3027 2049 3242 2091 montem
3275 2041 3467 2092 salvum
3499 2044 3682 2110 te‘fac,
3713 2055 3777 2092 ne
3808 2040 3944 2108 [om

2345 2127 2497 2180 simul
2519 2128 2808 2198 abripiaris.
2838 2127 3106 2194 Quoniam
3126 2114 3492 2185 liberamus-ite
3522 2131 3588 2183 ab
3614 2131 3791 2199 impiis
3807 2130 3940 2195 illis,

2345 2219 2537 2288 inquit,
2575 2237 2640 2275 ne
2685 2221 2821 2274 ultra
2849 2223 3246 2291 circumspicias
3288 2231 3412 2292 post
3438 2230 3683 2289 tergum,
3718 2237 3783 2276 ne
3811 2221 3945 2275 veiis

2347 2313 2528 2367 videre
2557 2329 2675 2383 qua:
2716 2315 2817 2367 illis
2847 2323 3103 2369 eventura
3143 2323 3285 2377 sunt,
3309 2314 3406 2367 sed
3453 2313 3640 2367 l'estina
3668 2322 3723 2367 et
3759 2313 3945 2382 procul

2349 2417 2525 2473 perge,
2560 2413 2615 2456 ut
2635 2403 2865 2472 ell'ugere
2894 2417 3058 2472 queas
3080 2403 3393 2471 pcenam'eis
3419 2400 3946 2470 inﬂigendatn.'Esin

2345 2493 2518 2561 justus
2550 2494 2759 2550 timens.
2787 2508 2852 2546 ne
2895 2492 3028 2546 forte
3059 2507 3162 2545 non
3194 2501 3373 2560 posset
3403 2492 3735 2560 designatum
3768 2491 3836 2544 ab
3863 2491 3948 2544 eis

2351 2587 2526 2638 lnenm
2553 2583 2798 2652 assequi,
2831 2591 2884 2637 et
2912 2584 2960 2635 in
2992 2592 3230 2635 montem
3258 2582 3554 2650 pervenire,
3600 2583 3770 2650 inquit
3803 2582 3944 2635 :18.

2355 2672 2478 2738 Oro,
2505 2673 2739 2736 Domine,
2773 2673 2857 2727 l9.
2887 2673 3002 2742 quia
3032 2673 3215 2724 invenit
3247 2689 3371 2740 puer
3399 2681 3515 2724 tuus
3544 2671 3947 2725 miscricordiam

2350 2781 2520 2818 coram
2561 2773 2625 2830 te,
2673 2775 2718 2817 et
2748 2765 3086 2832 magniﬁcasti
3119 2765 3374 2832 justitiam
3417 2775 3574 2828 luant,
3617 2780 3768 2832 quam
3815 2764 3947 2831 fucis

2349 2873 2560 2921 mecum,
2591 2867 2644 2909 ut
2671 2858 2800 2909 vivat
2825 2856 2995 2908 anima
3023 2872 3132 2909 mea
3155 2871 3172 2908 :
3202 2872 3292 2924 ego
3317 2865 3483 2908 autent
3512 2873 3610 2908 non
3640 2866 3812 2924 potero
3836 2857 3948 2909 sal-

2350 2949 2456 2999 vari
2479 2948 2529 2998 in
2555 2959 2739 3010 monte,
2764 2962 2826 2998 ne
2841 2946 3237 3012 'apprehendant-
3251 2963 3328 2998 me
3357 2947 3510 3005 mala.
3543 2959 3586 2998 et
3611 2948 3818 2999 moriar.
3849 2946 3946 3001 20.

2349 3038 2487 3090 Ecce
2510 3037 2681 3089 civitas
2701 3037 2803 3089 ista
2834 3053 3008 3106 prope,
3039 3039 3106 3090 ad
3135 3054 3286 3105 quam
3315 3039 3607 3108 confugiam
3639 3055 3752 3108 ego,
3780 3030 3948 3106 parva

2347 3139 2421 3182 est
2455 3131 2467 3159 ¹
2492 3146 2506 3193 ;
2533 3129 2600 3181 ibi
2627 3127 2878 3193 seruabor,
2913 3139 2957 3181 et
2977 3131 3103 3182 vivet
3133 3130 3303 3182 anima
3333 3146 3443 3181 mea
3478 3141 3682 3198 propter
3713 3142 3777 3182 te.
3808 3131 3946 3196 Quia

2350 3221 2514 3282 enim,
2562 3221 2753 3287 inquit,
2795 3221 2960 3273 semel
2992 3221 3316 3275 .decrevistis
3362 3220 3589 3274 salutem
3633 3221 3763 3274 mihi
3813 3236 3948 3275 cnn-

2353 3313 2512 3374 ferre.
2557 3311 2848 3366 ascendere
2875 3321 3054 3364 autem
3092 3314 3146 3365 in
3186 3314 3381 3366 montis
3416 3316 3692 3374 verticem,
3727 3314 3776 3367 id
3805 3316 3949 3371 vires

2347 3418 2494 3457 meas
2532 3411 2767 3470 SUperat,
2800 3402 3113 3470 ampliorem
3155 3403 3576 3456 misericordiam
3620 3403 3750 3456 mihi
3796 3405 3950 3458 exiti-

2349 3495 2490 3559 bete,
2533 3503 2588 3548 et
2617 3494 2848 3548 laborem
2879 3509 3053 3548 meum
3085 3493 3586 3550 leviorem-reddite.
3626 3495 3701 3549 Ne
3732 3497 3948 3564 quando

2353 3588 2511 3657 igitur
2534 3586 2903 3656 appreliendar
2927 3601 2956 3638 a
2989 3601 3144 3655 pinna
3169 3602 3286 3656 quae
3315 3585 3566 3656 inﬂigitur
3593 3588 3714 3654 illis,
3744 3600 3796 3642 et
3827 3605 3943 3656 par-

2353 3680 2518 3746 ticeps
2558 3677 2682 3731 ﬁam
2707 3678 2952 3732 interitus
2979 3693 3185 3740 eorum,
3231 3678 3499 3731 civitatem
3533 3679 3670 3734 hanc
3710 3682 3944 3736 vicinam

2348 3778 2403 3822 et
2424 3784 2637 3836 parvam
2663 3779 2938 3838 segregate
2957 3769 3113 3822 mihi.
3134 3767 3264 3822 Nam
3291 3768 3413 3822 licet
3442 3769 3560 3823 vilis
3588 3770 3653 3823 sit
3679 3780 3732 3824 et
3761 3786 3944 3840 parva.

2349 3871 2582 3915 attamen
2621 3861 2729 3914 illic
2757 3872 3019 3922 servatus,
3063 3875 3251 3914 secure
3297 3871 3478 3930 postea
3531 3875 3689 3930 agere
3735 3872 3946 3931 potero.

2345 3952 2433 4004 2|.
2471 3951 2534 4004 Et
2560 3951 2687 4004 dixit
2713 3952 2800 4004 ei:
2829 3950 2961 4004 Ecce
2986 3951 3268 4004 admiratus
3296 3967 3407 4005 sunt
3434 3961 3572 4004 tuam
3599 3953 3780 4021 faciem
3813 3965 3858 4006 et
3889 3956 3942 4008 in

2342 4044 2491 4096 verba
2518 4045 2718 4107 hoc,'ut
2740 4060 2806 4098 ne
2825 4045 3105 4098 subvertant
3126 4045 3371 4097 civitatem
3398 4045 3460 4097 de
3482 4061 3578 4113 qua
3604 4047 3839 4114 loquutus
3869 4063 3943 4103 es.

2351 4136 2542 4202 Accepi
2571 4143 2687 4188 tuas
2737 4149 2946 4201 preces,
2993 4121 3182 4203 inquit,
3218 4145 3272 4189 et
3319 4136 3418 4189 hoc
3463 4135 3671 4198 iaciam,
3700 4151 3762 4190 ac
3800 4138 3943 4206 quod

2350 4221 2524 4293 petisti
2567 4224 2820 4286 concedo,
2855 4233 3254 4294 propterque‘te
3285 4226 3449 4279 etiam
3475 4226 3672 4280 Civitati
3706 4242 3942 4295 parcam.

2346 4317 2435 4370 Ἡ.
2469 4316 2674 4370 Festina
2699 4316 2872 4386 igitur,
2906 4326 2951 4369 et
2981 4331 3172 4385 occupa
3199 4319 3383 4380 locum,
3417 4333 3476 4370 ac
3502 4319 3699 4392 sulcare
3718 4335 3736 4372 :
3768 4335 3943 4388 neque

2350 4410 2491 4462 enim
2524 4408 2712 4461 iaciam
2741 4407 2960 4474 aliquid,
2994 4406 3165 4461 donec
3198 4407 3552 4461 lllucwenius.
3583 4407 3701 4460 Non
3732 4419 3941 4476 potero,

2352 4499 2538 4568 inquit,
2564 4505 2727 4569 facere
2742 4498 3037 4567 quidquam,
3062 4508 3329 4567 antequam
3347 4507 3398 4551 tu
3419 4499 3542 4551 illuc
3563 4499 3867 4568 ingrediaris
3882 4501 3904 4532 '
3925 4517 3941 4565 ;

2350 4591 2468 4658 quia
2500 4603 2677 4642 curam
2707 4603 2807 4656 ago
2842 4597 2952 4641 tua:
2981 4589 3196 4652 salutis,
3241 4589 3561 4657 exspectabo
3604 4589 3773 4643 donec
3815 4591 3945 4647 illuc

2346 4682 2529 4744 abeas,
2581 4688 2634 4756 et
2677 4689 2803 4732 tunc
2847 4679 2925 4732 eis
2971 4677 3201 4747 inﬂigam
3252 4693 3486 4746 prunam.
3518 4679 3608 4733 25.
3645 4680 3738 4734 Sol
3786 4683 3944 4749 igitur

2351 4788 2575 4841 egressus
2599 4782 2668 4825 est
2691 4787 2842 4838 super
2858 4781 3064 4835 terram,
3088 4781 3132 4823 et
3149 4769 3244 4824 Lat
3263 4772 3463 4824 intravit
3493 4773 3546 4824 in
3574 4772 3756 4841 Segor.
3787 4773 3942 4829 Circa

2347 4865 2478 4918 solis
2504 4874 2702 4927 ortum,
2729 4863 2915 4930 inquit,
2945 4863 3089 4916 venit
3107 4864 3166 4915 in
3198 4864 3464 4917 civitatem
3490 4879 3503 4926 ;
3537 4875 3590 4919 et
3613 4867 3789 4919 statim
3815 4881 3941 4921 cum

2351 4954 2463 5022 ipse
2489 4965 2628 5008 esset
2658 4955 2793 5007 intra
2825 4953 3112 5017 civitatem,
3155 4953 3228 5006 illi
3257 4955 3518 5023 supplicio
3548 4945 3940 5021 plectebantur.

2351 5044 2440 5098 ει.
2475 5044 2613 5096 Pluit
2639 5045 2795 5106 enim,
2825 5044 3013 5113 inquit,
3046 5042 3294 5097 Dominus
3325 5061 3474 5113 super
3503 5045 3729 5099 Sodoma
3758 5058 3804 5099 et
3837 5047 3942 5102 Co-

2352 5137 2556 5189 morrha
2593 5134 2808 5202 sulphur
2835 5144 2884 5189 et
2925 5136 3093 5204 ignem
3135 5151 3168 5188 a
3207 5134 3428 5188 Domino
3461 5137 3524 5188 de
3557 5135 3683 5190 calo
3708 5153 3725 5191 :
3753 5138 3842 5192 25.
3892 5148 3940 5193 et

2350 5230 2585 5284 subvertit
2609 5230 2827 5282 civitates
2850 5228 2986 5291 illas.
3011 5238 3056 5280 et
3075 5227 3320 5297 quidquid
3340 5228 3473 5280 circa
3493 5244 3576 5282 eas
3597 5230 3935 5294 habitabatur,

2352 5332 2588 5376 etontnes
2629 5320 2712 5389 qui
2755 5317 3047 5372 habitabant
3089 5319 3142 5371 in
3181 5317 3482 5384 ciuitatibus,
3529 5328 3576 5372 et
3623 5335 3768 5372 omne
3803 5323 3940 5389 quod

2347 5412 2666 5467 «oriebatur
2690 5411 2753 5464 de
2777 5419 2930 5463 terra.
2960 5409 3036 5462 Ne
3062 5409 3133 5463 ob
3158 5409 3300 5463 hunc
3329 5408 3580 5478 loquendi
3611 5408 3824 5464 modum
3841 5412 3939 5465 ad-

2347 5503 2632 5558 miratione
2657 5501 2905 5566 tenearis,
2934 5499 3161 5560 dilecte:
3194 5501 3492 5570 proprietas
3516 5500 3658 5555 enim
3685 5513 3764 5556 est
3793 5503 3940 5558 Serio

2413 5600 2433 5686 1
2465 5598 3408 5724 sensus
3424 5654 3661 5724 :af'estiua.
3668 5660 3724 5724 ut
3745 5654 3812 5703 ibi
3831 5653 3934 5705 sal-

2348 5729 2493 5830 ἓξὲξ.
2518 5729 2610 5768 non
2632 5713 2758 5768 enim
2779 5721 2943 5778 potero
2963 5715 3126 5778 facere
3149 5713 3414 5790 quidquam
3449 5716 3601 5767 donec
3624 5713 3740 5768 illuc
3761 5727 3932 5778 perne-
