4178 6328
239 372 347 433 405
1278 369 1344 426 IN

240 498 435 557 plura,
461 498 582 555 quat
609 483 978 541 indiderenter
992 482 1075 539 sic
1091 496 1233 553 stepe
1252 482 1404 553 ponit
1423 482 1585 538 verba
1606 500 1617 535 :
1640 481 1690 537 id
1712 482 1852 552 quod

238 586 295 632 ct
321 589 467 630 nunc
493 573 679 631 videre
703 574 847 630 licet.
884 571 1028 629 Pluit
1052 574 1217 638 enim,
1244 573 1434 644 inquit,
1464 572 1714 626 Dominus
1743 570 1856 625 sul-

240 669 378 737 phur
420 676 467 720 et
493 666 663 736 ignem
705 681 738 719 a
765 664 987 719 Domino
1012 664 1076 718 de
1097 662 1225 718 ccio
1246 679 1265 718 :
1292 672 1349 717 ut
1374 663 1536 727 dicat,
1569 662 1857 716 Dominum

243 775 463 830 pennam
487 759 798 815 induxisse:
827 767 883 813 et
914 773 1020 813 non
1039 758 1212 813 solum
1235 757 1482 811 civitates
1501 754 1853 818 subvenisse,

238 866 577 922 omnemque
613 848 757 905 circa
796 850 1183 919 regionem,.et
1221 863 1410 903 omnes
1456 846 1852 911 inhabitantes,

240 943 341 1001 sed
367 945 537 1000 etiam
562 958 683 1012 qua:
703 942 1084 999 exoriebantur
1105 941 1181 998 de
1200 950 1342 997 terra
1368 940 1690 997 abolevisse.
1721 939 1857 1008 Quia

238 1036 388 1093 enim
415 1035 683 1099 homines,
708 1034 801 1106 qui
821 1049 943 1091 eam
974 1032 1361 1098 inhabitabant,
1389 1032 1586 1087 multos
1613 1031 1865 1101 impieta-

241 1128 314 1182 tis
361 1116 572 1181 inicius
622 1126 995 1197 protulerunt:
1046 1124 1268 1188 idcirco,
1316 1122 1508 1193 inquit,
1541 1130 1598 1178 et
1641 1121 1858 1177 inutiles

243 1216 471 1272 fructus
506 1226 664 1273 terra:
692 1215 850 1281 facio,
884 1224 943 1271 ut
980 1224 1033 1271 ct
1060 1215 1167 1271 illis
1194 1214 1407 1270 abolitis
1437 1223 1750 1285 perpetuum
1788 1213 1857 1269 sit

244 1308 645 1363 monimentum
672 1307 1028 1376 sequentibus
1050 1306 1528 1378 generationibus:
1574 1314 1720 1361 terra
1764 1318 1863 1373 per

245 1414 409 1455 suam
434 1400 982 1461 sterilitatemomnes
1006 1398 1257 1463 ducente,
1286 1405 1495 1469 quanta
1514 1397 1675 1452 fuerit
1702 1395 1851 1451 inha-

249 1491 545 1547 bitantium
586 1491 813 1546 malitia;
845 1491 1035 1546 Vidisti
1073 1498 1273 1562 quanta
1310 1505 1401 1545 res
1444 1489 1515 1545 sit
1561 1489 1764 1555 virtus,
1804 1495 1861 1543 et

249 1588 455 1652 quianta
484 1596 575 1637 res
601 1582 801 1637 malitia
828 1599 842 1637 :
886 1590 943 1637 et
973 1581 1244 1651 quomodo
1267 1581 1446 1651 justus
1481 1587 1723 1635 servatus
1748 1579 1821 1633 sit
1842 1620 1893 1659 ,4

252 1675 344 1728 alii
368 1683 553 1730 autem
578 1674 792 1745 dignam
820 1688 915 1729 sua
944 1673 1142 1728 malitia
1172 1687 1387 1743 pmmm
1426 1670 1767 1741 receperint?
1794 1670 1863 1724 Et

255 1765 596 1835 sicut‘justns
622 1780 718 1834 per
736 1779 888 1819 suam
916 1764 1169 1820 virtutem
1196 1771 1253 1818 et
1273 1762 1410 1817 iilias
1437 1761 1660 1816 salvavit
1702 1770 1751 1815 et
1786 1760 1866 1814 ci-

259 1856 439 1910 vitatis
480 1854 627 1910 illius
656 1855 1073 1911 subversionem
1092 1853 1402 1923 prohibuit:
1435 1854 1506 1907 ita
1546 1862 1601 1907 et
1631 1851 1703 1906 illi
1732 1866 1861 1935 pro-

255 1958 379 2017 pter
418 1948 687 2019 ingentem
717 1961 869 2002 suam
898 1946 1157 2001 malitiam
1187 1959 1294 2000 non
1334 1945 1509 2000 solum
1544 1943 1645 2013 ipsi
1687 1941 1861 2013 perie-

256 2049 388 2096 runt
413 2048 471 2096 et
492 2040 655 2095 deleti
682 2049 827 2105 sunt,
872 2038 1047 2094 sedet
1068 2038 1362 2093 effecerunt
1392 2034 1588 2092 terram
1619 2035 1863 2091 inutilem

257 2134 314 2187 in
336 2130 594 2188 futurum.
619 2131 709 2187 26.
736 2130 803 2185 Et
826 2132 1066 2199 respexit,
1096 2131 1285 2201 inquit,
1326 2146 1459 2183 uxor
1478 2130 1588 2200 ejus
1625 2137 1738 2199 post
1762 2137 1865 2182 ter-

256 2239 401 2293 gunt,
429 2232 479 2277 et
506 2226 643 2294 facta
667 2231 739 2276 est
765 2222 1004 2276 columna
1023 2222 1169 2275 salis.
1202 2220 1334 2276 Nam
1359 2220 1613 2290 quoniam
1653 2217 1865 2273 audivit

256 2313 882 2386 angelosaprtecipientes
901 2313 1070 2384 justo,
1101 2321 1159 2367 ut
1184 2328 1251 2367 ne
1275 2328 1337 2369 se
1364 2319 1744 2371 converterent
1772 2326 1863 2365 rc-

257 2412 517 2469 trorsum,
541 2404 635 2460 sed
661 2419 785 2460 cum
804 2420 994 2475 magna
1025 2404 1365 2459 festinatione
1393 2404 1711 2459 accederent
1734 2420 1747 2455 :
1771 2416 1869 2457 ne-

256 2495 421 2565 glexit
452 2496 633 2559 verba,
656 2506 713 2551 et
752 2505 1077 2565 praeceptum
1104 2510 1210 2551 non
1242 2495 1550 2562 custodivit,
1580 2503 1867 2565 propterea

258 2601 375 2641 sua
401 2587 738 2658 negligentia:
765 2586 913 2643 dedit
943 2602 1178 2657 pinnam.

333 2679 388 2733 7.
423 2677 642 2734 ﬂor-alis
692 2680 997 2735 alwrtatio.
1020 2710 1091 2720 -—
1117 2679 1382 2736 Cmterum
1437 2694 1537 2735 nos
1585 2679 1868 2750 audientes

259 2772 372 2835 illa,
406 2780 606 2827 nostra:
623 2772 817 2826 saluus
844 2786 1027 2827 curam
1053 2771 1444 2843 diligentiorem
1468 2770 1779 2836 habeamus,
1812 2779 1867 2826 ct

257 2862 391 2916 vitia
428 2861 904 2917 illavneimitemur
925 2876 1230 2917 caveamus.
1276 2861 1695 2932 lmitemuejusti
1719 2862 1863 2917 illius

259 2950 680 3021 hospitalitatem
708 2952 918 3007 etalias
946 2952 1193 3019 virtutes,
1216 2961 1272 3007 ut
1297 2952 1565 3022 possimus
1594 2961 1651 3007 et
1676 2966 1867 3022 super-

259 3038 868 3109 mm-iramdepellere.
894 3038 1075 3111 Neque
1098 3040 1240 3095 enim
1269 3038 1527 3109 possibile
1553 3048 1658 3103 est,
1691 3046 1750 3093 ut
1775 3039 1869 3109 qui

258 3133 514 3188 virtutem
546 3130 687 3186 hanc
723 3145 919 3203 magno
960 3132 1139 3187 studio
1166 3140 1437 3200 exerceat,
1463 3146 1572 3187 non
1600 3134 1864 3202 grandem

260 3222 389 3277 inde
425 3228 665 3292 reportet
701 3220 1274 3277 thesaurum-Etenim
1298 3221 1430 3291 justi
1470 3220 1547 3277 illi
1579 3222 1658 3277 sic
1680 3234 1868 3292 super-

264 3326 391 3367 nam
419 3312 650 3383 gratiam
686 3312 1001 3383 consequuti
1042 3320 1185 3376 sunt,
1215 3321 1324 3367 tam
1350 3312 1674 3382 patriarcha,
1703 3325 1867 3384 quam

261 3403 387 3471 Lat,
415 3413 472 3459 et
495 3403 586 3473 qui
612 3402 861 3460 homines
894 3404 1166 3475 suscipere
1190 3419 1253 3461 se
1277 3412 1621 3474 putaverunt,
1647 3422 1866 3462 merue-

259 3502 389 3549 runt
414 3493 692 3563 suscipere
715 3494 955 3564 angelos,
998 3502 1052 3549 et
1082 3495 1392 3565 angelorum
1425 3495 1729 3551 Dominum.
1759 3496 1869 3551 No-

261 3583 348 3639 bis
386 3597 600 3654 quoque
637 3591 693 3637 et
728 3576 895 3649 nunc,
935 3583 980 3637 si
1019 3583 1368 3650 voluerimus,
1407 3585 1682 3654 suscipere
1721 3584 1865 3642 licet.

263 3672 389 3743 Ipse
414 3672 557 3728 enim
580 3683 665 3729 est
703 3674 795 3743 qui
818 3672 952 3729 dixit
984 3690 1000 3729 :
1036 3674 1138 3741 Qui
1164 3674 1377 3745 suscipit
1405 3691 1513 3741 uos,
1551 3692 1633 3730 me
1654 3677 1868 3749 suscipit

263 3763 483 3837 μισέω.
512 3765 603 3821 ιο.
642 3765 761 3837 ω).
793 3765 883 3822 Sic
909 3766 1070 3837 igitur
1110 3766 1351 3837 hospites
1395 3768 1780 3838 suscipiamus,
1811 3778 1868 3825 et

262 3873 373 3912 non
398 3856 467 3912 sd
487 3866 765 3917 externam
793 3856 1052 3913 vilitatem
1082 3857 1451 3927 respiciamus.
1483 3858 1793 3925 Enimvero,
1817 3860 1868 3917 si

261 3948 358 4004 tali
398 3958 580 4005 mente
620 3948 1038 4018 hospitalitatem
1084 3949 1244 4005 etiam
1288 3964 1388 4004 nos
1425 3953 1860 4019 exercuerimus,

261 4039 412 4111 digni
436 4040 639 4095 erimus
663 4047 720 4094 et
742 4054 842 4095 nos
864 4040 956 4109 qui
980 4039 1113 4095 tales
1136 4040 1374 4110 hospites
1393 4040 1747 4111 excipiamus,
1772 4042 1867 4112 qui

262 4130 519 4188 videntur
539 4129 757 4202 quidem
785 4131 915 4198 viri,
936 4130 1248 4201 angelorum
1277 4140 1459 4187 autem
1485 4131 1708 4188 virtutes
1736 4148 1874 4204 ope-

259 4226 493 4279 rantur:
525 4230 730 4277 tantum
766 4237 834 4277 ne
858 4222 1054 4278 curiosi
1092 4222 1464 4292 exploratores
1489 4233 1544 4278 et
1584 4224 1865 4294 inquisito-

263 4328 355 4371 res
374 4314 571 4381 simus,
588 4322 648 4368 ut
669 4328 738 4369 ne
755 4312 1062 4369 thesaurum
1083 4313 1397 4385 perdamus.
1420 4314 1865 4387 Quandoquidem

258 4416 317 4463 α
341 4407 529 4462 beatus
570 4404 769 4461 Paulus
796 4405 895 4461 hos
914 4405 1091 4476 justas
1130 4406 1451 4473 subindicat,
1488 4416 1542 4463 et
1568 4409 1727 4465 docet
1766 4426 1867 4467 nos

257 4496 533 4569 quomodo
558 4496 692 4554 tales
719 4496 961 4565 hospites
984 4498 1311 4568 exceperint.
1343 4497 1749 4569 Hospitalitatis,
1783 4502 1862 4557 im

257 4591 413 4662 quit,
445 4607 510 4645 ne
552 4590 916 4645 obliviscamini
950 4606 970 4644 :
1000 4602 1207 4662 propter
1244 4592 1376 4645 hanc
1410 4594 1543 4647 enim
1588 4597 1867 4650 nescientes

258 4683 475 4753 quidam
502 4683 723 4754 hospitio
744 4694 1047 4753 exceperunt
1075 4684 1282 4754 angelos
1306 4684 1490 4753 (Hebr.
1519 4687 1603 4741 i5.
1641 4688 1717 4757 l).
1748 4687 1864 4745 Hoc

255 4776 406 4831 etiim
449 4788 546 4830 eos
588 4774 921 4843 potissimum
966 4773 1092 4829 fecit
1132 4774 1508 4844 admirabiles,
1552 4778 1693 4849 quod
1745 4795 1860 4847 eos,

257 4880 397 4939 quos
423 4879 533 4921 non
572 4875 852 4930 noverant,
893 4866 1318 4923 ministeriosuo
1360 4868 1759 4925 honeraverint.
1794 4871 1863 4926 Et

257 4973 362 5015 me
392 4958 552 5027 igitur
579 4971 701 5012 cum
742 4956 846 5013 fide
881 4972 947 5014 ac
984 4959 1183 5026 pietate
1225 4974 1337 5015 rem
1374 4962 1653 5029 obeamus,
1698 4972 1756 5015 ut
1784 4965 1862 5020 sic

258 5052 575 5109 thesaurum
618 5050 831 5121 assequi
870 5052 1138 5121 possimus
1175 5052 1364 5122 :quod
1412 5053 1568 5108 nobis
1609 5055 1861 5111 omnibus

253 5143 620 5219 concedatur,'_
636 5142 811 5213 gratia
843 5152 896 5198 et
936 5143 1264 5214 benignitate
1306 5144 1513 5201 Domini
1537 5149 1704 5201 nostri
1732 5148 1860 5203 .lesu

257 5234 498 5299 Christi,
528 5233 616 5289 cui
649 5250 772 5289 cum
804 5235 960 5289 Patre
988 5244 1044 5290 et
1084 5243 1271 5291 sant-to
1315 5235 1517 5306 Spiritu
1559 5238 1629 5293 sit
1665 5240 1857 5310 gloria,

257 5342 403 5384 mute
428 5338 485 5383 ct
508 5340 744 5397 semper,
766 5335 824 5381 et
852 5327 902 5381 in
927 5328 1120 5381 saecula
1147 5329 1489 5385 seculorum.
1523 5333 1712 5386 Amen.

809 5415 1089 5472 IIOMILIA
1125 5416 1307 5474 XLIV.

259 5508 505 5563 Diluculo
546 5516 716 5561 autem
763 5508 893 5562 venit
930 5508 1279 5571 Abrahamad
1325 5510 1491 5565 locum
1538 5514 1620 5566 ubi
1658 5524 1861 5570 steterat

617 5615 789 5653 coram
814 5597 1037 5654 Domino
1067 5600 1231 5671 (Gen.
1264 5602 1350 5655 19.
1375 5601 1499 5672 27).

336 5690 384 5744 l.
419 5678 541 5743 Heri
564 5704 664 5746 nos
687 5700 1062 5760 argumentum
1083 5691 1151 5746 de
1173 5691 1396 5747 muliere
1416 5691 1745 5751 Samaritana
1776 5713 1860 5751 sa-

260 5781 331 5838 tis
369 5780 554 5839 docuit
576 5779 904 5840 incliahilem
931 5782 1143 5842 Domini
1167 5782 1650 5854 longanimitatem,
1682 5798 1735 5846 et
1763 5804 1858 5845 ex-

1408 371 1561 428 CAi‘.
1603 367 1746 425 XIX.
1788 365 2035 424 GENES.
2076 365 2308 424 ιιυιιιι.
2349 367 2534 424 XLIV.

3464 370 3568 426 406

1968 479 2251 538 cellentem
2297 498 2423 554 erga
2454 484 2607 538 illam
2629 482 3041 554 providentiam,
3082 492 3243 557 atque
3284 484 3424 543 illius
3451 498 3575 554 gra-

1962 581 2076 626 tum
2103 573 2361 628 animum.
2390 573 2612 629 Vidistis
2639 574 2931 644 quomodo,
2960 583 3016 631 ut
3040 592 3230 646 aquam
3256 576 3569 634 sensibilcm

1965 663 2224 730 hauriret,
2251 663 2471 719 advenit
2498 663 2601 736 (a),
2624 675 2680 720 ot
2706 665 3060 737 enspirituali
3086 666 3233 721 fonte
3259 668 3440 723 divina
3466 667 3570 723 ιιυ-

1962 759 2107 811 mina
2150 757 2347 823 hausit,
2376 773 2440 813 ac
2473 758 2694 814 domum
2726 758 2915 826 rediit,
2937 758 3166 830 impletis
3199 758 3342 829 quod
3366 760 3571 817 dictum

1962 858 2045 903 est
2087 863 2117 901 ιι
2149 848 2376 904 Domino
2413 865 2427 901 :
2462 849 2606 917 Aqua
2626 888 2642 914 ,
2671 865 2825 918 quam
2863 865 2956 920 ego
2982 848 3135 916 dabo,
3158 849 3254 903 erit
3288 851 3343 904 in
3370 866 3429 904 eo
3458 854 3575 920 fons

1962 956 2113 1011 aqua:
2136 940 2365 996 salientis
2391 942 2444 995 in
2472 941 2626 996 vitam
2646 950 2890 996 aternam
2918 940 3095 1011 (Joan.
3121 942 3187 997 4.
3211 942 3322 1011 14).
3349 940 3575 1012 Impleta

1937 1034 2109 1103 ,enim
2135 1034 2248 1104 ipsa
2291 1034 2475 1090 divino
2503 1034 2595 1090 illo
2621 1043 2675 1090 et
2715 1034 2981 1105 spirituali
3008 1033 3197 1102 fonte,
3211 1050 3320 1089 non
3345 1034 3575 1089 detinuit

1964 1130 2102 1183 intra
2130 1143 2189 1183 se
2217 1127 2436 1183 flumina
2479 1145 2494 1182 :
2538 1128 2634 1184 sed
2676 1128 3156 1198 superscaturiens,
3183 1136 3241 1182 ut
3270 1126 3342 1183 ita
3369 1127 3570 1197 dicam,

1963 1219 2152 1275 eil‘udit
2185 1228 2241 1275 et
2284 1220 2335 1273 in
2369 1219 2697 1275 habitatores
2738 1220 2971 1274 civitatis
3011 1218 3255 1274 concessi
3300 1217 3401 1273 sibi
3440 1218 3573 1273 doni

1963 1310 2212 1382 gratiam,
2239 1319 2295 1366 et
2315 1312 2580 1381 praeconis
2609 1310 2845 1366 officium
2875 1310 2986 1381 egit
3013 1310 3208 1365 mulier
3233 1308 3574 1365 Samaritana

1965 1416 2020 1459 et
2039 1404 2365 1476 alienigena.
2385 1403 2606 1459 Vidistis
2624 1414 2881 1474 quantum
2902 1403 3100 1458 bonum
3122 1404 3191 1458 sit
3209 1400 3373 1456 animi
3396 1408 3581 1471 gratus

1965 1497 2228 1563 affectus;
2259 1497 2466 1553 vidistis
2495 1497 2705 1552 Domini
2727 1496 3133 1566 benignitatem,
3158 1492 3429 1564 quomodo
3455 1490 3580 1545 nul-

1967 1591 2081 1648 lum
2119 1596 2451 1654 contemnat,
2483 1588 2578 1643 sed
2618 1589 2782 1642 etiam
2815 1588 2867 1641 in
2898 1586 3142 1650 muliere,
3171 1585 3333 1639 etiam
3363 1584 3418 1639 in
3450 1597 3581 1652 pau-

1969 1690 2192 1752 pertate,
2242 1689 2313 1738 eL
2336 1682 2658 1751 ubicumque
2706 1680 2969 1735 invenerit
2997 1677 3231 1733 animam
3258 1675 3472 1748 vigilem
3516 1689 3584 1730 ac

1969 1773 2252 1839 fervidam,
2299 1773 2479 1827 statim
2522 1773 2748 1842 gratiam
2792 1786 2943 1826 suam
2972 1770 3045 1825 illi
3091 1770 3369 1841 largiatur.
3400 1767 3589 1825 lmite—~

1969 1876 2091 1918 mur
2116 1863 2297 1933 igitur,
2326 1863 2582 1927 obsecro,
2625 1872 2681 1918 ct
2710 1877 2809 1917 nos
2836 1863 2977 1917 hanc
3016 1861 3320 1927 mulierem,
3346 1872 3590 1930 cumque

1968 1970 2159 2025 magna
2204 1954 2504 2009 attentione
2548 1954 2878 2025 accipiamus
2934 1952 3235 2008 doctrinam
3287 1966 3318 2006 a
3375 1949 3581 2022 Spiritu

1970 2045 2285 2116 profectam.
2310 2044 2496 2116 Neque
2519 2046 2664 2101 enim
2696 2054 2879 2101 nostra
2900 2055 3164 2116 suntquae
3189 2043 3463 2115 dicuntur,
3487 2058 3583 2098 ne-

1968 2153 2075 2210 que
2109 2152 2177 2194 ea
2208 2140 2422 2209 prepria
2454 2139 2629 2209 lingua
2675 2131 2942 2209 loquimur
2980 2151 3334 2209 quaecumque
3372 2135 3577 2193 dixeri-

1970 2246 2118 2296 mus,
2161 2231 2257 2287 sed
2289 2231 2496 2287 Domini
2543 2230 3179 2303 benignitatedirigcnte
3229 2237 3449 2300 propter
3490 2243 3590 2285 ve—

1970 2330 2139 2377 stram
2169 2321 2396 2377 salutem
2421 2330 2478 2378 et
2501 2320 2918 2378 aediﬁcationem
2946 2320 3205 2375 Ecclesia:
3232 2320 3343 2376 Dei.
3378 2320 3456 2376 Ne
3487 2320 3585 2392 igi-

1971 2419 2060 2467 tur
2093 2410 2163 2465 ad
2188 2426 2275 2467 me
2300 2411 2590 2476 dicentem,
2615 2412 2933 2477 carissime,
2962 2424 3138 2480 neque
3165 2410 3232 2465 ad
3268 2411 3589 2467 tenuitatem

1969 2518 2145 2559 meam
2175 2504 2433 2576 respicias
2470 2523 2484 2559 :
2529 2504 2623 2560 sed
2667 2504 2924 2575 quoniam
2948 2518 3010 2560 ea
3038 2519 3159 2573 quze
3200 2502 3412 2558 Domini
3458 2510 3586 2560 sunt

1969 2595 2156 2661 aﬂi'ro,
2187 2595 2256 2650 ad
2272 2610 2399 2650 eum
2424 2594 2515 2664 qui
2534 2610 2625 2651 me
2646 2594 2793 2650 misit
2816 2602 3021 2650 attenta
3052 2601 3233 2650 mente
3261 2608 3583 2658 conversus,

1971 2687 2116 2759 vigili
2160 2687 2341 2743 animo
2369 2700 2493 2757 qute
2518 2687 2772 2743 dicuntur
2796 2687 3013 2758 accipe.
3042 2686 3493 2756 Quandoquidem
3532 2696 3594 2746 et

1973 2781 2027 2836 in
2082 2779 2334 2835 humanis
2382 2780 2634 2852 negotiis,
2675 2779 2892 2850 quando
2939 2778 3236 2849 Imperator
3278 2779 3589 2838 diademate

1971 2880 2265 2926 coronatus
2287 2870 2477 2926 literas
2496 2871 2677 2936 mittit,
2710 2878 2840 2927 tunc
2866 2870 2933 2939 is,
2963 2870 3053 2941 qui
3080 2886 3174 2926 eas
3198 2870 3377 2935 ail'crt,
3405 2886 3503 2943 per
3526 2885 3585 2928 se

1973 2962 2170 3017 nullius
2199 2962 2467 3017 momenti
2489 2970 2592 3027 est,
2622 2961 2719 3017 sed
2744 2962 2827 3016 vir
2855 2980 2887 3017 e
2913 2963 3108 3030 trivio,
3125 2963 3216 3032 qui
3242 2978 3386 3032 saepe
3412 2977 3591 3034 neque

1975 3054 2346 3123 progenitores
2366 3066 2653 3109 numerare
2682 3054 2870 3123 possit,
2896 3055 3180 3117 obscurus,
3214 3062 3362 3110 etzex
3391 3055 3588 3112 obscu-

1972 3145 2050 3201 ris
2072 3162 2088 3198 :
2108 3144 2212 3200 sed
2240 3159 2347 3201 non
2385 3144 2453 3201 ad
2480 3145 2631 3201 illum
2661 3153 2910 3215 spectant
2936 3146 3028 3217 qui
3071 3147 3255 3201 literas
3282 3146 3588 3217 suscepturi

1973 3243 2123 3303 sunt,
2149 3236 2242 3291 sed
2267 3245 2487 3307 propter
2518 3236 2891 3306 imperatorias
2918 3235 3101 3291 literas
3121 3235 3194 3290 illi
3216 3251 3427 3306 quoque
3448 3236 3588 3292 mul-

1974 3336 2087 3384 tum
2132 3327 2390 3383 exhibent
2430 3326 2673 3391 honoris,
2721 3336 2787 3383 ac
2812 3327 2999 3382 literas
3041 3341 3235 3397 magna
3266 3342 3390 3382 cum
3430 3340 3589 3383 reve-

1974 3419 2144 3475 rentia
2187 3428 2243 3474 et
2274 3417 2493 3480 silentio
2538 3417 2826 3488 recipiunt.
2871 3417 2929 3473 Si
2962 3418 3123 3488 igitur
3151 3418 3197 3473 is
3234 3419 3324 3488 qui
3356 3418 3589 3475 hominis

1974 3507 2184 3572 literas,
2221 3514 2275 3562 et
2314 3507 2556 3563 chartam
2588 3506 3003 3573 tantumail‘ert,
3045 3507 3125 3562 sic
3152 3508 3403 3563 omnibus
3427 3522 3589 3567 acce-

1974 3610 2095 3672 ptus
2114 3608 2198 3655 est
2223 3600 2299 3671 (ὁ)
2334 3616 2347 3653 :
2372 3600 2541 3656 multo
2569 3600 2739 3671 magis
2765 3614 2862 3655 vos
2880 3600 3135 3656 convenit
3149 3600 3384 3670 eloquia,
3417 3616 3537 3672 qua:
3557 3617 3589 3659 a

1972 3692 2173 3763 Spiritu
2224 3691 2380 3747 vobis
2408 3705 2505 3761 per
2552 3705 2654 3747 nos
2694 3691 3003 3758 mittuntur,
3052 3707 3244 3763 magna
3289 3694 3591 3751 attentione

1972 3784 2265 3853 suscipere,
2300 3790 2361 3838 ut
2408 3797 2655 3854 magnam
2697 3783 2834 3854 grati
2863 3784 3030 3839 animi
3070 3785 3343 3854 recipiatis
3382 3798 3595 3845 mercc-

1972 3874 2116 3932 dem.
2146 3876 2284 3933 Nam
2299 3876 2344 3932 si
2375 3876 2850 3932 viderit-Dominus
2876 3878 3254 3933 universorum
3276 3878 3587 3936 animarum

1972 3977 2274 4024 vestrarum
2324 3967 2699 4033 alacritatem,
2742 3976 2796 4022 et
2826 3966 2984 4022 nobis
3030 3967 3293 4037 largiores
3335 3976 3588 4039 sumptus

1972 4069 2203 4130 propter.
2217 4067 2450 4115 vestram
2479 4058 2893 4115 aediﬁcationem
2936 4059 3322 4129 suppeditabit,
3354 4068 3409 4115 et
3435 4059 3589 4116 vobis

1971 4152 2231 4222 majorem
2276 4150 2534 4222 praebebit
2581 4150 2933 4219 intellectum,
2967 4159 3028 4206 ut
3065 4167 3129 4207 ea
3166 4168 3288 4222 qua:
3330 4153 3586 4211 dicuntur

1970 4246 2277 4317 intelligere
2300 4244 2541 4301 valeatis.
2568 4244 2831 4300 Liberalis
2854 4246 3005 4302 enim
3026 4255 3111 4301 est
3136 4246 3371 4317 Spiritus
3391 4250 3591 4319 gratia,

1970 4347 2025 4393 et
2051 4352 2109 4392 se
2130 4337 2183 4391 in
2210 4350 2400 4392 omnes
2423 4335 2731 4399 eﬂ'undens,
2761 4336 2963 4390 trullam
2985 4336 3305 4393 divisionem
3332 4339 3583 4405 suSIinet,

1972 4428 2074 4485 sed
2100 4443 2221 4483 cum
2247 4426 2606 4491 distribuitur,
2639 4426 2815 4496 magis
2836 4426 3054 4493 crescit,
3084 4434 3140 4481 et
3167 4437 3371 4497 quanto
3401 4430 3587 4499 plures

1970 4528 2096 4575 sunt
2120 4520 2237 4589 ejus
2266 4518 2571 4588 participes,
2600 4525 2751 4573 tanto
2778 4527 2833 4573 et
2852 4518 3172 4574 beneficium
3197 4520 3370 4590 magis
3394 4529 3589 4578 exten-

1968 4609 2135 4665 ditur.
2170 4610 2280 4680 Age
2304 4608 2465 4680 igitur
2483 4608 2530 4664 si
2557 4609 2788 4674 videtur,
2818 4617 2877 4663 et
2896 4608 3055 4664 hodie
3075 4610 3142 4664 ad
3170 4612 3365 4667 seriem
3392 4627 3582 4669 eorum

1968 4719 2091 4775 qure
2144 4702 2293 4773 prius
2340 4701 2481 4758 dicta
2527 4709 2654 4756 sunt
2703 4701 3006 4766 veniamus,
3053 4716 3119 4756 ac
3164 4701 3443 4759 videamus
3494 4704 3588 4761 ubi

1968 4794 2413 4860 sermodesierit,
2440 4803 2491 4850 et
2524 4793 2668 4849 unde
2686 4808 2810 4849 eum
2841 4802 3102 4864 repetere
3118 4793 3280 4850 hodie
3307 4806 3577 4865 oporteat.

2033 4934 2107 4997 (a)
2142 4941 2209 4983 De
2231 4944 2333 4995 qua
2350 4931 2429 4997 hic
2453 4930 2655 4980 Homilia
2678 4940 2963 4983 sermonem
2996 4928 3195 4988 habeat,
3221 4929 3438 4979 nondum
3461 4935 3584 4984 satis

1967 4993 2284 5059 perspectum
2307 4993 2450 5043 nobis
2479 5000 2574 5042 est.

2035 5052 2112 5120 (ὑ)
2143 5064 2323 5115 Quanta
2342 5068 2453 5120 cum
2477 5054 2760 5120 reverentia
2784 5053 2900 5120 olim
2939 5052 3299 5120 exciperentur
3319 5052 3564 5120 imperato

1966 5113 2056 5169 rite
2081 5113 2255 5177 literas,
2275 5117 2467 5189 _videre
2508 5116 2733 5188 estuapud
2758 5116 3025 5224 scriptores
3050 5113 3152 5162 tum

1969 5189 2071 5224 tum
2099 5187 2362 5224 anttos.
2389 5185 2560 5224 incum
2588 5190 2827 5224 Insmnetn
2889 5177 3092 5224 abemus
3115 5174 3241 5224 apud
3265 5183 3395 5224 Socr.
3421 5175 3507 5224 ltb.
3534 5180 3582 5224 ί.

1969 5189 2071 5233 ιιιιη
2099 5174 2362 5244 Byzantios.
2389 5185 2560 5227 locum
2587 5174 2827 5244 inSignern
2853 5174 3092 5244 habemus
3115 5174 3241 5237 apud
3421 5175 3507 5244 lib.
3534 5174 3582 5239 l,

1965 5258 2009 5293 c.
2036 5244 2099 5294 2i
2124 5238 2150 5290 ί
2166 5244 2248 5291 ubi
2285 5247 2505 5289 narratur
2541 5252 2652 5288 cum
2686 5240 2734 5288 in
2772 5239 3081 5301 depositione
3117 5238 3365 5301 Eustatbii.
3414 5238 3574 5301 episc.

1970 5305 2250 5363 Antiochia,
2274 5309 2373 5351 tota
2407 5314 2537 5363 pene
2568 5301 2749 5365 civitas.
2762 5300 3007 5365 seditione
3021 5300 3399 5365 'conllagrasset,
3426 5309 3583 5365 atque

1967 5361 2429 5429 utrinquegarmatis
2472 5363 2715 5429 stantibus
2762 5361 3025 5429 factionum
3059 5362 3296 5429 partibus,
3336 5361 3580 5429 quaeﬁbi

1968 5423 2150 5477 milites
2172 5428 2515 5489 adjunxerant,
2535 5426 2633 5487 jam
2658 5437 2813 5489 prope
2839 5425 3015 5489 fuisset
3032 5432 3091 5489 ut
3108 5423 3167 5471 ad
3190 5430 3331 5474 atrox
3355 5423 3578 5489 praelium

1968 5484 2245 5548 veniretur,
2267 5484 2684 5550 supervenientes
2706 5484 3042 5549 imperatorias
3064 5485 3234 5533 literas
3257 5484 3492 5550 populum
3516 5488 3582 5536 tl-
3610 5500 3613 5505 ‘

1969 5563 2105 5600 more
2128 5549 2429 5612 implevisse,
2460 5557 2512 5599 et
2530 5549 2754 5597 factiosos
2790 5549 3409 5612 commeruisservidjmus
3432 5560 3588 5609 supra

1978 5619 2115 5663 (omo
2140 5608 2473 5675 llt'epistolam
2496 5612 2689 5675 Honorii
2729 5608 2929 5675 sacrant
2952 5608 3185 5670 :ppsllari
3222 5623 3234 5657 :
3261 5608 3581 5675 diximusqne

1968 5676 2145 5736 passim
2161 5671 2497 5736 imperatorias
2516 5671 2747 5736 epistolas
2765 5673 2854 5736 hac
2879 5684 2974 5719 una
2998 5682 3116 5736 voce
3139 5678 3290 5719 sacra
3308 5671 3583 5733 appellatae

1966 5734 2139 5791 fuisse,
2172 5734 2300 5798 quod
2324 5734 2481 5798 solum
2514 5734 2693 5788 nomen
2724 5734 2784 5783 ad
2817 5734 3152 5784 reverentiam
3196 5739 3348 5798 atque
3386 5746 3575 5793 metum

1964 5797 2201 5865 populum
2235 5797 2452 5853 vocabat.
