4178 6328
237 399 335 457 δθτ

234 513 362 582 ὕμιν
415 508 789 580 διηγούμενοι,
849 508 942 562 καὶ
975 507 1066 562 τδν
1093 505 1204 562 τῶν
1246 506 1499 576 Σοδόμων
1555 504 1912 576 ἐμπρησμὸν,

234 597 350 649 ἐκεῖ
369 596 459 650 τὸν
493 596 654 663 λόγον
675 598 1007 666 ἐστήσαμεν,
1035 596 1170 648 ὅπου
1204 595 1233 645 6
1254 593 1463 654 δίκαιος
1492 594 1572 654 είς
1602 591 1700 660 τὴν
1724 589 1920 659 Σηγὼρ

235 684 495 754 διεσώθη.
542 685 605 737 '0
641 684 816 751 ἥλιος
838 685 947 754 γάρ
984 682 1245 750 ἐξῆλθεν
1282 681 1382 734 ἐπὶ
1421 679 1531 748 τῆς
1560 679 1692 745 ιγῆς
1715 717 1729 741 ,
1763 678 1916 746 φησὶ,

236 774 332 828 καὶ
381 771 513 826 Λὼτ
563 770 852 838 εἰσῆλθεν
887 774 975 837 είς
1027 769 1265 839 Σηγπὼρ,
1297 770 1392 822 καὶ
1439 768 1559 820 τότε
1592 770 1625 837 ή
1661 765 1918 835 θεήλατος

233 860 422 930 ἐκείνη
456 857 596 928 ὀργὴ
631 858 760 920 τούς
783 875 841 910 τε
873 858 932 911 ἐν
959 857 1212 927 Σοδόμοις
1246 855 1533 916 κατέλαϐε,
1572 853 1666 906 καὶ
1689 852 1789 922 τῆς
1815 853 1917 920 γῆς

229 947 322 998 τὸν
367 944 682 1013 ἀφανισμὸν
728 944 1043 1012 εἰργάσατο,
1078 943 1167 996 ὅτε
1196 942 1292 995 καὶ
1327 943 1360 1012 ή
1393 942 1530 1012 γυνή
1576 940 1669 993 τοῦ
1706 938 1916 992 δικαίου

231 1032 608 1100 ἐπιλαϐομένη
644 1029 750 1082 τῶν
785 1030 1059 1100 ῥηθέντων
1090 1029 1241 1100 παρά
1266 1029 1376 1082 τῶν
1407 1028 1678 1098 ἀγγέλων,
1702 1026 1920 1080 ἐπιϐλέ-

230 1116 383 1185 ψασα
408 1120 487 1180 εἰς
525 1116 596 1169 τά
621 1116 817 1179 ὀπίσω,
846 1117 1064 1184 ἐγένετο
1109 1115 1278 1186 στήλη
1327 1115 1474 1181 ἀλδς,
1507 1115 1751 1184 διηνεκὲς
1787 1114 1919 1166 ὑπό-

233 1221 432 1272 μνημα
461 1206 584 1266 ταῖς
631 1202 772 1272 μετά
800 1202 973 1255 ταῦτα
1011 1204 1227 1270 γενεαῖς
1279 1203 1376 1272 τῆς
1403 1201 1607 1264 οἰκείας
1643 1199 1918 1270 ῥᾳθυμίας

231 1292 612 1361 παρεχομένη.
664 1285 1116 1366 Ἀναγκαῖονκοῦν
1140 1291 1378 1361 σήμερον
1409 1287 1477 1339 τά
1507 1288 1634 1356 ἑξῆς
1663 1287 1918 1339 ἐπελθόν-

228 1395 329 1436 τας
355 1379 535 1448 μικρά
560 1395 682 1430 τινα
709 1375 1057 1446 διαλεχθῆναι
1083 1375 1218 1447 πρὸς
1239 1375 1338 1446 τήν
1375 1377 1644 1445 ὑμετέραν
1675 1375 1915 1444 ἀγάπην,

232 1465 321 1517 ῐνα
354 1465 522 1518 πάλιν
546 1465 723 1533 εἰδῆτε
755 1462 847 1516 τοῦ
883 1463 1223 1534 πατριάρχου
1246 1463 1307 1515 τὸ
1334 1462 1617 1532 συμπαθὲς
1647 1463 1739 1515 καὶ
1771 1462 1917 1530 φιλό-

234 1568 489 1620 στοργον,
528 1550 740 1604 καὶτοῦ
769 1549 903 1602 Θεοῦ
939 1551 1034 1620 τὴν
1065 1552 1193 1621 περὶ
1235 1550 1656 1606 αύτὺνιεῦνοιαν.
1702 1550 1918 1621 Ἐπειδὴ

235 1638 364 1705 γὰρ.
404 1637 510 1706 τῆς
537 1636 800 1706 ἀνατολῆς
823 1636 912 1688 τοῦ
950 1637 1102 1704 ήλίου
1145 1635 1445 1705 γενομένης
1467 1675 1480 1696 ,
1523 1637 1550 1688 6
1583 1635 1682 1704 μὲν
1712 1634 1917 1697 δίκαιος

233 1722 357 1777 Λὼτ
385 1725 468 1782 εἰς
498 1724 597 1792 τήν
616 1723 813 1792 Σηγὼρ
842 1722 1098 1791 διεσώθη,
1123 1724 1170 1776 οἱ
1198 1724 1254 1776 δὲ
1281 1724 1348 1775 τὰ
1372 1723 1575 1793 Σόδομα
1604 1724 1917 1776 κατοικοῦν-

233 1824 323 1871 τες
356 1809 467 1860 ὑπὸ
493 1809 593 1878 τήν
615 1809 772 1880 δίκην
795 1809 1100 1877 γεγόνασιν,
1128 1810 1158 1860 6
1185 1810 1530 1878 πατριάρχης
1560 1811 1695 1879 όμοῦ
1731 1810 1920 1862 κάκεί-

233 1911 357 1957 νους
380 1895 673 1965 οἰκτείρων
697 1896 798 1964 τῆς
826 1895 1122 1957 ἀπωλείας,
1157 1895 1225 1964 ἢν
1249 1895 1338 1948 διὰ
1366 1895 1466 1962 τὴν
1494 1895 1700 1947 οἰκείαν
1738 1911 1918 1962 παρα-

235 1983 431 2050 νομίαν
458 1981 782 2050 ὑπέμειναν.
815 1982 909 2035 καὶ
943 1982 1074 2050 περὶ
1101 1982 1195 2033 τοῦ
1221 1981 1433 2034 δικαίου
1456 1982 1662 2050 σφόδρα
1701 1982 1920 2050 φροντί-

234 2066 368 2130 ζων.
404 2067 688 2137 ὀρθρίσας,
722 2067 876 2136 φησὶ,
902 2067 1267 2136 περιεσκόπει·
1288 2069 1356 2121 τὰ
1390 2069 1752 2136 γεγενημένα.
1788 2070 1922 2134 Ὥρ-

235 2157 407 2220 θρισε
433 2155 564 2223 γάρ,
605 2154 794 2224 φησιν,
836 2153 1095 2222 Ἀϐραὰμ
1137 2153 1222 2218 τῷ
1253 2155 1404 2220 πρωῒ
1433 2155 1519 2218 εἰς
1561 2155 1669 2206 τὸν
1708 2154 1918 2219 τόπον,

233 2234 308 2293 οὗ
332 2237 600 2304 ειστήκει
625 2239 909 2293 ἐναντιον
953 2238 1060 2291 τοῦ
1111 2238 1280 2300 Θεοῦ,
1318 2239 1414 2291 καί
1446 2239 1783 2306 ἐπέϐλεψεν
1817 2239 1921 2292 ἐπὶ

233 2325 569 2391 πρόσωπον
614 2323 727 2392 τῆς
763 2324 1093 2394 περιχώρου
1126 2326 1407 2394 Σοδόμων
1447 2325 1539 2379 καὶ
1588 2327 1918 2393 Γομόρρας,

232 2411 338 2464 καὶ
378 2408 520 2466 εἶδε.
548 2412 659 2466 Καὶ
685 2411 817 2465 ἰδοὺ
848 2412 1124 2466 ἀνέϐαινε
1161 2411 1321 2480 φλὸξ
1341 2412 1410 2465 ἐκ
1456 2412 1565 2479 τῆς
1597 2411 1731 2481 γῆς,
1774 2414 1918 2466 ὡσεὶ

237 2498 416 2567 ἀτμίς
446 2500 720 2568 καμίνου.
773 2500 862 2552 Ἐν
893 2500 1110 2569 ἐκείνῳ,
1154 2499 1307 2570 φησὶ,
1360 2499 1438 2569 τῷ
1469 2501 1620 2568 τόπῳ
1657 2498 1918 2568 γεγονὼς,

234 2583 369 2638 τνθα
398 2585 495 2655 τὴν
523 2585 758 2650 διάλεξιν
785 2586 920 2659 πρὸς
945 2587 1034 2641 τὸν
1056 2587 1334 2658 Δεσπότην
1369 2589 1680 2655 ἐποιήσατο,
1710 2587 1805 2640 καὶ
1826 2586 1921 2656 τὴν

239 2669 372 2742 περὶ
418 2669 528 2723 τῶν
554 2672 612 2723 ἐν
665 2671 917 2740 Σοδόμοις
965 2672 1334 2742 παράκλησιν,
1369 2673 1514 2742 ἐώρα
1548 2674 1645 2742 τῆς
1686 2673 1923 2752 φοϐερᾶς

231 2758 458 2830 ἐκείνης
481 2760 752 2830 τιμωρίας
785 2759 852 2812 τά
874 2761 1015 2830 ῖχνη,
1040 2760 1246 2813 καὶτοῦ
1277 2759 1487 2813 δικαίου
1510 2761 1694 2812 ἕνεκεν
1731 2759 1923 2829 μαθεῖν

231 2861 287 2897 τι
323 2844 612 2916 ἐπεθύμει.
637 2845 889 2899 Τοιοῦτον
915 2846 1023 2917 γάρ
1051 2847 1158 2899 τῶν
1186 2847 1357 2914 ἁγίων
1385 2847 1444 2898 τὸ
1471 2847 1608 2909 ἔθος,
1642 2847 1924 2916 φιλόστορ-

233 2946 335 2998 γον
371 2931 464 2982 καὶ
499 2926 937 3001 συμπαθητικόν.
996 2932 1103 2984 Καὶ
1151 2932 1239 2985 ἵνα
1297 2931 1484 3003 διδάξῃ
1536 2934 1680 3002 ἡμᾶς
1733 2934 1767 3002 ή
1804 2932 1923 2985 θεία

234 3015 454 3087 Γραφή,
485 3017 566 3070 ὅτι
601 3017 803 3080 εὐθέως
844 3018 994 3088 αύτῷ
1021 3018 1212 3070 τούτου
1254 3018 1352 3088 τὴν
1385 3018 1584 3085 γνῶσιν
1609 3018 1865 3086 ἐνέθηκεν
1890 3022 1922 3089 ή

233 3102 334 3155 τοῦ
370 3101 691 3171 Πνεύματος
729 3105 910 3174 χάρις,
967 3105 1099 3174 ὁμοῦ
1140 3105 1194 3157 δὲ
1227 3106 1322 3158 καὶ
1353 3104 1444 3158 τὸν
1474 3105 1682 3158 δίκαιον
1708 3106 1794 3159 ἵνα
1824 3105 1923 3175 τῆς

236 3189 371 3260 περὶ
401 3189 496 3242 τοῦ
535 3190 659 3243 Λὼτ
711 3190 996 3262 ἀπαλλάξῃ
1033 3191 1310 3261 φροντίδος
1341 3203 1390 3254 α,
1443 3193 1643 3262 φησίν·
1689 3194 1792 3246 Ἑν
1844 3194 1923 3259 τῷ

235 3277 514 3345 ἐκτρῖψαι
538 3279 758 3346 Κύριον
792 3281 898 3344 τὰς
922 3282 1132 3344 πόλεις
1165 3278 1273 3346 τῆς
1300 3281 1623 3348 περιοίκου,
1647 3282 1922 3352 ἐμνήσθη

235 3365 275 3418 δ
299 3364 447 3430 Θεὸς
472 3365 582 3419 τοῦ
639 3367 694 3419 Ἀ
707 3367 916 3434 ϐραὰμ,
971 3367 1069 3419 καί
1126 3366 1518 3431 ἐξαπέστειλε
1548 3367 1654 3420 τὸν
1687 3371 1818 3423 Λὼτ
1854 3369 1924 3423 ἐκ

231 3450 435 3520 μέσου
463 3450 576 3518 τῆς
599 3452 1042 3520 καταστροφῆς.
1071 3453 1134 3504 Τί
1162 3455 1330 3515 ἐστιν,
1366 3455 1675 3522 Ἐμνήσθη
1708 3459 1740 3508 ό
1781 3457 1924 3520 Θεὸς

235 3533 349 3587 τοῦ
397 3534 647 3603 Ἁϐραάμ
671 3551 690 3598 ;
721 3536 831 3605 Τῆς
862 3536 1276 3606 παρακλήσεως,
1304 3539 1487 3608 φησὶν,
1511 3535 1579 3609 ἧς
1609 3541 1921 3608 ἐποιήσατο,

236 3620 437 3688 λέγων,
467 3621 567 3688 Μὴ
605 3623 1040 3688 συναπολέσῃς
1074 3622 1309 3676 δίκαιον
1354 3627 1506 3692 μετὰ
1545 3626 1828 3690 ἀσεϐοῦς.
1860 3627 1924 3678 Τί

237 3705 357 3766 οὖν.
383 3708 450 3761 ἂν
480 3709 626 3761 εῐποι
653 3725 757 3771 τις,
805 3709 891 3763 διά
918 3710 1016 3779 τήν
1059 3710 1404 3780 παράκλησιν
1451 3712 1544 3764 τοῦ
1583 3715 1922 3783 πατριάρχου

237 3795 269 3846 6
308 3795 518 3857 δίκαιος
539 3794 793 3864 διεσώθη,
823 3795 918 3848 καὶ
955 3796 1076 3865 οὐχὶ
1115 3796 1202 3848 διά
1230 3797 1328 3866 τὴν
1372 3797 1504 3849 ίδίαν
1538 3799 1922 3869 δικαιοσύνην;

237 3881 372 3943 Ναὶ,
407 3875 502 3934 καὶ
555 3882 645 3935 διά
675 3883 775 3953 τὴν
808 3882 1152 3953 παράκλησιν
1203 3883 1297 3935 τοῦ
1361 3887 1736 3955 πατριάρχουο
1795 3887 1925 3940 ὅταν

239 3968 353 4036 γάρ
377 3967 445 4020 τὰ
469 3969 600 4039 παρ’
634 3969 843 4022 ἐαυτῶν
875 3969 1397 4040 συνεισενέγκωμεν,
1427 3972 1520 4023 καὶ
1547 3975 1580 4042 ή
1627 3972 1780 4043 παρά
1817 3973 1923 4026 τῶν

237 4055 471 4108 δικαίων
505 4055 653 4127 [449]
676 4047 941 4127 πρεσϐεία
958 4056 1028 4109 τὰ
1056 4058 1292 4126 μέγιστα
1318 4060 1467 4128 ἡμᾶς
1491 4060 1751 4128 ὀνίνησιν.
1772 4061 1924 4113 Ἐπεὶ

239 4142 341 4194 ἐὰν
370 4143 528 4195 αὐτοὶ
552 4144 652 4212 μὲν
688 4143 1045 4214 ῥᾳθυμῶμεν,
1078 4144 1174 4207 τὰς
1197 4145 1252 4196 δὲ
1277 4145 1497 4207 ἐλπίδας
1523 4145 1622 4216 τῆς
1651 4147 1924 4216 ήμετέρας

240 4230 523 4299 σωτηρίας
571 4231 658 4282 ἐπ’
713 4231 943 4294 ἐκείνοις
1005 4231 1186 4300 μόνοις
1238 4232 1539 4301 ποιώμεθα,
1591 4234 1741 4286 οὐδὲν
1793 4235 1925 4304 ήμῖν

240 4317 399 4368 ἐσται
433 4316 624 4368 πλέον’
656 4317 756 4370 οὐκ
784 4318 968 4387 ἐπειδὴ
996 4318 1240 4382 ἀσθενεῖς
1272 4321 1321 4370 οί
1345 4320 1563 4382 δίκαιοι,
1597 4320 1712 4373 ἀλλ’
1736 4321 1924 4392 ἐπειδὴ

238 4405 408 4472 ἡμεῖς
435 4403 524 4456 διὰ
555 4404 655 4473 τῆς
678 4404 886 4467 οἰκείας
916 4405 1187 4475 ῥᾳθυμίας
1215 4407 1438 4468 ἑαυτοὺς
1473 4408 1815 4478 προδίδομεν.

321 4490 388 4558 β’.
432 4493 542 4545 Καὶ
583 4492 671 4545 ἵνα
716 4490 892 4562 μάθῃς
930 4492 1045 4553 ὃτι,
1082 4493 1210 4545 ὅταν
1243 4493 1558 4563 ἀμελῶμεν,
1596 4495 1701 4548 κᾶν
1724 4495 1923 4549 δίκαιοι

238 4569 379 4630 ὦσιν
418 4578 467 4629 οἰ
516 4577 658 4648 ὑπὲρ
686 4577 844 4647 ήμῶν
896 4579 1341 4648 παρακαλοῦντες
1370 4621 1385 4645 ,
1431 4580 1533 4634 κᾶν
1603 4582 1880 4652 προφῆται
1905 4621 1921 4647 ,

238 4666 396 4719 οὑδέν
429 4668 558 4736 ήμῖν
591 4669 656 4720 ἐκ
677 4666 866 4719 τούτου
894 4667 1086 4735 δφελος
1117 4669 1324 4735 γίνεται
1379 4669 1610 4739 (ἐκεῖνοι
1665 4671 1766 4740 μέν
1813 4671 1924 4742 γὰρ

239 4753 346 4820 τὴν
375 4751 584 4804 ἑαυτῶν
617 4753 816 4824 ἀρετήν
842 4754 936 4806 καὶ
967 4753 1056 4806 διὰ
1085 4753 1290 4807 τούτων
1322 4755 1741 4822 ἐπιδείκνυνται,
1791 4759 1923 4828 ήμίν

239 4839 301 4892 δὲ
330 4839 558 4910 οὐδεμία
583 4839 736 4892 ἐσται
773 4840 958 4911 ὄνησις
999 4840 1087 4893 διά
1115 4841 1205 4893 τὸν
1231 4843 1427 4894 οἰκεῖον
1457 4842 1713 4912 τρόπον),
1760 4845 1925 4897 ἀκου-

241 4943 342 4980 σον
368 4927 463 4978 τοῦ
489 4926 597 4978 τῶν
621 4927 755 4979 ὅλων
795 4927 927 4980 Θεοῦ
949 4929 1083 4997 πρὸς
1109 4929 1200 4981 τὸν
1236 4931 1300 4982 ἐκ
1334 4929 1545 4992 κοιλίας
1590 4932 1922 4998 ἀγιασθέντα

248 5014 528 5084 Ἰερεμίαν
548 5013 638 5066 τὸν
667 5016 951 5085 προφήτην
982 5016 1207 5083 λέγοντα
1231 5033 1245 5046 ·
1274 5015 1369 5083 Μὴ
1405 5019 1749 5086 προσεύχου
1795 5019 1923 5086 περὶ

237 5100 355 5154 τοῦ
405 5101 559 5154 λαοῦ
591 5104 826 5166 τούτου,
878 5101 968 5157 ὅτι
996 5104 1107 5156 οὐκ
1141 5104 1577 5171 εἰσακούσομαί
1600 5121 1733 5158 σου.
1779 5106 1922 5176 Ὅρα

241 5187 342 5238 τοῦ
364 5187 634 5239 ,δεσπότου
660 5187 1069 5257 φιλανθρωπίαν
1089 5205 1104 5220 ο
1133 5190 1386 5260 προλέγει
1419 5189 1496 5259 τῷ
1530 5192 1800 5262 προφήτῃ,
1836 5193 1922 5246 ἵνα

248 5285 328 5342 μη
364 5273 501 5342 μετά
543 5273 605 5328 τὺ
650 5272 1049 5344 προσεύξασθαι
1111 5276 1550 5346 παρακουσθεὶς,
1603 5277 1795 5349 νομίσῃ
1841 5281 1921 5332 ὅτι

243 5359 340 5412 διὰ
359 5359 458 5430 τὴν
487 5361 617 5430 παρ’
653 5359 820 5413 αὑτοῦ
853 5361 1030 5414 αἰτίαν
1058 5361 1218 5414 τοῦτο
1263 5364 1575 5430 γεγένηται.
1629 5366 1728 5416 Διά
1765 5367 1922 5420 τοῦτο

245 5445 356 5512 ἥδη
384 5444 688 5515 προμηνύει
720 5445 869 5516 αὐτῷ
893 5447 992 5518 τὴν
1018 5447 1215 5500 κακίαν
1248 5446 1341 5499 τοῦ
1367 5448 1520 5510 λαοῦ,
1551 5450 1644 5501 καὶ
1674 5452 1920 5504 διαστέλ-

243 5530 400 5583 λεται
434 5533 508 5601 μή
555 5533 958 5603 προσεύξασθαι
981 5574 996 5598 ,
1033 5535 1118 5588 ἵνα
1149 5535 1244 5588 καὶ
1276 5535 1433 5598 αὐτὸς
1466 5536 1662 5590 εἰδέναι
1699 5538 1794 5609 ἔχῃ
1823 5541 1921 5610 τῆς

247 5619 516 5688 πονηρίας
557 5621 780 5674 ἐκείνων
829 5623 922 5692 τὴν
963 5623 1232 5685 ἐπίτασιν,
1283 5624 1524 5675 κάκεῖνοι
1567 5625 1811 5693 μάθωσιν
1849 5628 1924 5690 ὡς

245 5703 401 5756 οὐδὲν
429 5705 610 5769 αὐτοῖς
637 5708 667 5758 6
697 5709 984 5779 προφήτης
1013 5708 1414 5778 συμϐάλλεται,
1449 5711 1496 5762 εί
1534 5711 1607 5780 μὴ
1643 5715 1736 5766 καὶ
1769 5715 1922 5768 αὐτοὶ

248 5791 315 5844 τὰ
352 5795 479 5861 παρ’
507 5793 712 5846 ἑαυτῶν
740 5796 1069 5862 εἰσενεγκεῖν
1101 5795 1454 5865 βουληθῶσιν.
1493 5799 1670 5869 Ὅπερ
1697 5801 1913 5868 εἰδότες,

310 5895 505 5970 ⁸ἓσζὶἰ.
532 5902 581 5970 εἰ
609 5899 824 5970 [quidam
863 5901 947 5952 alii
990 5902 1066 5949 ’ίνα
1099 5907 1182 5959 τῆς
1217 5903 1322 5961 περὶ
1363 5901 1447 5952 τοῦ
1469 5904 1652 5953 δικαίου
1675 5908 1914 5970 φροντίδος

245 5957 486 6021 ἀπαλλάξῃ
509 5957 665 6010 αὐτόν.

1367 392 1436 449 ΙΝ
1472 391 1626 449 CAP.
1671 389 1792 446 XIX
1834 387 2078 446 GENES.
2124 388 2356 445 HOMIL.
2399 386 2582 445 XLIV.

3589 394 3699 451 406

2019 503 2334 573 ἀγαπητοὶ,
2393 500 2828 572 καταφεύγωμεν
2889 499 2991 573 μὶν
3056 501 3150 556 ἐπὶ
3211 501 3312 565 τάς
3365 503 3474 556 τῶν
3531 505 3702 574 ἁγίων

2021 591 2342 658 πρεσϐείας,
2368 591 2461 643 καὶ
2478 589 2890 660 παρακαλῶμεν
2911 588 3050 642 ῶστε
3067 588 3209 658 ὑπὲρ
3234 589 3392 658 ήμῶν
3418 589 3696 661 δεηθῆναι,

2016 677 2150 730 ἀλλά
2193 678 2266 746 μὴ
2308 679 2428 740 ταῖς
2467 678 2689 729 ἐκείνων
2723 677 2951 740 ἱκεσίαις
3001 677 3159 745 μόνον
3193 675 3521 748 θαρῥῶμεν,
3563 678 3702 731 ἀλλά

2017 765 2111 815 καὶ
2138 765 2292 816 αὐτοὶ
2314 763 2381 816 τά
2413 763 2532 815 καθ’
2569 765 2792 826 ἑαυτοὺς
2816 764 3042 825 δεόντως
3072 764 3471 834 οἰκονομῶμεν,
3490 765 3700 832 καὶτῆς

2021 851 2114 902 ἐπὶ
2147 848 2207 901 τὸ
2241 849 2447 918 βέλτιον
2481 848 2785 918 μεταϐολῆς
2819 849 3102 918 ἐχώμεθα,
3153 849 3240 902 ἵνα
3293 849 3478 920 χώραν
3523 849 3703 919 δῶμεν

2016 941 2083 1008 τῇ
2123 938 2388 1009 πρεσϐείᾳ
2416 941 2484 1010 τῇ
2515 938 2656 1008 ὑπὲρ
2682 937 2839 1008 ήμῶν
2883 939 3162 1008 γινομένῃ.
3208 937 3380 990 Τοῦτο
3429 938 3521 991 καὶ
3566 938 3704 1008 πρὸς

2018 1026 2205 1095 ἕτερον
2247 1026 2534 1096 προφήτην
2644 1023 2808 1092 φησιν
2855 1025 2881 1074 6
2926 1023 3032 1074 τῶν
3077 1024 3335 1077 ἁπάντων
3377 1023 3655 1094 Δεσπότης
3687 1037 3700 1050 ⁸

2014 1117 2137 1182 Οὐχ
2192 1111 2334 1180 ὁρᾷς
2383 1113 2439 1165 τί
2493 1112 2661 1164 αὑτοί
2713 1109 2991 1171 ποιοῦσι;
3049 1109 3310 1178 Θυμιῶσι
3358 1112 3562 1178 στέαρ,
3604 1110 3704 1164 και

2019 1194 2297 1263 χαυῶνας
2320 1196 2559 1248 ποιοῦσι
2590 1193 2666 1260 τῇ
2693 1191 2942 1262 στρατιᾷ
2971 1192 3077 1245 τοῦ
3100 1194 3392 1261 οὐρανοῦο
3422 1196 3705 1264 μονονουχὶ

2018 1281 2192 1346 λέγων
2231 1283 2365 1350 πρὸς
2391 1282 2552 1334 αὐτόν
2579 1295 2592 1310 ·
2639 1281 2807 1350 ’Υπὲρ
2848 1280 3053 1332 τούτων
3086 1298 3153 1349 με
3186 1282 3526 1348 παρακαλεῖς
3548 1321 3561 1342 ,
3596 1282 3706 1334 τῶν

2017 1369 2115 1436 οὐχ
2165 1367 2468 1437 ἱσταμένων
2507 1367 2606 1437 τῆς
2648 1368 2951 1436 πονηρίας,
2989 1366 3098 1418 τῶν
3148 1367 3401 1437 οὐδεμίαν
3451 1368 3706 1436 αἴσθησιν

2018 1456 2408 1525 λαμϐανόντων
2454 1456 2557 1525 τῆς
2607 1456 2765 1507 νόσου
2814 1457 2872 1507 ἐν
3004 1456 3349 1524 κατέχονται,
3398 1455 3707 1519 ἀλλὀῦτως

2019 1543 2340 1612 ἀναλγήτως
2367 1543 2754 1612 διακειμένων;
2797 1543 2908 1611 Οὐχ
2933 1544 3065 1612 ὁρᾷς
3091 1543 3270 1596 αὐτῶν
3299 1543 3401 1613 τὴν
3428 1545 3529 1595 ὑπε
3541 1544 3703 1613 ρϐάλ-

2017 1631 2215 1682 λουσαν
2266 1632 2709 1701 καταφρόνησιν;
2761 1631 2820 1682 ού
2869 1629 3086 1697 βλέπεις
3139 1631 3318 1683 αὐτῶν
3364 1632 3463 1700 τὴν
3509 1632 3706 1701 μανίαν

2016 1717 2116 1785 τὴν
2148 1717 2390 1787 πολλήν;
2427 1717 2544 1778 πῶς
2571 1717 2786 1769 οὐδέπω
2816 1716 2974 1785 κόρον
2999 1718 3255 1786 εἰλήφασι
3290 1718 3388 1786 τῆς
3428 1718 3703 1780 ἀσεϐείας,

2018 1802 2153 1856 ἀλλά
2199 1804 2453 1874 καθάπερ
2499 1796 2563 1866 ὗς
2611 1805 2670 1856 ἐν
2716 1804 2999 1873 βορϐόρῳ,
3045 1804 3221 1866 οὕτως
3264 1803 3703 1870 ἐγκαλινδοῦνται

2018 1893 2137 1952 ταῖς
2162 1891 2392 1952 οἰκείαις
2438 1890 2840 1960 παρανομίαις;
2883 1890 2974 1960 Μὴ
3002 1891 3112 1961 γὰρ
3136 1930 3150 1952 ,
3186 1893 3233 1943 εἰ
3264 1891 3548 1944 ἐϐούλοντο
3580 1895 3702 1945 ἐπι-

2022 1975 2300 2044 στρέφειν,
2335 1975 2754 2044 παρακληθῆναι
2795 1976 3087 2045 ἀνέμενον;
3131 1978 3244 2029 Οὐκ
3277 1977 3389 2044 ἐγώ
3416 1979 3534 2048 είμι
3562 1981 3590 2031 ό
3617 1978 3706 2033 διὰ

2017 2060 2126 2111 τῶν
2163 2060 2462 2130 προφητῶν
2506 2061 2642 2129 βοῶν
2690 2063 2784 2113 καὶ
2817 2062 2989 2127 λέγων
3021 2079 3034 2092 θ
3081 2064 3189 2116 Καὶ
3234 2059 3409 2116 εἷπον
3442 2065 3594 2132 μετὰ
3639 2065 3704 2118 τὸ

2020 2147 2349 2212 πορνεῦσαι
2407 2145 2604 2210 αὑτήν
2629 2165 2643 2179 ·
2680 2147 2843 2200 Μετὰ
2908 2148 3094 2202 ταῦτα
3161 2149 3359 2202 πάντα
3424 2151 3567 2218 πρός
3630 2168 3708 2219 με

2019 2232 2431 2300 ἀνάστρεψον,
2463 2234 2562 2286 καὶ
2592 2237 2702 2287 οὐκ
2736 2235 3112 2303 ἀνέστρεψε;
3145 2237 3234 2305 Μὴ
3277 2238 3387 2306 γὰρ
3424 2237 3613 2309 ἕτερόν
3648 2254 3701 2292 τι

2021 2319 2188 2387 ζητῶ.
2218 2320 2250 2388 ἢ
2285 2319 2600 2373 παύσασθαι
2620 2321 2722 2388 τῆς
2751 2324 3016 2393 πονηρίας
3046 2323 3229 2390 μόνον,
3258 2324 3354 2376 καὶ
3385 2325 3576 2391 στῆναι
3597 2325 3709 2377 τῶν

2021 2404 2209 2457 κακῶν
2230 2422 2243 2469 ;
2279 2405 2353 2476 μὴ
2384 2405 2492 2477 γὰρ
2516 2407 2656 2478 ὑπὲρ
2680 2407 2790 2460 τῶν
2813 2408 3192 2478 παρελθόντων
3221 2411 3452 2474 εὐθύνας
3468 2412 3708 2476 ἀπαιτῶ,

2020 2493 2116 2544 ἐάν
2162 2493 2256 2544 ι’δω
2312 2493 2745 2563 μεταϐάλλεσθαι
2789 2494 3187 2565 βουλομένουςς
3221 2498 3280 2551 οὑ
3317 2499 3438 2552 καθ’
3469 2500 3710 2568 ἑκάστην

2022 2581 2238 2650 ἡμέραν
2291 2581 2398 2651 βοῶ
2439 2582 2610 2650 λέγων
2635 2599 2648 2611 ο
2678 2586 2760 2637 οὐ
2807 2584 3055 2651 θελήσει
3107 2586 3262 2640 θέλω
3303 2587 3409 2639 τὸν
3448 2586 3712 2642 θάνατον

2021 2667 2127 2722 τοῦ
2171 2669 2548 2736 ἀμαρτωλοῦ,
2591 2671 2672 2736 ὡς
2716 2671 2783 2724 τὸ
2828 2670 3190 2740 ἐπιστρέψαι
3217 2673 3315 2726 καί
3348 2673 3455 2741 ζῇν
3486 2677 3710 2738 αὑτόν;

2023 2755 2096 2807 Οὐ
2128 2754 2216 2808 διὰ
2245 2754 2405 2808 τοῦτο
2434 2758 2611 2810 πάντα
2645 2757 2785 2810 ποιῶ
2805 2799 2818 2823 ,
2853 2758 2940 2811 ἵνα
2969 2759 3070 2828 τῆς
3115 2752 3387 2822 ἀπωλέίας
3415 2761 3712 2832 ἐξαρπάσω

2022 2843 2147 2904 τοὺς
2163 2843 2254 2895 ἐπὶ
2277 2846 2343 2913 τῇ
2371 2843 2548 2915 πλάνῃ
2575 2845 3158 2915 προκατειλημμένους
3179 2863 3193 2912 ;
3217 2848 3311 2918 Μὴ
3335 2847 3465 2917 γὰρ,
3495 2848 3588 2901 ἐάν
3619 2848 3712 2900 [Em

2027 2928 2556 2998 μεταϐαλλομένους,
2584 2931 2980 3001 ὑπερτίθεμαι;
3009 2934 3121 2985 Ούκ
3143 2933 3252 3000 ἐγώ
3281 2934 3396 3002 είμι
3429 2936 3458 2986 6
3491 2933 3665 2999 λέγων
3694 2951 3710 2967 ο

2027 3016 2156 3068 Ἔτι
2200 3015 2545 3080 λαλοῦντός
2595 3033 2713 3070 σου
2760 3017 2910 3084 ἐρῶ·
2958 3019 3104 3071 Ἰδοὺ
3149 3019 3424 3087 πάρειμι;
3477 3021 3568 3092 Μή
3603 3020 3715 3090 γὰρ

2023 3100 2196 3164 οὓτως
2233 3103 2387 3155 αὐτοὶ
2420 3102 2749 3173 ἐπιθυμοῦσι
2776 3105 2874 3174 τῆς
2901 3104 3108 3156 ἑαυτῶν
3136 3107 3432 3177 σωτηρίας,
3482 3107 3558 3170 ὼς
3588 3109 3714 3178 ἐμοὶ

2025 3190 2496 3260 περισπούδαστόν
2525 3191 2674 3243 ἐστιν
2708 3192 2954 3254 ἅπαντας
2984 3192 3303 3262 ἀνθρώπους
3335 3194 3596 3264 σωθῆναι,
3619 3195 3714 3248 καὶ

2024 3280 2103 3341 είς
2127 3279 2424 3346 ἐπίγνωσιν
2450 3279 2706 3349 ἀληθείας
2741 3279 2916 3332 ἐλθεῖν
2942 3300 2958 3341 ;
3184 3280 3274 3348 Μὴ
3305 3281 3414 3350 γάρ
3443 3281 3529 3334 διά
3555 3281 3715 3335 τοῦτό
3779 3329 3784 3332 .

2025 3379 2084 3415 σε
2122 3365 2231 3417 ἀπὸ
2260 3365 2355 3434 τοῦ
2386 3366 2460 3436 μὴ
2494 3367 2646 3430 ὄντος
2681 3369 3024 3437 παρήγαγον,
3065 3369 3152 3422 ῐνα
3180 3370 3466 3435 ἀπολέσω;
3503 3371 3577 3442 μὴ
3603 3373 3713 3443 γάρ

2024 3451 2148 3520 είκῆ
2183 3454 2282 3522 τὴν
2316 3453 2594 3522 βασιλείαν
2633 3454 2727 3506 καὶ
2771 3455 2842 3506 τὰ
2891 3455 3060 3524 μυρία
3090 3455 3184 3509 καὶ
3213 3457 3500 3527 ἀπόρῥητα
3532 3460 3715 3526 ἀγαθά

2023 3540 2364 3610 ηὐτρέπισας
2392 3543 2527 3611 υύχὶ
2565 3543 2654 3595 διά
2695 3543 2852 3595 τοῦτο
2895 3545 2989 3596 καὶ
3031 3547 3256 3611 γέενναν
3300 3547 3596 3618 ἠπείλησα,
3624 3550 3714 3602 ῐνα

2025 3632 2103 3694 εἰς
2137 3631 2237 3702 τὴν
2273 3631 2550 3701 βασιλείαν
2584 3635 2829 3697 ἃπαντας
2861 3636 2954 3687 καὶ
2991 3635 3080 3688 διὰ
3121 3636 3313 3689 τούτου
3347 3637 3574 3709 δραμεῖν
3604 3657 3714 3692 πα-

2029 3721 2392 3788 ρασκευάσως
2423 3722 2513 3792 Μὴ
2541 3723 2720 3774 τοίνυν
2748 3765 2760 3786 ,
2792 3717 2836 3776 ὦ
2874 3726 3107 3794 μακάριε
3141 3726 3396 3795 προφῆτα
3419 3770 3432 3790 ,
3471 3727 3715 3793 ἐκείνους

2026 3806 2478 3877 καταλιμπάνων,
2513 3811 2636 3879 ἐμοὶ
2664 3810 2908 3880 πρόσαγε
2953 3814 3051 3881 τὴν
3086 3814 3432 3883 παράκλησιν
3457 3858 3470 3880 ,
3501 3816 3616 3868 ἀλλ’
3655 3817 3714 3869 ἐν

2027 3911 2109 3948 σοι
2131 3894 2290 3947 τοῦτο
2313 3896 2402 3949 διά
2424 3897 2659 3966 σπουδῆς
2687 3899 2848 3961 ἔστω,
2881 3898 3023 3952 ὥστε
3049 3901 3150 3970 τῆς
3179 3902 3402 3955 ἐκείνων
3426 3903 3585 3956 νόσου
3618 3921 3712 3956 πει

2029 3984 2355 4054 ριγενέσθαι,
2397 3985 2491 4038 καὶ
2533 3988 2613 4048 είς
2656 3986 2909 4058 αἴσθησιν
2951 3988 3177 4056 ἀγαγεῖν
3227 3989 3328 4058 τῆς
3377 3991 3710 4059 ἀρρωστίας,

2026 4074 2120 4127 καὶ
2151 4074 2286 4146 πρὸς
2317 4075 2526 4141 ὑγίειαν
2568 4078 2936 4144 ἐπαναγαγεῖν
2960 4119 2974 4140 ,
3005 4077 3098 4130 καὶ
3137 4076 3208 4130 τὰ
3240 4079 3370 4148 παρ’
3405 4077 3542 4148 ἐμοῦ
3574 4080 3712 4132 πάν-

2025 4176 2132 4223 τως
2166 4159 2376 4228 ἕψεται.
2407 4163 2480 4213 Οὐ
2508 4160 2617 4231 γὰρ
2652 4161 2846 4231 μέλλω,
2879 4163 2997 4215 οὐδὲ
3037 4164 3450 4233 ἀναϐάλλομαι,
3489 4166 3712 4220 ἐπειδάν

2029 4247 2326 4322 ῖδωὶψυχὴν
2354 4248 2670 4318 εὐγνώμονα
2696 4266 2711 4281 ο
2736 4250 2794 4302 ἒν
2815 4251 2923 4319 γὰρ
2949 4251 3108 4320 μόνον
3130 4250 3392 4321 ἐπιζητῶ,
3419 4253 3711 4322 ὁμολογίαν

2026 4317 2146 4386 τῶν
2167 4335 2566 4404 ἐπταισμένων,
2597 4338 2688 4389 καὶ
2714 4337 2813 4389 οὑκ
2840 4338 2918 4390 ἔτι
2948 4338 3045 4408 τὴν
3070 4339 3162 4391 ἐπὶ
3195 4341 3305 4402 τοῖς
3326 4341 3711 4410 ἐπταισμένοις

2024 4421 2180 4490 δίκην
2236 4422 2445 4490 ἐπάγω.
2503 4422 2593 4492 Μή
2635 4425 2744 4493 γὰρ
2793 4424 2930 4494 βαρύ
2983 4443 3034 4477 τι
3082 4426 3175 4478 καὶ
3222 4428 3458 4497 ἐπαχθὲς
3487 4428 3549 4480 τό
3580 4430 3709 4500 παρ’

2025 4507 2161 4576 ἐμοῦ
2202 4509 2648 4580 προτεινόμενον;
2693 4509 2754 4562 Εἰ
2795 4510 2870 4580 μὴ
2913 4509 3061 4579 ᾔδειν
3105 4511 3321 4582 χείρους
3365 4515 3708 4583 γινομένους,

2026 4595 2090 4647 ἐκ
2138 4595 2232 4647 τοῦ
2281 4597 2355 4665 μὴ
2395 4596 2729 4666 ὁμολογῆσαι
2767 4596 2838 4649 τά
2875 4597 3115 4668 πρότερα
3159 4599 3534 4670 ἁμαρτήματα
3559 4641 3573 4660 .
3608 4603 3710 4655 οὐκ

2025 4679 2092 4732 ἂν
2113 4682 2233 4733 οὐδέ
2262 4682 2417 4734 τοῦτο
2448 4683 2693 4752 ἐζήτουν.
2738 4682 2878 4735 Ἀλλ’
2914 4684 3102 4755 ἐπειδὴ
3130 4681 3246 4738 οἶδα
3278 4686 3336 4738 τὸ
3371 4687 3480 4740 τῶν
3503 4688 3713 4760 ἀνθρώ-

2026 4786 2144 4822 πων
2181 4771 2335 4837 γένος
2382 4770 2581 4840 μᾶλλον
2628 4774 2764 4841 πρὸς
2805 4773 3001 4826 κακίαν
3026 4775 3212 4845 ῥέπον,
3253 4775 3341 4828 διὰ
3376 4777 3535 4830 τοῦτο
3584 4777 3708 4847 βού-

2025 4854 2188 4924 λομαι
2214 4857 2282 4908 τά
2312 4858 2550 4928 πρότερα
2578 4859 2908 4928 ὁμολογῆσαι
2940 4861 3312 4932 ἁμαρτήματα
3335 4905 3349 4927 ,
3395 4865 3483 4918 ἵνα
3515 4868 3548 4936 ή
3584 4869 3712 4936 ὁμο-

2024 4942 2180 5009 λογία
2223 4944 2452 5015 κώλυμα
2502 4946 2687 5008 αὐτοῖς
2731 4947 2961 5017 γένηται
2997 4949 3134 5020 πρὸς
3172 4949 3234 5002 τὸ
3277 4951 3353 5023 μὴ
3382 4955 3495 5016 τοῖς
3527 4956 3711 5020 αὐτοῖς

2026 5051 2364 5103 περιπεσειν.

2095 5193 2162 5248 γ’.
2206 5181 2390 5234 Ταῦτα
2422 5181 2624 5244 τοίνυν,
2662 5180 2960 5248 ἀγαπητοὶ,
2995 5183 3470 5255 ἀναλογιζόμενοι,
3507 5191 3598 5240 καὶ
3624 5190 3709 5241 ἐν-

2023 5268 2272 5331 νοοῦντες
2297 5269 2390 5321 τοῦ
2421 5269 2696 5338 ἡμετέρου
2723 5270 2995 5324 Δεσπότου
3030 5272 3130 5342 τὴν
3164 5273 3598 5344 φιλανθρωπίαν,
3633 5277 3709 5348 μὴ

2027 5355 2382 5424 ῥᾳθυμῶμεν,
2426 5355 2562 5407 ἀλλά
2607 5357 2871 5428 πρότερον
2934 5358 3127 5428 πολλὴν
3175 5361 3388 5413 ἑαυτῶν
3440 5361 3539 5431 τὴν
3588 5365 3710 5414 ἐπι-

2028 5445 2247 5514 μέλειαν
2278 5442 2580 5512 ποιώμεθα,
2605 5448 2699 5497 καὶ
2730 5447 2821 5499 τὸν
2857 5447 3028 5515 ῥύπον
3061 5449 3155 5500 τὸν
3185 5450 3292 5502 ἀπὸ
3319 5449 3427 5502 τῶν
3458 5453 3710 5521 ἁμαρτη-

2028 5532 2212 5599 μάτων
2239 5529 2654 5600 ἐκκαθάρωμεν,
2685 5534 2778 5585 καὶ
2808 5532 2981 5596 οὕτως
3010 5534 3101 5585 ἐπὶ
3132 5535 3231 5597 τὰς
3275 5535 3573 5605 πρεσϐείας
3600 5537 3709 5590 τῶν

2023 5618 2195 5683 ἁγίων
2247 5617 2584 5687 σπεύδωμεν.
2645 5620 2771 5672 Ἐάν
2820 5620 2925 5691 γὰρ
2985 5621 3306 5693 βουλώμεθα
3362 5625 3552 5694 νήφειν
3616 5627 3709 5676 καὶ

2025 5705 2405 5774 ἐγρηγορέναι,
2447 5706 2541 5756 καὶ
2567 5706 2634 5757 δι’
2664 5707 2872 5759 ἑαυτῶν
2898 5709 3342 5778 παρακαλοῦντες
3376 5710 3457 5762 τά·
3474 5711 3709 5778 μέγιστα

2031 5788 2356 5858 ὀνησόμεθα.
2405 5791 2620 5861 Ἐπειδὴ
2646 5791 2754 5862 γὰρ
2780 5793 3160 5864 φιλάνθρωπός
3197 5797 3345 5848 ἐστιν
3381 5798 3410 5848 6
3433 5797 3709 5865 Δεσπότης

2024 5877 2052 5927 6
2087 5877 2350 5948 ἡμέτερος
2374 5918 2386 5940 ,
2420 5878 2518 5947 οὑχ
2559 5878 2702 5931 οὓτω
2726 5879 2791 5931 δι’
2825 5880 3028 5950 ἐτέρων
3059 5883 3546 5953 παρακαλούμενος
3568 5884 3708 5952 ὑπὲρ

2025 5963 2180 6032 ήμῶν
2226 5963 2484 6033 ἐπινεύει,
2532 5965 2605 6030 ώς
2642 5966 2708 6019 δι’
2754 5965 2912 6036 ήμῶν
2957 5968 3155 6026 αὐτῶν.
3198 5959 3340 6040 Ὅρα
3375 5971 3704 6038 ἁγαθότητος
