4178 6328
221 382 320 441 ιω

218 500 375 552 mium
401 514 416 552 :
440 511 567 553 nam
592 498 641 555 si
668 498 865 556 viderit
888 513 988 555 nos
1012 499 1103 572 qui
1132 498 1454 555 otfendimus
1474 539 1490 565 ,
1510 508 1565 554 et
1593 497 1824 569 ignomi-

221 589 357 644 niosi
394 587 519 645 facti
543 605 757 659 sumus,
788 591 1100 661 nullamque
1127 590 1386 647 habemus
1410 589 1677 661 ﬁduciam,
1698 603 1829 659 pau-

220 677 387 735 lulum
409 682 660 748 excitari,
686 691 740 737 et
760 682 831 737 ad
852 683 1151 739 clementia:
1171 698 1283 738 sua:
1302 682 1517 739 divitias
1536 681 1829 752 confugere

219 780 471 827 valentes
494 812 510 837 ,
540 773 721 827 statim
753 773 1003 844 precibus
1026 774 1247 842 annuit,
1274 782 1331 831 et
1358 790 1575 829 manum
1608 772 1831 844 porrigit

217 858 525 927 iacentibus
551 870 606 917 et
632 861 812 934 lapsos
841 864 1057 931 excitat,
1086 865 1387 935 clamatque
1414 865 1599 920 dicens
1620 882 1633 920 :
1655 863 1828 919 Num-

218 948 346 1017 qnid
387 950 479 1019 qui
525 941 697 1018 cadit,
746 969 850 1007 non
888 963 1111 1025 resurget
1155 953 1373 1025 (lerem.
1416 954 1470 1010 8.
1500 953 1600 1027 4)?
1630 953 1829 1009 Verum

223 1048 279 1094 ut
332 1040 500 1094 etiam
538 1056 605 1097 ex
645 1043 809 1098 rebus
839 1044 969 1114 ipsis
1006 1044 1224 1101 discatis
1252 1043 1524 1115 quomodo
1553 1042 1704 1099 multi
1735 1059 1832 1114 per

218 1131 550 1201 semctipsos
587 1144 804 1190 orantes
834 1136 886 1191 id
912 1137 1053 1205 quod
1080 1136 1367 1207 cupiebant
1392 1138 1586 1193 melius
1616 1137 1827 1207 assequi

220 1222 539 1291 valuerunt,
570 1239 728 1294 quam
766 1241 865 1295 per
890 1228 1117 1282 aliorum
1145 1242 1364 1298 preces,
1392 1242 1572 1299 Opera:
1599 1228 1828 1299 pretium

220 1310 384 1367 fuerit
411 1329 510 1369 eos
528 1356 543 1379 ,
574 1316 767 1385 quibus
794 1316 843 1371 id
870 1318 1124 1387 contigit,
1156 1318 1210 1374 in
1233 1319 1467 1375 medium
1495 1319 1827 1389 producere,

220 1414 277 1457 ut
302 1415 357 1459 et
390 1420 493 1460 nos
516 1406 817 1473 imitemur,
851 1417 901 1463 et
932 1408 1002 1463 ad
1031 1410 1424 1465 aemulationem
1452 1424 1828 1480 provocemur.

220 1498 524 1557 Audiamus
555 1500 714 1571 igitur
740 1502 1011 1572 quomodo
1035 1502 1340 1558 Cbananaea
1371 1503 1459 1558 illa
1487 1503 1681 1558 mulier
1703 1517 1828 1558 cum

220 1598 374 1645 esset
421 1590 747 1662 alienigena,
780 1601 835 1648 et
862 1594 1038 1649 anima
1058 1594 1211 1650 valde
1229 1595 1596 1661 cruciaretur,
1627 1595 1717 1649 ubi
1746 1594 1829 1649 vi-

220 1680 300 1734 dit
339 1680 607 1737 Hedicum
646 1682 946 1739 animarum
966 1725 983 1751 ,
1011 1693 1065 1741 et
1095 1684 1274 1741 Solem
1295 1685 1518 1757 justitize
1547 1685 1638 1756 qui
1666 1699 1831 1742 exor-

222 1781 307 1827 tns
327 1780 416 1828 est
440 1774 507 1828 iis
531 1774 621 1844 qui
648 1774 841 1830 sedent
866 1776 917 1829 in
949 1777 1218 1843 tenebris,
1249 1776 1475 1832 accessit
1494 1776 1562 1832 ad
1584 1791 1704 1831 eum
1728 1777 1832 1832 fer-

219 1865 347 1918 vido
375 1874 431 1918 et
456 1864 622 1920 alacri
650 1865 831 1921 studio
858 1876 1000 1922 mota
1035 1884 1049 1922 :
1081 1883 1254 1938 neque
1280 1868 1402 1923 ideo
1425 1868 1641 1939 segnior
1668 1867 1829 1938 facta,

220 1955 368 2026 quod
409 1956 496 2011 vel
538 1956 767 2026 mulier,
796 1958 881 2014 vel
908 1959 1206 2030 alienigena
1238 1968 1382 2016 esset
1410 1977 1425 2015 :
1456 1960 1551 2016 sed
1580 1959 1832 2016 omnibus

222 2048 631 2115 impedimentis
657 2050 891 2120 repulsis
909 2091 926 2118 ,
953 2059 1010 2105 ut
1034 2052 1295 2118 accessit,
1327 2051 1499 2122 inquit
1526 2068 1541 2105 :
1574 2050 1828 2119 Domine,

220 2139 464 2194 miserere
492 2141 624 2207 mei,
651 2143 770 2211 quia
798 2143 909 2211 filia
934 2143 1045 2197 mea
1072 2144 1206 2198 male
1227 2160 1259 2197 α
1288 2143 1541 2198 daemonio
1571 2152 1833 2214 torquetur

221 2230 439 2297 (Matth.
471 2232 561 2286 15.
592 2231 710 2304 22).
739 2233 937 2289 Verum
964 2234 1055 2306 qui
1083 2235 1184 2290 scit
1210 2234 1519 2290 abscondita
1548 2234 1792 2292 cordium
1810 2274 1828 2303 ,

224 2332 366 2377 tacet
395 2332 450 2378 et
477 2339 585 2377 non
617 2326 931 2395 respondet,
956 2341 1129 2397 neque
1150 2341 1397 2382 sermone
1417 2341 1536 2382 eam
1556 2327 1827 2397 dignatur,

221 2430 403 2483 neque
444 2414 733 2471 miseretur
775 2417 1049 2484 mulieris,
1093 2433 1252 2489 quam
1292 2418 1507 2474 videbat
1536 2427 1684 2473 tanto
1708 2433 1830 2473 cum

220 2503 425 2572 ejnlatu
449 2505 743 2571 accedere;
768 2508 864 2563 sed
892 2508 1072 2563 dill'ert
1092 2550 1105 2572 ,
1128 2510 1315 2564 volens
1339 2509 1609 2565 occultum
1643 2510 1834 2568 mulie-

221 2595 302 2651 ris
350 2594 665 2651 thesaurum
716 2598 965 2654 omnibus
1003 2599 1344 2655 manifestum
1389 2600 1583 2656 facere.
1612 2600 1832 2656 Sciebat

220 2687 368 2741 enim
397 2688 729 2744 reconditam
758 2691 1099 2761 margaritam
1117 2733 1133 2757 ,
1166 2706 1326 2761 quam
1354 2706 1453 2747 nos
1478 2692 1646 2748 latere
1674 2692 1833 2749 nole-

222 2778 315 2832 bat
349 2796 363 2833 :
392 2789 449 2834 et
480 2779 681 2836 idcirco
716 2780 1034 2846 dim-rebat.
1062 2794 1117 2838 et
1146 2798 1248 2838 nec
1278 2798 1540 2853 responso
1568 2764 1830 2854 dignaba-

220 2878 329 2935 tur,
352 2878 412 2924 ut
433 2872 663 2940 posteris
688 2872 936 2927 omnibus
957 2872 1195 2929 mulieris
1214 2873 1472 2928 sedulitas
1489 2888 1677 2945 magna
1697 2875 1834 2930 foret

217 2958 489 3015 doctrina.
546 2961 614 3016 Et
663 2961 785 3017 vide
828 2963 1149 3020 ineffabilem
1199 2964 1292 3019 Dei
1338 2964 1654 3019 bonitatem.
1709 2964 1831 3035 Ipse

216 3049 367 3103 enim
387 3089 404 3115 ,
437 3050 644 3121 inquit,
671 3068 780 3107 non
818 3053 1176 3123 respondebat
1204 3054 1252 3109 ci
1278 3070 1294 3119 ;
1330 3053 1579 3125 discipuli
1606 3066 1785 3111 autem
1806 3094 1827 3123 ,

216 3138 315 3208 qui
356 3139 646 3196 admodum
681 3142 1056 3200 misericordes
1080 3154 1135 3200 et
1162 3145 1381 3216 benigni
1412 3160 1533 3201 esse
1561 3146 1823 3201 videban-

216 3236 342 3293 tur,
370 3244 481 3284 non
522 3230 720 3286 audent
746 3231 1027 3288 manifeste
1054 3233 1268 3297 dicere,
1302 3235 1376 3289 Da
1404 3234 1452 3290 ei
1479 3235 1623 3306 quod
1656 3236 1824 3305 petit,

216 3318 484 3375 miserere
509 3320 579 3384 ei,
601 3333 717 3377 esto
742 3322 792 3377 ei
818 3322 1056 3379 clemens
1081 3342 1094 3377 :
1125 3324 1218 3379 sed
1247 3325 1414 3394 quid?
1439 3324 1652 3380 Dimitte
1678 3344 1789 3381 eam
1806 3366 1825 3395 ,

215 3409 341 3479 quia
385 3411 576 3464 clamat
622 3421 733 3480 post
779 3429 872 3466 nos
914 3412 1077 3481 (Ibid.
1120 3429 1168 3469 υ.
1197 3415 1290 3486 9.5)
1316 3455 1331 3480 ,
1362 3416 1515 3486 quasi
1542 3416 1824 3473 dicerent:

216 3498 416 3556 Libera
459 3516 562 3557 nos
602 3516 632 3556 a
673 3502 950 3570 molestia,
1000 3503 1168 3559 libera
1211 3520 1310 3560 nos
1349 3521 1378 3558 a
1406 3505 1639 3560 clamore
1666 3522 1826 3576 quem

214 3590 441 3646 excitat.
486 3590 627 3659 Quid
675 3591 835 3663 igitur
884 3595 1187 3651 Dominus?
1230 3596 1434 3651 Putatis
1468 3612 1589 3663 mc,
1620 3598 1823 3667 inquit,

216 3682 431 3753 absque
467 3698 629 3739 causa
666 3687 897 3741 tacuisse
918 3729 934 3753 ,
979 3698 1030 3743 et
1087 3702 1350 3758 reaponso
1374 3703 1493 3743 eam
1520 3704 1628 3743 non
1660 3690 1827 3745 fuisse

212 3772 495 3844 (lignatum
512 3774 537 3826 ?
566 3775 761 3831 Audite
801 3794 815 3829 :
860 3777 980 3833 Non
1019 3796 1129 3835 sum
1157 3780 1342 3834 missus
1368 3782 1467 3835 nisi
1489 3782 1558 3835 ad
1577 3797 1690 3837 oves
1714 3798 1828 3852 qua:

215 3865 479 3934 perierunt
524 3868 705 3922 domus
749 3867 917 3925 Israel
944 3869 1103 3944 (Ibid.
1130 3888 1174 3925 υ.
1203 3872 1319 3941 94).
1351 3871 1600 3939 Nescitis,
1632 3874 1821 3944 inquit,

214 3956 578 4027 atienigenam
620 3959 900 4016 mulierem
943 3963 1117 4017 esse?
1149 3962 1369 4018 nescitis
1413 3979 1500 4019 me
1530 3962 1681 4018 vobis
1712 3965 1823 4033 jam

214 4053 547 4120 praecepisse
589 4066 659 4107 ne
700 4052 851 4107 iretis
878 4054 932 4108 iu
968 4055 1107 4110 viam
1134 4055 1418 4125 gentium?
1455 4055 1635 4123 Quare
1662 4056 1824 4127 igitur

213 4142 340 4199 sine
364 4147 614 4202 examine
637 4148 1160 4207 commiserationem
1191 4167 1315 4223 erga
1342 4168 1462 4209 eam
1492 4153 1823 4210 declaratis?

210 4233 515 4291 Considera
544 4238 889 4296 multifariam
912 4243 1002 4299 Dei
1029 4245 1346 4313 sapientiam
1365 4286 1381 4309 ,
1406 4247 1679 4317 quomodo
1698 4262 1821 4304 cum

212 4325 553 4394 respondere
580 4328 891 4397 videbatur,
923 4333 1203 4388 mulierem
1234 4336 1403 4405 magis
1431 4338 1825 4408 perstringebut

209 4432 382 4487 quam
417 4419 626 4476 silendo
661 4440 676 4477 :
711 4433 766 4477 et
800 4424 951 4494 quasi
983 4424 1198 4481 letalem
1233 4428 1441 4498 plagam
1472 4428 1668 4495 dabat,
1695 4445 1824 4501 pro-

207 4522 418 4564 vocare
447 4511 699 4580 paulatim
727 4528 847 4569 eam
872 4516 1091 4585 volens,
1127 4527 1184 4573 ut
1211 4519 1483 4575 discerent
1513 4521 1823 4593 ignorantes

208 4598 510 4668 discipuli,
555 4613 752 4672 quanta
798 4604 850 4659 in
890 4620 951 4661 ea
993 4606 1181 4663 lateret
1224 4609 1376 4666 ildes.
1410 4610 1515 4666 Sed
1548 4627 1719 4683 neque
1742 4614 1823 4669 sic

208 4690 428 4745 tardior
461 4692 884 4763 .negligentiorve
925 4696 1061 4752 facta
1099 4709 1183 4753 est
1209 4699 1337 4754 visis
1375 4700 1651 4772 discipulis
1683 4704 1821 4761 nihil

208 4782 626 4853 proﬁcientibus
644 4826 661 4851 ,
690 4801 865 4856 neque
894 4787 1030 4844 dixit
1050 4789 1188 4845 intra
1217 4793 1562 4862 semetipsam
1594 4813 1608 4848 :
1633 4794 1689 4850 Si
1712 4812 1818 4852 non

207 4886 513 4944 potuerunt
558 4877 632 4931 illi
666 4877 947 4935 Dominum
1001 4897 1097 4952 pro
1128 4898 1216 4939 me
1241 4898 1500 4953 exorare,
1529 4903 1693 4959 quare
1721 4906 1822 4962 ego

206 4970 425 5045 frustra
467 4984 753 5040 sequerer,
793 4983 847 5029 et
895 4977 1149 5031 continuo
1194 4977 1496 5035 instarem?
1534 4982 1630 5038 sed
1670 4986 1820 5053 quasi

203 5069 408 5117 mente
432 5061 499 5115 ab
528 5063 647 5131 igne
676 5064 1002 5121 inﬂammata
1029 5077 1084 5123 et
1103 5083 1362 5126 succensa
1380 5113 1396 5138 ,
1421 5073 1822 5145 visceribusque

202 5154 533 5232 conscissis,
557 5157 761 5211 accedit
788 5159 1038 5229 adorans,
1059 5172 1113 5218 et
1136 5163 1320 5220 dicens
1344 5184 1356 5219 :
1378 5165 1615 5235 Domine,
1636 5171 1823 5241 adjuva

204 5261 300 5299 nte
344 5243 506 5313 (Ibid.
533 5263 581 5300 v.
622 5248 739 5320 25).
768 5250 862 5305 llle
889 5262 1068 5307 autem
1096 5270 1268 5325 neque
1294 5258 1370 5312 sic
1396 5258 1614 5329 adjuvat
1636 5262 1824 5317 mulie-

200 5351 373 5400 rem,
410 5336 506 5392 sed
542 5354 857 5408 responsum
884 5343 973 5398 dat
1000 5349 1277 5416 superiore
1299 5351 1534 5419 gravius.
1568 5351 1690 5407 Non
1713 5365 1784 5408 est
1804 5395 1819 5421 ,

201 5428 416 5497 inquit,
451 5430 632 5483 bonum
658 5443 709 5485 ut
728 5436 941 5489 tollatur
963 5436 1117 5506 panis
1136 5440 1364 5507 filiorum
1382 5482 1396 5505 ,
1426 5451 1473 5494 et
1503 5443 1647 5496 detur
1678 5448 1823 5498 cani-

202 5522 308 5574 bus
342 5517 498 5591 (Ibid.
532 5539 581 5576 v.
610 5524 721 5592 26).
752 5526 1044 5584 Considera
1067 5571 1082 5596 ,
1115 5532 1327 5599 dilecte,
1357 5546 1410 5589 et
1443 5536 1528 5591 hic
1554 5537 1822 5594 admirare

202 5612 418 5665 anima:
444 5612 558 5682 ejus
578 5614 930 5683 desiderium,
964 5629 1018 5674 et
1042 5620 1198 5676 fidem
1222 5626 1495 5680 eximiam.
1523 5626 1592 5683 Ut
1614 5627 1823 5683 audivit

201 5720 268 5760 se
311 5716 499 5759 canem
543 5708 649 5763 dici
670 5748 685 5776 ,
714 5725 822 5764 non
850 5713 1105 5780 gravatim
1138 5715 1297 5781 tulit,
1330 5733 1433 5772 non
1468 5722 1774 5776 rctroccssit
1803 5739 1817 5776 :

200 5796 313 5855 sed
356 5814 543 5871 magno
588 5813 642 5859 ct
684 5805 773 5875 pio
800 5805 996 5863 amictu
1042 5810 1210 5879 inquit
1254 5829 1267 5865 :
1312 5810 1517 5883 Etiam,
1550 5814 1813 5873 Domina:

1248 383 1315 442 IN
1352 384 1505 443 car.
1547 348 1693 441 ius.
1734 372 1982 441 causa.
2028 380 2260 442 unum.
2303 384 2492 442 xuv.

3441 392 3549 449 ΜΟ

1937 514 2056 550 nam
2088 509 2132 553 et
2154 501 2317 555 catuli
2344 500 2500 555 edunt
2527 501 2593 555 de
2618 502 2761 557 micis
2787 517 2974 557 mensa:
2993 501 3319 559 dominorum
3340 520 3549 561 suorum

1937 591 2152 663 (Matth.
2180 592 2268 649 15.
2288 593 2407 666 27).
2440 594 2712 651 Conﬁteor
2730 635 2745 660 ,
2771 595 2977 667 inquit,
3016 595 3251 651 catulum
3278 609 3366 652 me
3386 611 3548 655 esse:

1937 684 2103 754 igitur
2124 684 2265 740 sicut
2289 685 2527 740 catulum
2549 684 2773 755 dignare
2801 701 2889 740 me
2907 686 3061 741 micis
3084 700 3285 741 mensa!
3303 700 3549 756 pascere.

1940 774 2131 831 Vidisti
2174 776 2416 831 mulieris
2451 775 2615 831 fidem
2652 786 2708 831 et
2736 777 3105 847 probitatem?
3132 775 3377 846 Suscepit
3405 775 3549 848 quod

1934 866 2137 923 dictum
2165 876 2251 923 est
2268 910 2283 932 ,
2308 875 2364 924 et
2387 869 2567 923 statim
2594 868 2646 924 id
2670 869 2740 924 de
2761 885 2869 938 quo
2890 868 3117 924 sollicita
3142 878 3257 923 erat
3278 868 3511 925 obtinuit
3532 907 3551 935 ,

1936 958 2275 1029 obtinuitque
2324 960 2496 1031 magis
2542 974 2663 1013 cum
2715 959 2983 1014 laudibus.
3037 957 3178 1027 Quid
3224 959 3367 1014 enim
3417 958 3552 1014 dicit

1935 1048 2228 1105 Christus?
2258 1050 2305 1105 0
2335 1051 2535 1116 mulier,
2555 1068 2743 1121 magna
2769 1062 2843 1105 est
2870 1050 2999 1120 fides
3024 1059 3111 1103 tua
3141 1065 3160 1104 .'
3186 1049 3280 1119 ﬁat
3303 1049 3392 1102 tibi
3417 1050 3552 1104 sicut

1935 1144 2008 1198 vis
2052 1142 2217 1212 (Ibid.
2258 1160 2305 1197 v.
2353 1141 2471 1213 28).
2515 1141 2560 1196 0
2587 1143 2797 1208 mulier,
2845 1140 3219 1197 admirationis
3242 1140 3470 1210 verbum
3494 1147 3552 1193 et

1937 1237 2140 1293 dictum
2190 1235 2347 1291 laude
2389 1236 2628 1305 plenum.
2673 1235 2956 1305 Magnam,
3008 1236 3211 1307 inquit,
3261 1234 3547 1289 declarasti

1939 1327 2141 1393 fidem;
2188 1336 2474 1397 propterea
2521 1335 2667 1382 tanta
2705 1326 2800 1381 tibi
2843 1336 3031 1393 erunt,
3059 1336 3255 1396 quanta
3286 1326 3382 1380 vis.
3415 1324 3549 1381 Vide

1938 1419 2275 1475 liberalitatis
2317 1417 2763 1488 amplitudinem,
2814 1426 2870 1473 et
2912 1417 3179 1472 admirare
3205 1417 3418 1471 Domini
3454 1431 3547 1472 sa-

1938 1512 2213 1581 pientiam.
2260 1511 2453 1566 Annon
2502 1509 2571 1565 ab
2618 1510 2770 1565 initio
2806 1510 3157 1580 putabamus,
3205 1524 3327 1565 cum
3355 1509 3434 1564 sic
3461 1522 3552 1564 re-

1936 1604 2159 1675 pelleret
2198 1619 2318 1659 eam
2338 1645 2355 1672 ,
2400 1603 2873 1658 commiseratione
2900 1603 3046 1657 illum
3077 1603 3307 1659 carere?
3337 1600 3405 1656 Et
3428 1601 3550 1673 pri—

1937 1711 2084 1753 mum
2112 1695 2329 1766 quidem
2358 1711 2461 1751 non
2483 1695 2809 1766 dignabatur
2832 1709 3095 1765 responso
3114 1736 3131 1762 ,
3157 1702 3343 1765 postea
3365 1702 3547 1749 autem

1938 1803 2035 1858 per
2076 1787 2307 1858 primum
2331 1796 2385 1843 et
2410 1786 2707 1843 secundum
2735 1801 3053 1857 responsum
3084 1787 3237 1856 quasi
3261 1784 3509 1856 abigebat
3528 1826 3545 1852 ,

1934 1889 1991 1935 et
2032 1894 2153 1934 eam
2198 1894 2318 1949 quae
2344 1894 2468 1935 cum
2511 1887 2661 1934 tanto
2704 1877 2998 1933 advenerat
3041 1877 3313 1932 desiderio
3351 1885 3407 1932 et
3442 1877 3550 1932 fer-

1936 1986 2087 2037 vore,
2138 1971 2451 2040 repellebat.
2486 1968 2682 2025 Verum
2712 1984 2743 2023 a
2776 1969 2881 2024 line
2906 1968 3053 2025 disce
3079 1968 3174 2023 Dei
3205 1968 3499 2024 bonitatem
3529 1983 3545 2031 ;

1935 2076 2063 2118 eum
2111 2076 2303 2132 nempe
2340 2061 2611 2116 volentem
2652 2074 2770 2113 eam
2793 2058 3079 2115 clariorem
3106 2057 3367 2125 reddere,
3402 2065 3547 2112 tanta

1936 2155 2194 2211 dilatione
2234 2154 2401 2210 fuisse
2439 2169 2619 2208 usum.
2662 2152 2871 2207 Etenim
2919 2152 2965 2207 si
3002 2151 3182 2207 statim
3231 2149 3547 2215 annuisset,

1937 2245 2355 2301 nescivissemus
2382 2258 2482 2299 nos
2506 2242 2750 2299 mulieris
2770 2243 3023 2297 virtutem
3056 2259 3069 2295 :
3102 2240 3227 2312 quia
3247 2249 3426 2296 autem
3449 2254 3549 2310 pa-

1937 2353 2155 2408 rumper
2192 2337 2434 2402 distulit,
2481 2345 2535 2391 et
2576 2333 2786 2389 Domini
2828 2332 3177 2404 cognovimus
3226 2329 3547 2387 inamabilem

1937 2429 2361 2496 humanitatem,
2391 2436 2447 2483 et
2466 2427 2608 2482 ilfius
2632 2426 2790 2481 [idem
2813 2425 3089 2480 eximiam.

2008 2523 2064 2577 4.
2098 2520 2221 2576 Νοη
2250 2530 2448 2575 tantum
2477 2520 2772 2591 per/Scimus
2801 2534 2893 2587 per
2920 2518 3053 2571 alios
3092 2524 3296 2570 orantes
3319 2556 3336 2582 ,
3379 2530 3548 2586 quatt-

1938 2623 2045 2667 tum
2075 2628 2164 2680 per
2192 2628 2284 2666 nos
2311 2613 2471 2681 ipsos.
2505 2637 2580 2650 -—-
2616 2608 2809 2663 Totam
2852 2616 3032 2661 autem
3079 2605 3218 2660 hanc
3263 2604 3543 2659 historiam

1937 2706 1991 2760 in
2019 2704 2256 2760 medium
2281 2703 2480 2759 afferre
2500 2701 2675 2757 coacti
2702 2713 2911 2765 sumus,
2940 2708 3000 2753 ut
3019 2696 3291 2753 discamus
3318 2709 3417 2750 nos
3437 2710 3545 2750 non

1939 2806 2147 2851 tantum
2176 2793 2438 2866 perlicere
2465 2808 2564 2862 per
2589 2792 2726 2846 alios
2747 2799 2988 2856 orantes,
3018 2798 3277 2859 quantum
3303 2802 3403 2858 per
3422 2800 3548 2841 nos-

1937 2888 2112 2958 ipsos,
2140 2886 2184 2940 si
2212 2885 2427 2955 quidem
2456 2899 2579 2941 cum
2609 2882 2774 2939 alacri
2818 2890 2875 2937 et
2913 2881 3064 2951 vigili
3093 2888 3275 2935 mente
3316 2875 3547 2934 acceda-

1936 2994 2077 3033 mus.
2108 2978 2402 3033 Enimvero
2428 2976 2517 3030 illa
2544 2984 2599 3031 et
2622 2973 2917 3044 discipulos
2943 2971 3149 3027 habens
3178 2985 3278 3041 pro
3302 2985 3362 3026 se
3386 2984 3544 3025 oran-

1936 3068 2197 3134 tcs,.nihil
2228 3066 2475 3137 profecit,
2500 3066 2676 3122 donec
2701 3067 2816 3134 ipsa
2850 3078 2947 3132 per
2972 3076 3034 3117 se
3063 3073 3305 3132 praesens
3331 3069 3385 3115 et
3416 3074 3541 3129 per-

1933 3174 2189 3215 severans
2230 3157 2575 3213 clementiam
2607 3154 2818 3209 Domini
2849 3152 2951 3207 sibi
2987 3151 3323 3207 conciliaret.
3367 3152 3546 3219 Atque

1934 3250 2187 3322 parabola
2214 3248 2305 3303 illa
2327 3248 2485 3301 amici
2514 3248 2837 3314 intempesta
2860 3252 3020 3300 nocte
3042 3241 3329 3308 venientis,
3351 3250 3408 3296 et
3432 3251 3545 3295 tres

1931 3357 2101 3413 panes
2128 3340 2381 3410 petentis,
2410 3338 2549 3393 idem
2581 3337 2755 3407 ipsum
2798 3334 3121 3390 subindicat.
3154 3332 3295 3387 Nam
3319 3333 3541 3398 etiamsi,

1931 3437 2128 3488 amicus
2155 3434 2290 3495 licet,
2324 3449 2426 3485 non
2458 3431 2719 3495 exaudiat,
2752 3438 2977 3482 attamen
3005 3427 3083 3481 vel
3110 3437 3316 3495 prapter
3346 3426 3544 3495 impor-

1931 3525 2197 3579 tunitatem
2226 3532 2421 3593 surget,
2451 3532 2498 3575 et
2525 3522 2571 3574 ei
2596 3519 2737 3573 dabit
2775 3517 2940 3587 (Luc.
2972 3519 3057 3572 ll.
3090 3517 3184 3588 8).
3210 3517 3391 3586 Itaque
3416 3531 3543 3573 cum

1931 3614 2213 3671 videamus
2240 3610 2563 3666 ineffabilem
2586 3608 2927 3664 clementiam
2962 3607 3177 3661 Domini
3218 3607 3410 3670 nostri,
3452 3620 3545 3661 ac-

1930 3705 2190 3762 cedamus
2220 3703 2287 3759 ad
2331 3719 2456 3759 eum
2482 3742 2497 3767 ,
2540 3700 2866 3765 declaratis,
2912 3708 2968 3753 et
2994 3698 3147 3767 quasi
3187 3707 3315 3753 ante
3352 3696 3544 3752 oculos

1932 3806 2151 3854 nostros
2181 3796 2474 3867 propositis
2500 3792 2783 3864 speciatim
2810 3792 3037 3863 singulis
3064 3790 3298 3861 peccatis
3318 3789 3539 3855 nostris,

1927 3892 2093 3946 etiam
2127 3903 2223 3957 pro
2266 3886 2551 3957 praeteritis
2583 3884 2796 3939 veniam
2844 3894 3123 3953 petamus,
3156 3890 3215 3935 ut
3258 3880 3314 3935 in
3359 3878 3542 3936 futuro

1930 3982 2121 4053 majori
2151 3980 2422 4051 diligentia
2446 3979 2709 4044 viventes,
2734 3977 3043 4033 uberiorem
3061 3972 3178 4044 ejus
3203 3971 3537 4043 benevolen-

1931 4076 2057 4130 tiam
2104 4088 2478 4141 assequamur.
2534 4070 2731 4126 Verum
2782 4068 3107 4134 redeamus,
3151 4067 3195 4121 si
3229 4066 3437 4136 placet,
3467 4064 3536 4119 ad

1929 4168 2174 4224 lectionis
2218 4168 2436 4222 seriem.
2468 4165 2559 4221 50.
2596 4164 2836 4219 Ascendit
2877 4173 3046 4215 autem
3069 4202 3085 4223 ,
3118 4161 3319 4237 inquit,
3353 4157 3449 4215 Lot
3482 4158 3536 4213 in

1929 4262 2130 4330 chor,
2173 4268 2219 4313 et
2248 4258 2378 4313 sedit
2422 4258 2476 4311 in
2519 4264 2726 4321 monte,
2768 4264 2816 4308 et
2859 4253 2979 4306 dure
3007 4252 3131 4320 ﬁliae
3156 4258 3269 4320 ejus
3310 4266 3426 4302 cum
3454 4264 3535 4303 eo.

1927 4351 2227 4407 Timuerttnt
2257 4350 2389 4403 enim
2417 4348 2646 4401 habitare
2674 4346 2727 4399 in
2748 4344 2951 4415 Segor;
2978 4353 3025 4397 et
3062 4342 3305 4395 habitavit
3333 4340 3387 4394 in
3422 4355 3540 4409 spe-

1929 4441 2081 4496 lunca
2106 4441 2248 4512 ipse,
2290 4448 2337 4493 et
2360 4438 2477 4491 dure
2506 4437 2628 4505 ﬁlia
2666 4436 2777 4504 ejus
2820 4449 2937 4486 cum
2975 4447 3057 4487 eo.
3104 4431 3290 4486 Justus
3333 4429 3540 4485 invale-

1927 4541 2113 4589 scente
2140 4532 2320 4586 adhuc
2347 4529 2560 4592 timore,
2589 4542 2749 4596 quem
2772 4532 3097 4595 conceperat
3124 4539 3154 4577 a
3182 4522 3335 4592 plaga
3365 4520 3538 4577 Sodo-

1926 4626 2076 4681 mitis
2106 4624 2344 4690 inducta,
2377 4621 2563 4693 procul
2595 4619 2728 4685 abit,
2756 4625 2814 4672 et
2840 4618 2891 4672 in
2920 4624 3124 4680 monte,
3157 4615 3350 4685 inquit,
3378 4614 3536 4669 habi-

1928 4726 2005 4771 tat
2045 4731 2167 4771 cum
2217 4714 2427 4768 filiabus
2468 4713 2580 4766 suis
2614 4726 2629 4764 :
2660 4716 2718 4764 et
2755 4709 2809 4763 in
2856 4707 3146 4763 solitudine
3188 4714 3244 4761 et
3286 4706 3536 4761 vastitate

1926 4818 2169 4864 extrema
2213 4814 2400 4876 postea
2448 4802 2548 4857 fuit
2575 4816 2698 4855 cum
2741 4798 2995 4865 ﬁliabus,
3040 4798 3093 4852 in
3136 4805 3320 4851 monte
3349 4796 3535 4851 sedem

1928 4900 2155 4955 habens.
2190 4899 2282 4952 5|.
2312 4896 2457 4950 Dixit
2481 4904 2668 4960 autem,
2700 4893 2890 4961 inquit,
2924 4892 3092 4961 major
3119 4901 3243 4944 natu
3270 4890 3339 4943 ad
3354 4889 3542 4960 jnnio-

1925 5008 2031 5047 rem
2061 5008 2078 5045 :
2102 4989 2259 5044 Pater
2285 4998 2454 5042 uoster
2479 5002 2637 5040 senex
2664 4994 2759 5049 est,
2789 4995 2835 5039 et
2862 4984 3033 5037 nullus
3065 4992 3139 5036 est
3165 4998 3317 5052 super
3345 4991 3535 5034 terram

1926 5084 2014 5155 qui
2038 5082 2353 5154 ingrediatur
2392 5080 2461 5132 ad
2505 5095 2618 5143 nos,
2656 5079 2813 5149 juxta
2852 5092 3045 5129 morem
3082 5075 3329 5128 universa:
3364 5082 3535 5139 terrte,

1927 5176 2019 5233 52.
2055 5176 2201 5241 Veni,
2230 5184 2275 5229 et
2306 5182 2533 5244 petemus
2563 5180 2759 5241 patrem
2790 5179 3020 5223 nostrum
3047 5167 3163 5220 vino
3182 5206 3197 5231 ,
3230 5175 3275 5219 et
3306 5164 3535 5217 dormia-

1927 5287 2041 5324 mus
2073 5286 2186 5323 cum
2213 5285 2302 5332 eo,
2333 5276 2380 5320 et
2407 5266 2679 5319 excitemus
2717 5279 2886 5317 semen
2913 5278 2975 5315 ea:
3005 5270 3149 5331 patre
3175 5268 3365 5311 nostro.
3398 5254 3534 5311 Cum

1928 5360 2230 5415 reverentia
2259 5366 2314 5414 et
2341 5357 2534 5411 timore
2563 5354 2732 5409 multo
2757 5352 3041 5407 audiamus
3071 5366 3155 5412 ea,
3186 5348 3389 5411 dilecti,
3415 5361 3536 5416 quae

1928 5453 1980 5506 in
2011 5452 2206 5506 divinis
2237 5449 2531 5517 Seripturis
2571 5447 2954 5509 continentur;
3002 5458 3110 5497 non
3152 5440 3297 5495 enim
3331 5447 3537 5492 temere

1927 5552 1981 5597 et
2010 5541 2210 5611 absque
2241 5556 2399 5596 causa
2430 5540 2626 5609 scripta
2656 5548 2810 5601 sunt,
2840 5535 2934 5591 sed
2974 5534 3153 5588 omnia
3186 5532 3389 5591 utiliter
3419 5536 3474 5583 et
3503 5542 3536 5584 e

1928 5648 1987 5688 re
2018 5642 2221 5698 nostra,
2255 5632 2462 5686 etiamsi
2493 5645 2591 5686 nos
2612 5628 2855 5699 qumdam
2889 5630 3218 5696 ignoremus.
3248 5622 3361 5677 Non
3389 5620 3533 5675 enim

1928 5727 2105 5781 omnia
2140 5740 2425 5795 possumus
2469 5722 2747 5779 evidenter
2790 5720 2930 5775 scire
2964 5736 2977 5773 :
3011 5718 3105 5774 sed
3151 5719 3195 5771 si
3244 5726 3298 5771 ct
3342 5728 3535 5770 causas

1934 5818 2157 5876 reddere
2187 5834 2282 5889 pro
2333 5827 2518 5874 nostro
2561 5824 2718 5887 captu
2767 5823 3067 5879 tentemus,
3112 5809 3311 5865 habent
3355 5818 3534 5864 tamen
