4178 6328
690 399 784 458 Mi

687 512 862 567 adhuc
887 509 1146 564 latentem
1167 500 1445 575 quemdam
1477 499 1783 553 thesaurum
1814 493 1830 524 ¹
1859 507 1888 546 a
1918 488 2100 545 multis
2137 483 2263 541 abs-

689 594 999 662 conditum,
1048 611 1143 650 nec
1172 589 1615 661 investigabilem.
1639 584 1926 640 Considera
1958 581 2114 650 igitur
2133 591 2268 645 quo-

691 689 854 745 nodo
883 687 1159 755 Scriptura
1184 682 1367 737 omnia
1407 679 1686 734 manifeste
1730 673 1989 733 narrarit,
2028 680 2081 726 et
2119 667 2270 722 nobis

694 793 914 848 scopum
942 777 1015 831 ad
1049 777 1204 829 ﬁnem
1234 771 1526 829 ostenderit
1566 771 1792 824 ﬁliarum
1831 765 1992 836 justi,
2036 770 2088 817 et
2131 772 2272 814 nunc

690 871 905 939 quidem
939 883 1034 938 pro
1064 869 1168 922 illis
1189 907 1203 930 ,
1237 882 1378 921 nunc
1417 879 1547 918 vero
1576 876 1673 932 pro
1697 859 1840 928 justo
1868 856 2081 924 dignam
2110 864 2271 905 excu-

694 959 955 1012 sationem
1004 958 1274 1011 al‘l‘erens:
1308 964 1365 1009 ut
1404 953 1577 1006 nullus
1607 949 1671 1002 ad
1715 946 1909 1001 factum
1958 941 2268 1010 respiciens,

691 1048 1002 1117 veljustum
1025 1047 1362 1109 condemnet,
1389 1044 1471 1098 vel
1493 1042 1620 1110 justi
1654 1039 1809 1102 ﬁlias,
1837 1034 1986 1106 quasi
2016 1046 2272 1101 congres-

692 1153 786 1194 sus
815 1139 908 1194 ille
936 1148 1151 1207 propter
1179 1134 1610 1190 incontinentiam
1655 1131 1830 1185 fuerit.
1863 1125 2140 1195 Quomodo
2171 1123 2275 1193 igi-

693 1238 782 1283 tur
811 1228 1032 1302 ﬁliarum
1059 1227 1188 1294 justi
1231 1225 1626 1278 excusationem
1653 1219 1849 1274 affert?
1878 1217 2018 1269 Dixit
2037 1257 2051 1279 ,
2082 1213 2271 1283 inquit,

692 1314 859 1383 major
900 1326 1020 1369 natu
1060 1316 1128 1368 ad
1162 1315 1462 1382 juniorem:
1489 1311 1648 1364 Pater
1683 1318 1850 1363 noster
1889 1315 1960 1362 est
2003 1320 2184 1366 senex,
2227 1311 2273 1356 el

695 1406 867 1460 nullus
892 1415 964 1459 est
1007 1423 1159 1472 super
1187 1413 1372 1456 terram
1399 1402 1486 1471 qui
1527 1401 1838 1470 ingrediatur
1865 1398 1947 1448 ad;
1972 1411 2064 1448 nos
2081 1435 2094 1457 ,
2119 1395 2274 1464 juxta

694 1513 885 1550 ntorem
931 1498 1177 1549 universa!
1215 1504 1385 1551 terrm.
1426 1492 1568 1548 \‘ide-
1600 1505 1817 1560 scopum
1860 1489 2175 1557 diligenter,
2219 1491 2275 1537 et

698 1591 846 1644 omni
890 1603 980 1643 eas
1028 1586 1282 1640 liberabis
1305 1585 1544 1639 crimine.
1580 1584 1902 1637 Putarerunt
1938 1580 2079 1634 enim
2109 1590 2278 1645 gene-

697 1679 864 1732 ralem
904 1678 1061 1730 totius
1092 1675 1237 1728 orbis
1265 1674 1456 1726 factum
1486 1672 1790 1733 interitum,
1822 1668 2130 1735 nullumque
2157 1679 2274 1717 ain-

698 1767 835 1836 plius
880 1782 998 1819 esse
1044 1764 1395 1832 superstitem
1433 1780 1446 1815 :
1488 1760 1680 1815 deinde
1728 1766 1782 1812 et
1829 1758 1990 1826 patris
2032 1756 2278 1809 viderunt

692 1865 1041 1932 «snectutem.
1089 1855 1156 1911 Ut
1194 1855 1382 1925 igitur,
1417 1853 1616 1922 inquit,
1654 1866 1756 1904 non
1790 1849 2062 1903 aboieatur
2087 1859 2277 1916 genus,

701 1963 798 2003 nec
825 1927 1005 2018 pereat
1033 1960 1230 1999 nomen
1256 1955 1497 1999 nostrum
1521 1942 1660 2011 (lucc
1681 1941 1822 1995 enim
1846 1948 1962 1993 erat
1987 1927 2278 2006 priscorum

702 2039 935 2098 maxima
962 2052 1084 2091 cura
1109 2077 1123 2098 ,
1155 2034 1423 2105 quomodo
1446 2047 1614 2103 genus
1641 2045 1794 2086 suum
1835 2029 2135 2084 liberorum
2153 2038 2277 2080 suc-

699 2129 942 2183 cessione
972 2126 1282 2194 dilatarent')
1313 2143 1324 2178 :
1357 2139 1424 2179 ne
1447 2139 1608 2192 ergo,
1643 2121 1844 2190 inquit,
1873 2119 2040 2174 n05tri
2068 2115 2279 2186 generis

702 2227 808 2272 tota
835 2217 921 2271 ﬁat
946 2217 1184 2280 abolitio,
1217 2213 1506 2283 praesertim
1529 2211 1637 2280 jam
1665 2209 1816 2264 senio
1843 2219 1991 2279 patre
2012 2206 2277 2272 confecto,

703 2318 759 2360 et
787 2307 963 2361 nullus
996 2305 1297 2360 inveniatur
1327 2302 1707 2372 vir-quinobis
1727 2300 2012 2370 jungatur,
2060 2306 2116 2351 ut
2155 2311 2280 2366 pos-

702 2397 871 2451 simus
899 2395 1193 2451 extendere
1224 2403 1279 2449 et
1306 2392 1608 2461 relinquere
1647 2391 1868 2444 seminis
1895 2389 2060 2442 nostri
2094 2401 2283 2456 propa-

701 2486 967 2554 gationem
999 2476 1025 2536 :'
1050 2484 1196 2548 Veni,
1231 2484 1427 2551 inquit,
1465 2490 1521 2535 ut
1547 2495 1614 2535 ne
1658 2479 1758 2533 hoc
1787 2479 1910 2543 ﬁat,
1943 2487 2168 2546 petemus
2193 2493 2286 2546 pa-

703 2584 828 2627 trem
856 2584 1078 2628 nostrum
1108 2573 1242 2626 vino.
1268 2571 1427 2641 Quasi
1449 2570 1630 2626 dicere
1653 2571 1778 2624 velit
1803 2587 1816 2623 :
1841 2569 1974 2636 Quia
1997 2583 2284 2638 numquam

707 2663 870 2719 ferret
901 2665 983 2718 vel
1020 2664 1244 2718 auribus
1268 2661 1368 2716 hoc
1413 2671 1584 2730 pater,
1615 2661 1739 2715 vino
1782 2658 2110 2729 decipiamus
2138 2672 2282 2713 eum.

708 2754 801 2808 35.
836 2752 1143 2807 Potaverunt
1176 2759 1339 2804 autem
1371 2761 1565 2820 patrem
1586 2765 1731 2804 suum
1760 2749 1874 2801 vino
1911 2757 2056 2801 nocte
2083 2748 2178 2800 ista
2198 2788 2220 2811 γ
2240 2756 2289 2800 et

707 2844 933 2912 ingressa
956 2853 1028 2894 est
1049 2842 1234 2906 senior,
1259 2850 1305 2893 et
1330 2841 1565 2893 dormivit
1590 2856 1705 2892 eum
1731 2849 1873 2908 patre
1891 2855 1981 2891 suo
2008 2854 2026 2890 :
2049 2847 2096 2891 et
2124 2837 2287 2890 nesci-

706 2935 774 2986 vit
808 2934 1010 3003 quando
1052 2933 1142 2986 illa
1167 2933 1484 2998 accubuerit,
1517 2933 1593 2985 vel
1615 2931 1904 2984 surrexerit.
1935 2929 2127 2984 Vidisti
2155 2943 2288 2998 quo-

709 3027 869 3079 modo
910 3024 1090 3078 divina
1131 3023 1404 3092 Scriptura
1453 3037 1550 3092 pro
1591 3022 1736 3091 jUSlo
1779 3021 2039 3076 rationem
2081 3019 2289 3074 dederit

710 3129 814 3168 non
857 3114 1024 3168 semel
1070 3123 1296 3175 tantum,
1341 3113 1435 3167 sed
1478 3121 1534 3168 et
1575 3112 1814 3166 iterum?
1859 3111 2011 3165 Prius
2049 3109 2288 3180 quidem,

712 3207 831 3275 quia
862 3206 984 3258 tilia:
1013 3205 1136 3258 vino
1165 3205 1336 3273 ipsum
1363 3204 1716 3273 deceperunt,
1748 3201 2038 3256 declaravit
2061 3215 2153 3255 eas
2183 3214 2291 3254 non

717 3294 872 3350 aliter
898 3295 1133 3364 potuisse
1162 3295 1483 3362 persuadere
1526 3295 1694 3362 patri,
1723 3309 1881 3362 quam
1907 3295 1985 3347 sic
2015 3293 2290 3348 faciendo:

710 3401 851 3440 nunc
881 3393 1062 3440 autem
1086 3385 1276 3452 opinor
1301 3393 1356 3438 et
1394 3397 1622 3452 superna
1644 3384 2038 3452 dispensatione
2057 3398 2179 3438 esse
2209 3382 2289 3435 fa-

715 3485 878 3540 ctum,
909 3476 978 3528 ita
1007 3474 1168 3528 fuisse
1193 3488 1313 3528 eum
1340 3483 1679 3542 aggravatum
1705 3473 1858 3540 vino,
1893 3484 1949 3527 ut
1975 3490 2088 3528 rem
2115 3473 2292 3527 omni-

720 3581 787 3621 no
831 3567 1131 3634 ignoraret,
1179 3576 1235 3619 ut
1277 3574 1413 3619 noxa
1442 3573 1500 3620 et
1538 3566 1759 3620 crimine
1788 3581 1987 3620 vacuus
2021 3578 2183 3624 esset.
2216 3570 2294 3624 Ea

719 3658 859 3710 enim
903 3665 1113 3726 peccata
1157 3671 1258 3712 nos
1282 3658 1668 3724 condemnant,
1698 3674 1818 3727 quae
1858 3660 2089 3714 scientes
2115 3670 2168 3714 et
2196 3676 2295 3714 vo-

663 3739 666 3744 ’
719 3749 946 3803 luntarie
988 3747 1228 3803 facimus.
1257 3749 1417 3804 Vides
1455 3750 1720 3820 quomodo
1761 3752 2126 3805 testimonium
2157 3769 2298 3823 prae-

722 3839 843 3893 beat
888 3838 1033 3908 justo
1081 3840 1388 3908 Scriptura,
1443 3842 1613 3909 ipsum
1662 3842 1882 3894 omnino
1931 3858 2043 3895 rem
2093 3852 2297 3912 gestam

722 3929 1040 3995 ignorasse?
1071 3929 1264 3982 Verum
1291 3929 1455 3982 altera
1483 3930 1705 3996 qua'stio
1729 3932 1894 4004 surgit
1921 3933 1988 3985 de
2013 3935 2293 3989 ebrietate.

722 4019 949 4088 Oportet
972 4020 1113 4072 enim
1141 4019 1316 4071 omnia
1349 4018 1687 4088 investigare,
1716 4030 1770 4074 ut
1795 4023 1937 4075 nulla
1965 4021 2219 4091 improbis
2247 4035 2300 4079 et

726 4109 1120 4176 impudentibus
1158 4109 1511 4162 calumniandi
1547 4111 1875 4179 relinquatur
1903 4115 2134 4167 occasio.
2161 4114 2300 4181 Quid

729 4198 880 4266 igitur
911 4196 981 4249 de
1007 4196 1106 4249 hac
1137 4212 1194 4250 re
1224 4198 1503 4250 dicemus?
1527 4199 1643 4251 Νοη
1672 4209 1774 4252 tam
1803 4216 1866 4255 cx
1897 4202 2302 4271 intemperantia

729 4286 804 4340 illi
835 4287 1091 4341 accidisse
1115 4287 1450 4351 ebrietatem,
1485 4303 1639 4357 quam
1666 4305 1729 4343 ex
1759 4290 1989 4345 tristitia.

801 4379 854 4432 ὅ.
888 4375 1065 4447 Neque
1095 4375 1190 4430 Lot
1220 4394 1377 4444 neque
1401 4379 1523 4445 ﬁlia:
1557 4381 1662 4450 ejus
1690 4379 1986 4434 damnandi.
2011 4410 2082 4422 --
2120 4381 2304 4438 Nullus

731 4468 889 4538 igitur
916 4468 1109 4522 audeat
1135 4477 1228 4521 aut
1249 4469 1470 4537 justum,
1493 4478 1586 4523 aut
1607 4470 1732 4538 justi
1765 4470 1896 4524 ﬁlias
1921 4471 2301 4526 condemnare.

728 4561 1005 4627 Quomodo
1033 4562 1174 4614 enim
1209 4576 1316 4614 non
1342 4572 1486 4617 esset
1525 4572 1776 4614 extremae
1805 4563 2087 4617 dementiae
2129 4571 2183 4618 et
2225 4564 2305 4618 in-

733 4652 1015 4721 sipientiae,
1047 4651 1090 4704 si
1123 4665 1217 4704 eos
1251 4666 1384 4720 quos
1407 4652 1584 4704 divina
1609 4651 1880 4720 Scriptura
1907 4653 1972 4706 ab
2000 4655 2142 4708 omni
2172 4655 2307 4709 libe-

731 4757 812 4799 rat
839 4745 1064 4798 crimine
1083 4784 1098 4809 ,
1129 4743 1235 4797 imo
1263 4758 1358 4810 pro
1391 4745 1579 4812 quibus
1615 4753 1813 4799 tantam
1841 4746 2136 4816 apologiam
2163 4762 2308 4802 com-

731 4839 923 4907 ponit,
971 4851 1070 4891 nos
1125 4835 1416 4890 innumeris
1475 4846 1814 4904 peccatorum
1883 4837 2107 4893 sarcinis
2169 4840 2308 4908 pleni

732 4928 1150 4982 condemnemus
1179 4944 1192 4979 :
1223 4935 1276 4980 et
1304 4942 1408 4979 non
1437 4926 1714 4981 audiamus
1740 4927 1964 4981 Paulum
2004 4928 2268 4985 dicentem
2294 4949 2306 4984 :

739 5017 878 5073 Deus
907 5021 988 5086 qui
1012 5019 1260 5086 justiﬁcat
1284 5060 1299 5084 ,
1335 5020 1447 5087 quis
1491 5029 1564 5072 est
1593 5022 1676 5086 qui
1704 5022 1992 5077 condemnet
2034 5025 2051 5092 (
2078 5024 2223 5077 Rom.
2256 5026 2308 5080 8.

732 5110 818 5164 85.
853 5110 1001 5174 54)?
1029 5110 1093 5162 Et
1119 5119 1172 5161 ut
1202 5109 1409 5175 discas,
1437 5110 1541 5163 hoc
1577 5127 1683 5163 non
1716 5112 1764 5164 in
1795 5129 1985 5167 vanum
2017 5125 2072 5169 et
2105 5116 2312 5186 simpli-

738 5201 870 5253 i-iter
911 5200 1104 5254 factum
1145 5215 1286 5265 esse,
1327 5200 1419 5255 sed
1465 5202 1728 5256 triatitiam
1774 5205 1988 5258 nimium
2026 5208 2314 5264 accedente

742 5291 863 5341 vino
893 5290 1093 5342 nullum
1124 5289 1172 5343 ei
1217 5289 1497 5357 reliquisse
1536 5305 1750 5345 sensum
1773 5333 1787 5357 ,
1824 5294 1944 5347 audi
1984 5295 2108 5363 quid
2149 5297 2310 5351 dicat.

738 5381 827 5434 δι.
861 5380 923 5459 Et
955 5386 1142 5452 factum
1172 5392 1244 5434 est
1271 5382 1351 5435 die
1375 5385 1629 5451 sequenti,
1662 5385 1884 5456 dixitque
1911 5389 2074 5456 major
2100 5399 2220 5442 natu
2248 5389 2317 5442 ad

731 5466 985 5536 juniorem
1013 5486 1031 5525 :
1060 5471 1191 5533 Ecce
1221 5472 1433 5527 dormivi
1461 5474 1568 5527 lteri
1612 5490 1727 5528 cum
1774 5486 1914 5545 patre
1941 5488 2108 5532 nostro
2133 5495 2152 5533 :
2181 5490 2318 5551 pote-

805 5626 822 5657 ⁸
859 5626 996 5690 savii.
1023 5635 1074 5676 et
1091 5626 1273 5690 aliquot
1297 5635 1422 5688 uss,
1446 5641 1539 5678 non
1561 5629 1706 5690 enim
1743 5630 1950 5679 omnium
1974 5644 2220 5690 possumus
2238 5647 2318 5683 ac-

733 5685 1052 5796 ‘scire
1075 5685 1294 5751 causam,
1315 5685 1524 5740 attamen
1549 5689 1720 5742 habent
1742 5691 1946 5753 aliquem
1970 5685 2192 5745 latentem
2216 5695 2316 5747 tlte-

1397 386 1453 444 ει
1495 379 1776 442 JOANNIS
1806 368 2280 435 CHRYSOSTOMI
2319 366 2634 427 ARClllEP.
2671 362 3211 425 CONSTANTINOP.

3866 359 3971 409 ωε

2378 501 2488 537 mus
2510 484 2665 553 igitur
2685 480 2936 535 (πω-υἰπο
2957 487 3177 532 et'nocte
3195 474 3312 539 ista,
3341 473 3634 543 et‘ingrvssa
3661 469 3828 523 dormi
3853 483 3969 522 ann

2375 591 2454 638 eo,
2481 584 2526 626 et
2553 573 2830 626 excitemus
2851 586 2914 624 ea:
2940 579 3082 638 patre
3101 576 3274 621 nostro
3291 580 3488 620 semen.
3515 561 3677 617 Vides
3697 562 3970 632 quomodo

2374 675 2521 718 recta
2543 664 2802 717 sententia
2831 660 2934 716 hoc
2954 657 3239 714 faciebant.
3273 655 3404 711 Nam
3429 654 3549 724 quia
3574 652 3744 723 potui,
3772 649 3969 720 inquit,

2375 768 2474 822 ego
2504 752 2643 822 quod
2676 751 2978 820 quzereb'am
3023 747 3248 818 implere
3268 789 3283 813 ,
3317 743 3677 800 necessarium
3707 749 3791 796 est
3833 749 3888 795 et
3921 750 3972 798 te

2377 845 2517 898 idem
2551 844 2728 898 facere
2756 861 2769 897 :
2804 845 2938 897 forte
2965 842 3379 896 enim-votorum
3410 848 3714 892 nostrorum
3741 847 3969 904 compo-

2377 943 2460 988 tes
2484 934 2715 998 erimus,
2747 942 2802 986 et
2835 948 2944 986 non
2974 931 3026 985 in
3067 939 3324 985 :eteruum
3353 943 3521 997 genus
3551 936 3789 981 nostrum
3847 941 3969 994 per-

2377 1024 2491 1079 ibit.
2526 1025 2616 1080 35.
2656 1023 2962 1078 Potaverunt
3009 1032 3175 1097 autem
3202 1032 3254 1074 et
3293 1030 3434 1074 nocte
3464 1019 3556 1073 illa
3600 1029 3795 1087 patrem
3829 1025 3977 1068 tuum

2379 1118 2512 1176 vino.
2543 1123 2602 1168 er
2619 1117 2847 1185 ingressa
2872 1123 2946 1168 est
2963 1114 3162 1184 jnnior,
3193 1120 3240 1164 et
3269 1111 3502 1164 dormivit
3527 1125 3644 1161 cum
3671 1117 3817 1176 patre
3843 1123 3971 1160 suo:

2377 1219 2424 1262 et
2453 1208 2698 1276 ignoravit
2727 1207 2812 1260 ille
2835 1207 3037 1276 quando
3065 1205 3177 1274 ipsa
3206 1203 3283 1256 vel
3308 1200 3615 1261 accubuerit,
3641 1198 3974 1251 vel‘surrexc-

2379 1297 2460 1349 rit.
2495 1295 2824 1359 Considera,
2866 1295 3096 1358 dilecte,
3136 1301 3304 1346 totum
3349 1290 3542 1344 laetum
3589 1289 3750 1342 fuisse
3789 1285 3971 1340 divina

2378 1386 2813 1456 dispensatione,
2856 1385 2996 1440 sicut
3026 1393 3079 1439 ct
3123 1383 3297 1453 primo
3343 1378 3547 1434 homini
3590 1377 3787 1432 evenit.
3835 1374 3970 1429 Nam

2379 1479 2517 1533 sicut
2543 1478 2747 1532 illic-ex
2774 1476 3094 1531 dormientis
3123 1474 3292 1528 latere
3321 1472 3495 1541 portio
3522 1479 3731 1539 sumpta
3761 1476 3845 1524 est
3864 1510 3880 1534 ,
3908 1482 3973 1522 co

2380 1585 2488 1623 non
2511 1569 2776 1622 sentiente
2802 1585 2816 1633 ;
2849 1567 2945 1622 sed
2970 1567 3060 1636 qui
3088 1564 3314 1619 ﬁnxerat
3340 1563 3481 1617 latus
3510 1562 3661 1624 illud,
3692 1561 3814 1615 inde
3839 1575 3975 1614 uxo-

2380 1674 2492 1713 rem
2526 1659 2653 1712 Adm
2697 1659 2944 1727 produxit
2986 1674 3000 1709 :
3040 1655 3203 1710 simili
3249 1654 3410 1708 modo
3448 1664 3502 1708 et
3546 1669 3704 1706 nunc.
3751 1652 3883 1705 Nam
3926 1651 3973 1704 si

2381 1761 2546 1806 costae
2573 1749 2799 1818 ereptio,
2825 1761 3047 1811 excessu
3074 1745 3267 1800 mentis
3295 1759 3322 1797 a
3354 1743 3462 1798 Deo
3489 1743 3748 1808 immisso,
3773 1741 3978 1809 absque

2384 1844 2525 1897 illius
2555 1840 2839 1895 sensu'iuit
2868 1858 2881 1891 :
2914 1839 3083 1894 multo
3106 1837 3271 1907 magis
3293 1845 3348 1891 et
3367 1851 3509 1890 nunc
3540 1836 3612 1889 ita
3639 1833 3838 1888 iactant
3867 1841 3974 1888 est.

2383 1933 2514 1988 Nam
2547 1931 2597 1985 id
2629 1931 2768 2001 quod
2800 1929 2930 1985 dixit
2961 1929 3069 1983 illic
3093 1928 3270 1982 divina
3299 1927 3594 1994 Scriptura,
3638 1923 3858 1978 Immisit
3885 1939 3976 1976 ea:-

2383 2025 2554 2079 stasim
2582 2025 2633 2076 in
2663 2023 2856 2089 Adam,
2890 2031 2935 2074 et
2965 2021 3198 2074 dormivit
3226 2019 3243 2088 (
3264 2018 3389 2072 Gen.
3418 2018 3473 2071 2.
3501 2018 3561 2070 2i
3587 2015 3605 2087 )
3633 2034 3645 2069 :
3681 2016 3783 2068 hoc
3809 2027 3864 2068 et
3891 2014 3977 2068 hic

2383 2114 2702 2185 signiﬁcavit
2740 2111 3007 2174 dicendo,
3049 2109 3268 2164 Nescivit
3305 2108 3508 2179 quando
3552 2107 3628 2160 vel
3642 2105 3974 2171 'aceub’uerit,

2384 2207 2460 2260 vel
2488 2205 2777 2260 surrexerit.
2805 2203 2894 2258 '56.
2922 2201 2991 2255 Et
3015 2208 3372 2270 conceperant,
3396 2198 3586 2268 inquit,
3611 2197 3672 2249 de
3701 2204 3844 2265 patre
3863 2210 3975 2248 suo.

2386 2298 2474 2353 57.
2505 2296 2569 2349 Et
2601 2297 2800 2362 peperit
2819 2295 2984 2364 major
3022 2304 3145 2346 natu
3175 2293 3340 2360 ﬁlium
3369 2301 3414 2343 et
3441 2291 3630 2342 vocavit
3661 2287 3997 2363 nomeu‘ejas

2388 2388 2561 2452 Moab,
2582 2389 2771 2450 dicens,
2793 2384 2877 2440 Ea:
2905 2395 3049 2455 patre
3077 2402 3203 2438 meo.
3230 2382 3331 2436 Hic
3357 2391 3495 2451 pater
3521 2391 3590 2434 est
3613 2379 3975 2432 Moabitarum.

2388 2480 2475 2536 58.
2515 2479 2716 2547 Peperit
2757 2488 2921 2530 autent
2960 2487 3006 2529 et
3042 2476 3225 2544 junior
3249 2475 3445 2542 filium,
3489 2481 3536 2526 et
3579 2473 3769 2526 vocavit
3789 2486 3981 2524 nomen

2387 2571 2496 2638 ejus
2519 2568 2733 2621 Ammon
2755 2610 2768 2632 ,
2804 2567 2976 2620 dicens
2995 2609 3009 2632 ,
3051 2565 3217 2618 Filius
3244 2564 3440 2634 generis
3466 2565 3581 2615 mei.
3616 2561 3714 2614 Hic
3740 2571 3812 2614 est
3841 2570 3983 2629 pater

2390 2661 2810 2713 Ammanitarum.
2830 2657 2994 2713 Vides
3017 2657 3067 2711 id
3089 2672 3197 2711 non
3222 2651 3800 2710 fuisse'incontincntire
3821 2667 3994 2721 opus,

2392 2767 2511 2806 cum
2544 2752 2761 2804 nomina
2791 2751 2972 2828 statim
3009 2747 3153 2802 natis
3184 2745 3513 2810 indiderint,
3553 2745 3743 2815 quibus
3783 2742 3982 2797 factum

2391 2843 2762 2913 signiﬁcabant
2783 2884 2798 2907 ,
2830 2850 2885 2896 et
2914 2841 2966 2894 in
2994 2840 3222 2894 ﬁliorum
3255 2837 3561 2892 nominibus
3603 2837 3758 2906 quasi
3800 2835 3853 2889 in
3882 2850 3981 2890 co.

2393 2935 2572 2989 lunuia
2616 2932 2785 2987 ferme
2811 2929 3040 3000 quadam
3068 2929 3381 2983 memoriam
3421 2926 3546 2981 facti
3589 2924 3982 2996 inscripserint,

2403 3048 2458 3094 et
2483 3038 2595 3106 jam
2625 3045 2735 3088 tum
2775 3031 3154 3100 praesignarint
3177 3031 3362 3094 gentes
3395 3034 3458 3073 ex
3491 3017 3570 3070 eis
3599 3015 3810 3067 futuras
3837 3027 3986 3078 esse,

2405 3139 2460 3184 et
2496 3128 2548 3181 in
2579 3121 2973 3179 multitudinem
2996 3133 3054 3171 se
3079 3119 3496 3185 propagaturum
3514 3115 3761 3162 natorum
3792 3118 3984 3175 genus.

2407 3220 2539 3276 Nam
2568 3217 2654 3272 ille
2681 3214 2920 3284 quidem,
2941 3207 3135 3276 inquit,
3160 3201 3446 3274 pater‘eril
3468 3198 3853 3261 Meabita'rum',
3887 3196 3991 3251 iste

2409 3319 2586 3366 autem
2614 3301 3065 3360 Ammonit‘arum.
3872 3353 3877 3356 μ

2475 3398 2529 3450 6.
2574 3391 2790 3448 Moralis
2817 3385 3132 3442 exhortatio.
3160 3381 3384 3437 Collatia
3413 3378 3631 3448 Iosephi
3655 3375 3992 3430 continentia!

2405 3506 2522 3546 cum
2562 3482 2885 3553 Babylonica
2921 3472 3428 3546 fornace.—Verum
3455 3467 3994 3537 tuncquidem,quo-

2407 3581 2550 3634 niam
2567 3576 2718 3643 origo
2737 3582 2788 3626 et
2806 3569 2957 3624 initia
2979 3574 3156 3630 erant,
3175 3573 3231 3620 et
3244 3578 3339 3634 per
3355 3561 3568 3633 generis
3585 3558 4011 3613 successionem.

2408 3667 2721 3724 memoriam
2745 3677 2895 3716 suam
2920 3658 3173 3716 volebant
3193 3668 3531 3713 conservare,
3551 3657 3759 3704 tantum
3777 3646 3895 3714 ejus
3918 3649 3993 3700 rei

2409 3759 2642 3814 studium
2662 3751 2898 3821 fuit‘justi
2915 3749 3147 3803 ﬁliabus:
3163 3761 3305 3800 nunc
3317 3742 3748 3810 autemquiaper
3760 3740 3993 3808 gratiam

2410 3851 2503 3906 Dei
2533 3847 2717 3917 religio
2739 3838 3202 3911 majora-sumpsit
3227 3838 3580 3894 incrementa,
3611 3839 3666 3885 et
3692 3829 3991 3884 secundum

2408 3943 2624 3998 beatum
2646 3937 2893 3999 Paulum,
2913 3931 3152 3986 Pratterit
3167 3929 3337 3998 ﬁgura
3351 3925 3533 3978 mundi
3548 3923 3707 3992 hujus
3725 3920 3777 3991 (Ι
3798 3918 3928 3973 Cor.
3942 3921 3992 3974 7.

2409 4034 2522 4104 5i),
2550 4045 2714 4102 opera
2745 4028 2887 4083 bona
2919 4023 3127 4094 agendo
3164 4018 3482 4074 memoriam
3509 4013 3680 4068 nostri
3713 4012 3991 4080 relinqua-

2409 4138 2529 4179 mus
2552 4140 2566 4176 :
2598 4135 2656 4176 ut
2672 4134 2795 4176 cum
2819 4119 2945 4173 hinc
2959 4115 3126 4184 migra
3137 4113 3390 4176 vei-imus,
3413 4111 3538 4164 vitae
3553 4116 3752 4162 nostrae
3769 4106 4014 4176 diligens-

2410 4222 2466 4269 et
2500 4218 2748 4266 accurata
2783 4207 2923 4261 ratio
2947 4205 3016 4261 sit
3047 4203 3436 4256 monimentum
3466 4207 3521 4253 et
3547 4196 3795 4251 doctrina
3828 4195 3979 4250 omni

2410 4301 2514 4356 bus
2540 4300 2630 4369 qui
2665 4299 2714 4351 in
2753 4312 2852 4350 nos
2893 4293 3205 4363 respicieut.
3248 4288 3384 4343 Nam
3417 4287 3509 4356 qui
3551 4287 3755 4339 virtute
3784 4282 3998 4352 praediti

2413 4400 2558 4453 sunt,
2586 4397 2639 4444 et
2663 4385 3057 4443 castam-vitam
3083 4381 3319 4443 ducunt,
3342 4392 3450 4431 non
3475 4374 3650 4430 solum
3679 4373 3732 4427 in
3763 4375 3866 4427 hac
3890 4373 3998 4426 vita

2413 4481 2687 4551 degentes,
2712 4478 2805 4532 sed
2830 4484 2883 4530 et
2899 4484 3021 4544 post
3047 4474 3170 4526 vita:
3192 4471 3416 4531 exitum,
3433 4465 3723 4536 plurimum
3739 4463 4000 4532 prodesse

2413 4576 2668 4642 poterunt
2695 4568 2760 4620 iis
2791 4566 2883 4634 qui
2911 4565 2964 4617 in
2995 4578 3054 4617 se
3085 4557 3445 4629 respexerint.
3479 4554 3545 4609 Et
3578 4562 3636 4607 ut
3665 4554 3768 4607 hoc
3795 4552 4000 4615 discas,

2412 4641 2830 4730 vide,obsccro,
2876 4662 3108 4723 quantus
3160 4663 3422 4704 annorum
3479 4659 3737 4699 numerus
3783 4641 4007 4698 transiit

2415 4767 2581 4823 usque
2607 4752 2657 4804 in
2673 4748 2992 4803 hodiernum
3014 4744 3178 4805 diem,
3207 4756 3270 4794 ao
3289 4739 3501 4808 quoties
3517 4736 3762 4788 volumus
3789 4732 4004 4803 aliquos

2415 4844 2468 4898 in
2503 4841 2903 4898 simulationem
2945 4832 3289 4891 continentia:
3335 4840 3654 4899 provocare.
3701 4823 3905 4891 loseph
3951 4823 4002 4876 in

2417 4934 2652 4989 medium
2685 4929 2958 4984 allerimus
2980 4924 3306 4994 speciosum,
3338 4917 3664 4978 formosum,
3688 4912 4005 4966 adolescen-

2419 5038 2548 5092 tem,
2587 5026 2638 5079 iu
2681 5025 2796 5093 ipso
2825 5021 3000 5074 aetatis
3040 5015 3172 5070 ﬁere
3218 5021 3421 5068 tantam
3448 5008 3721 5065 castitatis
3750 5013 4006 5077 constan-

2415 5114 2539 5164 tiam
2586 5126 2695 5179 pra:
2748 5125 2808 5164 se
2856 5110 3148 5163 ferentem:
3180 5113 3234 5162 et
3284 5105 3361 5159 sic
3403 5103 3470 5158 ad
3503 5102 3851 5158 imitationem
3873 5099 4000 5170 justi

2415 5207 2574 5273 huius
2617 5204 2884 5260 auditores
2921 5215 3208 5270 provocare
3245 5199 3541 5254 studemus.
3570 5196 3701 5263 Quis
3726 5199 3870 5251 enim
3900 5211 4012 5254 non

2415 5300 2770 5351 admiraretur
2795 5293 3002 5347 beatum
3029 5293 3199 5355 illum,
3232 5291 3320 5361 qui
3351 5291 3404 5344 in
3433 5290 3690 5345 servitute
3715 5286 4002 5351 exsistens,

2418 5388 2542 5442 ctiu
2570 5389 2685 5456 ipso
2711 5384 2842 5438 ﬂore
2869 5383 3058 5447 sitatis,
3087 5380 3301 5452 quando
3331 5381 3561 5434 maxime
3596 5379 3781 5433 iornax
3802 5391 4014 5433 concu-

2420 5477 2800 5548 piscentiarum
2819 5472 3145 5539 accenditur,
3172 5487 3296 5526 cum
3325 5471 3530 5525 videret
3553 5470 3823 5524 dominam
3852 5482 4006 5522 suam

2423 5567 2781 5628 iuvadentem,
2831 5571 2885 5619 et
2928 5563 3280 5617 insanientem
3325 5562 3377 5615 in
3422 5576 3504 5626 se,
3539 5569 3738 5615 tantam
3769 5557 4010 5614 ostendit

2425 5656 2808 5716 fortitudinem,
2853 5662 2908 5708 et
2952 5655 3018 5707 ita
3065 5652 3131 5705 ad
3160 5651 3416 5706 castitatis
3444 5665 3643 5720 agones
3667 5665 3726 5705 se
3744 5652 4008 5714 exercuit,

2427 5759 2484 5805 ut
2521 5751 2587 5805 ab
2636 5748 3020 5817 intemperante
3047 5745 3134 5799 illa
3161 5743 3382 5798 muliere
3408 5743 3581 5798 nudus
3603 5741 3812 5814 quidem
3843 5740 4010 5800 vcsti-
