4178 6328
158 396 173 413 ‘
226 379 334 439 ιιι

225 494 326 549 bus
342 488 670 562 profugeret,
686 482 949 543 castitatis
964 486 1143 536 autem
1166 476 1533 531 indumentum
1554 469 1828 529 servaret?

224 585 556 650 Licebatque
585 579 767 635 videre
794 590 907 631 rem
934 587 1125 627 novam
1144 577 1199 623 et
1217 565 1607 627 admirabilem,
1634 575 1831 632 agnum

225 680 276 729 iu
307 670 443 742 lupi.
481 672 591 727 imo
616 671 802 725 leaenae
829 679 1033 735 ungues
1055 660 1326 726 incidisse,
1350 668 1405 714 et
1428 656 1630 713 servari
1654 665 1831 709 tamen

222 764 509 837 potuisse:
560 770 615 817 et
660 760 801 815 sicut
829 755 1076 812 columba
1106 752 1302 821 aquilae
1330 750 1585 804 damnum
1613 746 1828 815 effugit,

223 859 295 913 ita
315 866 373 911 et
402 855 583 925 justus
610 852 679 905 ab
722 849 860 905 illius
905 844 1150 901 manibus
1177 843 1365 897 evasit.
1399 840 1513 895 Non
1558 839 1635 892 sic
1662 837 1833 891 admi-

224 946 397 1001 rabile
448 945 579 999 mihi
624 941 835 996 videtur
875 952 1016 1001 esse,
1065 944 1174 990 tres
1204 948 1397 1002 pueros
1430 931 1549 985 illos
1576 931 1628 983 in
1652 927 1831 981 medio

222 1036 567 1109 Babylonio:
617 1031 847 1088 fornacis
880 1029 1057 1099 ignem
1097 1024 1290 1079 vicisse
1312 1022 1330 1093 (
1356 1021 1492 1076 Dan.
1517 1022 1551 1077 ὅ
1572 1022 1615 1091 ),
1645 1019 1831 1074 illaesis

219 1144 415 1186 eorum
462 1126 802 1195 corporibus,
844 1131 901 1176 ut
948 1118 1189 1174 mirabile
1210 1124 1265 1171 et
1288 1131 1471 1169 rarum
1497 1122 1598 1177 est,
1624 1113 1828 1181 justum

221 1224 411 1283 istum,
460 1220 552 1289 qui
577 1220 627 1271 in
674 1216 941 1270 fornacem
987 1212 1125 1267 banc
1155 1209 1473 1282 Babylonica
1518 1208 1687 1263 multo
1711 1222 1832 1277 gra-

220 1317 453 1379 viorem,
499 1313 556 1366 in
599 1307 1061 1371 incontinentiam,
1106 1306 1343 1375 inquam,
1400 1301 1671 1372 Egyptian
1698 1300 1833 1353 inci-

219 1404 416 1468 disset,
465 1402 726 1456 intactum
768 1396 1148 1468 permansisse,
1195 1406 1436 1464 puroque
1460 1390 1724 1445 castitatis
1753 1390 1833 1442 iu-

221 1496 488 1549 damento
510 1499 747 1555 servato,
764 1488 980 1544 exiissc.
1012 1485 1079 1539 Et
1102 1499 1168 1538 ne
1190 1482 1423 1548 mireris,
1446 1481 1641 1536 dilecte
1666 1499 1679 1535 :
1706 1480 1830 1549 quia

222 1586 368 1640 cnim
396 1582 545 1653 quod
570 1596 727 1635 suum
759 1587 873 1633 erat
920 1576 1117 1638 attulit,
1150 1574 1333 1650 habuit
1374 1587 1660 1641 supernam
1708 1584 1831 1640 gra-

224 1674 351 1728 tiam
398 1672 682 1735 eemitem,
715 1683 836 1738 quae.
879 1666 1184 1721 incendium
1211 1664 1339 1719 illud
1368 1664 1744 1733 restingueret,
1777 1670 1833 1715 et

223 1763 276 1818 in
309 1763 487 1818 media
519 1763 736 1817 ioniace
766 1775 944 1816 rorem
974 1756 1206 1828 Spiritus
1231 1757 1403 1810 daret.
1447 1754 1668 1810 Vidistis
1697 1768 1833 1822 quo-

226 1854 387 1909 modo
408 1855 511 1910 viri
532 1855 730 1909 virtute
754 1851 982 1921 pra-diti,
1013 1860 1208 1904 etcum
1237 1847 1323 1901 hic
1337 1846 1515 1900 adhuc
1538 1854 1832 1915 prmsentes

222 1954 370 2010 sunt,
416 1952 471 1998 et
518 1952 640 2013 post
679 1941 1050 2011 migrationem
1078 1953 1143 1993 ex
1176 1937 1277 1991 hac
1304 1937 1430 2000 vita,
1459 1948 1664 2004 magum
1692 1933 1832 1987 utili-

226 2038 348 2091 tatis
376 2045 634 2091 auctores
661 2033 817 2088 nnbis
857 2031 1004 2086 sint?
1050 2032 1226 2100 Atque
1255 2029 1326 2083 ob
1350 2043 1470 2083 eam
1500 2041 1718 2082 causam
1746 2026 1831 2095 ju-

224 2134 363 2182 stum
397 2126 551 2180 illurn
571 2125 627 2179 in
658 2124 893 2179 medium
918 2121 1261 2185 adduximus,
1293 2126 1351 2173 ut
1370 2134 1494 2174 eum
1521 2132 1712 2172 omnes
1740 2131 1828 2170 se-

221 2233 475 2288 quamur.
511 2216 663 2270 Hunc
687 2215 845 2284 igitur
865 2228 1054 2267 omnes
1072 2212 1362 2274 imitemur,
1386 2210 1833 2279 etconcupiscen-

226 2313 323 2365 tias
349 2319 566 2362 nostras
584 2307 880 2370 vincamus,
907 2306 1247 2374 scientesque
1266 2304 1417 2369 illud,
1453 2304 1570 2357 Non
1596 2312 1667 2357 est
1688 2303 1831 2356 nobis

222 2415 393 2469 pugna
438 2398 681 2450 adversus
728 2396 1023 2467 sanguinem
1063 2407 1110 2449 et
1164 2411 1398 2457 carnem,
1451 2396 1542 2449 scd
1592 2397 1831 2448 adversus

224 2490 539 2559 principatus
564 2498 609 2542 et
636 2497 923 2557 potestates,
951 2487 1193 2543 adversus
1223 2488 1403 2539 mundi
1432 2497 1649 2539 rectores
1689 2495 1830 2539 tene-

221 2583 428 2634 brorum
475 2581 629 2651 hujus
680 2579 854 2633 surculi
902 2578 1143 2650 (κνίδας.
1193 2577 1410 2650 6.12),
1456 2578 1534 2632 sic
1560 2593 1658 2632 nos
1686 2579 1831 2647 ipsos

221 2689 533 2727 armemus:
564 2681 620 2726 et
660 2672 981 2741 cogitantes,
1029 2684 1138 2724 non
1182 2684 1410 2739 corpore
1447 2668 1827 2735 circumdatos,

221 2765 480 2819 adversus
504 2766 849 2832 incorporeas
873 2763 991 2832 cogi
1019 2762 1247 2817 virtutes
1272 2769 1498 2827 certare,
1524 2766 1832 2816 munianmr

219 2858 388 2911 armis
434 2856 822 2927 spiritualihus.
870 2854 1098 2924 Propter
1128 2853 1230 2907 hoc
1256 2854 1400 2906 enim
1430 2853 1689 2922 benignus
1719 2853 1828 2906 Do-

220 2949 422 3010 minus,
457 2948 581 3017 quia
607 2960 771 3001 carne
802 2945 979 3000 vestiti
1019 2958 1227 3007 sumus,
1258 2950 1314 2997 et
1341 2953 1423 2997 est
1452 2942 1607 2997 nobis
1633 2942 1827 2997 adver-

219 3054 312 3095 sus
359 3038 662 3093 invisibiles
710 3037 935 3091 virtutes
982 3045 1277 3099 certamen,
1329 3034 1618 3089 invisibilia
1672 3034 1829 3089 nubis

220 3130 546 3200 prmparavit
570 3142 742 3194 arma,
788 3135 849 3181 ut
872 3126 1071 3181 auxilio
1098 3140 1373 3179 armorum
1407 3132 1611 3179 natura:
1639 3124 1831 3179 adver-

217 3222 395 3275 sarios
442 3233 833 3289 capugnemus.
880 3217 1026 3271 Bene
1079 3216 1236 3285 igitur
1278 3215 1507 3271 fidentes
1552 3231 1828 3271 armorum

217 3314 498 3386 potentiae,
548 3311 690 3381 quod
735 3325 765 3363 a
797 3308 950 3363 nobis
980 3317 1063 3363 est
1093 3308 1403 3370 ail'eramus,
1451 3318 1506 3362 et
1535 3307 1828 3376 poterimus

218 3409 319 3462 bac
345 3405 610 3476 spirituali
637 3411 908 3457 armatura
940 3401 1147 3465 muniti,
1179 3400 1351 3469 ipsam
1397 3400 1593 3454 diaboli
1634 3399 1826 3454 faciem

216 3499 401 3553 ferire.
454 3494 638 3565 Ncque
682 3493 827 3549 enim
868 3484 1009 3547 ferre
1050 3492 1248 3561 poterit
1287 3490 1545 3560 fulgorem
1574 3491 1663 3560 qui
1699 3490 1826 3545 inde

213 3588 516 3659 egreditur,
560 3585 654 3640 sed
696 3586 797 3639 etsi
836 3592 1062 3638 conetur
1090 3592 1235 3644 stare
1272 3596 1337 3636 ex
1368 3582 1616 3646 adverso,
1647 3584 1825 3636 statim

214 3680 599 3737 excmmbitur.
628 3676 730 3733 Ubi
768 3677 911 3731 enim
941 3674 1270 3729 continentia
1301 3682 1355 3727 et
1392 3673 1665 3736 honestas,
1693 3674 1827 3728 alia-

216 3786 449 3841 rumque
492 3771 744 3822 virtutum
791 3780 1107 3831 concursus,
1152 3766 1278 3819 illuc
1323 3774 1377 3819 ct
1419 3766 1562 3833 larga
1593 3764 1828 3835 Spiritus

213 3862 387 3931 gratia
435 3858 670 3912 advolat.
718 3856 1056 3925 Quapropter
1098 3853 1297 3908 Paulus
1344 3854 1593 3909 dicebat:
1636 3854 1829 3909 Pacem

214 3950 476 4005 sectemiui
501 3965 618 4001 cum
646 3947 897 4011 omnibus,
919 3955 968 3999 et
1008 3945 1462 4013 sanctiﬁcationent
1489 3944 1510 4015 (
1536 3942 1697 3999 Hebr.
1716 3945 1822 4016 .12.

218 4044 331 4111 H).
369 4040 719 4095 Puritieemus
745 4036 1174 4108 igitur,nbsecro,
1201 4035 1563 4115 conscientias
1592 4046 1827 4107 nostras,

213 4146 271 4189 et
299 4143 647 4202 emergamus
691 4138 929 4184 mentem
978 4138 1214 4184 nostram
1249 4147 1262 4182 :
1314 4142 1372 4184 ut
1414 4131 1562 4185 omni
1608 4131 1826 4187 sordida

214 4222 545 4293 cogitatione
593 4219 828 4286 liberati,
871 4218 1104 4287 Spiritus
1128 4220 1351 4288 gratiam
1382 4220 1536 4275 nobis
1570 4222 1828 4276 concilie-

218 4328 366 4373 mus.
400 4325 824 4380 superemusque
864 4309 1061 4364 diaboli
1109 4310 1556 4377 machinationes,
1605 4326 1668 4367 ac
1706 4328 1825 4367 me-

214 4418 438 4461 rcamur
459 4400 816 4457 ineﬂ‘abilibus
846 4401 951 4455 illis
974 4402 1128 4455 bonis
1156 4401 1279 4467 frui,
1309 4403 1477 4469 gratia
1508 4412 1562 4456 et
1588 4402 1829 4473 benigni-

216 4504 329 4552 tate
378 4493 592 4548 Domini
638 4492 807 4547 nostri
856 4492 981 4548 Jesu
1020 4493 1243 4557 Christi,
1288 4496 1373 4547 cui
1422 4510 1543 4548 cum
1590 4496 1746 4551 Patre
1773 4506 1829 4551 et

216 4585 411 4643 sancto
429 4584 632 4654 Spiritu
657 4584 726 4639 sit
742 4585 930 4654 gloria,
959 4600 1104 4639 nunc
1133 4597 1186 4640 et
1216 4601 1451 4652 semper,
1475 4598 1529 4642 et
1549 4589 1601 4643 in
1630 4591 1826 4644 saecula

216 4677 563 4735 saeculorum.
595 4677 789 4733 Amen.

782 4846 1059 4904 HOMIIJA
1102 4848 1266 4905 XLV.

220 5006 293 5062 Et
319 5005 475 5059 movit
517 5004 659 5059 illinc
698 5004 953 5056 Abraham
997 5004 1050 5056 in
1078 5012 1263 5058 terram
1288 5020 1458 5056 versus
1496 5005 1713 5074 africum
1734 5047 1748 5069 ,
1781 5015 1828 5059 et

302 5096 538 5152 habitarit
578 5095 705 5147 inter
724 5091 909 5155 Gades,
935 5102 986 5144 et
1008 5094 1142 5146 inter
1172 5093 1299 5161 Sur,
1332 5104 1375 5147 et
1405 5096 1701 5165 peregrinus
1731 5097 1827 5165 fuit

294 5190 347 5240 in
374 5184 583 5239 Cereris
612 5183 763 5255 (Gen.
789 5182 882 5238 20.
914 5184 991 5253 Ι).

300 5322 350 5375 i.
376 5319 616 5382 Gaudeo,
638 5334 760 5373 cum
783 5333 875 5373 vos
900 5317 1208 5389 frequenter
1230 5320 1388 5375 video
1414 5320 1481 5375 ad
1514 5322 1826 5377 concionem

253 5428 526 5476 rcurrcre,
544 5424 609 5465 ac
625 5425 813 5480 magna
836 5426 957 5464 cum
976 5411 1245 5479 voluptate
1266 5412 1564 5467 doctrinam
1588 5424 1827 5469 nostram

212 5504 538 5572 suscipere;
591 5502 819 5571 ideoque
867 5502 920 5555 in
949 5501 1066 5556 dies
1092 5501 1277 5571 majori
1318 5502 1591 5559 alacritate
1626 5518 1828 5575 paupe-

216 5605 338 5646 rem
371 5593 506 5649 hanc
530 5602 774 5649 nostram
797 5600 852 5647 et
883 5601 1095 5647 tenuem
1120 5606 1358 5647 mensam
1385 5594 1536 5649 vobis
1558 5609 1827 5665 apponere

216 5683 432 5743 studeo.
484 5684 675 5740 Vestra
719 5685 866 5740 enim
904 5684 1147 5740 ciborum
1192 5686 1477 5743 immodica
1522 5690 1827 5760 appetentia

219 5787 418 5835 mens:
466 5786 675 5835 nostra
722 5774 984 5833 vilitatem
1028 5774 1254 5852 obtegit,
1302 5790 1574 5852 parvaque
1620 5779 1744 5838 facit
1769 5791 1826 5839 ut

1269 360 1337 417 ΙΝ
1374 358 1528 416 CAP.
1570 355 1688 414 XX.
1728 352 1974 413 GENES.
2014 352 2248 412 HOMIL.
2291 355 2456 413 XLV.

3428 355 3539 417 4η

1946 482 2138 539 magna
2181 477 2514 540 appareant:
2543 467 2598 525 id
2641 468 2785 541 quod
2830 468 2963 526 etin
2989 469 3333 530 sensibilibus
3355 473 3547 533 eduliis

1939 561 2124 618 videre
2149 560 2294 617 licet.
2321 559 2455 616 Nam
2485 561 2625 617 sicut
2652 575 2775 616 cum
2802 561 3025 618 satiatos
3052 563 3176 633 quis
3193 564 3392 634 excipit
3419 582 3547 622 con-

1939 655 2110 719 vivas,
2151 653 2278 709 !icet
2328 666 2521 723 magna
2562 663 2986 724 sumptuosaque
3027 664 3263 725 apponat
3310 658 3546 727 fercula,

1939 743 2157 799 illorum
2204 743 2455 800 satietate
2499 744 2759 801 minuitur
2801 746 3171 815 appositorum
3216 748 3457 815 lautitia;
3496 762 3546 807 et

1940 848 2133 905 magna
2176 849 2579 904 nonnumquam
2626 835 2826 890 nullius
2854 836 3106 891 videntur
3150 839 3432 908 momenti,
3482 857 3545 897 cc

1938 924 2081 995 quod
2136 928 2386 980 convivat
2433 924 2637 995 absque
2668 927 2861 983 edendi
2892 929 3149 985 aviditate
3175 931 3542 990 advenerunt:

1939 1015 2010 1071 ita
2050 1024 2236 1070 contra
2277 1018 2323 1070 si
2365 1016 2486 1087 quis
2529 1017 2803 1073 famelicos
2841 1020 3097 1089 suscipiat
3135 1032 3190 1076 et
3220 1024 3539 1086 esurientes,

1940 1106 2066 1162 licet
2096 1107 2203 1162 illis
2225 1116 2441 1163 tenuem
2472 1119 2735 1179 proponat
2759 1125 3025 1177 tnensam,
3054 1112 3335 1180 splendida
3367 1123 3546 1169 tamen

1940 1197 2031 1253 illa
2076 1198 2357 1268 apparebit
2402 1200 2664 1267 convivis,
2709 1202 2877 1255 multa
2916 1216 3035 1257 cum
3066 1204 3341 1275 voluptate
3386 1213 3548 1275 atque

1939 1291 2196 1347 aviditate
2240 1293 2484 1363 apposita
2534 1294 2965 1350 comedentibus.
3018 1295 3110 1353 Sic
3166 1306 3222 1351 et
3262 1312 3363 1354 nos
3408 1298 3551 1355 bene

1940 1384 2170 1440 fidentes
2217 1384 2479 1454 spirituali
2524 1393 2711 1440 vestro
2756 1386 3057 1457 appetitui,
3109 1402 3216 1443 non
3264 1402 3552 1459 graramur

1938 1490 2231 1545 pauperem
2256 1485 2314 1531 et
2334 1477 2491 1530 vilem
2520 1476 2658 1531 hanc
2687 1492 2928 1533 mensam
2952 1486 3146 1547 vestra:
3174 1479 3383 1534 caritati
3412 1481 3551 1535 assi-

1938 1568 2045 1624 due
2075 1584 2367 1640 apponere.
2415 1569 2530 1626 Hoc
2567 1580 2621 1625 et
2659 1571 2877 1640 sapiens
2902 1571 3121 1642 quidam
3149 1572 3399 1628 dicebat:
3434 1572 3552 1628 Me-

1938 1664 2039 1717 lius
2081 1672 2155 1718 est
2198 1665 2484 1718 convivium
2531 1664 2726 1718 olerum
2755 1681 2871 1717 cunt
2915 1666 3150 1729 caritate,
3180 1682 3332 1736 quam
3369 1666 3458 1721 bos
3488 1666 3554 1721 de

1940 1754 2188 1825 priesepio
2233 1770 2348 1809 eum
2378 1754 2497 1808 odio
2528 1745 2710 1825 (Prov.
2737 1755 2827 1810 15.
2854 1755 2945 1824 l7)
2972 1774 2985 1809 :
3018 1770 3127 1827 quo
3153 1756 3330 1822 docet,
3357 1759 3553 1813 carita—

1940 1852 2046 1899 tem
2075 1845 2233 1899 aliter
2259 1844 2443 1899 videre
2471 1845 2736 1914 apposita,
2771 1844 3019 1914 illiusque
3039 1846 3211 1901 oculis
3234 1846 3356 1900 vilia
3385 1862 3552 1917 appa-

1938 1949 2059 1990 rere
2087 1950 2150 1990 ea
2194 1950 2315 2005 qua:
2355 1945 2667 2005 sumptuosa
2716 1946 2862 2001 sunt,
2895 1946 2947 1991 et
2975 1951 3138 2007 parva
3173 1952 3292 2007 quae
3332 1952 3546 2007 magna.

2009 2024 2271 2079 Auditoris
2296 2025 2639 2079 benevolentia
2662 2027 2967 2081 necessaria.
2990 2025 3200 2095 ——Quid
3232 2027 3390 2098 igitur
3416 2027 3551 2083 bea-

1937 2117 2043 2173 tius
2094 2118 2251 2173 nobis
2298 2118 2387 2187 qui
2444 2119 2584 2188 apud
2630 2128 2707 2174 tot
2752 2120 3047 2182 auditores.
3079 2130 3297 2192 tamque
3340 2122 3553 2177 ferven-

1937 2210 1977 2264 ti
2015 2220 2069 2265 et
2123 2210 2352 2265 sollicita
2405 2212 2630 2265 caritate
2688 2213 2941 2281 praeditos
2991 2212 3359 2269 disserimus?
3405 2212 3551 2268 Nihil

1936 2301 2081 2355 enim
2121 2308 2401 2371 tantopere
2444 2301 2643 2356 dicenti
2697 2303 3064 2360 necessarium
3116 2312 3239 2369 est,
3297 2313 3353 2358 ut
3398 2304 3553 2360 audi-

1938 2394 2083 2447 toris
2123 2392 2519 2453 beuevolentia.
2562 2394 3004 2464 Quandoquidem
3053 2410 3176 2450 cum
3220 2394 3369 2451 videt
3396 2395 3550 2451 audi-

1938 2493 2084 2539 tores
2114 2483 2322 2540 fervere
2348 2485 2640 2551 desiderio,
2684 2487 2928 2542 tinuatur
2956 2498 3013 2542 et
3037 2487 3176 2559 ipse,
3204 2497 3261 2543 et
3295 2503 3551 2558 magnum

1936 2589 2083 2647 saepe
2126 2574 2311 2641 robur,
2368 2585 2425 2630 ut
2478 2577 2551 2631 ita
2602 2577 2799 2643 dicam,
2856 2579 3070 2648 accipit,
3126 2579 3307 2635 sciens
3347 2590 3553 2652 quanto

1935 2668 2388 2739 sumptuosiorem
2437 2683 2679 2725 mensam
2723 2671 3057 2740 spiritualem
3094 2673 3370 2742 proponit,
3402 2682 3555 2730 tanto

1935 2758 2195 2827 majorem
2220 2760 2320 2814 sibi
2347 2760 2557 2829 copiam
2586 2760 2866 2816 accedere.
2899 2760 3070 2817 Sectis
3096 2762 3240 2818 enim
3264 2778 3323 2818 se
3350 2762 3548 2820 habent

1934 2850 2230 2917 sensibilia,
2260 2865 2423 2921 quam
2452 2852 2769 2921 spiritualia.
2792 2853 2903 2908 illic
2931 2853 3075 2908 enim
3106 2869 3308 2909 mensae
3330 2853 3552 2926 largitas

1934 2949 2209 3009 sumptum
2264 2942 2425 3011 parit,
2478 2951 2535 2997 et
2580 2943 2886 2997 convivium
2932 2943 3239 2999 exhibentis
3282 2944 3551 3005 imminuit

1934 3031 2327 3095 substantiam;
2358 3034 2447 3089 hic
2474 3044 2654 3091 autem
2681 3036 2906 3091 omnino
2930 3037 3106 3102 aliter,
3136 3046 3338 3108 quanto
3368 3036 3554 3107 plures

1934 3132 2060 3179 sunt
2106 3125 2415 3194 participes,
2464 3134 2614 3181 tanto
2655 3126 2773 3195 plus
2818 3127 3120 3181 substantia
3149 3136 3330 3182 nostra
3359 3142 3550 3183 acere.

1933 3217 2058 3270 scit.
2100 3214 2285 3284 Neque
2315 3216 2459 3270 enim
2493 3223 2677 3271 nostra
2707 3215 2956 3283 dicimus,
2988 3217 3084 3274 sed
3132 3232 3193 3272 ea
3225 3234 3347 3288 quae
3375 3218 3427 3273 in
3457 3234 3549 3274 ve-

1932 3318 2101 3364 stram
2153 3310 2431 3364 utilitatem
2479 3309 2572 3365 Dei
2622 3310 2794 3379 gratia
2841 3325 2939 3381 per
2967 3324 3121 3365 snam
3160 3310 3547 3381 benignitatem

1934 3399 2261 3470 suppeditat.
2312 3383 2425 3469 Age
2456 3400 2637 3469 igitur,
2687 3400 2811 3471 quia
2860 3414 2983 3455 cum
3016 3409 3162 3455 tanta
3186 3401 3464 3465 alacritate
3494 3411 3551 3457 et

1936 3500 2080 3545 tanta
2140 3490 2321 3545 laetitia
2372 3490 2439 3544 ad
2492 3490 2821 3545 audiendum
2870 3492 3147 3559 acceditis,
3196 3492 3390 3548 iterum
3432 3492 3547 3564 jam

1934 3581 2073 3636 lecta
2098 3580 2433 3648 indagemus,
2462 3590 2517 3635 et
2545 3581 2686 3651 quod
2716 3581 2838 3637 inde
2865 3583 3112 3652 provenit
3142 3583 3347 3638 lucrum
3372 3584 3549 3654 perci-

1934 3672 2163 3742 piamus.
2206 3670 2338 3725 Nam
2387 3672 2537 3741 quia,
2566 3672 2861 3727 secundum
2890 3688 3137 3743 magnam
3177 3674 3320 3729 illam
3351 3675 3551 3732 exhor-

1934 3762 2190 3817 tationem
2213 3761 2412 3816 Christi
2433 3761 2685 3829 dicentis,
2714 3762 3033 3817 Scrutarnini
3050 3763 3347 3833 Scripturas
3363 3763 3547 3835 (Ioan.

1934 3852 1987 3907 5.
2015 3852 2129 3921 39),
2164 3851 2448 3907 thesaurus
2468 3868 2694 3923 magnus
2712 3855 2765 3908 in
2794 3852 3088 3923 Scripturis
3112 3862 3196 3910 est
3216 3855 3547 3920 reconditus,

1934 3953 1990 3998 et
2034 3942 2090 3997 in
2135 3940 2404 4014 profundo
2446 3942 2620 3998 latet:
2650 3943 2853 4000 idcirco
2897 3946 3232 4002 scrutatione
3280 3961 3439 4017 opus,
3488 3957 3548 4005 ut

1933 4049 2055 4089 cum
2104 4033 2453 4088 didicerimus
2501 4034 2753 4090 virtutem
2783 4050 2904 4105 quae
2934 4034 2988 4089 in
3035 4035 3307 4107 profundo
3335 4036 3547 4093 occulta

1931 4134 2036 4190 est,
2069 4126 2294 4181 multam
2322 4125 2446 4181 inde
2474 4127 2761 4182 utilitatem
2807 4126 3105 4199 decerpere
3140 4143 3422 4199 queamus.
3455 4129 3551 4185 Et-

1934 4218 2077 4274 enim
2130 4227 2412 4289 propterea
2446 4223 2712 4289 justorum
2743 4221 2987 4276 omnium
3036 4222 3282 4287 virtutes,
3315 4220 3550 4293 Spiritus

1934 4311 2106 4365 sancti
2136 4312 2308 4382 gratia
2334 4320 2389 4366 et
2414 4312 2841 4381 dispensatione,
2872 4312 2926 4366 in
2970 4313 3262 4381 Scripturis
3288 4323 3416 4369 sunt
3439 4321 3549 4369 tra-

1936 4402 2083 4471 ditae,
2118 4413 2181 4458 ut
2198 4418 2297 4458 nos
2321 4405 2629 4459 continuam
2656 4404 2918 4460 habentes
2941 4406 3263 4472 doctrinam,
3288 4406 3353 4461 ad
3380 4422 3550 4462 aemu-

1935 4493 2190 4550 lationem
2246 4503 2303 4553 et
2364 4496 2716 4552 imitationem
2761 4496 3032 4565 iustorum
3085 4500 3249 4553 vitam
3304 4508 3547 4555 nostram

1936 4585 2298 4641 instituamus.
2349 4586 2645 4642 Audiamus
2689 4587 2849 4659 igitur
2892 4588 3131 4643 divinam
3184 4589 3545 4662 Scripturam,

1934 4677 2064 4748 quid
2118 4688 2174 4734 et
2227 4678 2385 4736 hodie
2435 4681 2593 4736 nobis
2634 4681 2705 4737 de
2737 4683 3033 4751 patriarcha
3064 4699 3288 4740 narrare
3314 4686 3463 4741 velit.
3494 4686 3547 4739 1.

1936 4772 2087 4839 (Cap.
2109 4772 2200 4840 20)
2220 4771 2285 4826 Et
2308 4776 2479 4838 movit,
2508 4774 2698 4843 inquit,
2722 4776 2865 4829 illinc
2880 4776 3137 4830 Abraham
3156 4778 3208 4831 in
3227 4788 3413 4831 terram
3434 4793 3550 4831 ver-

1934 4879 2021 4916 sus
2042 4864 2279 4932 africum,
2304 4873 2353 4918 et
2380 4864 2619 4919 habitavit
2640 4865 2770 4919 inter
2794 4865 2956 4921 Gades
2984 4876 3029 4921 et
3060 4868 3190 4921 inter
3218 4866 3343 4932 Sur,
3374 4878 3420 4920 et
3442 4883 3552 4937 per-

1935 4955 2138 5022 egrinus
2169 4956 2266 5024 fuit
2305 4956 2357 5009 in
2399 4954 2625 5009 Geraris.
2662 4955 2729 5009 Et
2753 4957 2905 5032 movit
2928 4997 2941 5020 ,
2972 4956 3176 5027 inquit,
3208 4956 3365 5011 illinc.
3395 4956 3550 5013 Unde

1937 5047 2137 5099 movit?
2176 5047 2217 5100 Α
2270 5046 2387 5099 loco
2429 5048 2516 5101 ubi
2550 5048 2952 5103 tabernaculum
2984 5048 3199 5107 fixerat.
3227 5048 3316 5103 ubi
3338 5057 3395 5103 et
3425 5048 3550 5102 uni-

1936 5140 2075 5194 versi
2098 5138 2446 5194 Conditorem
2470 5155 2591 5195 cum
2614 5142 2822 5212 angelis
2846 5141 3123 5210 suscipere
3153 5141 3201 5194 ci
3226 5154 3550 5195 coucessmn

1935 5230 2051 5284 fuit.
2096 5228 2267 5296 Illinc,
2310 5232 2500 5301 inquit,
2549 5248 2674 5288 cum
2697 5232 2970 5298 movisset,
3014 5232 3325 5305 Peregrinus
3349 5232 3446 5303 fuit
3499 5233 3551 5285 in

1937 5322 2164 5379 Geraris.

2007 5415 2227 5469 Abrahae
2247 5416 2473 5470 modesta
2493 5417 2691 5471 vivendi
2729 5416 2958 5471 ratio.—
2983 5417 3115 5472 Vide
3132 5418 3397 5487 iustorum
3422 5416 3549 5471 vitm

1934 5506 2220 5570 rationem,
2236 5523 2395 5577 quam
2406 5518 2679 5564 contracta
2696 5510 2800 5564 illis
2815 5508 2969 5564 fuerit
2989 5519 3043 5564 et
3066 5509 3285 5564 minime
3297 5522 3549 5578 superva-

1934 5613 2037 5652 cua
2052 5598 2289 5667 supellex
2308 5616 2321 5652 :
2338 5598 2609 5667 quomodo
2626 5599 2779 5655 facile
2799 5600 3250 5670 transmigrabant
3275 5598 3549 5668 vitamque

1934 5701 2085 5742 suam
2102 5686 2445 5744 instituebant
2457 5690 2597 5744 sicut
2609 5690 2877 5761 peregrini
2892 5690 3198 5754 etadveuaa,
3214 5697 3265 5744 et
3281 5702 3422 5744 nunc
3436 5688 3545 5755 hic,

1937 5794 2079 5837 nunc
2098 5780 2203 5838 illic
2220 5779 2561 5838 tabernacula
2577 5781 2881 5854 erigebant,
2903 5780 3054 5853 quasi
3086 5793 3311 5852 peregre
3345 5774 3550 5856 degen-
