4178 6328
626 373 739 432 M5

624 498 727 553 tes;
746 501 850 542 non
875 483 1009 539 sicut
1034 492 1131 535 nos
1144 474 1385 539 facintus,
1399 472 1486 542 qui
1501 470 1797 525 habitantes
1814 464 1867 522 in
1881 465 2053 521 aliena
2066 470 2205 520 terra

625 578 777 649 quasi
821 575 873 631 in
904 571 1093 643 patria,
1120 554 1308 621 domes
1327 563 1652 618 exstruimus
1676 555 2008 628 splendidas,
2039 554 2212 626 porti-

626 646 725 723 cus
748 676 802 722 et
838 660 1235 725 deantbulacra,
1255 666 1315 712 et
1357 655 1511 709 villas
1548 650 1911 725 possidemus,
1942 656 1996 703 et
2025 646 2210 701 balnea

628 771 871 829 paramus
906 754 1115 822 aliaque
1137 751 1436 804 innumera.
1462 740 1567 801 sed
1599 742 1717 796 vide
1741 739 2006 810 quomodo
2038 738 2213 807 justus

626 846 971 905 substantiam
1010 859 1162 898 suam
1195 844 1248 896 in
1276 838 1575 895 vernaculis
1608 840 1811 887 tantum
1849 839 1899 886 ct
1934 828 2214 899 pecoribus

632 939 931 1011 possidens,
962 944 1017 990 et
1043 946 1328 1001 numquam
1352 930 1403 982 in
1425 926 1611 982 eodem
1640 925 1755 978 loco
1782 922 2089 991 persistens,
2117 919 2215 973 ali-

627 1008 841 1100 quando
866 1026 1078 1097 quidem
1109 1025 1160 1077 itt
1186 1020 1371 1077 Bcthel
1400 1018 1509 1087 figit
1530 1008 1897 1075 tabernacula,
1926 1009 2212 1080 aliquando

628 1132 803 1175 autem
830 1118 966 1187 apud
989 1126 1240 1185 quercum
1263 1110 1517 1171 Mambre,
1539 1105 1824 1175 aliquando
1848 1104 1899 1158 in
1925 1102 2213 1173 Egyptum

633 1206 928 1270 descendit,
961 1219 1101 1259 nunc
1128 1211 1304 1257 autem
1333 1201 1385 1253 in
1406 1196 1623 1253 Geraris
1656 1194 2049 1248 tabernaculum
2082 1193 2211 1261 figit,

628 1308 684 1357 et
729 1298 906 1353 omnia
953 1298 1109 1350 facile
1151 1292 1398 1353 sustinet,
1442 1295 1754 1359 gratamque
1774 1300 1898 1352 erga
1933 1283 2212 1336 Dominum

601 1398 863 1445 latentem
892 1402 987 1456 per
1014 1385 1189 1439 omnia
1216 1380 1498 1435 manifeste
1526 1378 1778 1433 declarat.
1810 1374 1876 1428 Et
1907 1382 2023 1442 post
2045 1382 2217 1427 tantas

632 1478 1013 1550 promissiones
1059 1491 1177 1544 quae
1206 1474 1253 1527 ei
1280 1488 1309 1526 a
1351 1469 1635 1525 Deo-factae
1660 1474 1835 1529 erant,
1859 1463 2047 1517 videns
2077 1478 2134 1517 se
2163 1464 2215 1518 in

634 1570 795 1624 tantis
817 1568 1013 1623 versari
1053 1562 1472 1625 difficultatibus,
1519 1568 1573 1613 et
1602 1561 1654 1611 in
1684 1557 1856 1611 varias
1876 1555 2217 1623 diversasque

638 1660 957 1714 tcntationes
1006 1654 1264 1716 incidere,
1308 1650 1459 1720 quasi
1508 1650 1725 1703 adamas
1771 1648 2023 1700 immotus
2046 1645 2215 1714 persi-

632 1750 763 1813 stit;
804 1751 1052 1817 piamque
1078 1758 1227 1797 suam
1261 1751 1492 1794 mentem
1518 1736 1826 1800 ostendens,
1854 1735 2014 1789 nullis
2036 1735 2222 1790 obsta-

633 1838 770 1893 culis
798 1836 1147 1906 negligentior
1171 1831 1368 1889 evadit.
1400 1830 1532 1885 Vide
1561 1828 1703 1883 enim
1734 1837 1787 1880 et
1808 1843 1972 1893 nunc,
1998 1824 2212 1889 dilecte,

636 1929 811 1999 qualis
856 1927 1078 1981 tentatio
1122 1940 1244 1979 eum
1274 1925 1324 1977 in
1354 1922 1565 1977 Geraris
1596 1920 1834 1972 invadit:
1868 1927 1922 1973 et
1952 1918 2220 1972 admirare

638 2018 997 2073 fOrtitudinsm
1044 2024 1098 2070 et
1126 2016 1374 2069 virtutem
1399 2010 1548 2079 justi,
1582 2008 1847 2077 quomodo
1877 2006 2016 2076 quod
2050 2006 2220 2060 omni-

638 2110 737 2163 bus
776 2106 1131 2171 intolerabile,
1179 2112 1235 2158 et
1280 2104 1421 2171 quod
1469 2112 1643 2169 neque
1685 2100 1903 2151 auribus
1948 2097 2219 2165 suscipere

638 2200 757 2267 quis
790 2198 973 2260 vellet,
1004 2196 1105 2248 hoc
1135 2195 1247 2263 ipse
1271 2192 1539 2253 sustinuit,
1570 2204 1673 2242 non
1704 2203 1847 2256 aegre
1890 2186 2088 2253 ferens,
2120 2202 2218 2245 ne-

638 2304 742 2357 que
764 2290 983 2357 exigens
1024 2302 1052 2338 a
1096 2287 1319 2338 Domino
1348 2283 1605 2336 rationem
1651 2294 1833 2332 eorum
1864 2287 1981 2346 qua!
2003 2277 2218 2341 ï¬‚ebant,

640 2381 776 2434 sicut
805 2380 1039 2448 plerique
1062 2376 1309 2429 homines
1338 2373 1553 2433 faciunt,
1586 2370 1746 2437 hique
1776 2366 2066 2427 innumeris
2102 2380 2225 2435 peo-

638 2479 879 2523 catorum
931 2467 1151 2521 sarcinis
1196 2464 1385 2533 pressi.
1434 2462 1565 2515 Nam
1612 2475 1729 2513 cum
1779 2462 1827 2511 itt
1886 2456 2222 2512 difficultates

641 2558 899 2628 quasdam
945 2555 1248 2616 inciderint,
1290 2552 1467 2604 statim
1516 2549 1937 2610 obmurmurant,
1972 2553 2025 2599 et
2050 2547 2225 2599 curio-

642 2650 753 2703 sius
796 2648 1086 2716 inquirunt,
1110 2644 1392 2710 dicuntque
1422 2659 1432 2693 :
1459 2640 1632 2706 Quare
1662 2638 1761 2690 hoc
1791 2646 1843 2691 et
1870 2636 1971 2691 hoc
2011 2636 2225 2690 evenit?

642 2749 696 2795 et
726 2753 889 2809 quare
935 2737 1034 2789 hoc
1073 2736 1390 2805 permissum
1423 2731 1540 2785 cst?
1574 2732 1639 2781 At
1662 2730 1835 2796 jusms
1858 2728 1945 2781 ille
1970 2743 2073 2781 non
2105 2728 2182 2782 sic
2204 2745 2221 2780 :

645 2832 783 2883 ttnde
834 2837 888 2881 ct
948 2826 1021 2878 illi
1077 2824 1302 2891 amplius
1348 2834 1635 2888 supernttm
1693 2818 1945 2870 auxilium
1974 2825 2056 2870 est
2097 2831 2225 2870 con-

641 2935 871 2975 cessum.
900 2918 1009 2972 Hoc
1032 2918 1171 2971 enim
1196 2929 1316 2966 vere
1337 2913 1467 2980 grati
1492 2912 1629 2963 servi
1650 2908 1823 2972 fuerit,
1852 2918 1908 2960 ut
1937 2922 2223 2975 numquam

642 3012 903 3066 curiosior
940 3010 1008 3062 sit
1054 3009 1106 3060 iit
1133 3007 1195 3059 iis
1221 3001 1562 3071 explorandis
1610 3017 1726 3068 quin
1767 3014 1795 3050 a
1825 2998 2042 3052 domino
2071 2998 2224 3063 fiunt,

644 3102 737 3156 sed
767 3104 817 3153 in
863 3099 1072 3154 silentio
1114 3106 1165 3151 et
1206 3096 1491 3164 gratiarum
1518 3090 1729 3144 actione
1751 3091 2004 3159 suscipiat
2026 3089 2223 3142 omnia.

715 3190 766 3242 9..
812 3190 878 3242 Et
906 3186 1288 3248 animadverte,
1318 3181 1584 3250 quomodo
1612 3180 1775 3231 etiam
1808 3194 1901 3246 per
1932 3179 2051 3231 illas
2082 3179 2226 3247 ipsas

646 3296 762 3350 qttzc
796 3288 1091 3347 sequuntur
1117 3275 1432 3327 tentationes
1454 3271 1581 3338 justi
1606 3271 1769 3321 virtus
1799 3272 1964 3337 magis
1987 3270 2223 3334 emicuit,

650 3374 758 3426 Deo
790 3374 989 3424 clarum
1019 3369 1166 3421 illum
1197 3382 1289 3433 per
1320 3365 1495 3417 omnia
1537 3361 1868 3415 ostendente.
1904 3361 2036 3415 Nam
2086 3363 2226 3415 sicut

647 3462 860 3532 quando
907 3462 956 3511 in
991 3459 1278 3525 {Egyptum
1312 3452 1619 3517 descendit,
1666 3460 1721 3503 ut
1764 3451 1972 3517 ignotus
2014 3461 2065 3505 et
2109 3466 2226 3520 per.

648 3555 884 3625 egrinus,
925 3562 977 3606 et
1004 3552 1129 3604 nulli
1159 3550 1387 3618 agnitus,
1417 3548 1594 3599 subito
1634 3560 1825 3613 magno
1866 3559 1985 3597 cum
2028 3543 2229 3596 ltoitore

649 3646 771 3699 inde
814 3644 991 3697 redit:
1029 3644 1094 3694 ita
1128 3653 1179 3693 et
1235 3653 1407 3700 nunc,
1454 3653 1572 3690 cum
1623 3640 1933 3704 peregrinus
1989 3642 2131 3687 esset
2176 3634 2226 3685 in

649 3736 885 3799 (lerat-is,
908 3734 956 3786 in
987 3734 1114 3800 ipsis
1141 3730 1353 3799 quidem
1386 3728 1551 3780 initiis
1577 3726 1718 3795 quod
1746 3741 1899 3777 sumn
1928 3733 2044 3777 erat
2071 3724 2225 3777 fecit:

654 3834 839 3897 postea
869 3839 993 3877 vero
1023 3832 1168 3874 tanto
1194 3821 1283 3873 Dei
1308 3818 1543 3871 subsidio
1572 3818 1808 3870 monitus
1837 3826 1937 3879 est,
1964 3824 2018 3867 ttt
2043 3823 2100 3867 et
2135 3830 2226 3867 rex

652 3930 704 3973 et
732 3932 917 3971 omnes
959 3917 1046 3985 qtti
1076 3917 1126 3967 iit
1156 3928 1215 3967 ea
1249 3913 1465 3980 regione
1498 3909 1838 3969 habitabant,
1862 3906 2007 3960 omni
2052 3905 2229 3959 studio

652 4013 955 4066 ministrare
1004 4009 1151 4074 justo
1198 4005 1494 4058 studerent.
1536 4001 1589 4053 â€˜2.
1632 4000 1775 4051 Dixit
1822 4007 2009 4061 autent,
2038 3998 2226 4065 inquit,

655 4105 909 4157 Abraham
942 4104 1004 4151 de
1044 4100 1204 4152 Sarra
1244 4112 1401 4149 uxore
1442 4111 1564 4157 sua,
1599 4092 1758 4146 Soror
1788 4106 1898 4141 mea
1927 4100 2017 4144 cst.
2043 4089 2231 4142 Timuit

654 4196 785 4245 enim
807 4193 991 4252 dicere,
1027 4187 1168 4241 Uxor
1192 4202 1300 4239 mea
1321 4194 1415 4249 est,
1447 4200 1507 4236 ne
1538 4186 1667 4252 forte
1695 4181 1974 4233 occiderent
1998 4194 2107 4230 eum
2137 4179 2231 4231 viri

656 4283 869 4337 civitatis
897 4289 1099 4351 prejtter
1124 4278 1284 4331 illam.
1315 4272 1446 4328 Vide
1475 4271 1741 4343 quomodo
1771 4287 1799 4324 a
1828 4271 2230 4325 violentissimis

656 4370 1025 4425 affectionibus
1068 4369 1240 4420 anima
1263 4366 1391 4433 justi
1435 4364 1794 4432 intpugnctur,
1827 4369 1880 4415 et
1921 4362 2079 4414 timor
2111 4376 2230 4413 eum

661 4462 913 4516 incessat.
948 4460 1011 4513 Et
1034 4459 1276 4527 quamvis
1299 4456 1445 4525 prior
1472 4455 1651 4519 timor,
1678 4468 1744 4506 ne
1770 4452 2045 4507 mulierem
2076 4452 2235 4505 amit-

662 4560 758 4615 tat,
782 4550 959 4618 gravis
989 4549 1183 4611 fuerit,
1210 4548 1367 4600 timor
1398 4554 1573 4597 tamen
1619 4544 1807 4596 mortis
1831 4544 1977 4595 illum
2009 4530 2233 4611 expulit.

664 4640 730 4696 Ut
763 4642 902 4693 enim
930 4638 1069 4690 hunc
1099 4636 1385 4705 effugeret,
1409 4633 1661 4688 sustinuit
1691 4633 1804 4686 suis
1833 4632 2001 4685 oculis
2031 4633 2233 4697 videre,

657 4735 856 4788 sociam
886 4733 1005 4783 vitae
1041 4744 1150 4782 sua:
1182 4729 1232 4780 in
1272 4726 1414 4794 regis
1457 4738 1644 4778 manus
1689 4723 1944 4776 incidere.
1976 4723 2140 4788 Quam
2169 4725 2239 4775 sit

659 4831 837 4876 autem
876 4820 974 4873 hoc
1023 4818 1244 4872 toleratu
1280 4815 1527 4880 difï¬cile,
1569 4813 1743 4867 sciunt
1790 4813 1878 4879 qui
1910 4827 2101 4865 uxores
2146 4812 2239 4865 lia-

663 4918 811 4969 bcnt.
838 4911 988 4966 Unde
1013 4920 1067 4964 et
1096 4910 1311 4978 sapiens
1356 4906 1571 4975 quidam
1616 4902 1860 4957 dicebat:
1896 4901 2088 4954 Plenus
2130 4904 2238 4955 zelo

664 5004 804 5073 {uror
824 5004 915 5057 viri
946 5006 1055 5073 ejus
1076 5042 1089 5065 ,
1127 5017 1226 5054 non
1272 5008 1437 5068 parcet
1466 4999 1518 5050 in
1561 4998 1642 5049 die
1659 4996 1845 5065 judicii
1868 5035 1883 5059 ,
1911 4995 2051 5047 nullo
2082 4998 2239 5063 prttio

663 5096 871 5149 mutabit
898 5092 1185 5146 inimicitias
1207 5089 1388 5159 (Prov.
1406 5088 1562 5141 6.54.
1586 5087 1697 5155 '55).
1721 5086 1916 5141 Verum
1951 5099 2111 5154 grave
2141 5084 2241 5137 hoc

660 5198 715 5243 ct
740 5188 986 5240 omnibus
1010 5180 1501 5245 intolerabile,vide
1523 5177 1789 5247 quomodo
1818 5188 2034 5246 propter
2056 5176 2242 5230 mortis

664 5290 861 5335 metum
888 5279 975 5333 ille
999 5277 1136 5331 tulit.
1159 5276 1269 5329 Hoc
1299 5286 1429 5327 sane
1456 5279 1512 5325 et
1536 5271 1587 5324 itt
1611 5269 1977 5338 corporalibus
2007 5267 2243 5320 affectio-

669 5372 826 5426 nibus
856 5370 1169 5438 contingere
1190 5366 1363 5420 solet:
1398 5379 1520 5418 nam
1552 5361 1767 5432 quando
1810 5361 1915 5415 duo
1955 5360 2127 5414 morbi
2165 5360 2242 5413 si-

664 5461 773 5517 mul
809 5461 1063 5514 infestant
1085 5472 1283 5527 corpus
1325 5462 1605 5514 nostrum,
1652 5449 1807 5504 unius
1855 5450 2241 5504 incrementum

666 5554 797 5623 tegit
847 5554 1039 5618 alium,
1093 5560 1147 5604 et
1199 5559 1339 5603 totos
1388 5560 1488 5601 nos
1550 5543 1641 5599 ille
1690 5542 1901 5613 gravior
1945 5542 2098 5596 dolor
2143 5541 2244 5596 sibi

672 5645 944 5712 vindieat,
981 5645 1052 5699 ita
1103 5651 1161 5698 ut
1196 5654 1351 5711 saepe
1394 5638 1656 5695 minorem
1706 5634 1945 5689 dolorem
1980 5647 2011 5687 a
2056 5633 2243 5703 majori

670 5735 910 5795 distracti
938 5750 1046 5794 non
1076 5734 1388 5793 sentiamus.
1420 5728 1621 5788 Eodem
1643 5727 1804 5784 modo
1829 5726 2006 5797 justus
2034 5738 2246 5797 quoque

1334 362 1394 420 s.
1430 356 1710 418 JOANNIS
1739 344 2220 412 cnnvsâ€™osrom
2257 327 2577 406 Atlantes.
2616 342 3151 405 consumma.

3807 339 3917 399 616

2326 462 2416 519 ille
2457 474 2599 518 nunc
2646 461 2835 516 videns
2904 474 3095 530 urgere
3144 458 3387 513 dolorem
3440 455 3669 524 mortis,
3716 466 3919 513 cetera

2324 553 2503 609 omnia
2537 550 2834 607 tolerabilia
2864 549 3142 605 censebat.

2400 645 2543 700 Mors
2573 646 2703 698 nihil
2728 654 2801 698 est
2829 636 2971 698 aliud
2996 658 3151 712 quam
3180 642 3481 695 samntts.â€”
3509 636 3776 690 Caeterum
3801 634 3923 691 hmo

2326 737 2572 801 audiens;
2599 735 2795 791 dilecte
2816 777 2830 798 ,
2860 749 2928 788 nc
2954 732 3282 787 condemnes
3300 731 3500 800 justum
3532 729 3601 783 ob
3631 728 3917 796 pusillani-

2330 830 2587 887 mitatem,
2623 826 2762 892 quod
2796 832 3027 877 mortem
3068 821 3308 875 timuerit
3338 837 3351 874 :
3385 818 3477 874 sed
3527 819 3707 887 potius
3754 816 3923 871 adiui-

2328 930 2447 969 rare
2474 913 2781 969 Conditoris
2809 913 3040 967 universi
3067 927 3190 981 erga
3213 926 3313 966 nos
3340 912 3747 981 benignitatem,
3774 909 3921 976 quod

2328 1015 2555 1060 mortem
2592 1004 2758 1074 justis
2789 1005 2889 1058 illis
2914 1012 2968 1057 et
2995 1004 3194 1057 sanctis
3224 1012 3353 1055 tunc
3394 997 3693 1056 terribilem
3712 1041 3729 1065 ,
3774 1011 3923 1054 nunc

2327 1095 2397 1150 ita
2422 1096 2820 1164 despiciendam
2850 1094 3062 1150 dederit
3086 1093 3356 1157 Christus,
3388 1100 3445 1145 ut
3473 1107 3633 1162 quant
3661 1091 3924 1145 formida-

2326 1186 2455 1240 bant
2482 1187 2581 1240 viri
2606 1186 2682 1239 illi
2717 1186 2914 1240 virtute
2936 1186 3065 1240 clari
3091 1226 3107 1250 ,
3131 1193 3186 1239 et
3214 1193 3354 1238 tanta
3384 1199 3508 1253 erga
3537 1184 3701 1238 Deum
3729 1182 3924 1235 fiducia

2329 1275 2474 1340 freti,
2506 1290 2649 1330 nunc
2674 1276 2952 1329 derideant
2978 1284 3031 1328 et
3054 1276 3281 1343 juvenes
3302 1318 3314 1337 ,
3346 1285 3400 1328 et
3429 1283 3625 1329 tenerae
3664 1275 3926 1343 virgines.

2312 1364 2467 1418 Nihil
2494 1364 2637 1418 enim
2666 1364 2811 1418 aliud
2851 1377 2997 1416 mors
3022 1373 3126 1428 est,
3153 1374 3309 1431 quam
3339 1378 3561 1417 somnus
3590 1370 3646 1416 et
3684 1362 3925 1431 peregriâ€˜

2328 1455 2496 1519 natio,
2517 1464 2677 1523 atque
2711 1454 3105 1523 transmigratio
3130 1470 3159 1507 a
3196 1453 3551 1509 deterioribus
3577 1453 3645 1508 ad
3673 1456 3923 1509 meliora.

2328 1544 2467 1599 Mors
2492 1546 2634 1599 enim
2664 1544 2875 1599 Domini
2902 1543 3356 1598 immortalitatem
3400 1544 3552 1599 nobis
3578 1544 3794 1599 donavit
3820 1585 3837 1609 ,
3870 1553 3926 1598 ct

2329 1646 2385 1689 ut
2404 1633 2682 1689 descendit
2702 1635 2755 1688 in
2779 1634 3065 1699 infernum,
3090 1634 3333 1688 dissolvit
3352 1634 3471 1703 ejus
3489 1648 3706 1699 nervos,
3730 1634 3925 1687 robur-

2330 1740 2433 1795 que
2462 1726 2741 1779 destruxit
2767 1741 2782 1777 :
2808 1734 2861 1779 et
2886 1725 3029 1795 quod
3055 1734 3210 1779 antea
3239 1724 3476 1781 terribile
3496 1735 3611 1779 erat
3637 1735 3690 1779 et
3722 1726 3919 1793 impla-

2326 1815 2534 1880 cabile,
2566 1815 2669 1869 hoc
2707 1831 2850 1870 nunc
2875 1816 3278 1886 despiciendum
3307 1817 3489 1882 dedit,
3524 1815 3660 1870 adeo
3687 1825 3744 1870 ttt
3781 1832 3923 1871 non.

2330 1908 2460 1962 nulti
2490 1908 2739 1963 cxsiliant
2764 1916 2817 1962 et
2853 1910 3105 1963 festinent
3126 1916 3245 1963 cum
3277 1909 3401 1964 hinc
3438 1918 3523 1965 est
3563 1910 3925 1978 migrandum.

2330 1998 2561 2055 Proinde
2609 2010 2664 2054 et
2709 2001 2903 2055 Paulus
2947 2001 3164 2067 clamat,
3194 2001 3381 2057 dicens
3412 2018 3427 2056 :
3460 2000 3685 2055 Dissolvi
3727 2012 3774 2055 et
3810 2018 3928 2055 cunt

2327 2089 2528 2146 Christo
2557 2109 2664 2147 esse
2689 2095 2846 2147 multo
2875 2095 3055 2148 metius
3082 2091 3339 2171 (Philipp.
3372 2098 3421 2149 á½·.
3445 2094 3563 2164 23).
3593 2095 3785 2151 Verum
3812 2096 3930 2151 lta'c

2329 2184 2545 2255 quidem
2590 2200 2733 2239 nunc
2762 2194 2883 2255 post
2918 2185 3116 2240 Christi
3145 2186 3453 2251 adventum,
3473 2196 3752 2254 postquam
3795 2201 3932 2239 con-

2333 2272 2513 2327 fracta:
2543 2286 2663 2327 sunt
2688 2282 2857 2343 porta:
2886 2274 3077 2329 inferni
3100 2290 3276 2339 aereae,
3303 2286 3580 2345 postquam
3603 2277 3679 2328 sol
3706 2275 3932 2344 justiti-.c

2332 2364 2528 2433 ubique
2559 2374 2823 2419 terrarum
2869 2366 3089 2421 affulsit.
3119 2366 3269 2422 Tunc
3294 2376 3470 2421 autem
3517 2368 3807 2421 terribilem
3835 2369 3934 2421 atl-

2332 2454 2436 2509 huc
2466 2454 2698 2510 habebat
2728 2455 2936 2520 faciem,
2971 2458 3412 2527 concutiebatqtte
3448 2458 3712 2527 justorum
3751 2458 3931 2511 homi-

2333 2560 2459 2598 num
2491 2545 2704 2599 illorum
2725 2555 2958 2601 mentem
2983 2565 2994 2599 :
3016 2544 3135 2601 ideo
3161 2556 3217 2601 ct
3239 2549 3414 2601 omnia
3439 2547 3540 2600 alia
3566 2548 3760 2602 leviter
3788 2547 3932 2602 fere-

2334 2636 2480 2701 bant,
2501 2640 2659 2691 etiam
2679 2654 2797 2708 quzc
2816 2637 3167 2693 intolerabilia
3186 2653 3304 2693 esse
3326 2638 3660 2693 videbantur.
3690 2638 3822 2692 Hinc
3847 2648 3934 2693 est

2335 2729 2474 2797 quod
2506 2739 2560 2784 et
2596 2731 2771 2798 justus
2802 2731 2891 2784 ille
2915 2730 3107 2783 timens
3148 2745 3356 2794 eorum,
3386 2731 3475 2800 qui
3509 2732 3557 2783 itt
3586 2730 3803 2786 Geraris
3832 2730 3935 2784 ha-

2333 2818 2611 2882 bitabant,
2645 2820 2891 2881 insidias,
2922 2818 3249 2873 domicilium
3297 2820 3366 2872 ibi
3414 2820 3688 2885 habuerit,
3721 2836 3824 2874 nou
3874 2829 3938 2873 ut

2334 2925 2575 2973 uxorem,
2608 2912 2702 2965 sed
2731 2919 2786 2965 ut
2823 2926 3064 2965 sororem
3106 2925 3288 2965 secum
3330 2910 3569 2977 habens;
3605 2912 3673 2965 ita
3707 2926 3847 2967 nunc
3877 2913 3933 2967 in

2338 3000 2436 3054 hac
2464 3002 2682 3069 regione
2724 3002 3037 3070 peregrinus
3070 3000 3231 3070 degit.
3267 3000 3333 3054 Et
3358 3000 3497 3054 sicut
3526 3016 3646 3054 cum
3683 3002 3733 3055 in
3764 3001 3936 3072 Egy-

2337 3094 2485 3159 plum
2518 3106 2640 3145 eum
2674 3090 3003 3145 descendere
3031 3092 3274 3160 permisit
3304 3090 3474 3155 Dens,
3498 3092 3685 3146 volens
3723 3092 3937 3160 improâ€”

2338 3179 2434 3235 bos
2460 3180 2580 3234 illos
2607 3190 2659 3234 et
2684 3178 2941 3235 socordes
2961 3179 3170 3235 discere
3193 3181 3321 3249 justi
3344 3181 3590 3235 virtutem
3613 3200 3626 3237 :
3649 3182 3718 3235 ita
3750 3193 3806 3236 et
3841 3182 3935 3237 hic

2340 3273 2672 3327 tolerantiam
2701 3287 2851 3326 suam
2883 3273 3101 3327 exhibet
3127 3272 3385 3327 Dominus
3404 3315 3417 3338 ,
3439 3282 3495 3326 ut
3516 3274 3645 3342 justi
3670 3274 3931 3343 patientia

2338 3366 2391 3419 in
2414 3365 2661 3419 omnibus
2688 3364 2914 3428 eluceat,
2938 3363 3131 3433 fiatque
3152 3364 3242 3417 Dei
3268 3364 3319 3417 in
3342 3366 3514 3433 ipsum
3550 3366 3931 3421 benevolentia

2339 3454 2623 3508 manifesta
2650 3453 2920 3507 omnibus.
2955 3453 3099 3507 Misit
3128 3442 3309 3509 autem
3334 3454 3619 3508 Abintefcclt
3658 3472 3748 3509 rex
3771 3455 3936 3510 Ceraâ€”

2338 3561 2530 3609 rortmt,
2564 3555 2617 3596 ut
2647 3547 2930 3614 acciperent
2957 3545 3192 3598 Sarram.
3216 3546 3400 3615 Cogita
3434 3549 3538 3613 hie,
3558 3562 3764 3617 qureso,
3796 3556 3937 3602 teut-

2338 3645 2597 3705 pestatem
2625 3636 3003 3704 cogitationum
3031 3652 3187 3706 quam
3222 3639 3342 3691 tttlit
3370 3639 3546 3707 justus
3568 3640 3753 3695 videns
3790 3657 3934 3695 uxo-

2340 3741 2451 3779 rem
2483 3741 2632 3779 suam
2656 3726 2867 3791 abduci,
2888 3734 2941 3780 et
2958 3742 3015 3780 se
3038 3728 3165 3780 nihil
3192 3742 3348 3796 posse
3365 3729 3551 3797 juvare
3572 3745 3713 3785 eam.
3744 3732 3931 3787 Silen-

2341 3826 2421 3870 ter
2447 3818 2587 3870 enim
2620 3816 2822 3871 ferebat
2848 3818 3024 3870 omnia
3043 3859 3057 3883 ,
3086 3819 3261 3873 sciens
3294 3818 3407 3874 fore
3438 3831 3495 3873 ut
3524 3837 3582 3876 se
3610 3838 3715 3875 non
3751 3823 3940 3894 despi.

2338 3918 2477 3963 ceret
2501 3909 2777 3975 Dominus,
2798 3909 2889 3964 sed
2919 3910 3273 3965 accclcratum
3304 3912 3585 3967 adhiberet
3612 3916 3935 3972 subsidium.

2340 4000 2685 4054 Admirabilis
2726 4015 2937 4070 quoque
2978 4001 3153 4056 Sarra:
3184 4017 3334 4056 amor
3380 4014 3497 4069 cst,
3527 4020 3643 4072 quae
3692 4008 3938 4077 periculo

2342 4093 2533 4145 mortis
2561 4091 2760 4159 justum
2789 4091 2999 4160 eripere
3026 4092 3209 4147 voluit.
3234 4093 3443 4148 Poterat
3476 4096 3616 4149 cnim
3647 4097 3759 4166 ipsa
3782 4098 3939 4153 dcte-

2341 4182 2515 4253 gendo
2563 4184 2792 4250 factum,
2844 4194 3045 4238 certam
3093 4187 3470 4239 contumeliam
3520 4187 3795 4257 effugere:
3838 4190 3937 4245 sed

2342 4275 2554 4342 pertulit
2593 4275 2769 4327 omnia
2804 4272 3050 4339 fortiter,
3082 4284 3139 4331 ut
3180 4277 3297 4330 viro
3338 4258 3563 4331 salutem
3606 4290 3834 4347 pararet.
3872 4282 3940 4337 Et

2342 4363 2614 4431 impletum
2640 4374 2721 4418 est
2749 4363 2875 4417 illud
2902 4362 3121 4429 dictum,
3159 4363 3319 4417 Erunt
3342 4366 3442 4419 duo
3468 4368 3520 4419 in
3544 4384 3747 4421 carnem
3780 4386 3941 4424 uitans

2345 4452 2497 4523 (Gen.
2524 4452 2578 4505 2.
2606 4452 2720 4521 9.1).
2753 4453 3049 4521 Tamquam
3099 4454 3243 4508 enim
3290 4471 3391 4509 tina
3442 4468 3621 4511 essent
3672 4472 3829 4523 caro,
3864 4461 3939 4515 ita

2346 4553 2541 4596 muttire
2568 4544 2754 4599 salutis
2780 4559 2964 4597 curam
2993 4544 3225 4598 vicissim
3258 4547 3506 4614 agebant,
3526 4559 3580 4602 et
3610 4557 3810 4603 tantam
3834 4550 3942 4605 dc-

2344 4634 2616 4688 clarabant
2645 4635 3006 4700 concordiam,
3038 4638 3188 4703 quasi
3227 4653 3390 4691 unum
3432 4649 3614 4693 essent
3657 4654 3855 4708 corpus
3885 4653 3945 4698 et

2346 4739 2447 4778 una
2475 4726 2669 4779 anima.
2692 4726 2925 4779 Audiam
2951 4727 3064 4780 hmo
3090 4728 3211 4791 viri,
3246 4728 3462 4781 audiant
3489 4737 3544 4782 et
3573 4730 3826 4785 mulieres
3850 4750 3864 4784 :
3886 4742 3947 4787 et

2345 4814 2458 4869 istae
2484 4816 2726 4883 quidem,
2756 4824 2814 4870 ut
2852 4815 3101 4870 eumdem
3144 4831 3269 4886 erga
3309 4832 3435 4871 suos
3492 4819 3637 4872 viros
3685 4834 3936 4877 amorem

2345 4905 2658 4971 declarent,
2686 4906 2927 4975 nihilque
2968 4907 3108 4961 aliud
3152 4907 3363 4962 illorum
3411 4911 3695 4979 pra-ferant
3738 4913 3943 4971 saluti:
4032 4945 4036 4948 â€¹

2347 4996 2447 5051 viri
2471 5006 2671 5061 autem,
2703 5006 2760 5050 ut
2784 5014 2909 5068 erga
2933 5014 3129 5052 uxores
3156 4998 3386 5055 habeant
3416 5002 3868 5070 benevolentiam,
3886 5015 3948 5062 et

2347 5087 2497 5155 quasi
2523 5101 2680 5140 unam
2700 5088 2931 5141 animam
2959 5088 3219 5144 haberent
3248 5100 3302 5145 et
3328 5106 3490 5147 unum
3516 5108 3713 5164 corpus
3734 5106 3944 5162 essent,

2348 5176 2527 5231 omnia
2559 5176 2775 5231 faciant.

2417 5268 2474 5322 3.
2514 5265 2808 5337 Conjugatis
2828 5270 3113 5323 concordia:
3131 5270 3524 5327 bonum.â€”lloc
3565 5276 3709 5329 enim
3750 5291 3946 5334 verum

2349 5368 2435 5415 est
2458 5360 2761 5429 conjugium
2782 5399 2797 5425 ,
2820 5361 3033 5430 quando
3065 5371 3209 5417 tanta
3239 5363 3379 5418 inter
3403 5380 3496 5419 eos
3522 5375 3607 5421 est
3630 5368 3951 5437 concordia,

2349 5453 2563 5521 quando
2575 5452 2787 5507 vinculo
2799 5454 3034 5508 caritatis
3054 5454 3121 5507 ita
3136 5465 3261 5509 sunt
3272 5458 3781 5514 mncatenati.Sicut
3796 5461 3951 5519 enim

2350 5559 2547 5615 corpus
2574 5560 2859 5616 numquam
2905 5562 2936 5601 a
2975 5554 3265 5617 semetipso
3292 5548 3536 5617 dissidet,
3560 5566 3734 5621 neque
3763 5553 3953 5611 anima

2352 5634 2611 5691 adversus
2652 5636 2883 5706 seipsam
2914 5636 3026 5691 :~ita
3066 5638 3238 5694 virum
3266 5648 3321 5693 et
3349 5639 3631 5697 mulierem
3671 5657 3777 5697 non
3822 5658 3956 5700 con-

2354 5725 2500 5783 venit
2527 5724 2812 5795 dissidere,
2836 5724 2930 5783 sed
2962 5718 3140 5786 unitos
3165 5741 3311 5787 esse.
3339 5727 3491 5787 Tunc
3510 5730 3655 5791 enim
3684 5731 3822 5790 bona
3864 5736 3956 5794 inâ€”
