4178 6328
266 347 371 409 ηε

264 464 382 522 ἐκεί
402 462 501 528 τάς
535 463 743 535 σκηνάς
779 465 1103 536 ἐπήγνυντο,
1155 465 1406 537 καθάπερ
1447 468 1507 521 ἐν
1552 466 1678 539 ξένῃ
1720 467 1937 536 διάγον-

250 560 363 609 τες·
387 546 453 600 οὑ
475 545 729 618 καθάπερ
749 547 912 618 ἡμεῖς
936 546 1221 617 ποιοῦμεν,
1270 548 1370 620 τὴν
1399 548 1559 620 ξένην
1588 549 1666 613 ὡς
1699 550 1932 621 πατρίδα

248 627 545 693 οἰκοῦντες,
579 630 676 684 καὶ
692 628 873 692 οίκίας
893 628 1302 699 οίκοδομοῦντες
1330 630 1611 703 λαμπρὰς,
1639 632 1735 685 καὶ
1762 631 1924 694 στοὰς

245 710 339 764 καὶ
372 711 734 782 περιπάτους,
773 711 870 766 καὶ
921 711 1129 783 ἀγροὺς
1184 712 1553 782 κεκτημένοι,
1596 714 1692 771 καὶ
1729 713 1931 781 λουτρά

242 797 773 863 κατασκευάζοντες,
810 796 904 851 καὶ
933 797 1098 868 ἕτερα
1146 797 1337 871 μυρία.
1387 797 1525 851 Ἀλλ’
1557 799 1660 869 δρα
1711 799 1805 853 τὸν
1846 799 1922 852 δίο

243 895 401 934 καισν
425 879 521 933 καὶ
558 880 619 932 ἐν
650 881 765 943 τοῖς
794 878 1095 948 οίκογενέσι
1143 879 1327 949 μόνοις
1358 881 1453 934 καὶ
1496 882 1611 945 τοῖς
1654 882 1929 959 ποιμνίοις

239 960 342 1031 τὴν
367 961 561 1016 οὐσίαν
590 961 809 1015 ἃπασαν
838 962 1195 1032 κεκτημένον,
1228 962 1322 1015 καὶ
1339 962 1578 1033 οὐδαμοῦ
1610 965 1922 1035 ἱστάμενον,

238 1046 377 1103 ἀλλά
404 1047 542 1100 ποτέ
575 1046 674 1116 μὲν
708 1047 790 1111 είς
838 1046 936 1117 τὴν
984 1046 1159 1117 Βεθὴλ
1212 1046 1310 1117 τὴν
1353 1048 1559 1121 σκηνὴν
1618 1050 1923 1121 πηγνύντα,

239 1134 375 1188 ποτέ
422 1134 484 1188 δέ
539 1132 692 1204 παρά
734 1134 834 1204 τὴν
882 1133 1015 1204 δρῦν
1054 1134 1327 1205 Μαμϐρῆ,
1374 1136 1470 1190 καὶ⁵
1518 1136 1648 1191 ποτέ
1699 1137 1796 1209 μὲν
1846 1140 1925 1201 είς

238 1222 521 1289 Αιγυπτον
554 1220 832 1283 κατιόντα,
853 1222 970 1275 νυνὶ⁵
996 1221 1053 1275 δέ
1078 1224 1135 1275 ἐν
1158 1222 1420 1294 Γεράροις
1446 1224 1919 1295 κατασκηνούντα,

239 1302 335 1357 καὶ
363 1303 551 1356 πάντα
595 1302 714 1371 μετ’
758 1302 1007 1366 εὐκολίας
1041 1303 1403 1373 ὑπομένοντα,
1451 1305 1547 1358 καὶ⁵
1582 1306 1684 1375 τὴν
1711 1307 1922 1375 εὐγνω-

242 1388 488 1459 μοσύνην
527 1387 627 1458 τὴν
665 1387 805 1458 πρὸς
838 1388 931 1442 τὸν
966 1388 1165 1442 οἰκεῖον
1218 1390 1501 1460 Δεσπότην
1561 1388 1652 1443 διά
1698 1392 1919 1446 πάντων

242 1469 433 1537 σαφῶς
467 1469 932 1538 ἐπιδεικνύμενον.
964 1470 1076 1523 Καὶ
1108 1470 1246 1539 μετά
1286 1471 1554 1535 τοσαύτας
1598 1472 1923 1541 ὑποσχέσεις

242 1552 334 1606 καὶ
361 1552 701 1622 ἐπαγγελίας
738 1550 837 1616 τὰς
882 1550 1037 1623 παρά
1066 1551 1159 1605 τοῦ
1195 1552 1332 1606 Θεοῦ
1374 1555 1454 1616 είς
1486 1554 1650 1609 αὑτὸν
1690 1572 1924 1627 γεγενη-

247 1637 436 1707 μένας,
472 1636 618 1709 ὁρῶν
660 1637 849 1691 ἐαυτὸν
876 1636 1169 1702 τοσαύταις
1208 1640 1565 1711 περιστάσεσι
1612 1641 1924 1713 κυκλούμε-

242 1734 351 1783 νον,
376 1720 472 1773 καὶ
493 1719 762 1781 ποικίλοις
793 1719 886 1774 καὶ
914 1719 1195 1790 διαφόροις
1218 1726 1542 1793 πειρασμοῖς
1559 1723 1921 1793 ἐμπίπτοντα,

242 1805 498 1876 καθάπερ
526 1806 741 1877 ἀδάμας
776 1822 861 1870 τις
902 1806 1308 1877 ἀπερίτρεπτος
1354 1807 1635 1879 εἱστήκει,
1686 1809 1789 1882 τὴν
1836 1827 1925 1879 φι-

241 1890 425 1946 λόθεον
452 1890 619 1945 αὑτοῦ
656 1890 882 1963 γνώμην
931 1891 1176 1957 δεικνὺς,
1222 1894 1316 1946 καὶ
1369 1893 1548 1947 οὐδενὶ
1589 1894 1698 1949 τῶν
1749 1897 1806 1948 ἐν
1842 1895 1924 1966 τῷ

245 1971 398 2041 μέσῳ
430 1969 776 2042 κωλυμάτιυν
810 1966 1146 2038 νωθρότερος
1175 1969 1479 2039 γινόμενος.
1512 1970 1658 2042 Ὅρα
1686 1970 1792 2041 γάρ
1828 1972 1924 2025 καὶ

242 2046 359 2113 νῦν,
381 2041 783 2117 ἀγαπητέ,οἷος
808 2046 971 2100 αὑτὸν
996 2047 1304 2117 πειρασμὸς
1324 2048 1404 2110 είς
1420 2048 1489 2102 τά
1514 2041 1731 2121 Γέραρα
1755 2067 1923 2104 κατα-

243 2131 534 2204 λαμϐάνει,
558 2132 654 2187 καὶ
677 2131 957 2204 θαύμασον
985 2132 1078 2186 τοῦ
1104 2132 1313 2187 δικαίου
1341 2133 1442 2204 τῆς
1470 2136 1670 2206 ἀρετῆς
1697 2137 1796 2205 τὴν
1827 2138 1912 2192 ἀνι

239 2214 447 2288 δρείαν,
478 2215 629 2288 [458]
658 2216 805 2279 ὅπως
830 2214 892 2268 τὸ
921 2218 1088 2269 πᾶσιν
1112 2215 1406 2287 ἀφόρητον,
1444 2219 1538 2270 καὶ
1563 2217 1593 2271 δ
1632 2218 1754 2272 οὑδέ
1783 2221 1919 2291 ἀκοῇ

239 2317 325 2366 τις
354 2300 767 2373 παραδέξασθαι
793 2301 1101 2371 ἀνάσχοιτο,
1136 2301 1294 2356 τοῦτο
1324 2298 1476 2367 οὗτος
1514 2304 1831 2375 ὑπέμεινεν,
1857 2308 1920 2359 οὑ

238 2387 631 2461 δυσχεραίνων,
659 2389 781 2442 οὑδέ
803 2388 1051 2443 ἀπαιτῶν
1093 2389 1326 2452 εὐθύνας
1353 2390 1462 2444 τῶν
1486 2391 1788 2463 γινομένων
1830 2392 1921 2447 τὸν

238 2474 540 2545 Δεσπότην,
569 2475 820 2547 καθάπερ
861 2476 910 2528 οἱ
952 2475 1135 2528 πολλοὶ
1180 2474 1289 2530 τῶν
1316 2476 1623 2547 ἀνθρώπων
1672 2477 1918 2546 ποιοῦσι,

239 2560 339 2615 καὶ
362 2561 537 2614 ταῦτα
576 2560 792 2631 μυρίοις
836 2561 1251 2632 ἁμαρτημάτων
1293 2562 1535 2631 φορτίοις
1583 2563 1920 2635 πιεζόμενοι·

237 2646 465 2701 ἐπειδάν
477 2646 763 2718 δυσχερέσι
777 2650 889 2700 τισὶ
904 2647 1295 2717 περιπέσωσιν,
1312 2648 1515 2713 εὐθέως
1539 2650 1923 2729 πολυπρμγμο-

239 2734 458 2796 νοῦντες
481 2736 576 2787 καὶ
600 2733 1087 2805 περιεργαζόμενοι
1115 2733 1333 2803 λέγουσι
1359 2751 1373 2765 ο
1406 2736 1503 2790 Διά
1549 2737 1599 2789 τί
1638 2737 1698 2791 τὸ
1726 2738 1822 2791 καὶ
1856 2740 1920 2793 τὸ

240 2821 476 2893 συνέϐης
506 2822 603 2875 καὶ
630 2821 776 2885 τίνος
821 2820 1011 2874 ἕνεκεν
1058 2820 1179 2875 τόδε
1220 2822 1606 2896 συνεχωρήθης
1652 2824 1790 2877 Ἀλλ’
1820 2828 1919 2899 οὑχ

234 2910 268 2962 6
289 2908 498 2972 δίκαιος
518 2902 694 2970 οὗτοςο
725 2906 795 2959 δι’
816 2906 846 2959 δ
870 2908 964 2960 καὶ
990 2907 1237 2971 πλείονος
1264 2909 1551 2979 ἀπήλαυσε
1577 2910 1675 2980 τῆς
1705 2910 1915 2965 ἀνωθεν

239 2996 436 3067 ῥοπῆς.
468 2994 635 3047 Τοῦτο
670 2997 780 3064 γάρ
814 2993 1029 3066 ἀληθῶς
1079 2993 1424 3065 εὐγνώμονος
1463 2997 1697 3060 οἰκέτου,
1750 3001 1917 3069 μηδὲν

234 3080 349 3135 τῶν
381 3080 486 3135 ὑπὸ
515 3079 610 3134 τοῦ
639 3080 897 3134 δεσπότου
924 3080 1225 3151 γινομένων
1256 3082 1756 3153 πολυπραγμονεῖν,
1782 3086 1919 3139 άλλά

237 3170 369 3240 σιγῇ
400 3168 579 3223 πάντα
608 3167 1005 3238 καταδέχεσθαι
1029 3207 1044 3232 ,
1082 3168 1177 3221 καὶ
1208 3167 1349 3239 μετά
1384 3169 1587 3240 πολλῆς
1624 3172 1723 3242 τῆς
1752 3173 1916 3243 εὐχα-

238 3255 475 3328 ριστίας.

310 3361 382 3434 β’.
404 3360 516 3415 Καὶ
536 3359 750 3424 σκόπει,
780 3358 896 3424 πῶς
918 3359 1015 3414 καὶ
1032 3360 1102 3413 δι’
1124 3360 1306 3415 αὐτῶν
1321 3360 1428 3415 τῶν
1448 3364 1918 3433 παρακολουθοῦν.

229 3462 347 3501 των
382 3444 706 3517 πειρασμιῖιν
732 3445 767 3517 ἠ
818 3446 913 3500 τοῦ
939 3446 1150 3499 δικαίου
1172 3446 1344 3519 ἀρετὴ
1386 3448 1587 3518 μᾶλλον
1618 3449 1914 3520 ἐξέλαμπε,

230 3531 333 3587 τοῦ
358 3532 494 3587 Θεοῦ
526 3533 763 3605 φανερὸν
795 3534 959 3587 αὑτὸν
985 3533 1075 3587 διά
1101 3536 1319 3589 πάντων
1351 3535 1679 3601 δεικνύντος.
1704 3538 1918 3609 Ὠσπερ

232 3618 349 3690 γάρ
369 3619 533 3690 ἡνίκα
557 3620 640 3682 είς
671 3618 772 3691 τὴν
793 3619 1071 3689 Αἴγυπτον
1096 3619 1387 3689 κατῆλθεν,
1419 3622 1494 3684 ὡς
1514 3623 1793 3690 ἄγνωστος
1822 3624 1918 3677 καὶ

234 3701 390 3769 ξένος
403 3702 499 3757 καὶ
514 3703 692 3757 οὐδενὶ
709 3701 1006 3774 γνώριμος,
1028 3701 1224 3773 ἀθρόον
1253 3704 1393 3773 μετά
1410 3703 1607 3775 πολλῆς
1630 3704 1729 3776 τῆς
1748 3706 1916 3777 τιμῆς

233 3790 447 3845 ἐκεῖθεν
469 3788 699 3857 ἐπανῄει
717 3807 733 3821 ο
759 3787 903 3843 οὕτω
930 3790 1025 3843 καὶ
1042 3787 1138 3843 νῦν
1165 3791 1510 3861 παροικήσας
1540 3793 1599 3845 ἐν
1632 3791 1913 3864 Γεράροις,

233 3877 298 3931 ἐν
328 3877 427 3948 μὲν
457 3879 571 3940 τοῖς
620 3876 927 3949 προοιμίοις
979 3875 1052 3929 τὰ
1084 3878 1215 3949 παρ’
1265 3876 1461 3931 ἐαυτοῦ
1510 3878 1911 3961 ἐπιδείκνυται·

236 3964 380 4035 μετά
411 3963 470 4017 δέ
516 3962 687 4017 ταῦτα
719 3962 990 4034 τοσαύτης
1020 3962 1283 4017 ἀπολαύει
1320 3965 1421 4037 τῆς
1450 3967 1605 4038 παρά
1652 3966 1747 4021 τοῦ
1777 3966 1914 4021 Θεοῦ

235 4050 579 4121 συμμαχίας,
600 4051 678 4113 ὡς
701 4049 796 4103 καὶ
817 4050 911 4104 τὸν
941 4049 1186 4120 βασιλέα,
1216 4052 1312 4104 καὶ
1342 4052 1470 4116 τοὺς
1493 4051 1678 4107 αὐτόθι
1705 4053 1915 4118 πάντας

230 4135 540 4203 οίκοῦντας,
576 4138 709 4208 περὶ
748 4136 850 4209 τὴν
876 4136 1174 4208 θεραπείαν
1205 4138 1299 4192 τοῦ
1332 4138 1544 4193 δικαίου
1576 4140 1759 4194 πᾶσαν
1789 4142 1913 4193 ἐπι-

231 4223 548 4278 δείκνυσθαι
572 4223 672 4296 την
704 4224 961 4299 σπουδήν.
992 4223 1142 4280 Ehe
1173 4225 1262 4291 δὲ,
1292 4226 1479 4296 φησὶν,
1512 4227 1757 4298 Ἁϐραάμ
1776 4229 1913 4297 περὶ

229 4310 470 4381 Σάρῤας
516 4310 621 4380 τῆς
675 4311 964 4381 γυναικὸς
1013 4311 1229 4367 αὐτοῦ·
1264 4312 1515 4383 Ἀδελερή
1547 4331 1668 4383 μου
1716 4316 1910 4372 ἐστίν.

243 4397 543 4467 ἐφοϐήθη
571 4396 686 4467 τὰρ
721 4397 937 4460 εἰπεῖν,
971 4396 1061 4453 ὅτι
1088 4400 1257 4466 Γυνή
1290 4418 1411 4470 μου
1447 4400 1602 4467 ἐστι,
1630 4401 1717 4472 μή
1768 4417 1912 4459 ποτε

229 4484 674 4539 ἀποκτείνωσιν
692 4488 879 4540 αὐτον
898 4489 953 4540 οι
980 4485 1197 4556 ἄνδρες
1216 4486 1326 4555 τῆς
1349 4489 1581 4555 πόλεως
1601 4489 1674 4543 δι’
1693 4491 1907 4557 αὐτὴν.

231 4571 377 4639 ὀρα
412 4572 527 4635 πῶς
557 4571 663 4625 ὑπὸ
706 4574 1193 4643 τυραννικαγιάτων
1240 4574 1429 4628 παθῶν
1466 4575 1836 4647 ἐπολιορκεῖτο
1874 4578 1909 4650 ἡ

230 4656 327 4712 τοῦ
363 4657 575 4711 δικαίου
604 4657 771 4729 ψυχὴ,
806 4660 901 4713 καὶ
948 4662 976 4713 6
1017 4659 1181 4729 φόϐος
1226 4660 1389 4715 αὑτὸν
1421 4660 1695 4727 ἐξωθεῖτο.
1749 4662 1909 4718 Ἀλλά

226 4743 411 4799 καίτοι
450 4745 655 4817 σφόδρα
706 4745 941 4815 χαλεπὸν
981 4746 1110 4800 ὄντα
1138 4747 1232 4801 τὸν
1275 4747 1541 4821 πρότερον
1576 4747 1776 4820 φόϐον,
1816 4751 1908 4805 τὸν

228 4828 335 4899 τῆς
373 4829 663 4900 προδοσίας
699 4831 799 4902 τῆς
826 4833 1100 4899 γυναικὸς,
1144 4834 1449 4905 παρωθείτο
1486 4837 1515 4889 6
1545 4834 1642 4890 τοῦ
1673 4836 1906 4890 θανάτου

226 4915 419 4987 φόϐος.
451 4916 567 4971 Ἵνα
598 4919 707 4992 γὰρ
748 4919 935 4975 τοῦτον
979 4921 1218 4993 διαφύγῃ
1242 4962 1258 4986 ,
1291 4922 1585 4993 ὑπέμεινεν
1627 4926 1764 4999 ὀρᾷν
1793 4928 1907 4990 τοῖς

228 5003 449 5069 οἰκείοις
470 5003 767 5077 ὀφθαλμοῖς
790 5007 887 5075 τὴν
921 5008 1175 5061 κοινωνὸν
1198 5008 1349 5079 αὑτῷ
1374 5009 1469 5063 τοῦ
1501 5010 1616 5081 βίου
1647 5012 1757 5065 ὑπὸ
1786 5017 1907 5077 ταῖς

226 5091 324 5146 τοῦ
370 5091 634 5162 βασιλέως
675 5094 831 5164 χερσὶ
872 5094 1189 5165 γενομένην.
1239 5096 1404 5149 Ὅσον
1442 5096 1499 5152 δὲ
1538 5099 1705 5153 τοῦτό
1756 5100 1905 5155 ἐστιν

227 5177 525 5249 ἀφόρητον,
558 5178 734 5234 ῐσασιν
760 5180 875 5233 ὅσοι
917 5182 1181 5248 γυναῖκας
1224 5182 1426 5251 ἔχουσι.
1461 5184 1562 5239 Διά
1604 5186 1762 5242 τοῦτο
1809 5188 1903 5243 καὶ

228 5265 392 5333 σοφός
414 5282 500 5330 τις
527 5265 711 5336 ελεγεο
742 5266 975 5331 Μεστὸς
1002 5265 1182 5333 ζήλου
1208 5269 1391 5336 θυμὸς
1418 5269 1635 5340 ἀνδρὸς
1671 5273 1897 5342 αὐτῆς.

227 5352 306 5404 σὺ
345 5352 614 5421 φείσεται
650 5353 721 5405 ἐν
763 5350 951 5422 ἡμέρᾳ
995 5353 1267 5421 κρίσεως,
1304 5355 1416 5407 οὐκ
1457 5357 1905 5424 ἀνταλλάξεται

225 5440 480 5507 οὐδενὸς
505 5442 725 5512 λύτρον
756 5441 871 5511 τὴν
894 5442 1136 5513 ἔχθραν.
1170 5444 1331 5496 Ἀλλά
1349 5445 1411 5496 τὸ
1446 5444 1584 5517 βαρὺ
1609 5450 1765 5503 τοῦτο
1803 5452 1903 5507 καὶ

226 5528 400 5585 1κῦισιν
447 5530 719 5601 ἀφόρητον
760 5529 861 5598 δρα
899 5527 1015 5593 πῶς
1046 5529 1134 5583 διὰ
1174 5530 1267 5582 τὸν
1310 5530 1404 5583 τοῦ
1448 5531 1680 5588 θανάτου
1730 5539 1900 5605 φόϐον

223 5613 487 5683 γενναίους
514 5614 543 5665 6
577 5613 782 5678 δίκαιος
814 5615 1031 5685 ἤνεγκε.
1064 5613 1235 5669 Τοῦτο
1256 5616 1313 5669 δέ
1336 5617 1429 5669 καὶ
1453 5618 1543 5672 ἐπὶ
1574 5619 1683 5675 τῶν
1710 5640 1892 5695 σωμα.

221 5702 397 5755 τικῶν
447 5700 631 5755 παθῶν
668 5701 986 5771 συμϐαίνειν
1031 5700 1184 5767 ἔθος·
1229 5704 1446 5758 ἐπειδὰν
1472 5706 1581 5778 γὰρ
1614 5708 1706 5763 δύο
1753 5714 1896 5768 κατά

220 5786 391 5843 ταύτὸ
427 5786 573 5856 πάθη
613 5786 872 5859 πολιορκῇ
896 5789 957 5841 τὸ
996 5787 1154 5859 σῶμα
1190 5788 1250 5842 τὸ
1279 5791 1564 5862 ἡμέτερον,
1590 5796 1625 5865 η
1649 5796 1743 5850 τοῦ
1772 5800 1890 5865 ἐνὸς

222 5873 475 5939 ἐπίτασις
520 5875 864 5947 ἀποκρύπτει
912 5876 977 5929 τὸ
1020 5876 1207 5949 ἕτερον
1233 5918 1246 5942 ,
1281 5880 1377 5931 καὶ
1418 5879 1529 5934 ὅλοι
1568 5883 1665 5955 τῆς
1696 5884 1891 5961 ὀδύνης

220 5960 435 6034 ἐκείνης
464 5962 745 6032 γινόμεθα,
766 5964 861 6016 καὶ
883 5962 1137 6027 πολλάκις
1164 5963 1284 6019 οὑδέ
1306 5966 1554 6038 αἴσθησιν
1580 5969 1674 6026 τοῦ
1701 5975 1888 6049 ἐτέρου

504 6057 778 6119 Ρετιιοι..
814 6057 932 6117 Gn.
967 6055 1123 6119 LIV.

1390 350 1457 406 IN
1488 349 1639 407 CAP.
1681 350 1781 407 XX
1820 351 2073 409 GENES.
2114 354 2350 412 1101111..
2392 357 2555 416 XLV.

3612 378 3718 434 “6

2041 468 2413 545 λαμϐάνομεν,
2450 474 2553 546 τῆς
2588 475 2788 549 πολλῆς
2820 478 3009 548 ὀδύνης
3046 479 3405 553 περιστιώσης
3444 483 3612 555 ἡμᾶς,
3636 490 3729 543 καὶ

2038 557 2141 610 οὐκ
2173 560 2429 632 ἀφιείσης
2453 560 2549 614 τοῦ
2582 560 2866 627 ἐλάττονος
2903 564 3110 629 πάθους
3150 570 3347 639 πεῖραν
3392 569 3601 626 λαϐεῖν.
3631 574 3736 627 Τὸν

2040 644 2207 697 αὑτὸν
2235 645 2300 716 δὴ
2334 646 2537 723 τρόπον
2561 648 2655 702 καὶ
2681 650 2710 702 6
2732 648 2939 714 δίκαιος
2964 644 3120 717 οὗτος
3149 653 3245 707 νῦν
3270 656 3413 727 ὀρῶν
3440 656 3532 710 τοῦ
3567 658 3734 715 θανά-

2034 744 2131 782 του
2150 729 2239 783 τὸν
2258 717 2422 796 φόϐον
2436 733 2806 804 ἐπικείμενον,
2823 736 3001 790 πάντα
3021 738 3090 792 τὰ
3109 740 3272 794 λοιπά
3290 717 3502 813 φορητά
3522 747 3733 814 ἡγεῖτο.

2049 814 2211 869 Ἀλλά
2236 818 2404 882 ταῦτα
2429 818 2663 884 ἀκούων,
2687 822 2960 893 ἀγαπητὴ
2991 826 3066 895 μὴ
3094 827 3382 898 καταγνῷς
3403 829 3497 883 τοῦ
3521 830 3734 887 δικαίου

2037 902 2431 973 μικροψυχίαν,
2462 905 2510 957 εἰ
2552 906 2646 959 τὸν
2675 907 2905 962 θάνατον
2930 910 3188 965 ἐδεδοίκει
3213 926 3227 940 ’
3272 913 3409 968 ἀλλὰ
3444 916 3735 985 θαύμασον

2032 986 2128 1041 τοῦ
2152 990 2368 1043 πάντων
2385 992 2418 1060 ἡ
2426 991 2543 1060 μῶν
2558 994 2832 1048 Δεσπότου
2850 995 2946 1067 τὴν
2964 998 3414 1069 ὑπερϐάλλουσαν
3436 1004 3564 1073 περὶ
3583 1005 3735 1075 ἡμᾶς

2033 1074 2477 1147 φιλανθρωπίαν,
2502 1079 2585 1131 ὃτι
2613 1080 2706 1133 τὸν
2731 1079 2966 1135 θάνατον
2994 1083 3087 1136 τὸν
3112 1088 3224 1149 τοῖς
3244 1086 3475 1149 δικαίοις
3501 1074 3733 1157 ἐκείνοις

2030 1160 2126 1215 καὶ
2177 1162 2354 1231 ἁγίοις
2410 1164 2534 1217 τότε
2568 1166 2836 1239 φοϐερὸν,
2867 1170 3057 1225 τοῦτον
3110 1172 3207 1226 νῦν
3252 1176 3731 1251 εὐκαταφρόνητον

2030 1248 2326 1317 εἰργάσατο
2352 1250 2382 1301 6
2432 1251 2702 1321 Χριστὸς,
2747 1256 2845 1307 καὶ
2877 1255 2937 1308 ὃν
2982 1258 3341 1314 ἐδεδοίκεισαν
3377 1264 3429 1315 oi
3482 1248 3732 1336 ἐνάρετοι

2010 1334 2230 1393 ,ἐκεῖνοι
2280 1336 2377 1390 καὶ⁵
2421 1338 2695 1410 τοσαύτην
2732 1344 3047 1413 παρρησίαν
3079 1346 3215 1413 πρὸς
3259 1348 3351 1401 τὸν
3392 1348 3527 1402 Θεὸν
3559 1334 3728 1423 ἐσχη-

2028 1423 2206 1487 κότες,
2233 1423 2421 1479 τοῦτον
2454 1426 2550 1479 νῦν
2578 1429 2922 1497 καταγελῶσι
2949 1444 2974 1471 α
3007 1433 3101 1485 καὶ
3128 1434 3237 1487 νέοι
3270 1438 3364 1491 καὶ
3393 1438 3553 1507 κόραι
3586 1441 3731 1495 ἀπαο

2027 1507 2139 1563 λαί.
2176 1510 2311 1565 οὑδέ
2348 1511 2457 1582 γὰρ
2506 1512 2737 1576 θάνατός
2778 1513 2933 1588 [459]
2983 1518 3100 1571 ἐστι
3140 1519 3357 1588 λοιπὸν,
3400 1523 3517 1576 ἀλλ’
3561 1524 3729 1593 ῦπνος

2028 1596 2124 1647 καὶ
2151 1595 2453 1665 ἀποδημία,
2490 1599 2583 1651 καὶ
2611 1600 2943 1668 μετάστασις
2970 1603 3078 1657 ἀπὸ
3108 1605 3216 1658 τῶν
3250 1608 3514 1679 χειρόνων
3537 1612 3629 1665 ἐπὶ
3656 1616 3729 1668 τά

2028 1679 2245 1749 βελτίω.
2296 1682 2356 1736 ’0
2397 1684 2507 1754 γάρ
2555 1684 2786 1750 θάνατος
2830 1688 2926 1741 τοῦ
2960 1691 3234 1744 Δεσπότου
3279 1696 3380 1765 τὴν
3423 1695 3729 1754 ἀθανασίαν

2027 1769 2161 1837 ημῖν
2199 1769 2517 1839 ἐδωρήσατο
2540 1810 2554 1836 ,
2593 1773 2689 1826 καὶ
2721 1774 2999 1829 κατελθὼν
3034 1779 3114 1840 είς
3160 1778 3251 1831 τὸν
3296 1780 3429 1851 ᾅδην
3470 1783 3727 1850 ἐξέλυσεν

2027 1853 2195 1907 αὑτοῦ
2234 1856 2303 1907 τὰ
2336 1855 2523 1927 νεῦρα,
2563 1858 2659 1912 καὶ
2691 1860 2790 1930 τὴν
2825 1862 2978 1932 ἰσχὺν
3012 1863 3178 1916 αὑτοῦ
3212 1866 3462 1920 καθεῖλεο
3501 1871 3594 1923 καὶ
3632 1872 3726 1927 τὸν

2028 1938 2261 2010 φοϐερὸν
2290 1940 2397 2012 πρὸ
2424 1942 2616 1997 τούτου
2645 1946 2739 1999 καὶ
2767 1946 3107 2017 ἀμείλικτον,
3143 1950 3334 2006 τοῦτον
3363 1954 3537 2019 οὕτως
3559 1957 3728 2013 εύκαο

2023 2030 2364 2099 ταφρόνητον
2390 2031 2707 2098 είργάσατο.
2735 2033 2811 2098 ὡς
2834 2036 2926 2088 καὶ
2958 2038 3234 2109 ἐπιπηδᾷν
3267 2058 3417 2106 τινας
3454 2046 3549 2097 καὶ
3582 2046 3728 2099 ἐπεί-

2023 2114 2217 2182 γεσθαι
2256 2117 2393 2188 πρὸς
2432 2118 2532 2189 τὴν
2572 2120 2823 2173 ἐντεῦθεν
2866 2123 3223 2193 μετάστασιν.
3269 2129 3370 2212 Διά
3410 2130 3573 2185 ,τοῦτο
3626 2133 3725 2187 καὶ

2024 2202 2239 2267 Παῦλος
2265 2204 2367 2276 βοᾷ
2381 2204 2578 2274 λέγων,
2604 2207 2675 2260 Τὸ
2706 2207 3013 2264 ἀναλῦσαι
3042 2213 3140 2265 καί
3170 2213 3295 2267 σὺν
3312 2202 3547 2285 Χριστῷ
3566 2215 3725 2275 εἶναι

2024 2288 2243 2355 πολλῷ
2256 2290 2506 2360 μᾶλλον
2541 2293 2857 2361 κρεῖσσον.
2900 2296 3061 2351 Ἀλλά
3095 2300 3268 2356 ταῦτα
3306 2302 3407 2373 μὲν
3448 2305 3543 2358 νῦν
3579 2307 3724 2375 μετά

2023 2375 2123 2443 τὴν
2153 2376 2249 2429 τοῦ
2280 2378 2520 2449 Χριστοῦ
2548 2381 2873 2452 παρουσίαν,
2910 2384 3049 2455 μετά
3094 2387 3153 2439 τὸ
3187 2388 3595 2462 συγκλασθῆναι
3621 2394 3723 2457 τάς

2024 2462 2197 2526 πύλας
2230 2464 2331 2528 τὰς
2359 2466 2600 2535 χαλκᾶς,
2641 2468 2781 2539 μετά
2829 2470 2889 2523 τὸ
2922 2474 3199 2544 πανταχοῦ
3242 2476 3343 2546 τῆς
3396 2480 3722 2552 οίκουμένης

2022 2547 2116 2602 τὸν
2151 2549 2302 2635 σείριον
2343 2554 2443 2623 τῆς
2475 2553 2821 2627 δικαιοσύνης
2861 2558 3163 2630 ἐκλάμψαι.
3199 2563 3332 2616 Τότε
3356 2564 3411 2617 δι
3450 2565 3531 2619 ετι
3554 2547 3719 2635 εισι.

2024 2634 2125 2702 ράν
2151 2631 2265 2706 εἶχε
2285 2636 2384 2707 τὴν
2411 2639 2699 2710 πρόσοψιν,
2720 2642 2816 2695 καὶ
2837 2645 3089 2699 κατέσειε
3113 2647 3220 2701 τῶν
3246 2648 3473 2704 δικαίων
3496 2631 3720 2708 ἐκείνων

2023 2720 2232 2791 ἀνδρῶν
2266 2722 2365 2793 τὴν
2407 2724 2682 2781 διάνοιανο
2716 2728 2799 2783 διὸ
2843 2732 2937 2784 καὶ
2989 2734 3166 2787 πάντα
3200 2735 3269 2789 τά
3325 2738 3461 2791 ἄλλα
3501 2740 3721 2809 κούφως

2022 2805 2239 2878 ἔφερον,
2271 2810 2375 2864 κᾶν
2418 2812 2671 2885 ἀφόρητα
2708 2815 3007 2887 ἐτύγχανεν
3034 2819 3185 2873 δντα.
3218 2822 3318 2876 Διά
3351 2824 3513 2878 τοῦτο
3550 2805 3645 2882 καὶ

2020 2894 2227 2960 δίκαιος
2284 2895 2438 2964 οὗτος
2486 2901 2819 2973 φοϐούμενος
2852 2904 2962 2959 τῶν
2997 2908 3056 2959 ἐν
3108 2910 3377 2982 Γεράροις
3422 2913 3718 2970 οἰκούντων

2020 2981 2117 3051 τὴν
2148 2983 2461 3056 ἐπιϐουλὴν,
2502 2989 2602 3059 οὐχ
2634 2989 2711 3052 ὡς
2746 2994 3013 3060 γυναῖκα,
3048 2995 3163 3049 ἀλλ’
3209 2997 3288 3061 ὡς
3344 2999 3581 3074 ἀδελφὴν
3614 3006 3717 3059 έπ-

2021 3068 2319 3138 αγόμενος,
2354 3072 2497 3126 οὓτω
2523 3074 2623 3146 τὴν
2657 3077 2892 3132 ἐνταῦθα
2932 3082 3269 3153 παροίκησιν
3309 3068 3563 3145 ποιεῖται..
3604 3092 3716 3147 Καὶ

2020 3154 2272 3229 καθάπερ
2304 3159 2383 3221 είς
2405 3160 2502 3231 την
2527 3161 2803 3229 Αἴγυπτον
2833 3165 3120 3221 κατελθεῖν
3140 3169 3305 3223 αὑτὸν
3329 3175 3715 3249 συνεχώρησεν

2019 3242 2049 3294 ό
2080 3240 2235 3307 Θεὸς,
2274 3244 2599 3317 βουλόμενος
2643 3251 2736 3302 καὶ
2779 3253 2902 3315 τοὺς
2939 3253 3266 3325 ἀγνώμονας
3315 3240 3569 3328 ἐκείνους
3600 3240 3714 3320 ’καὶ

2022 3329 2381 3401 ἀναισθήτους
2412 3332 2508 3387 τοῦ
2549 3333 2769 3389 δικαίου
2797 3337 2993 3409 μαθεῖν
3021 3342 3121 3412 τὴν
3170 3344 3403 3415 ἀρετήν’
3442 3346 3588 3403 οὕτω
3618 3352 3714 3407 καὶ⁵

2020 3415 2259 3471 ἐνταῦθα,
2299 3418 2398 3493 τὴν
2443 3421 2653 3475 οίκείαν
2695 3424 3081 3496 μακροθυμίαν
3125 3430 3499 3488 ἐπιδείκνυται
3534 3438 3564 3489 ὁ
3614 3440 3712 3492 Δε-

2020 3501 2248 3572 σπότης,
2276 3503 2364 3558 ἵνα
2396 3505 2493 3557 καὶ
2522 3505 2617 3559 τοῦ
2650 3506 2862 3563 δικαίου
2885 3511 2921 3581 ἡ
2959 3513 3206 3586 ὑπομονὴ
3240 3516 3332 3572 διά
3371 3519 3593 3576 πάντων
3616 3524 3712 3578 ἐκ·

2018 3587 2227 3660 λάμψη,
2264 3592 2361 3644 καὶ
2403 3594 2437 3664 η
2467 3592 2563 3646 τοῦ
2594 3589 2730 3647 Θεοῦ
2768 3599 2897 3669 περὶ
2942 3601 3107 3654 αὑτὸν
3146 3602 3332 3660 εὔνοια
3369 3609 3501 3661 πᾶσι
3536 3611 3709 3665 κατά-

2016 3676 2178 3747 δηλος
2210 3678 2455 3749 γένηται.
2497 3682 2839 3739 Ἀπέστειλε
2868 3685 2938 3740 δὲ
2973 3688 3285 3761 Ἀσιμέλεχ
3325 3696 3361 3747 ό
3400 3694 3710 3765 ,βασιλεὺς

2018 3767 2567 3863 Γεράρων-,βαθεῖς
2593 3772 2710 3863 thr
2732 3775 2992 3846 Σάρῤαν.
3036 3780 3319 3852 Ἐννόησόν
3349 3800 3440 3854 μοι
3469 3786 3563 3841 τὸν
3592 3805 3744 3863 χειο,

2021 3854 2176 3925 μῶνα
2201 3854 2308 3909 τῶν
2330 3855 2629 3928 λογισμῶν,
2653 3853 2729 3912 ὧν
2766 3862 3061 3933 ὑπέμεινεν
3084 3865 3114 3917 ὁ
3138 3853 3513 3943 δίκαιοςγόρῶν
3536 3853 3705 3930 αὑτοῦ

2015 3942 2116 4011 τὴν
2135 3945 2368 4010 γυναῖκα
2391 3946 2769 4017 ἀπαγομένην,
2786 3951 2882 4005 καὶ
2909 3951 3062 4005 οὐδὲν
3082 3952 3381 4025 δυνάμενος
3402 3959 3700 4031 ἐπαμῦναι.

2016 4029 2149 4102 Σιγῇ
2186 4032 2295 4105 γάρ
2326 4033 2542 4089 ἅπαντα
2568 4034 2784 4109 έφερεν,
2802 4038 2959 4103 είδὼς
2983 4042 3064 4095 δτι
3105 4043 3168 4095 οὑ
3197 4029 3704 4115 περιόψεταιαύτὸν

2014 4122 2370 4206 ὀᾼΔεσπότ-ης,
2399 4124 2537 4178 ἀλλά
2570 4129 2797 4196 ταχεῖαν
2824 4127 3056 4200 παρέξει
3088 4132 3190 4202 τὴν
3220 4137 3561 4206 συμμαχίαν.
3590 4140 3704 4194 Καὶ

2014 4204 2117 4274 τῆς
2149 4207 2367 4278 Σάρρας
2388 4207 2446 4261 δέ
2476 4206 2758 4279 θαυμάσαι
2779 4209 2894 4266 ἐστι
2925 4211 3023 4283 τὴν
3048 4213 3249 4285 πολλὴν
3290 4204 3698 4291 φιλοστοργίαν,

2014 4290 2135 4354 πῶς
2169 4291 2265 4345 τοῦ
2303 4293 2548 4347 κινδύνου
2592 4294 2687 4348 τοῦ
2733 4295 2967 4350 θανάτου
3010 4300 3101 4352 τὸν
3146 4301 3354 4357 δίκαιον
3387 4290 3698 4375 ἐξαρπάσαι

2015 4376 2316 4447 βουλομένη
2338 4396 2347 4406 ·
2378 4377 2505 4448 ἐξῆν
2532 4378 2642 4452 γὰρ
2668 4380 2838 4451 αὐτὴν
2862 4382 3252 4453 ἐκκαλύψασαν
3272 4388 3331 4442 τὸ
3354 4389 3556 4461 δρᾶμα,
3583 4394 3698 4448 δια-

2014 4467 2205 4531 φυγεῖν
2229 4464 2328 4533 τὴν
2352 4464 2792 4538 ὁμολογουμένην
2809 4467 2967 4539 ῦϐριν
2983 4488 2996 4501 ·
3021 4472 3135 4524 ἀλλ’
3163 4474 3456 4546 ὑπέμεινεν
3480 4480 3697 4537 ἅπαντα

2006 4551 2297 4617 γενναίως,
2320 4551 2406 4637 ἵνα
2430 4551 2509 4621 τῷ
2536 4552 2728 4624 δικαίῳ
2749 4554 2847 4625 τὴν
2872 4558 3147 4628 σωτηρίαν
3177 4565 3692 4637 πραγματεύσηται.

2012 4635 2125 4689 Καὶ
2163 4636 2469 4707 ἐπληροῦτο
2501 4639 2680 4694 ἐκεῖνο
2720 4642 2783 4694 τὸ
2828 4643 3141 4715 εἰρημένον,
3186 4646 3268 4701 ὅτι
3314 4635 3601 4709 Ἔσονται
3638 4659 3695 4711 οί

2008 4720 2121 4777 δύο
2146 4726 2237 4789 είς
2268 4724 2467 4792 σάρκα
2488 4725 2657 4794 μίαν.
2680 4726 2894 4799 Ὠσπερ
2923 4732 3035 4804 γάρ
3065 4733 3160 4803 μία
3188 4734 3323 4805 σὰρξ
3344 4737 3518 4805 ὅντες,
3549 4739 3694 4797 οὕτω

2009 4809 2107 4879 τῆς
2138 4810 2382 4880 ἀλλήλων
2414 4812 2691 4884 σωτηρίας
2729 4815 3004 4887 ἐκήδοντο,
3044 4820 3139 4872 καὶ
3166 4822 3439 4893 τοσαύτην
3479 4826 3689 4881 ἐπεδεί-

2009 4912 2205 4949 κνυντο
2231 4897 2329 4967 τὴν
2355 4898 2630 4968 ὁμόνοιαν,
2664 4900 2740 4964 ὡς
2765 4900 2825 4955 ἓν
2859 4903 3019 4975 σῶμα
3063 4908 3426 4977 τυγχάνοντες
3456 4914 3550 4965 καὶ
3591 4917 3691 4985 μία

2007 4982 2178 5054 ψυχή.
2202 4983 2390 5037 Ταῦτα
2416 4986 2763 5042 ἀκουέτωσαν
2787 4988 3001 5061 ἀνδρες,
3022 4994 3371 5053 ἀκουέτωσαν
3396 4982 3653 5068 γυναῖκές
3672 5021 3687 5034 .

2007 5073 2287 5140 γυναῖκες,
2320 5072 2408 5126 ῑνα
2438 5074 2708 5144 τοσαύτην
2735 5078 2864 5149 περὶ
2893 5080 3022 5142 τοὺς
3041 5081 3242 5153 ἄνδρας
3275 5086 3375 5156 τὴν
3407 5086 3689 5161 φιλοστορ-

2008 5159 2135 5243 γίαν
2186 5159 2604 5226 ἐπιδεικνύωσι,
2649 5164 2743 5217 καὶ
2792 5165 2959 5235 μηδὲν
3000 5167 3189 5240 ἐτερον
3230 5175 3540 5242 προτιμῶσι
3590 5159 3687 5246 ei;

2006 5236 2230 5300 ἐκείνων
2258 5248 2532 5319 σωτηρίας
2548 5264 2564 5281 ·
2598 5250 2692 5303 καὶ
2720 5250 2931 5321 ἄνδρες,
2959 5252 3025 5307 ἵν’
3047 5236 3189 5309 οῦτω
3212 5236 3410 5328 πολλὴν
3433 5263 3534 5332 τὴν
3559 5236 3689 5335 πε

2005 5332 2177 5395 αὑτὰς
2198 5333 2414 5390 εὔνοιαν
2435 5334 2620 5405 ἔχωσι,
2639 5339 2736 5390 καὶ
2763 5336 2839 5401 ὡς
2873 5338 2998 5408 μίαν
3024 5341 3206 5412 ψυχὴν
3236 5347 3563 5416 κεκτημένοι
3593 5332 3685 5402 καὶ

2004 5419 2065 5473 ἐν
2104 5420 2265 5491 σῶμα
2296 5421 2466 5485 ὅντες,
2490 5423 2636 5476 οὕτω
2662 5424 2838 5478 πάντα
2865 5425 3320 5499 διαπράττωνται.

2070 5531 2317 5596 γ’.’1”οῦτο
2334 5533 2444 5604 γὰρ
2458 5533 2657 5603 ἀληθὲς
2670 5522 2883 5588 συνοικέ
2892 5540 3157 5602 atoma-av
3168 5540 3403 5610 τοσαύτη
3429 5542 3486 5593 ἐν
3502 5544 3685 5609 αὑτοῖς

2007 5618 2356 5687 πολιτεύηται
2406 5620 2696 5690 συμφωνία
2716 5662 2730 5684 ,
2762 5623 2891 5675 ὅταν
2919 5625 3172 5689 τοσοῦτος
3289 5628 3317 5678 ὁ
3352 5626 3649 5698 σύνδεσμος
3668 5672 3683 5695 ,

2004 5704 2131 5759 ὅταν
2162 5704 2333 5771 οὕτως
2357 5701 2460 5760 ὦσι
2488 5711 2553 5779 τῇ
2587 5709 2776 5779 ἀγάπῃ
2808 5714 3250 5784 συνεσφτγμένοι.
3280 5713 3545 5787 Καθάπερ
3577 5717 3686 5788 γὰρ

2008 5792 2167 5863 σῶμα
2214 5795 2349 5866 πρὸς
2400 5797 2560 5849 ἑαυτὸ
2610 5798 2710 5850 οὐκ
2759 5799 2825 5849 άν
2860 5816 2990 5852 ποτε
3042 5801 3483 5857 διαστασιάσειεν
3511 5845 3522 5865 ,
3564 5804 3687 5858 οὐδὲ

2006 5879 2151 5951 ψυχὴ
2189 5882 2323 5951 πρὸς
2358 5884 2585 5953 ἑαυτήν·
2634 5884 2805 5947 οὕτως
2839 5887 3005 5956 ἄνδρα
3040 5889 3133 5941 καὶ
3176 5893 3411 5955 γυναῖκα
3457 5892 3515 5943 οὑ
3570 5890 3681 5943 δια-

2071 5986 2093 6012 “
2121 5985 2347 6047 Quinque
2369 5999 2481 6036 mss.
2503 5984 2673 6035 τούτου
2699 5984 2780 6034 νῦν
2803 5992 3001 6039 κατανε)
3012 5992 3123 6044 ὦσι.

3261 6060 3298 6118 3
