4178 6328
306 374 407 434 ιιτ

305 490 452 546 linito
472 485 611 558 ipsis
630 482 858 540 afﬂuere
887 488 1163 553 poterunt.
1190 477 1334 534 Nam
1356 476 1445 531 ubi
1472 472 1760 531 concordia
1782 511 1799 539 ,
1828 469 1900 525 ibi

305 584 570 642 bonorum
597 578 904 642 continuus,
934 576 1005 631 ibi
1029 589 1153 645 pax,
1175 572 1247 627 ibi
1274 570 1491 632 ciuitas,
1520 568 1591 622 ibi
1614 562 1909 637 spiritualis

304 675 487 733 latitia
517 692 533 728 :
561 672 768 728 nullum
805 669 1003 725 bellum
1022 707 1041 734 ,
1065 665 1208 721 nulla
1239 665 1352 719 rixa
1379 680 1394 718 :
1421 674 1683 729 nusquam
1726 656 1907 712 inimi-

303 766 444 823 citia
474 772 529 820 et
557 760 837 817 contentio
866 758 999 813 :sed
1027 758 1143 812 haec
1172 755 1349 809 omnia
1378 769 1408 809 e
1434 751 1621 806 medio
1644 748 1905 804 tolluntur

303 871 402 927 per
440 851 789 910 concordiam
814 893 829 917 ,
868 849 1133 904 bonorum
1190 846 1429 900 omnium
1474 842 1707 897 radicem
1731 881 1746 906 ,
1786 848 1907 907 qua:

304 946 493 1002 ornnia-
515 944 615 999 illa
636 943 796 997 simul
820 941 1019 996 abolet.
1050 939 1105 993 2.
1142 937 1285 991 Misit
1310 945 1480 991 autem
1501 933 1788 987 Abimelech
1817 944 1908 984 rea:

308 1038 648 1102 Ceterarum,
676 1045 723 1089 et
750 1034 946 1103 accepit
990 1032 1224 1087 Sarram.
1256 1032 1309 1083 5.
1335 1027 1402 1083 Et
1440 1028 1647 1081 intravit
1673 1025 1807 1078 Deus
1838 1023 1907 1077 ad

305 1128 597 1185 Abimeieclt
619 1128 672 1181 in
696 1143 871 1181 somno
901 1127 915 1157 ¹
946 1135 1096 1178 noctu
1116 1165 1131 1189 ,
1158 1132 1209 1176 et
1237 1122 1366 1176 dixit
1391 1136 1409 1174 :
1437 1117 1569 1173 Ecce
1597 1127 1651 1172 tu
1679 1116 1905 1171 morieris

304 1229 512 1291 propter
537 1218 822 1283 mulierem,
840 1232 990 1288 quam
1011 1214 1301 1269 abstulisti:
1321 1213 1418 1266 ista
1446 1219 1615 1264 autem
1640 1209 1907 1263 contuber-

303 1311 438 1366 nalis
488 1320 562 1365 est
614 1310 741 1364 viro.
771 1308 907 1364 Vide
948 1308 1044 1362 Dei
1083 1305 1423 1361 clementiam
1459 1322 1471 1357 :
1505 1304 1629 1374 quia
1664 1302 1796 1357 vidit
1820 1301 1905 1370 ju~

302 1411 443 1458 stum
466 1409 687 1472 promer
708 1409 906 1453 metum
932 1398 1119 1453 mortis
1157 1396 1371 1452 Sarram
1397 1394 1751 1450 sibi’ablatam
1784 1406 1905 1448 esse

303 1493 521 1550 lortiter
548 1492 692 1547 ferre
716 1534 731 1557 ,
765 1500 819 1546 et
850 1502 1033 1561 regem
1059 1502 1179 1544 eam
1212 1495 1269 1542 ut
1297 1501 1547 1543 sororem
1566 1484 1695 1555 justi
1732 1478 1901 1538 abdu-

304 1598 463 1649 cere,
496 1597 647 1638 suam
687 1581 907 1636 demum
956 1580 1194 1635 declarat
1244 1576 1672 1650 providentiam,
1702 1576 1905 1645 justum

305 1689 520 1746 quoque
549 1674 906 1727 illustriorem
924 1670 1120 1735 reddit,
1143 1681 1197 1726 et
1221 1669 1449 1724 Sarram'
1465 1668 1533 1723 ab
1576 1667 1905 1739 injuria,,re-

303 1782 427 1838 gem
455 1781 591 1822 vero
620 1781 648 1819 a
681 1774 901 1835 peccato
927 1764 1139 1819 liberat.
1168 1760 1241 1816 Et
1272 1763 1507 1826 intravit,
1528 1761 1736 1830 inquit,
1768 1757 1909 1813 Deus

305 1859 376 1912 ad
414 1856 707 1911 Abimelecli
757 1856 812 1909 in
854 1871 1033 1909 somno
1085 1864 1257 1908 noctu.
1302 1851 1408 1909 Per
1452 1854 1626 1922 ipsum
1654 1892 1669 1917 ,
1705 1851 1903 1920 inquit,

306 1950 485 2007 somni
515 1959 727 2018 tempus
754 1947 964 2017 eripere
984 1959 1105 2001 eum
1133 1944 1735 2013 volens'ab'iniquitate,
1761 1941 1908 1997 dedit

306 2042 475 2098 menti
515 2040 634 2111 ejus
674 2040 953 2095 scientiam
996 2046 1052 2093 et
1093 2034 1307 2093 occulta
1348 2036 1740 2098 manifestavit,
1771 2034 1910 2088 mul-

307 2142 527 2203 tumque
556 2140 759 2186 metum
797 2129 947 2185 auxit
968 2128 1368 2184 interminamlo
1392 2134 1643 2181 mortem.
1674 2123 1909 2179 Morieris

306 2224 474 2291 enim,
510 2223 702 2293 inquit,
732 2232 943 2291 propter
964 2219 1260 2284 mulierem,
1292 2217 1726 2290 quam'abstulisti
1759 2231 1778 2270 :
1808 2217 1906 2269 ista

305 2325 476 2371 autem
519 2314 896 2369 contubernalis
938 2322 1010 2367 est
1054 2313 1180 2367 uiro.
1213 2312 1268 2367 4.
1301 2310 1789 2365 Abim'elecltautem
1809 2325 1911 2363 non

308 2408 543 2479 tetigerat
575 2406 741 2460 illam.
779 2405 906 2460 Haec
930 2415 1119 2459 autem
1153 2402 1330 2459 omnia
1361 2402 1501 2458 facta
1529 2411 1685 2467 sunt,
1713 2406 1777 2455 ut
1818 2400 1910 2455 Dei

308 2498 599 2571 promissio
650 2496 788 2551 facta
853 2495 1177 2568 patriarclue
1233 2494 1567 2564 impleretur.
1626 2494 1913 2547 Enimvero

306 2593 438 2663 quia
460 2591 622 2661 paqu
649 2598 809 2646 antea
837 2590 934 2660 ipsi
965 2588 1289 2656 promiserat
1328 2587 1475 2642 lsaac
1514 2600 1635 2642 esse
1676 2585 1910 2640 nascitu-

306 2701 449 2753 rum,
474 2694 531 2739 et
571 2696 739 2755 prope
776 2683 963 2738 aderat
1008 2691 1255 2751 tempus:
1281 2689 1345 2735 ut
1379 2696 1447 2735 ne
1496 2681 1623 2750 quid
1671 2678 1914 2744 ofﬁceret

307 2776 654 2849 promissioni
681 2773 795 2840 Dei,
814 2782 1017 2829 tantum
1046 2774 1293 2828 timorem
1322 2772 1372 2826 in
1396 2769 1709 2826 Abimelech
1736 2769 1912 2823 immi-

305 2871 399 2937 sit,
416 2877 479 2925 ut
505 2868 783 2938 perculsus
808 2868 988 2921 animo
1009 2864 1226 2925 Sarram
1250 2865 1512 2935 attingere
1534 2879 1638 2919 non
1665 2863 1904 2917 auderet.

306 2960 539 3031 Propter
572 2961 673 3015 hoc
703 2960 844 3014 enim
870 2958 1067 3028 adjecit
1085 2956 1265 3012 divina
1291 2957 1567 3025 Scriptura
1588 2978 1602 3015 :
1622 2953 1909 3007 Abimetectt

306 3068 412 3107 non
445 3052 683 3123 tetigerat
706 3052 851 3104 illam
882 3064 901 3103 :
929 3048 1022 3104 sed
1047 3056 1103 3103 et
1128 3047 1195 3103 de
1227 3047 1463 3101 facinore
1488 3059 1549 3100 se
1585 3044 1823 3100 defendit
1848 3059 1912 3099 ac

306 3145 441 3201 dicit
471 3165 485 3197 -.
519 3143 761 3211 Domine,
786 3150 986 3213 gentem
1017 3142 1217 3211 justam
1250 3149 1298 3192 et
1339 3140 1651 3208 ignorantem
1689 3135 1867 3206 perdes
1888 3136 1914 3189 ?

306 3234 581 3307 Numquid
611 3236 810 3301 sciens,
840 3233 1029 3304 inquit,
1063 3246 1284 3287 uxorem
1306 3232 1424 3301 ejus
1445 3246 1565 3285 esse
1590 3271 1604 3296 ,
1630 3229 1735 3284 hoc
1765 3229 1911 3284 feci?

308 3327 574 3398 numquid
624 3326 817 3396 injuria
856 3326 1198 3395 peregrinum
1246 3322 1464 3377 allicere
1501 3320 1724 3376 volens?
1753 3336 1912 3374 nomo-

309 3418 439 3490 quid
494 3427 555 3471 ut
606 3431 831 3470 uxorem
886 3414 1003 3483 ejus
1054 3411 1343 3467 auferens?
1390 3411 1457 3467 Ut
1506 3424 1747 3466 sororem
1791 3426 1911 3465 eam

308 3515 632 3578 accepturus
653 3506 755 3561 hoc
783 3506 888 3577 egi,
916 3512 1065 3559 ratus
1087 3505 1189 3559 hoc
1208 3504 1426 3559 nomine
1450 3512 1503 3558 et
1527 3504 1669 3559 hunc
1696 3513 1749 3559 et
1766 3504 1911 3558 illam

310 3599 589 3667 honorari.
612 3596 821 3653 Gentem
841 3597 1022 3667 igitur,
1036 3596 1232 3666 justam
1254 3605 1299 3651 et
1342 3597 1662 3667 ignorantem
1701 3596 1915 3666 perdes?

314 3708 479 3749 mene
518 3692 647 3762 justi
692 3690 874 3745 ofﬁcio
915 3689 1152 3744 functum
1185 3689 1379 3759 perdes
1403 3689 1461 3742 "i
1489 3688 1689 3744 Deinde
1718 3689 1915 3743 clarius

310 3785 550 3842 all‘erens
597 3781 742 3853 quod
796 3782 1041 3848 dicebat,
1076 3782 1284 3851 inquit:
1319 3782 1374 3836 5.
1411 3780 1598 3835 Nonne
1638 3783 1747 3852 ipse
1790 3782 1916 3835 mihi

313 3879 466 3941 dixit,
497 3875 663 3931 Soror
690 3890 803 3929 mea
840 3884 913 3929 est
933 3915 948 3939 ,
992 3882 1039 3927 et
1068 3874 1183 3940 ipsa
1208 3873 1333 3926 mihi
1362 3872 1491 3926 dixit
1511 3914 1525 3937 ,
1561 3871 1747 3926 Frater
1773 3890 1916 3927 meus

312 3967 755 4049 miVideeum
805 3974 1008 4035 quanto
1051 3978 1318 4019 consensu
1372 3973 1427 4019 et
1482 3964 1769 4019 concordia
1815 3965 1916 4018 hoc

314 4062 548 4134 egerint.
567 4060 635 4115 Et
660 4060 794 4130 ipse,
824 4058 1014 4129 inquit,
1036 4057 1138 4111 hoc
1163 4056 1294 4111 mihi
1324 4057 1493 4123 dixit,
1525 4066 1579 4111 et
1607 4057 1720 4126 ipsa
1749 4056 1916 4111 adsti-

312 4155 496 4229 pulata
524 4160 611 4229 est
626 4150 783 4207 dictis
810 4150 944 4221 ejus.
970 4147 1037 4203 In
1059 4148 1214 4205 corde
1231 4165 1382 4218 puro,
1419 4159 1464 4203 et
1491 4150 1542 4201 in
1572 4149 1774 4219 justitia
1801 4165 1915 4201 ma-

313 4260 474 4300 rtum
497 4243 594 4314 feci
618 4242 733 4308 hoc,
765 4240 958 4311 inquit,
987 4255 1095 4295 non
1128 4250 1185 4295 ut
1226 4241 1461 4310 iniquam
1506 4255 1619 4293 rem
1645 4240 1913 4304 facturus,

315 4336 413 4393 sed
436 4345 495 4390 ut
522 4334 813 4404 legitimam
834 4343 889 4387 et
914 4332 1110 4387 licitam
1139 4331 1771 4401 irreprehcnsibilemque
1794 4332 1911 4387 feci.

314 4428 459 4498 Quid
503 4428 666 4497 igitur
721 4425 983 4495 benignus
1018 4425 1316 4480 Dominus?
1368 4423 1421 4478 ti.
1456 4423 1602 4479 Dixit
1650 4436 1817 4478 autent
1871 4426 1915 4478 ei

314 4518 458 4578 Dm
478 4520 533 4573 in
561 4534 756 4573 somno.
786 4517 914 4572 Vide
939 4514 1210 4587 quomodo
1237 4532 1297 4571 se
1326 4525 1645 4587 attemperat
1676 4518 1916 4571 omnium

316 4613 584 4671 Dominus
604 4653 619 4679 ,
661 4625 813 4667 suam
851 4610 1145 4665 bonitatem
1180 4624 1277 4679 per
1303 4610 1484 4663 omnia
1514 4610 1821 4665 declarans.
1850 4607 1919 4662 Et

316 4720 415 4776 ego
438 4705 545 4760 scio
573 4704 708 4774 quod
737 4704 887 4757 corde
913 4718 1041 4772 puro
1062 4702 1154 4756 hoc
1175 4702 1373 4773 feceris.
1396 4702 1541 4767 Scio,
1562 4702 1753 4772 inquit,
1775 4702 1920 4772 ipsos

315 4798 460 4853 hanc
505 4796 735 4851 fabulam
779 4804 1116 4849 commentos
1160 4808 1313 4859 esse,
1347 4803 1400 4848 et
1431 4804 1481 4847 te
1512 4794 1795 4863 deceptum
1827 4810 1921 4849 eo-

314 4905 440 4945 rum
465 4887 626 4943 dictis
656 4887 760 4941 hoc
789 4886 987 4942 fecisse
1012 4902 1024 4938 :
1055 4886 1126 4940 ob
1152 4884 1285 4950 hoc,
1315 4893 1373 4939 ut
1402 4901 1470 4940 ne
1510 4900 1608 4954 per
1648 4885 1922 4953 deceptio-

315 4995 444 5037 nen
478 4980 619 5034 hanc
648 4992 858 5048 pecces,
892 4976 1105 5047 Peperci
1134 4977 1243 5042 tibi,
1278 4992 1340 5030 ne
1371 4986 1424 5029 tu
1451 4993 1681 5046 peccares
1722 4977 1776 5030 in
1819 4994 1917 5032 me.

315 5074 508 5144 Magna
558 5071 707 5126 verbi
754 5079 837 5124 est
888 5069 1286 5136 attemperatio,
1312 5069 1544 5122 maxima
1589 5068 1798 5122 Domini
1839 5078 1922 5122 est

316 5165 629 5222 clementia.
664 5162 721 5217 in
749 5178 868 5225 me,
904 5157 1109 5231 inquii,
1140 5160 1438 5215 rediturum
1470 5172 1587 5215 erat
1618 5170 1913 5229 peccatum.

400 5257 502 5325 Qui
544 5257 663 5310 colit
714 5271 881 5310 sertos
927 5254 1059 5317 Dei,
1086 5252 1251 5307 Deum
1279 5255 1415 5308 colit.
1443 5284 1516 5296 -—-
1536 5254 1666 5309 Nam
1698 5256 1833 5309 sicut
1868 5256 1918 5309 in

320 5352 634 5409 hominibus
661 5364 785 5405 cum
812 5349 932 5418 quis
973 5348 1206 5417 aliquem
1249 5346 1603 5401 domesticum
1649 5348 1697 5401 in
1754 5350 1921 5403 multo

324 5444 534 5499 honore
560 5440 702 5512 apud
724 5439 1001 5494 dominum
1029 5454 1182 5494 suum
1236 5438 1427 5507 injuria
1463 5440 1693 5508 quadam
1720 5438 1880 5494 aflicit
1904 5482 1917 5504 ,

389 5567 719 5642 I‘ttzgroces,
810 5568 1175 5642 pompo._l1ic.et
1220 5573 1339 5642 infra
1365 5576 1542 5642 desunt
1580 5581 1624 5629 in
1649 5583 1822 5634 savilio
1865 5594 1917 5640 et

315 5628 367 5738 Il:
847 5628 1091 5680 habentur
1114 5633 1161 5681 in
1187 5636 1349 5685 Morel.
1379 5648 1429 5689 et
1452 5627 1577 5702 aliis,
1596 5627 1915 5709 naiasin};

334 5764 417 5877 dp:
446 5758 642 5861 fuistin.
671 5755 851 5807 omittit
873 5753 1055 5818 verba,
1083 5762 1219 5807 uerte
1229 5754 1360 5818 justi
1385 5755 1540 5824 oﬂicio
1583 5758 1801 5824 {tinctum
1824 5776 1931 5825 per-

1375 360 1445 419 IN
1478 360 1632 418 CAP.
1679 356 1796 414 XX.
1838 352 2088 413 GENES.
2130 352 2358 410 llOMlL.
2402 350 2562 409 XLV.

3520 353 3624 410 118

2020 468 2122 525 sibi
2162 467 2415 539 lojuriam
2447 464 2642 521 factam
2696 472 2848 535 putat
2894 462 3177 529 dominus.
3205 471 3261 521 et
3288 463 3420 521 dicit
3451 482 3466 522 :
3495 463 3624 521 Mihi

2018 561 2279 635 injuriam‘
2300 559 2473 617 fecisti
2494 574 2588 629 per
2611 573 2673 614 ea
2705 558 2899 628 quibus
2924 573 2956 614 a
2987 568 3039 614 te
3067 557 3399 615 domesticus
3427 556 3621 631 injuria

2017 664 2099 708 est
2129 652 2353 708 aﬂ‘ectus
2388 670 2401 706 :
2434 666 2496 705 ea
2524 651 2667 705 enim
2697 659 2817 721 quae
2848 651 2899 703 in
2931 650 3078 704 illum
3110 652 3540 718 committuntur,
3568 653 3625 708 in

2012 760 2099 799 me
2126 750 2407 797 transeunt
2440 760 2453 797 :
2488 740 2681 797 eodem
2730 740 2892 796 modo
2915 750 2969 796 et
2993 741 3167 794 bonus
3199 740 3457 796 Dominus
3476 782 3495 809 ,
3517 737 3627 796 Pe-

2012 840 2153 908 perci
2178 837 2285 901 tibi,
2319 836 2509 907 inquit,
2537 844 2593 888 ut
2620 851 2682 888 ne
2708 850 2943 903 peccares
2959 835 3012 888 in
3040 849 3137 889 me.
3158 834 3284 900 Mei,
3313 834 3514 903 inquit,
3544 832 3625 889 fn-

2011 928 2141 983 muli
2176 936 2320 992 sunt,
2350 936 2406 981 et
2456 926 2593 981 adeo
2643 926 2773 979 mihi
2814 923 3199 989 commendati,
3227 934 3287 979 ut
3323 922 3453 979 milii
3504 925 3623 980 fieri

2012 1020 2315 1075 existimem
2347 1028 2704 1087 quaecumque
2736 1016 2842 1071 illis
2872 1017 3025 1078 fiunt,
3049 1016 3164 1071 sive
3187 1016 3325 1072 bona
3360 1016 3488 1084 sint,
3508 1016 3625 1072 sive

2012 1128 2117 1167 non
2149 1113 2287 1166 bona
2324 1128 2336 1164 :
2372 1108 2656 1181 PrOpterea
2686 1124 2791 1161 non
2820 1108 2994 1161 dimisi
3016 1117 3091 1174 te,
3122 1116 3178 1161 ut
3225 1118 3458 1179 tangercs
3486 1122 3621 1161 eam.

2010 1205 2274 1273 Quoniam
2330 1217 2579 1273 magnam
2636 1216 2825 1256 eorum
2872 1217 3054 1256 curam
3095 1217 3247 1273 gero,
3278 1204 3455 1257 sciens
3479 1202 3624 1273 quod

2013 1294 2109 1368 per
2140 1295 2494 1366 ignorantiam
2526 1294 2667 1349 hanc
2698 1295 2776 1349 eis
2796 1294 3179 1349 centumeiiam
3208 1295 3448 1349 facturus
3475 1309 3619 1361 eras,

2015 1386 2231 1458 Peperci
2260 1387 2369 1451 tibi,
2401 1395 2455 1439 ut
2480 1403 2541 1439 ne
2569 1402 2802 1456 peccares
2842 1384 2897 1438 in
2942 1401 3040 1439 me.
3074 1385 3155 1440 Ne
3202 1384 3519 1455 simpliciter
3565 1392 3625 1441 ut

2012 1481 2319 1551 quempiam
2344 1480 2645 1549 vulgarium
2669 1478 2929 1548 respicias
2951 1476 3096 1533 hunc
3122 1478 3295 1532 virum
3318 1496 3330 1531 :
3356 1477 3450 1533 sed
3473 1476 3625 1534 disce

2013 1556 2136 1628 eum
2170 1587 2235 1628 ex
2260 1586 2486 1627 numero
2518 1571 2731 1624 illorum
2764 1585 2907 1637 esse,
2941 1585 3171 1641 quorum
3202 1586 3303 1641 ego
3330 1571 3623 1625 maximum

2012 1680 2194 1721 curam
2235 1676 2365 1735 gero
2386 1706 2399 1729 ,
2446 1674 2501 1718 et
2536 1664 2627 1734 qui
2654 1664 3001 1733 peculiariter
3027 1663 3134 1719 mei
3177 1672 3321 1718 sunt.
3358 1664 3410 1716 7.
3443 1663 3625 1719 Redde

2012 1758 2171 1828 igitur
2200 1771 2409 1811 uxorem
2439 1756 2568 1820 viro,
2597 1755 2719 1827 quia
2751 1756 3000 1825 propheta
3025 1764 3120 1822 est,
3150 1765 3196 1810 et
3226 1754 3394 1809 orabit
3426 1771 3522 1826 pro
3546 1766 3615 1822 te,

2014 1860 2061 1905 et
2088 1852 2239 1905 vives.
2270 1849 2406 1904 Vide
2439 1848 2713 1918 quomodo
2754 1850 3010 1905 virtutem
3044 1850 3175 1919 justi
3222 1850 3460 1921 detegit:
3492 1865 3622 1921 pro-

2014 1943 2231 2013 phetam
2266 1942 2440 2012 ipsum
2473 1951 2665 2010 vocat,
2696 1951 2752 1997 et
2790 1941 3181 2010 propemodum
3213 1941 3411 2007 efﬁcit,
3440 1952 3497 1995 ut
3526 1957 3624 1997 rex

2014 2034 2311 2103 supplicem
2335 2048 2393 2088 se
2423 2034 2471 2088 ei
2500 2032 2757 2103 praebeat.
2789 2032 2969 2087 Orabit
2990 2032 3137 2089 enim
3171 2016 3263 2104 pro
3291 2043 3369 2099 te,
3390 2043 3437 2087 et
3466 2034 3621 2088 vives.

2015 2125 2109 2182 Ille
2139 2127 2336 2183 etenim
2360 2167 2375 2194 ,
2410 2127 2602 2197 inquit,
2627 2126 2831 2182 veritus
2862 2139 2930 2181 ne
2961 2126 3302 2181 occideretur
3332 2142 3362 2180 a
3396 2125 3625 2190 te,lianc

2015 2219 2336 2274 commdiam
2367 2218 2640 2284 instruxit,
2676 2228 2729 2271 et
2756 2218 2908 2288 quasi
2938 2227 3266 2287 cooperatus
3296 2226 3380 2272 est
3413 2217 3464 2272 in
3494 2232 3625 2273 con-

2016 2313 2290 2367 tumeliam
2342 2311 2520 2367 Sarra:
2551 2328 2565 2364 :
2599 2297 2762 2365 scias
2792 2322 2976 2366 autem
3027 2311 3171 2367 illius
3221 2326 3411 2381 preces
3454 2313 3621 2367 vitam

2018 2406 2109 2462 tibi
2166 2406 2485 2475 praebituras
2532 2420 2673 2461 esse.
2706 2404 2909 2460 Deinde
2958 2414 3017 2460 ut
3068 2421 3136 2461 ne
3183 2406 3623 2477 concupiscentia

2018 2500 2281 2572 ﬂagrans,
2320 2510 2375 2555 et
2433 2498 2827 2570 pulchritudine
2880 2497 3061 2555 Same
3113 2500 3325 2567 victus,
3368 2498 3623 2555 mandata

2017 2602 2347 2658 contemnat,
2371 2592 2611 2646 immittit
2639 2600 2695 2647 et
2719 2594 3008 2659 timorem,
3031 2602 3087 2647 et
3117 2592 3377 2663 majorem
3408 2604 3623 2661 poenam

2019 2684 2251 2737 minatur
2270 2698 2331 2738 se
2356 2682 2721 2739 inducturum.
2754 2682 2906 2750 Quod
2936 2685 2979 2739 si
3009 2701 3110 2740 non
3139 2685 3338 2738 dederis
3361 2726 3376 2751 ,
3404 2676 3623 2755 inquit,

2017 2777 2149 2831 scias
2188 2776 2322 2843 quod
2367 2776 2595 2831 morieris
2633 2787 2687 2831 tu
2732 2787 2778 2830 et
2822 2777 2993 2831 omnia
3044 2787 3151 2830 tua.
3195 2775 3311 2830 Non
3362 2776 3538 2831 solum
3569 2784 3628 2832 tu

2019 2867 2399 2923 iuobedientize
2427 2883 2645 2938 poenam
2671 2868 2794 2923 lues
2812 2910 2828 2936 ,
2857 2868 2951 2923 sed
2982 2879 3038 2923 et
3066 2867 3248 2923 omnia
3280 2877 3369 2922 tua
3407 2878 3629 2940 propter

2022 2970 2072 3016 te
2100 2975 2246 3016 mors
2270 2960 2481 3030 perdet.
2512 2960 2593 3016 Ob
2621 2961 2723 3014 hoc
2745 2970 2923 3015 autem
2955 2977 3049 3030 per
3077 2971 3287 3029 tempus
3312 2962 3487 3016 noctis
3513 2961 3630 3018 haec

2017 3053 2198 3107 omnia
2228 3051 2369 3106 Deus
2400 3051 2449 3106 ei
2479 3051 2734 3121 loquitur,
2765 3061 2825 3105 ut
2846 3052 2897 3105 in
2924 3052 3104 3120 quiete
3135 3058 3356 3118 accepta
3384 3050 3630 3106 adiuoula-

2021 3144 2187 3208 tione,
2222 3158 2419 3214 magno
2451 3142 2644 3197 timore
2669 3144 2926 3212 imperata
2957 3142 3133 3199 faciat.
3164 3143 3216 3197 8.
3249 3142 3382 3196 Nam
3408 3141 3627 3209 Statim,

2020 3236 2213 3306 inquit,
2246 3252 2398 3289 mane
2428 3252 2644 3307 surgens
2668 3235 2958 3289 Abimclech
2987 3235 3177 3288 vocavit
3200 3252 3381 3307 pueros
3406 3252 3550 3302 suos,
3577 3246 3625 3290 et

2021 3327 2261 3396 loquutus
2280 3336 2350 3380 est
2381 3327 2553 3379 omnia
2586 3326 2731 3379 verba
2763 3324 2873 3377 hwc
2906 3326 2959 3378 in
2988 3342 3139 3379 aures
3161 3343 3357 3379 eorum.

2093 3419 2147 3473 4.
2183 3416 2319 3472 Vide
2356 3417 2628 3487 quomodo
2671 3432 2768 3470 rex
2816 3414 2873 3469 fit
2906 3431 3082 3486 pra'co
3112 3417 3325 3471 virtutis
3348 3418 3478 3487 justi
3516 3460 3531 3486 ,
3576 3426 3632 3476 et

2022 3525 2145 3567 eum
2177 3509 2426 3564 omnibus
2452 3507 2795 3563 manifestum
2836 3508 3035 3563 reddit.
3076 3509 3296 3564 Vocatis
3326 3510 3471 3565 enim
3504 3551 3517 3574 ,
3552 3510 3633 3566 in-

2021 3603 2156 3673 quit,
2190 3602 2442 3656 omnibus
2462 3601 2643 3671 pueris
2670 3600 2783 3655 suis
2806 3642 2821 3665 ,
2863 3601 3101 3655 narravit
3129 3602 3307 3655 omnia
3330 3602 3431 3657 sibi
3461 3617 3491 3656 a
3520 3602 3633 3659 Deo

2021 3694 2383 3761 manifestata,
2404 3702 2460 3749 ut
2485 3708 2675 3748 omnes
2698 3694 2900 3749 scirent
2926 3702 2981 3748 et
3006 3693 3101 3749 Dei
3127 3710 3250 3765 erga
3285 3693 3431 3748 illum
3464 3694 3634 3751 bene-

2020 3789 2332 3850 volentiam,
2364 3795 2703 3858 et‘quantum
2734 3786 2842 3841 Deo
2869 3801 3013 3841 cura:
3042 3795 3184 3841 esset
3216 3794 3435 3857 propter
3464 3787 3633 3856 ipsius

2022 3893 2213 3935 mores
2236 3888 2292 3935 et
2316 3879 2590 3933 virtutem.
2642 3877 2943 3932 Timuerunt
2973 3886 3140 3930 autem
3176 3893 3349 3932 omnes
3395 3878 3625 3934 homines

2021 3973 2189 4027 valde.
2218 3971 2408 4026 Vidisti
2438 3969 2710 4041 quomodo
2749 3983 2854 4024 nou
2899 3969 3095 4023 frustra
3131 3978 3182 4023 et
3229 3968 3434 4038 absque
3463 3984 3627 4025 causa

2025 4066 2184 4120 toties
2213 4062 2628 4135 transmigrabat
2666 4062 2891 4132 justus?
2924 4061 3056 4116 Nam
3102 4061 3147 4116 si
3182 4062 3235 4115 in
3285 4062 3632 4117 tabernaculo

2023 4172 2121 4211 suo
2150 4156 2320 4226 primo
2350 4156 2631 4209 mansisset
2661 4194 2676 4219 ,
2709 4153 2852 4208 unde
2895 4153 3196 4221 potuissent
3220 4152 3485 4208 Gcraritas
3508 4170 3631 4209 om-

2026 4264 2120 4303 nes
2141 4248 2278 4303 scire
2300 4256 2552 4316 quantam
2566 4245 2742 4315 justus
2754 4243 2895 4313 apud
2916 4244 3085 4299 Deum
3109 4243 3327 4298 haberet
3356 4243 3632 4300 ﬁduciam?

2031 4339 2325 4411 Timuerunt
2360 4349 2529 4391 autem
2552 4353 2725 4391 omnes
2750 4337 2977 4389 homines
3004 4335 3169 4389 valde.
3204 4335 3423 4407 Magnus
3451 4337 3504 4391 in
3529 4351 3627 4393 eos

2030 4433 2190 4486 timor
2236 4430 2506 4484 immissus
2552 4429 2618 4482 de
2664 4442 2842 4483 rerum
2882 4441 3091 4481 summa
3143 4425 3371 4481 faciebat
3418 4429 3629 4483 anxios.

2026 4523 2217 4578 Postea
2263 4522 2539 4591 sequitur:
2572 4519 2626 4574 9.
2669 4519 2877 4573 Vocauit
2917 4519 3207 4573 Abimelech
3252 4520 3628 4577 Abrahamum.

2024 4614 2318 4670 Considera
2351 4613 2403 4667 in
2444 4620 2643 4682 quanta
2669 4611 2835 4681 gloria
2859 4611 3038 4679 justus
3066 4621 3250 4681 postea
3274 4611 3414 4679 apud
3444 4627 3628 4683 regem

2026 4706 2156 4775 agit,
2188 4704 2275 4775 qui
2306 4703 2463 4774 paulo
2485 4710 2640 4757 antea
2659 4701 2727 4757 ab
2751 4703 2999 4758 onmibus
3015 4704 3289 4773 despectui
3312 4703 3634 4775 habebatur,

2026 4799 2178 4868 quasi
2209 4811 2333 4852 erro
2360 4804 2413 4851 et
2440 4794 2772 4865 peregrinus.
2799 4795 2963 4864 Igitur
2990 4809 3108 4848 cum
3133 4810 3320 4849 omnes
3342 4795 3629 4851 convenis-

2027 4897 2167 4955 sent,
2198 4899 2423 4941 vocatur
2447 4888 2627 4940 statim
2655 4886 2979 4956 patriarcha.
3001 4886 3089 4955 qui
3116 4885 3245 4940 nihil
3270 4886 3461 4939 horum
3494 4886 3633 4941 scis»

2029 4983 2119 5037 bat
2152 4981 2461 5050 ,didicitque
2492 4988 2673 5049 postea
2703 4994 2734 5033 a
2760 4992 2885 5048 rege
2914 4978 3028 5046 ipso
3063 5019 3077 5043 ,
3110 4992 3229 5045 quze
3269 4987 3489 5049 propter
3512 4992 3575 5033 se
3602 4994 3633 5034 ε

2030 5076 2141 5130 Deo
2168 5076 2241 5129 illi
2287 5073 2420 5127 facta
2458 5081 2634 5126 erant.
2661 5070 2808 5125 Dixit
2846 5070 2977 5123 enim
3009 5070 3053 5122 ei
3074 5087 3092 5122 :
3123 5068 3294 5135 Quare
3328 5072 3423 5123 hoc
3471 5072 3634 5143 fecisti

2028 5168 2221 5222 nobis?
2245 5166 2367 5236 quid
2394 5165 2707 5231 peccauimus
2734 5165 2787 5216 in
2815 5172 2863 5216 te
2890 5205 2902 5227 ,
2935 5162 3071 5231 quod
3093 5163 3343 5215 induxiin
3368 5179 3514 5232 super
3553 5180 3635 5218 me

2029 5270 2075 5314 et
2097 5275 2247 5327 super
2279 5272 2488 5326 regnum
2519 5272 2683 5309 meum
2703 5266 2962 5324 peccatum
2982 5270 3222 5323 magnum
3252 5254 3277 5305 .’
3300 5252 3449 5318 Rem,
3478 5272 3635 5323 quam

2028 5354 2201 5405 nullus
2223 5354 2430 5419 faceret,
2466 5349 2629 5417 fecisti
2658 5347 2823 5401 nobis.
2856 5348 2941 5402 10.
2968 5345 3105 5409 Quid
3127 5346 3299 5399 videns
3326 5347 3493 5415 fecisti
3515 5348 3636 5402 hoc?

2030 5443 2207 5510 Quare
2234 5443 2287 5495 in
2318 5449 2547 5502 tantum,
2580 5440 2771 5509 inquit,
2798 5440 3009 5493 voluisti
3044 5453 3131 5492 me
3171 5438 3408 5494 incidere
3439 5454 3634 5509 pecca-

2030 5536 2181 5589 tum?
2209 5550 2305 5588 cur
2328 5546 2378 5586 et
2399 5531 2519 5602 quid
2551 5533 2794 5601 cogitans
2832 5532 2933 5586 hoc
2965 5532 3181 5587 fecisti?
3207 5531 3337 5587 Vide
3366 5534 3638 5600 quomodo

2030 5644 2127 5699 per
2164 5626 2325 5681 verba
2374 5610 2466 5679 sua
2516 5625 2716 5679 indicat
2760 5624 2933 5679 minas
2965 5666 2979 5689 ,
3010 5641 3131 5694 quae
3176 5640 3206 5679 a
3249 5626 3356 5680 Deo
3385 5626 3484 5680 sibi
3514 5636 3639 5682 sunt

2031 5722 2201 5775 factm.
2226 5719 2489 5787 Quoniam
2510 5719 2653 5773 enim
2692 5717 2903 5771 dixerat
2934 5719 3005 5783 ei,
3040 5718 3188 5783 Quod
3209 5720 3254 5772 si
3277 5736 3375 5772 non
3403 5721 3638 5773 reddide-

2040 5816 2131 5882 ris,
2161 5813 2392 5866 morieris
2423 5822 2474 5864 tu
2514 5820 2558 5865 et
2585 5810 2754 5864 onmia
2787 5819 2873 5862 tua
2899 5828 2915 5861 :
2950 5809 3049 5863 hoc
3082 5810 3253 5879 ipsum
3280 5811 3634 5880 interpretans
