4178 6328
581 363 696 419 419

586 464 897 525 ΑιιὶιιιαιεΟΙι
935 463 1066 521 dicit
1099 481 1112 519 :
1147 461 1285 532 Quid
1317 462 1518 532 peccatu
1543 461 1596 516 t'tt
1623 468 1672 515 ιο
1702 499 1720 526 ,
1748 456 1886 528 quod
1912 451 2162 510 indusiati

579 570 730 626 super
763 571 846 611 nte
866 565 916 610 et
957 571 1112 626 super
1137 569 1346 626 regnant
1387 568 1551 607 mestus
1597 558 1856 623 peccatum
1882 543 2164 619 manus!

579 647 840 720 ﬁumquid
883 647 1031 704 solus
1070 661 1258 718 penu
1286 660 1436 702 eram
1464 644 1687 699 daturus
1705 641 1730 696 τ
1749 639 1921 696 Omne
1944 651 2164 710 regnum

499 763 509 775 -
579 753 758 796 meum
783 739 940 795 simul
965 737 1294 809 perdendum
1324 745 1441 793 erat
1459 751 1524 790 ex
1550 733 2050 807 dcceptionequam
2083 727 2164 783 fe-

578 829 721 887 sisti.
738 829 875 896 Quid
896 830 1064 885 uidisti
1086 839 1138 885 at
1159 829 1253 884 hoc
1271 830 1460 902 faceres
1479 827 1504 882 τ
1521 823 1811 882 Considera
1829 821 1935 887 hic,
1951 820 2164 884 dilecte,

581 916 710 991 ltili
730 921 1087 993 prudentiam,
1106 918 1373 991 quomodo
1388 915 1768 974 satisfactionis
1793 914 1909 970 loco
1939 911 1993 966 in
2018 910 2170 981 agni-

587 1010 784 1066 tionem
835 1010 929 1065 Dei
980 1011 1102 1066 illos
1149 1008 1471 1064 introducat.
1503 1008 1589 1063 ll.
1616 1004 1741 1060 Dixi
1766 1003 1932 1069 enim,
1956 999 2164 1072 inquit,

583 1098 728 1156 Nam
764 1100 894 1171 forte
920 1116 1021 1154 non
1044 1109 1120 1155 est
1149 1100 1301 1153 timor
1325 1096 1422 1152 Dei
1456 1099 1510 1151 in
1544 1097 1656 1151 loco
1681 1095 1800 1159 isto,
1831 1107 2009 1162 meque
2035 1091 2170 1146 occi-

581 1194 703 1251 dent
727 1203 933 1267 propter
958 1210 1166 1250 mrem
1185 1191 1258 1266 (a)
1284 1194 1312 1249 I
1347 1191 1508 1262 Quasi
1527 1190 1750 1256 diceret,
1769 1187 1934 1244 Valde
1957 1199 2169 1243 mecum

580 1286 773 1340 anxius
799 1283 893 1350 fni,
923 1300 990 1339 ne
1017 1285 1152 1340 forte
1177 1299 1243 1340 eo
1268 1283 1408 1355 quod
1435 1282 1609 1338 adhuc
1636 1279 1909 1337 erroribus
1935 1276 2166 1333 tenemi-

581 1374 674 1444 ni,
705 1376 849 1431 nulla
903 1372 1052 1431 vobis
1104 1376 1323 1446 justitiae
1369 1389 1492 1430 cura
1543 1374 1653 1428 sit:
1686 1379 1902 1443 propter
1949 1368 2054 1425 boc
2097 1367 2172 1424 si-

581 1466 802 1533 mulavi,
833 1466 982 1521 vobis
1003 1479 1225 1535 parcens
1256 1505 1272 1530 .
1316 1475 1374 1520 ut
1403 1480 1470 1520 ne
1499 1506 1515 1530 ,
1568 1463 1615 1518 si
1663 1461 2026 1532 intelligeretis
2052 1472 2172 1514 eam

583 1572 806 1613 uxorem
845 1572 1018 1612 meam
1058 1555 1222 1613 fuisse
1251 1597 1267 1620 ,
1296 1557 1436 1626 capti
1462 1555 1579 1626 ejus
1606 1568 1790 1608 amore
1813 1550 2060 1608 occidere
2086 1563 2174 1605 me

581 1647 887 1704 tentarctis.
919 1646 1053 1704 Vide
1077 1647 1344 1718 quomodo
1391 1661 1487 1718 per
1524 1660 1690 1718 pauca
1732 1644 1822 1700 illa
1861 1643 2024 1700 verba
2053 1641 2175 1698 illos

581 1748 800 1812 carpat,
824 1750 880 1798 et
924 1741 1084 1797 simul
1123 1740 1314 1796 doceat
1352 1749 1600 1812 oportere
1645 1754 1768 1794 eum
1795 1737 1884 1808 qui
1924 1736 2092 1791 Deum
2119 1734 2175 1789 lu

583 1839 762 1887 mente
791 1831 972 1899 habet,
1000 1832 1128 1886 nihil
1154 1831 1392 1902 iniquum
1417 1845 1577 1902 agere
1603 1870 1619 1895 ,
1649 1828 1746 1886 sed
1773 1827 1988 1899 vigilem
2018 1824 2171 1881 illum

585 1922 800 1979 oculum
831 1924 1058 1990 timere,
1087 1933 1143 1980 ct
1169 1923 1238 1980 ob
1266 1937 1478 1994 pinnam
1509 1965 1526 1990 ,
1548 1937 1667 1993 qua:
1686 1921 1755 1977 ab
1776 1920 1867 1976 illo
1886 1919 2126 1975 imminet
2153 1955 2172 1984 ,

586 2015 804 2069 multam
841 2014 1061 2084 justiti:
1097 2029 1278 2070 curam
1317 2029 1528 2086 gerere.
1558 2013 1752 2069 Postea
1780 2011 1966 2067 volens
1993 2025 2090 2082 pro
2115 2023 2176 2066 se

587 2101 950 2160 defensionem
977 2103 1192 2172 afferre,
1215 2103 1304 2161 Ne.
1323 2102 1539 2175 putetis,
1564 2103 1769 2174 inquit,
1802 2117 1888 2157 me
1905 2101 2067 2157 etiam
2092 2100 2174 2157 sic

587 2194 867 2250 mentitum
893 2209 1032 2250 esse.
1062 2196 1146 2252 l2.
1177 2194 1379 2251 Etenim
1398 2210 1543 2250 soror
1562 2209 1674 2248 mea
1691 2201 1764 2247 est
1792 2207 1855 2247 ea
1875 2201 2019 2263 patre
2036 2231 2052 2256 ,
2082 2189 2176 2248 sed

587 2301 690 2340 non
721 2303 785 2340 ea:
811 2296 1006 2352 matre;
1031 2287 1155 2342 data
1193 2298 1362 2342 autem
1404 2285 1530 2340 mihi
1571 2295 1645 2340 est
1685 2286 1738 2339 in
1783 2299 2016 2339 mrem.
2042 2283 2179 2352 Quia

586 2378 829 2434 eumdem
859 2388 1061 2450 patrem
1091 2389 1240 2435 vocat
1260 2421 1277 2446 ,
1305 2379 1516 2448 inquit.
1545 2392 1704 2448 quem
1731 2387 1786 2432 et
1805 2389 1936 2447 ego;
1965 2373 2089 2440 ideo
2115 2381 2173 2430 et

589 2483 830 2526 sororem
877 2471 1046 2541 ipsam
1097 2470 1304 2526 vocavi.
1351 2468 1431 2526 Ne
1467 2468 1625 2540 igitur
1655 2465 2022 2523 condemnetis
2068 2480 2176 2521 me.

593 2557 726 2614 Nam
763 2560 866 2616 etsi
906 2577 936 2612 ιι
958 2569 1077 2614 etus
1116 2559 1304 2614 mortis
1330 2559 1383 2614 in
1409 2557 1545 2613 banc
1571 2572 1656 2613 me
1685 2555 2057 2612 necessitatem
2081 2569 2178 2610 co-

593 2650 784 2722 egerit,
805 2661 860 2706 et
879 2650 999 2721 quia
1029 2651 1175 2706 timui
1203 2665 1270 2706 ne
1293 2649 1432 2705 forte
1457 2659 1673 2722 propter
1697 2663 1816 2703 eam
1850 2663 1937 2704 me
1963 2646 2179 2703 occide-

588 2741 755 2806 rctis,
786 2742 951 2811 ipsam
1001 2751 1180 2796 autem
1231 2740 1285 2795 in
1335 2739 1442 2795 vita
1481 2738 1911 2796 conservaretis:
1939 2745 2178 2793 attamen

587 2843 761 2901 neque
775 2832 854 2886 sic
879 2837 963 2887 est
985 2830 1318 2886 nieiidacium
1348 2829 1489 2902 quod
1518 2843 1548 2884 a
1570 2844 1656 2886 me
1683 2829 1883 2886 dictum
1906 2835 2010 2884 est.
2044 2826 2176 2884 Vide

589 2935 748 2991 quam
773 2919 1058 2991 diligenter
1081 2920 1188 2992 agit
1217 2921 1428 2991 justus,
1459 2929 1516 2976 ut
1553 2925 1815 2975 monstret
1837 2931 1896 2973 se
1923 2931 2096 2987 neque
2123 2915 2179 2972 in

589 3008 694 3066 hoc
715 3013 1019 3066 mentitum.
1053 3011 1120 3066 Et
1146 3020 1207 3067 ut
1231 3012 1409 3067 omnia
1432 3051 1448 3077 ,
1481 3011 1652 3081 inquit
1678 3051 1693 3076 ,
1722 3009 2001 3080 diligenter
2029 3023 2059 3062 a
2080 3022 2165 3064 me

587 3101 792 3169 sciatis,
817 3101 996 3158 audite
1016 3111 1071 3159 et
1095 3103 1375 3158 consilium
1399 3142 1414 3166 ,
1443 3101 1586 3173 quod
1608 3102 1747 3157 inter
1784 3115 1885 3157 nos
1907 3100 2178 3167 inivtmus,

590 3192 680 3250 i5.
710 3192 926 3260 Quando
979 3194 1155 3248 eduxit
1212 3209 1294 3248 me
1348 3191 1486 3247 Deus
1538 3193 1604 3247 de
1641 3191 1792 3249 domo
1849 3191 2008 3261 patris
2060 3191 2180 3248 mei.

593 3284 884 3341 Considera
910 3325 928 3351 ,
957 3285 1183 3340 obsecro
1210 3324 1227 3350 ,
1251 3283 1339 3338 hic
1384 3297 1632 3353 magnam
1657 3281 1787 3351 justi
1816 3280 2134 3351 sapientiam
2160 3321 2175 3339 .

588 3375 858 3447 quomodo
886 3375 939 3430 in
971 3376 1113 3431 serie
1145 3375 1465 3430 narrationis
1484 3374 1640 3430 docet
1665 3388 1762 3429 eos
1783 3413 1800 3440 ,
1827 3387 1890 3429 se
1913 3386 1944 3426 a
1973 3373 2178 3442 princi-

585 3466 686 3535 pio
710 3463 874 3520 fuisse
901 3465 1238 3535 peculiariter
1281 3464 1554 3520 addictum
1599 3463 1711 3520 Deo
1736 3503 1753 3531 ,
1783 3471 1839 3519 et
1868 3462 2038 3519 Deum
2066 3476 2125 3518 se
2151 3475 2183 3517 a

509 3586 511 3588 -
597 3555 763 3613 domo
785 3571 881 3612 sua
911 3557 1253 3624 evocavisse,
1285 3564 1340 3612 et
1377 3557 1429 3610 in
1472 3570 1596 3612 eum
1626 3554 1800 3612 locum
1842 3554 2096 3619 duxisse;
2126 3561 2187 3609 ut

591 3647 728 3705 sciat
753 3663 848 3704 rex
878 3689 895 3714 ,
924 3663 991 3704 ex
1033 3662 1217 3702 eorum
1257 3660 1482 3704 numero
1519 3660 1640 3703 esse
1681 3645 2048 3702 Abrabamum
2089 3644 2184 3714 qui

593 3753 837 3809 magnam
885 3739 940 3794 in
973 3738 1084 3794 Deo
1125 3738 1322 3795 habent
1368 3737 1632 3794 ﬁduciam.
1677 3734 1896 3803 Quando
1920 3778 1936 3804 ,
1965 3735 2134 3805 inquit
2163 3773 2182 3802 ,

598 3831 777 3888 eduxit
790 3847 879 3886 sne
895 3828 1037 3885 Deus
1059 3848 1122 3887 ea:
1137 3831 1291 3886 domo
1318 3831 1478 3898 patris
1505 3831 1622 3895 mei,
1643 3828 1868 3884 dicebam
1896 3828 1942 3882 ei
1970 3842 1990 3882 :
2029 3826 2184 3882 Hanc

593 3922 837 3978 iustitiam
865 3920 1020 3992 [acies
1046 3923 1100 3976 in
1118 3937 1218 3987 me,
1243 3922 1295 3975 in
1314 3922 1451 3975 ontni
1472 3921 1604 3985 loco,
1629 3921 1680 3974 in
1707 3935 1855 3991 quem
1879 3918 2179 3984 venerimus,

594 4017 678 4070 die
709 4031 728 4069 :
763 4013 946 4068 Frater
973 4030 1113 4068 meus
1133 4023 1228 4068 est.
1275 4012 1408 4078 Quia
1454 4015 1599 4067 enim
1642 4010 1888 4079 superius
1930 4009 2181 4064 dixerat:

597 4105 723 4162 Dixi
752 4105 906 4169 enim,
939 4120 1063 4158 nam
1089 4107 1224 4176 forte
1250 4111 1446 4157 nonest
1466 4101 1618 4156 timor
1632 4100 1730 4156 Dei
1749 4100 1802 4154 in
1825 4099 1936 4153 loco
1961 4100 2058 4153 isto
2086 4138 2101 4161 ,
2130 4109 2186 4154 ct

593 4195 872 4252 videbatur
907 4208 1001 4250 eos
1024 4193 1244 4249 nimium
1270 4207 1512 4264 carpere,
1544 4191 1730 4247 volens
1753 4189 1998 4260 mitigare
2024 4203 2182 4259 aspe-

593 4288 806 4347 ritatem
832 4286 1000 4352 verbi,
1025 4285 1111 4341 hic
1147 4285 1296 4350 dicit,
1317 4284 1397 4340 Ne
1421 4283 1617 4355 putetis
1643 4297 1730 4340 me
1757 4279 1860 4336 hoc
1887 4281 2058 4334 solum
2095 4295 2183 4333 ve-

597 4379 695 4436 stri
720 4378 888 4448 gratia
909 4375 1119 4431 fecisse.
1139 4376 1325 4431 Statim
1347 4374 1488 4431 enim
1519 4371 1739 4440 Quando
1760 4371 1934 4424 eduxit
1953 4385 2030 4423 me
2048 4367 2184 4424 Deus

601 4471 662 4523 de
689 4471 836 4523 domo
872 4468 1029 4538 patris
1057 4470 1174 4530 mei,
1207 4468 1431 4520 dicebam
1459 4465 1528 4518 ad
1572 4480 1684 4517 eam
1713 4478 1732 4516 :
1767 4461 1913 4515 Hanc
1927 4461 2186 4531 justitiam

600 4560 756 4631 facies
794 4556 918 4610 mihi
947 4559 999 4611 in
1033 4557 1168 4610 omni
1197 4556 1304 4610 loco
1331 4596 1346 4619 ,
1390 4555 1445 4609 in
1484 4569 1631 4624 quem
1658 4552 1853 4607 venturi
1882 4567 2074 4606 sumus.
2111 4551 2186 4607 De

599 4648 868 4718 Olﬂliiblll,
899 4649 1085 4720 inquit,
1112 4648 1203 4720 qui
1237 4647 1589 4704 terram'banc
1613 4646 1934 4713 inhabitant,
1969 4646 2187 4701 manda-

601 4750 713 4794 tum
761 4738 812 4795 ei
859 4737 1094 4794 dedizet
1120 4738 1300 4794 docuit
1339 4738 1499 4794 etiam
1527 4738 1607 4794 sic
1645 4737 2037 4793 simulationem
2069 4738 2186 4792 sine

601 4828 878 4885 mendacio
898 4841 1038 4884 esse.
1069 4828 1252 4883 Mortis
1286 4829 1427 4884 enim
1460 4828 1618 4884 timor
1665 4828 1730 4882 ad
1773 4827 1873 4886 hoc
1915 4842 2011 4882 nos
2036 4843 2184 4882 com-

602 4920 756 4991 pulit.
805 4919 928 4974 llzec
958 4929 1016 4974 ut
1049 4919 1179 4974 dixit
1225 4919 1399 4990 justus
1428 4960 1445 4987 ,
1492 4921 1624 4974 iram
1662 4932 1847 4974 eorum
1895 4917 2182 4987 demulsit,

599 5027 862 5082 suamque
886 5011 1082 5065 detexit
1113 5012 1356 5066 virtutem
1389 5052 1403 5076 ,
1455 5021 1508 5066 rt
1537 5011 1884 5066 sufﬁcientem
1917 5009 2186 5080 religionis

603 5117 745 5157 veras
797 5102 1092 5156 doctrinam
1139 5102 1218 5155 ris
1262 5101 1495 5157 tradidit.
1551 5102 1831 5156 Deveritus
1877 5101 2038 5169 igitur
2093 5117 2183 5156 rex

605 5208 849 5262 magnam
873 5192 999 5263 justi
1025 5190 1481 5246 mansuetudinem
1507 5233 1522 5258 ,
1551 5204 1739 5262 magna
1768 5189 2082 5246 liberalitate
2101 5207 2187 5246 re-

607 5295 857 5341 tuuncrat
902 5283 1277 5353 patriarcham.
1326 5283 1462 5338 Dicit
1507 5283 1646 5338 enim
1679 5299 1692 5334 :
1723 5281 1807 5340 lt.
1842 5278 2044 5350 Accepit
2068 5283 2188 5335 Abi-

668 5417 740 5478 (a)
773 5424 884 5478 Huic
906 5415 1228 5478 Ahrabamum
1252 5414 1559 5478 loquentem
1605 5413 1788 5478 inducit
1802 5412 2188 5478 gbrysostomus,

602 5473 740 5541 quasi
761 5477 988 5541 videlicet
1007 5477 1282 5541 ibimelech
1308 5473 1360 5528 ei
1382 5476 1558 5541 subditi
1581 5475 1708 5524 circa
1742 5473 2191 5541 religionemerra-

367 5535 736 5605 aena-pa“.
765 5559 813 5602 ια
838 5540 996 5600 ωηιξη
1009 5535 1290 5605 “garipturze
1311 5538 1460 5605 seriei
1498 5535 1895 5605 noneousouat:
1924 5535 2189 5605 exbihetur

611 5595 742 5665 ait};
766 5595 1314 5670 l‘oii'éiéat'duastnon
1344 5596 1488 5670 modo
1512 5597 1614 5670 veri
1639 5595 1911 5670 peicultor,
1935 5597 2024 5670 sed
2045 5600 2188 5670 etiam

611 5659 741 5739 ἆξῖιὶἱί
763 5659 944 5739 illum
966 5659 1116 5739 ζουάβ
1131 5664 1274 5739 deum.
1307 5659 2190 5739 ἑβῖἓὲἓπὲ,⁶ἓῗῖίιέν¹έετέιῖονιξ-ἔφνέαἰξί

609 5719 936 5788 [Mor—lucina
960 5719 1059 5780 loco
1081 5729 1170 5780 ista
1191 5730 1213 5778 .9
1231 5723 1274 5776 ‘tl
1305 5722 1568 5788 dubitantis
1591 5733 1726 5769 more
1761 5719 1894 5782 dicit,
1937 5722 2048 5783 quia
2073 5719 2187 5770 reli-

609 5783 739 5858 tua
753 5812 789 5843 ις
810 5803 858 5848 et
885 5807 1044 5845 mores
1068 5792 1230 5857 gentis
1251 5783 1454 5838 tandem
1477 5793 1713 5847 expertus
1737 5791 1860 5834 erat.

1380 347 1437 406 3.
1477 343 1757 405 JOANNIS
1786 335 2256 400 CIIRYSOSTOII
2282 333 2601 395 ARCBIEP.
2641 332 3176 394 CONS‘I'ANTINOP.

3763 335 3877 395 ιω

2272 450 2464 508 meteclt
2486 448 2631 506 utilis
2656 448 2987 505 didrachmas
3007 487 3025 516 ,
3051 455 3099 505 α
3128 461 3269 515 osse,
3297 454 3344 503 et
3363 445 3570 515 suam,
3597 456 3649 503 et
3674 464 3870 512 serrae.

2269 553 2320 599 et
2342 543 2563 600 ancillas
2584 584 2602 611 ,
2646 553 2697 599 et
2741 541 2964 598 reddidit
2987 541 3068 597 illi
3095 539 3315 600 Serrani
3341 556 3552 598 norem
3579 557 3749 598 nam.
3781 540 3873 598 Vi-

2271 635 2400 692 disti
2426 678 2443 704 ,
2473 635 2666 692 dilecte
2687 673 2704 701 ,
2735 637 3159 707 omnipotentem
3200 643 3256 691 et
3299 634 3502 690 variam
3528 632 3628 690 Dei
3655 634 3875 705 sapien-

2273 727 2565 798 Ualeui
2591 728 2734 783 enim
2761 728 2815 783 in
2843 728 3036 785 mortis
3070 727 3310 798 periculo
3345 728 3672 786 constitutus
3702 740 3823 785 erat
3854 772 3873 794 ,

2273 829 2328 878 et
2347 821 2525 878 omnia
2545 818 2777 875 faciebat
2799 827 2857 874 ut
2881 825 3108 876 mortem
3139 828 3323 890 posset
3349 819 3587 891 ed'ugere
3604 860 3621 885 ,
3653 835 3764 876 non
3786 835 3871 876 sos

2272 911 2383 968 lum
2409 920 2638 967 mortem
2661 908 2867 981 edugit,
2887 909 2984 966 sed
3005 917 3060 966 et
3073 923 3320 980 magnam
3341 910 3571 967 obtinuit
3593 909 3875 981 Mucius,

2272 1009 2329 1058 et
2355 1009 2578 1070 repente
2598 999 2865 1073 gloriosus
2888 1001 3058 1057 factus
3081 1008 3186 1057 est.

2347 1091 2403 1147 5.
2431 1089 2490 1146 In
2517 1090 2663 1148 hunc
2685 1093 2830 1149 enim
2847 1090 3067 1148 modum
3082 1106 3244 1164 agere
3263 1090 3402 1149 solet
3427 1091 3570 1149 Deus
3599 1110 3615 1150 :
3642 1109 3754 1152 non
3778 1109 3875 1152 so-

2273 1181 2386 1238 lum
2413 1196 2444 1236 a
2478 1181 2723 1239 tristibus
2755 1182 2947 1239 liberat
2986 1197 3082 1239 eos
3121 1183 3216 1254 qui
3250 1182 3464 1241 fortiter
3503 1198 3564 1241 se
3596 1197 3796 1256 gerunt
3822 1189 3876 1242 in

2274 1273 2660 1331 tentationibus
2677 1315 2694 1343 ,
2725 1274 2778 1330 in
2804 1289 2940 1346 quas
2958 1274 3236 1341 incidunt;
3267 1274 3364 1331 sed
3389 1285 3442 1332 et
3466 1272 3668 1332 unum
3695 1277 3750 1332 in
3779 1277 3879 1333 ad-

2274 1368 2446 1424 versis
2471 1367 2676 1439 prrebet
2704 1367 2964 1434 latitiam,
2993 1366 3131 1423 utin
3159 1381 3346 1424 eorum
3383 1368 3709 1425 oblivionem
3749 1384 3876 1426 om-

2277 1458 2406 1514 nino
2432 1458 2678 1524 veniant,
2705 1466 2758 1514 et
2784 1456 2838 1515 in
2867 1457 3034 1515 multa
3055 1457 3166 1515 sint
3189 1456 3452 1515 bonorum
3476 1458 3773 1516 alliuentia.
3806 1459 3880 1518 Et

2275 1548 2400 1606 vide
2441 1548 2662 1619 insuper
2697 1548 2841 1620 regis
2878 1563 3007 1620 erga
3039 1547 3246 1619 justum
3275 1547 3428 1604 illum
3463 1548 3723 1606 ofﬁcium.
3753 1549 3876 1608 Non

2276 1641 2448 1698 solum
2468 1641 2609 1695 enim
2628 1639 2790 1696 tantis
2812 1639 3126 1696 muneribus
3149 1639 3297 1696 illum
3315 1639 3568 1709 honorat,
3589 1640 3686 1698 sed
3708 1643 3875 1698 etiam

2283 1739 2601 1802 potestatem
2639 1730 2688 1787 ei
2732 1729 2858 1798 dat,
2912 1730 3051 1787 utin
3079 1741 3221 1788 terra
3245 1746 3341 1788 sua
3371 1731 3594 1789 habitet.
3626 1734 3714 1791 i5.
3744 1732 3880 1791 Ecce

2277 1822 2412 1877 enim
2439 1862 2456 1887 ,
2490 1821 2661 1893 inquit
2685 1861 2703 1890 ,
2733 1831 2870 1877 terra
2892 1838 3008 1877 mea
3029 1837 3206 1878 coram
3233 1832 3285 1878 te
3303 1832 3378 1878 est
3403 1838 3425 1889 ,°
3461 1823 3766 1896 abicuraqu
3785 1827 3877 1883 tibi

2279 1912 2524 1982 placuerit
2547 1952 2564 1979 ,
2594 1910 2788 1968 habita.
2816 1910 2948 1967 Nam
2977 1912 3100 1984 quia
3128 1912 3312 1969 didicit
3341 1922 3560 1986 propter
3582 1915 3732 1972 illum
3765 1958 3784 1984 ,
3821 1926 3879 1973 et
3961 1979 3970 1985 _

2281 2014 2501 2076 propter
2526 2005 2666 2060 illius
2691 2020 2881 2078 preces
2917 2006 3084 2062 vitam
3110 2005 3211 2062 sibi
3236 2004 3418 2062 datam
3455 2021 3578 2064 esse
3603 2048 3620 2073 ,
3652 2008 3776 2064 ideo
3802 2010 3875 2064 ita

2278 2097 2336 2153 in
2375 2097 2747 2170 peregrinum.
2773 2113 3054 2166 erronem,
3091 2107 3146 2155 et
3189 2109 3349 2156 antea
3391 2100 3520 2156 nulli
3565 2103 3874 2174 cognitum,

2280 2192 2434 2262 quasi
2479 2192 2535 2247 in
2577 2190 2970 2248 benefactorem
2999 2199 3055 2248 et
3081 2199 3312 2248 tutorem
3338 2193 3569 2264 aliquem
3599 2193 3880 2252 ofﬁciosus

2281 2284 2402 2342 fuit.
2431 2286 2518 2342 i6.
2549 2285 2729 2342 Sarra
2751 2295 2924 2340 autem
2948 2325 2964 2350 ,
2996 2285 3189 2356 inquit,
3219 2285 3351 2340 dixit
3379 2301 3401 2340 :
3439 2284 3578 2341 Ecce
3597 2287 3720 2342 dedi
3739 2288 3883 2344 utilis

2281 2375 2612 2430 didrachmas
2633 2377 2784 2448 fratri
2809 2386 2920 2432 tuo.
2947 2374 3084 2432 Vide
3111 2375 3403 2447 quomodo,
3434 2385 3653 2448 accepta
3678 2393 3709 2433 a
3731 2378 3883 2448 justo

2278 2465 2519 2522 doctrina
2543 2506 2560 2532 ,
2586 2466 2814 2522 credidit
2831 2468 2949 2538 ejus
2970 2464 3129 2523 dictis
3145 2508 3160 2532 ,
3193 2475 3353 2538 atque
3381 2467 3496 2538 ipse
3521 2466 3742 2525 fratrem
3774 2469 3880 2526 hu-

2281 2555 2368 2627 jus
2398 2557 2545 2612 illum
2571 2567 2744 2612 vocat.
2781 2557 2862 2613 Ea
2882 2575 2997 2631 qua
3021 2559 3162 2626 dedi,
3195 2560 3386 2631 inquit,
3418 2561 3572 2632 fratri
3596 2570 3703 2628 tuo,
3731 2572 3883 2617 «aut

2280 2649 2336 2702 in
2359 2648 2604 2703 honorent
2631 2649 2801 2705 saltus
2827 2652 2927 2708 tui.
2949 2659 2996 2705 et
3010 2653 3182 2707 omnia
3207 2668 3323 2708 uere
3341 2652 3445 2708 dic.
3474 2652 3612 2722 Quid
3641 2663 3727 2710 est
3744 2695 3764 2721 ,
3805 2653 3878 2710 In

2279 2739 2525 2794 honorem
2549 2741 2716 2796 saltus
2741 2742 2850 2808 tui,
2879 2750 2929 2796 et
2971 2743 3145 2796 omnia
3180 2759 3295 2799 uere
3330 2742 3415 2798 die
3447 2744 3472 2798 τ
3523 2743 3628 2800 Pro
3656 2743 3725 2800 iis
3757 2759 3884 2815 quo

2283 2845 2382 2901 per
2403 2831 2755 2903 ignorantiam
2784 2846 3068 2904 aggressus
3085 2849 3202 2888 sum
3223 2874 3241 2900 ,
3269 2842 3322 2890 te
3343 2850 3465 2905 qua:
3487 2849 3549 2892 es
3572 2851 3707 2890 uxor
3721 2835 3880 2906 justi,

2284 2922 2338 2977 in
2367 2921 2588 2978 domum
2617 2938 2792 2978 meam
2831 2921 3262 2978 introducendo:
3291 2939 3389 2994 pro
3419 2923 3524 2980 hoc
3549 2925 3727 2980 solum
3753 2926 3882 2998 quia

2281 3012 2619 3069 contumeliae
2645 3013 2740 3070 tibi
2761 3022 2946 3071 auctor
2967 3013 3062 3080 fui,
3089 3014 3235 3070 mille
3257 3013 3379 3071 dedi
3406 3015 3770 3080 didrachmas,
3794 3031 3883 3073 re-

2284 3113 2530 3159 sarturus
2554 3119 2617 3160 ea
2647 3119 2767 3174 quae
2782 3119 2813 3160 a
2835 3119 2923 3160 me
2947 3104 3001 3160 in
3028 3114 3083 3161 te
3104 3104 3496 3160 suntadmissa.
3519 3103 3716 3160 Verum
3749 3104 3883 3161 Oni-

2285 3193 2371 3248 tu'a
2391 3209 2504 3248 sere
2529 3194 2633 3248 die.
2662 3192 2799 3264 Quid
2819 3194 3086 3265 signiﬁcat
3102 3235 3117 3259 ,
3144 3194 3331 3249 Omnia
3355 3211 3470 3250 sere
3485 3195 3568 3250 dic
3586 3195 3614 3250 7
3636 3194 3842 3252 Omnes
3864 3236 3882 3262 ,

2286 3284 2476 3356 inquit,
2503 3299 2534 3339 a
2566 3293 2618 3340 te
2646 3285 2856 3340 discant
2885 3285 3019 3340 nihil
3055 3284 3295 3355 iniquum
3321 3300 3354 3340 a
3385 3300 3477 3341 me
3501 3284 3699 3341 factum
3719 3299 3847 3342 esse
3865 3326 3883 3353 ,

2286 3377 2409 3447 quia
2432 3375 2628 3433 intacta
2655 3377 2862 3433 exivisti
2887 3378 2956 3434 de
2982 3376 3144 3432 domo
3169 3391 3310 3432 mea.
3341 3377 3516 3442 Doce,
3551 3376 3764 3448 inquit,
3799 3379 3885 3433 vi-

2287 3483 2408 3524 rum
2431 3477 2580 3524 tuum
2612 3509 2628 3537 ,
2663 3484 2784 3526 esse
2809 3483 2896 3525 me
2917 3469 3257 3525 innocentem
3285 3483 3314 3521 a
3343 3477 3564 3538 peccato
3593 3484 3608 3522 :
3649 3467 3827 3525 discat
3850 3483 3882 3524 a

2290 3569 2363 3624 te,
2391 3559 2524 3615 nihil
2546 3575 2574 3613 a
2604 3576 2691 3617 me
2720 3560 2917 3616 factum
2939 3574 3080 3617 esse.
3112 3560 3290 3628 Quare
3314 3574 3441 3615 vero
3471 3559 3586 3614 bac
3607 3559 3741 3615 dicit
3761 3560 3787 3614 ἲ
3815 3559 3887 3618 Ut

2287 3664 2410 3706 cum
2431 3649 2609 3721 justus
2646 3650 2716 3706 ab
2743 3665 2806 3706 ea
2835 3649 3124 3714 didicerit,
3152 3650 3440 3720 multisque
3475 3648 3634 3704 fuerit
3659 3648 3884 3706 rationi-

2289 3741 2393 3796 bus
2442 3739 2704 3808 edoctus,
2737 3755 2834 3809 pro
2873 3754 2940 3794 eo
2989 3751 3176 3809 [vaces
3225 3737 3450 3792 Domino
3491 3735 3704 3795 oderat.
3748 3738 3884 3794 Nam

2289 3843 2567 3905 postquam
2591 3832 2682 3888 ille
2704 3832 2835 3886 dixit
2864 3871 2878 3894 ,
2928 3829 3114 3886 Omnia
3141 3845 3254 3884 vere
3277 3829 3360 3884 die
3381 3845 3400 3883 :
3443 3829 3544 3886 hoc
3578 3839 3698 3886 est:
3734 3830 3880 3888 Doce

2289 3926 2462 3979 virum
2489 3935 2636 3980 tuum
2673 3938 2734 3978 ea
2755 3938 2875 3992 qua:
2901 3921 3039 3976 facta
3068 3930 3215 3987 sunt,
3243 3921 3421 3975 statim
3449 3919 3688 3976 subdidit
3730 3921 3886 3978 Scri-

2291 4028 2443 4088 ptura
2469 4017 2596 4072 :17.
2633 4016 2702 4069 Et
2738 4016 2900 4069 orauit
2927 4014 3183 4068 Abraham
3223 4012 3406 4079 Deum,
3439 4023 3486 4068 et
3517 4014 3717 4070 sanavit
3747 4013 3885 4070 Deus

2290 4108 2576 4163 Abimeieclt
2597 4149 2611 4173 ,
2633 4117 2679 4162 et
2709 4122 2914 4161 uxorem
2933 4106 3042 4176 ejus
3068 4146 3082 4170 ,
3113 4114 3159 4159 et
3176 4105 3392 4159 ancillas
3414 4105 3528 4172 eius
3554 4146 3570 4169 ,
3597 4115 3647 4159 et
3674 4121 3886 4175 pepere-

2289 4208 2408 4253 runt
2439 4215 2458 4253 :
2487 4198 2576 4254 i8.
2603 4197 2721 4267 quia
2753 4197 3061 4250 concludens
3083 4194 3395 4249 concluserat
3423 4185 3735 4248 extrinsecus
3766 4210 3884 4248 ous-

2291 4306 2405 4343 nent
2433 4289 2633 4344 uuluam
2660 4289 2714 4342 in
2741 4288 2891 4341 domo
2923 4285 3203 4340 Abimelech
3220 4293 3424 4356 propter
3440 4283 3656 4339 Sarram
3672 4300 3887 4339 uxorem

2291 4382 2530 4436 Abrahte.
2561 4381 2695 4434 V'ide
2733 4377 3004 4448 quomodo
3033 4377 3290 4431 Dominus
3325 4375 3516 4430 volens
3552 4375 3754 4444 justum
3788 4392 3886 4446 per

2292 4475 2469 4528 omnia
2502 4473 2726 4527 reddere
2753 4471 3097 4525 illustriorem
3124 4509 3139 4534 ,
3170 4468 3418 4537 precibus
3450 4465 3769 4536 patriarcha:
3797 4482 3886 4520 sa-

2294 4567 2457 4620 lutem
2492 4565 2630 4633 regis
2656 4577 2710 4619 ct
2741 4561 2978 4616 omnium
3001 4575 3121 4628 qua:
3149 4560 3200 4613 in
3223 4559 3384 4612 domo
3413 4557 3553 4612 illius
3583 4566 3758 4622 erant,
3789 4557 3886 4612 do-

2293 4668 2401 4711 nat.
2437 4656 2610 4709 Oravit
2639 4655 2806 4721 enim,
2842 4653 3030 4722 inquit,
3065 4650 3320 4704 Abraham
3351 4647 3516 4702 Deam
3554 4688 3570 4714 ,
3598 4657 3644 4701 et
3684 4663 3884 4702 sanam

2291 4747 2430 4803 Deus
2463 4744 2768 4810 Abimelrch;
2795 4753 2840 4798 et
2867 4759 3074 4798 uxorem
3099 4743 3226 4810 ejus,
3258 4751 3304 4794 et
3329 4741 3543 4795 ancillas
3567 4748 3697 4809 ejus,
3724 4751 3770 4794 et
3799 4759 3888 4810 pe-

2293 4847 2566 4910 pererunt:
2591 4837 2706 4904 quia
2736 4834 3039 4889 concludens
3067 4833 3379 4886 concluserat
3409 4829 3658 4884 Dominus
3683 4833 3882 4886 extrin-

2290 4947 2430 4986 secus
2468 4945 2669 4984 omnem
2697 4928 2891 4980 vulvam
2941 4926 2994 4980 in
3031 4926 3182 4978 domo
3207 4923 3513 4978 Abinteieclt.
3548 4923 3842 4990 Propterea
3870 4965 3885 4988 ,

2291 5019 2535 5092 quamvis
2583 5019 2788 5072 alienus
2826 5027 2969 5071 esset
3008 5033 3034 5068 a
3075 5026 3294 5086 peccato
3327 5029 3421 5068 rex
3450 5055 3466 5079 ,
3494 5014 3705 5084 plagam
3749 5012 3888 5068 banc

2294 5104 2502 5168 induxit
2544 5113 2714 5168 bonus
2755 5111 3047 5175 Dominus,
3093 5119 3147 5161 ut
3195 5109 3438 5177 precibus
3473 5107 3604 5175 justi
3641 5119 3887 5160 annuens

2294 5222 2410 5260 eam
2440 5206 2712 5270 solveret,
2738 5213 2790 5258 et
2816 5205 3018 5272 justum
3041 5203 3323 5255 clariorem
3346 5210 3398 5254 ct
3425 5200 3776 5254 illustriorem
3808 5200 3884 5254 ef-

2295 5301 2497 5354 ﬁceret.
2545 5299 2674 5353 Nam
2721 5313 2932 5366 semper
2979 5297 3153 5350 omnia
3208 5297 3272 5346 ita
3311 5295 3434 5348 facit
3471 5303 3526 5346 et
3568 5302 3805 5358 tractat,
3833 5302 3888 5348 et

2295 5393 2498 5462 singula
2525 5391 2814 5461 dispensat,
2843 5400 2895 5444 ut
2919 5390 3004 5458 qui
3034 5389 3130 5442 sibi
3161 5392 3401 5441 srvi-iuni
3425 5427 3440 5452 ,
3474 5388 3624 5456 quasi
3655 5387 3878 5442 lumina-

2297 5487 2376 5538 ria
2405 5481 2674 5538 roluceant
2695 5523 2708 5548 ,
2752 5492 2804 5536 et
2835 5496 3018 5535 eorum
3050 5483 3215 5532 Vll‘ltls‘
3253 5480 3446 5548 ubique
3473 5477 3795 5532 Celebretur.
3821 5474 3880 5532 Et

2299 5577 2692 5641 vidembsecro
2712 5617 2728 5642 ,
2757 5575 2981 5638 dilecte,
3016 5585 3291 5642 postquam
3313 5571 3513 5639 justum
3544 5570 3614 5622 ita
3641 5569 3880 5623 liberavit

2298 5684 2324 5720 a
2356 5668 2616 5722 molestiis
2648 5707 2664 5733 ,
2695 5665 2962 5733 quomodo
2991 5665 3179 5717 iterum
3213 5676 3417 5713 summa
3451 5659 3713 5714 bonorum
3739 5657 3882 5726 justo

2301 5759 2537 5828 traditur,
2564 5758 2954 5832 pollicitationis
2980 5757 3217 5820 effectu-3,
3246 5766 3296 5808 et
3325 5767 3468 5808 nunc
3498 5751 3752 5807 eveniunt
3765 5762 3885 5820 qua:
