4178 6328
224 390 303 450 l2!
1245 378 1308 433 ΙΝ
1351 376 1501 434 CAP.
1544 373 1689 432 XXI.
1733 365 1983 428 GENES.
2016 365 2249 424 HOMIL.
2290 364 2476 423 XLVI.

223 528 329 584 olim
357 525 478 579 illia
511 523 621 577 Deo
646 522 904 591 prcutissa
938 526 1078 572 sunt.
1128 514 1194 570 Et
1238 514 1487 568 Dominus
1512 552 1527 575 ,
1561 511 1733 579 inquit
1768 547 1782 571 ,

223 617 409 674 uisitauit
437 615 651 672 Sarram
672 656 687 677 ,
707 614 835 667 sicut
855 612 981 666 dixit
1008 651 1021 673 ,
1044 616 1089 664 et
1115 607 1231 681 fecit
1249 605 1427 662 Sarra:
1450 607 1578 659 sicut
1610 605 1789 671 loquu-

222 718 288 764 tus
310 717 392 763 est.
421 707 473 761 2.
497 705 564 759 Et
592 706 837 774 concepit,
865 701 1154 772 peperitque
1183 698 1346 754 Sarra
1373 696 1592 749 Abralue
1621 694 1788 764 ﬁlium

225 800 268 853 in
292 806 527 853 senectute
549 798 579 857 ,'
603 797 659 849 in
696 806 917 864 tempore
940 793 1069 847 sicut
1098 791 1336 861 loquutus
1361 797 1435 842 est
1463 786 1507 840 ei
1537 785 1787 839 Dominus

226 890 352 961 (Cap.
378 874 486 957 2|).
512 886 653 955 Quid
679 894 782 953 est,
809 884 953 940 Sicut
974 884 1213 954 loquutus
1236 890 1329 943 est,
1348 889 1421 943 et,
1446 878 1595 933 Sicut
1614 876 1742 931 dixit
1764 875 1790 929 .’

228 975 889 1047 Quemadtnodum,inquit,
911 974 1173 1044 promisit,
1196 972 1409 1044 quando
1436 970 1665 1040 h05pitio
1689 984 1787 1024 ex-

221 1078 381 1139 ceptus
410 1077 491 1123 est
515 1083 640 1123 cum
675 1069 879 1138 angelis
906 1067 1045 1137 apud
1076 1081 1332 1137 quercum
1362 1063 1619 1120 Mambre.
1649 1061 1781 1116 Nam

218 1160 340 1230 quod
366 1159 492 1215 dixit
515 1176 530 1215 :
564 1159 634 1214 In
661 1170 884 1228 tempore
907 1159 1002 1212 hoc
1024 1159 1243 1217 ueniant,
1272 1165 1320 1210 et
1340 1156 1435 1209 erit
1452 1155 1630 1210 Sarra
1645 1152 1785 1221 ﬁlius

223 1248 354 1320 (Gen.
382 1250 464 1306 18.
493 1248 588 1321 24)
616 1268 630 1304 :
661 1250 763 1305 hoc
790 1264 930 1304 nunc
953 1263 1118 1317 opere
1144 1247 1418 1315 impletum
1445 1253 1545 1300 est.
1570 1244 1637 1298 Et
1666 1257 1785 1313 quin

222 1348 386 1393 natura
411 1339 729 1409 denegabat,
760 1353 824 1393 ea
848 1337 1101 1393 videbant
1134 1337 1380 1392 evenisse
1402 1376 1417 1400 ,
1450 1348 1556 1388 non
1587 1347 1783 1387 secun-

218 1428 328 1483 dum
366 1428 653 1483 humanum
690 1438 747 1483 et
774 1428 990 1483 solitum
1018 1440 1220 1482 morem
1256 1467 1271 1492 ,
1301 1425 1398 1480 sed
1423 1440 1519 1495 per
1545 1423 1782 1479 divinam

219 1521 438 1591 gratiam.
479 1522 533 1576 5.
568 1519 635 1574 Et
674 1520 867 1574 vocavit
905 1535 1087 1574 nomen
1126 1519 1221 1587 lilii
1254 1518 1336 1572 sui
1361 1559 1377 1583 ,
1417 1532 1562 1588 quem
1592 1513 1787 1585 peperit

220 1612 302 1682 ipsi
319 1610 493 1676 Sarra,
539 1611 714 1666 Isaae.
739 1612 855 1667 Non
880 1612 1081 1682 absque
1104 1617 1259 1665 causa
1284 1608 1594 1679 assignavit,
1626 1606 1789 1672 Quem

225 1704 392 1771 peperit
418 1703 512 1773 ipsi
537 1703 701 1757 Sarra
721 1718 741 1756 :
768 1718 874 1756 non
899 1701 1042 1757 enim
1067 1701 1202 1756 dixit
1220 1700 1540 1770 simpliciter
1556 1739 1572 1765 ,
1618 1696 1786 1751 Voca-

219 1796 278 1847 rit
294 1809 459 1848 nomen
472 1794 569 1862 ﬁlii
591 1795 712 1858 sui;
740 1794 835 1849 sed
849 1794 1061 1863 adjecit,
1088 1793 1247 1860 Quem
1260 1794 1453 1863 peperit
1472 1791 1573 1861 ipsi
1598 1791 1785 1853 Sarra,

220 1885 474 1940 infecunda
500 1886 587 1939 illa
614 1896 669 1941 et
692 1885 888 1940 vetula.
917 1886 970 1939 4.
995 1883 1063 1937 Et
1100 1884 1416 1937 circumcidit
1442 1899 1577 1949 mm,
1596 1882 1787 1950 inquit,

221 1975 291 2030 die
309 1985 473 2030 octavo
499 2016 514 2039 ,
546 1976 677 2031 sicut
720 1982 1027 2045 prmeeperat
1053 1971 1327 2027 Dominus.
1355 1972 1443 2027 Sic
1474 1970 1617 2026 enim
1647 1986 1787 2040 prae-

219 2073 406 2133 cepttnn
446 2074 774 2135 acceperat,
824 2074 880 2118 ut
916 2063 1003 2119 die
1044 2074 1235 2119 octavo
1277 2060 1790 2117 circumciderentur

220 2155 295 2223 qni
325 2154 536 2224 posthac
564 2168 935 2210 nascerentur.

283 2243 454 2298 Omnia
484 2242 593 2299 Deo
626 2247 984 2315 possibilia.—
1000 2244 1166 2301 Porro
1188 2253 1246 2299 ut
1273 2246 1495 2304 ulterius
1522 2244 1791 2299 discamus

221 2334 511 2390 ineffabilem
540 2337 834 2407 potentiam
866 2337 955 2392 Dei
987 2379 1001 2403 ,
1031 2346 1086 2392 et
1123 2352 1185 2391 ea
1217 2351 1336 2406 qua:
1376 2336 1517 2406 apud
1546 2335 1793 2392 homines

221 2423 544 2493 impossibilia
571 2434 735 2492 sunt,
764 2427 903 2497 apud
925 2443 1047 2483 eum
1076 2426 1349 2498 possibilia
1376 2441 1495 2481 esse
1535 2444 1547 2481 :
1592 2426 1794 2482 idcirco

221 2519 357 2573 nobis
387 2528 597 2589 tempus
625 2520 919 2591 assignavit
949 2521 1139 2575 iterum
1179 2519 1358 2575 divina
1388 2518 1661 2589 Scriptura
1698 2560 1712 2584 ,
1741 2529 1795 2573 et

219 2619 322 2677 post
347 2620 551 2678 partum
586 2612 747 2667 docet
786 2626 884 2667 nos
929 2610 1013 2667 his
1057 2611 1235 2667 verbis
1264 2629 1275 2665 :
1308 2611 1361 2665 5.
1392 2609 1648 2664 Abraham
1688 2620 1797 2665 erat

218 2714 448 2754 enatorum
474 2712 700 2767 centum,
721 2702 926 2771 quando
962 2713 1110 2756 natus
1143 2711 1216 2756 est
1242 2702 1288 2755 ei
1314 2699 1466 2755 Isaac
1485 2700 1794 2785 ﬁliusguus.

219 2789 264 2844 6.
290 2790 428 2845 Dixit
450 2804 623 2846 autem
645 2791 810 2847 Sarra
824 2809 844 2847 :
865 2791 1045 2847 Risum
1070 2792 1188 2864 fecit
1213 2791 1338 2846 mihi
1360 2791 1617 2850 Dominus
1634 2809 1654 2848 :
1681 2811 1799 2848 nam

216 2882 292 2952 qui
315 2884 502 2950 audiet,
520 2884 771 2955 gaudebit
793 2899 1015 2939 mecum.
1036 2883 1174 2953 Quid
1198 2891 1302 2949 est,
1323 2884 1503 2939 Risum
1533 2887 1650 2957 fecit
1673 2886 1799 2939 mihi

219 2973 448 3031 Dominus
477 2977 504 3031 .’
528 2976 753 3033 Iuntina:
795 2978 1007 3032 occasio
1052 2975 1182 3031 mihi
1223 2986 1404 3045 partus
1441 2987 1543 3031 est.
1577 2978 1638 3031 Et
1672 2977 1799 3047 quid

219 3067 415 3133 mirum,
441 3070 488 3124 si
518 3068 651 3123 mihi
679 3069 975 3140 gaudium?
1006 3068 1204 3125 Omnes
1230 3070 1396 3124 etiam
1419 3071 1507 3140 qui
1536 3071 1757 3126 audient
1774 3112 1791 3136 ,

219 3156 407 3215 habebo
431 3160 886 3230 congratulantes,
920 3175 1025 3214 non
1053 3160 1173 3229 quia
1208 3161 1422 3229 peperi,
1451 3161 1543 3215 sed
1571 3162 1694 3232 quia
1721 3164 1800 3218 sic

222 3250 404 3317 peperi.
432 3249 567 3304 Tam
611 3248 945 3305 admirabilis
986 3266 1243 3320 rarasque
1286 3264 1468 3321 [artus
1515 3267 1704 3308 omnes
1745 3255 1799 3308 in

220 3339 607 3397 admirationem
634 3341 825 3411 rapiet,
849 3351 903 3395 et
924 3341 1181 3412 majorem
1198 3342 1449 3399 omnibus
1470 3343 1798 3413 voluptatem

220 3430 387 3487 sileret
411 3474 426 3498 ,
453 3447 579 3488 cum
604 3432 859 3487 sciverint
881 3446 968 3487 me
991 3474 1007 3499 ,
1031 3448 1152 3503 qua:
1174 3432 1306 3487 nihil
1329 3449 1361 3488 a
1392 3435 1617 3489 mortuis
1643 3433 1799 3491 ditfe-

220 3524 384 3579 rebam
430 3536 695 3594 quantum
736 3524 805 3579 ad
848 3525 1250 3595 generationem
1283 3565 1299 3591 ,
1348 3526 1525 3580 subito
1570 3536 1798 3582 matrem

220 3612 393 3669 iactam
413 3631 559 3682 esse,
586 3626 688 3672 ete
717 3617 873 3672 vulva
890 3618 1157 3673 exsiccata
1186 3618 1420 3688 puellum
1444 3619 1720 3689 peperisse
1745 3630 1800 3676 et

221 3704 401 3762 lactare
426 3722 588 3776 posse
610 3749 626 3774 ,
659 3716 715 3763 et
740 3707 914 3763 fontes
944 3707 1097 3763 lactis
1126 3709 1371 3763 emittere
1400 3749 1416 3775 ,
1448 3723 1569 3779 qua:
1599 3710 1801 3766 nullam

220 3811 353 3866 spem
392 3799 637 3869 pariendi
686 3798 968 3855 habebam.
998 3800 1052 3854 7.
1090 3798 1152 3853 Et
1181 3799 1312 3854 dixit
1332 3800 1500 3867 :Quis
1519 3802 1801 3855 annuntia-

221 3885 280 3940 bit
306 3886 540 3954 Abrahc,
560 3887 700 3959 quod
723 3891 880 3943 lactat
914 3905 1127 3958 puerum
1158 3889 1321 3945 Sarra
1351 3889 1377 3942 .7
1418 3889 1555 3945 Nam
1583 3899 1802 3961 propter

222 3978 311 4035 hoc
349 3991 404 4036 et
446 3981 605 4036 lactis
635 3982 809 4038 fontes
835 3983 1077 4038 concessi
1107 3992 1269 4047 sunt,
1304 3991 1362 4036 ut
1392 3995 1600 4053 partum
1633 3983 1801 4054 magis

221 4071 512 4135 credibilem
533 4071 747 4138 faciant,
770 4081 827 4128 et
847 4088 917 4128 ne
941 4074 1061 4142 quis
1079 4074 1476 4144 supposititium
1503 4090 1627 4131 esse
1653 4084 1803 4145 putet

220 4175 425 4231 puerum
463 4182 478 4218 :
513 4164 691 4220 fontes
729 4165 873 4221 enim
929 4165 1082 4227 lactis
1125 4166 1376 4221 ontnibus
1439 4166 1805 4237 praedicabant

221 4263 396 4324 preter
436 4255 725 4311 humanam
750 4257 1212 4327 exspectationem
1243 4258 1346 4314 hoc
1381 4258 1643 4315 evenisse.
1674 4259 1800 4324 Quis

220 4350 526 4404 annuntiabit
543 4392 558 4416 ,
601 4350 737 4419 quod
766 4350 925 4405 lactat
950 4367 1163 4421 puerum
1186 4350 1350 4406 Sarra
1371 4352 1398 4406 Ρ
1422 4352 1558 4423 quod
1586 4369 1798 4424 pepere-

218 4442 305 4494 rim
323 4442 486 4510 ﬁlim
511 4443 565 4496 in
596 4451 847 4497 senectute
874 4457 986 4497 mea
1008 4442 1036 4496 2
1062 4441 1206 4512 quod
1234 4457 1335 4514 ego
1354 4457 1475 4514 quas
1494 4443 1672 4509 senui,
1705 4458 1797 4513 pa-

219 4545 325 4587 rere
350 4533 617 4604 potuerim
648 4573 664 4599 ,
704 4541 757 4589 et
786 4533 839 4587 in
868 4533 968 4589 hac
991 4542 1149 4589 aetate
1175 4532 1341 4587 filium
1381 4533 1527 4589 alere
1553 4534 1801 4603 possim?

219 4623 267 4679 8.
284 4623 345 4679 Et
388 4629 568 4693 crevit,
596 4627 789 4696 inquit,
835 4642 979 4696 puer,
1028 4636 1077 4681 et
1119 4627 1403 4681 obluctatus
1446 4636 1540 4681 est.
1570 4626 1635 4681 Et
1680 4628 1800 4696 fecit

219 4716 461 4772 Abraham
506 4718 786 4772 convivium
824 4734 1065 4790 magnum
1097 4718 1181 4772 die
1208 4735 1307 4789 quo
1328 4718 1612 4773 obluctatus
1633 4729 1704 4774 est
1736 4721 1801 4789 ﬁ-

219 4805 476 4865 hastatus.

276 4897 327 4955 ϐ.
360 4898 579 4954 Ποτιιιὶι
596 4900 900 4954 exhortatio.
918 4898 1063 4954 Nihil
1080 4916 1181 4954 non
1203 4900 1334 4954 cedit
1354 4901 1501 4954 nutui
1516 4900 1702 4954 divino.
1729 4931 1799 4942 —

220 4986 390 5046 Vidisti
418 4989 516 5046 Dei
544 4989 871 5045 ineffabilem
904 4990 1223 5062 sapientiam
1244 5030 1261 5057 ,
1288 4988 1559 5060 quomodo
1593 4990 1801 5059 patien-

215 5082 329 5139 tiam
339 5081 473 5155 justi
490 5082 665 5139 modis
681 5084 933 5138 omnibus
956 5083 1223 5154 probavit,
1246 5082 1461 5154 quando
1478 5083 1594 5153 ipse
1613 5092 1668 5138 et
1684 5099 1800 5138 οιιι-

215 5190 300 5233 nes
314 5176 402 5248 qui
418 5176 597 5249 ipsum
610 5174 884 5240 videbant,
904 5175 1149 5231 humana:
1168 5184 1373 5233 natura:
1385 5176 1527 5232 vires
1547 5186 1797 5247 spectan-

216 5276 302 5331 tes,
325 5267 457 5323 nihil
481 5281 703 5338 sperare
730 5265 1017 5332 audebant,
1046 5275 1172 5321 tunc
1201 5267 1313 5336 ipsa
1340 5268 1625 5337 promissio
1651 5283 1799 5324 com-

217 5358 476 5424 pletaest?
495 5357 681 5429 Igitur,
704 5356 906 5423 dilecti,
934 5364 990 5413 et
1016 5372 1114 5413 nos
1139 5356 1407 5425 eamdem,
1439 5374 1598 5433 quam
1623 5359 1800 5438 justus

216 5446 295 5503 ille
319 5448 629 5520 patientiam
658 5446 1011 5506 exhibeamus
1033 5491 1048 5516 ,
1079 5459 1134 5505 et
1163 5465 1452 5521 numquam
1480 5451 1692 5507 desides
1719 5453 1796 5505 si-

215 5554 322 5595 mus
346 5558 361 5594 :
383 5541 478 5598 sed
500 5557 598 5614 spe
628 5542 768 5599 bona
794 5557 1122 5610 recreemur,
1152 5543 1385 5599 scientes
1415 5557 1589 5615 neque
1616 5560 1795 5600 rerum

214 5630 573 5691 difficultatem
592 5677 608 5703 ,
639 5651 813 5708 neque
833 5636 976 5693 aliud
994 5632 1122 5709 quid
1149 5636 1439 5692 humanum
1462 5631 1795 5694 obstaculum

218 5723 359 5780 nobis
376 5740 499 5782 esse
523 5741 702 5797 posse,
726 5728 773 5783 si
796 5726 1014 5799 quando
1033 5727 1206 5798 gratia
1227 5727 1324 5784 Dei
1343 5741 1494 5783 suam
1518 5727 1796 5785 declarare

218 5812 436 5875 valuerit
457 5818 854 5877 liberalitatem.
871 5818 1095 5889 Quoties
1110 5818 1253 5877 enim
1274 5819 1365 5877 ille
1384 5819 1593 5890 annuit,
1612 5819 1793 5877 omnia

3384 357 3493 416 423

1897 483 2094 538 cedunt
2119 493 2173 538 et
2208 483 2607 553 obtemperant,
2660 489 2711 536 ct
2754 480 2990 536 difﬁcilia
3034 477 3207 533 facilia
3254 489 3399 545 sunt,
3436 487 3495 535 et

1896 575 2248 644 impossibilia
2277 575 2550 645 possibilia
2571 617 2583 639 ,
2615 575 2661 628 si
2687 572 3026 628 solummodo
3052 571 3260 626 ﬁrmam
3294 569 3349 625 in
3376 570 3495 640 ipso

1894 665 2055 721 iidem
2075 680 2481 732 conservemus,
2496 675 2551 720 et
2571 665 2636 720 ad
2657 663 3081 735 magnitudinem
3099 662 3220 733 ejus
3239 661 3496 733 potentia

1891 764 2202 826 spectantes
2225 755 2475 810 humanis
2511 755 2762 809 omnibus
2791 754 3100 822 superiores
3133 752 3324 806 simus.
3358 750 3501 806 Nam

1893 850 1984 919 qui
2014 848 2189 904 futura
2215 848 2356 904 bona
2378 858 2432 903 et
2463 846 2746 902 ineffabilia
2776 846 2863 900 illa
2885 844 3127 915 promisit
3159 843 3226 899 iis
3252 842 3345 913 qui
3371 855 3496 896 cum

1897 942 2091 996 virtute
2114 932 2283 995 vitam
2314 940 2399 995 hic
2430 940 2754 1010 peregerint,
2783 946 2985 1008 quanto
3014 938 3183 1024 magis
3208 944 3264 991 et
3284 951 3347 991 ea
3376 935 3498 1005 qui-

1896 1034 1995 1087 bus
2025 1032 2113 1086 hic
2133 1046 2269 1101 opus
2297 1040 2379 1087 est
2403 1030 2672 1101 prmbebit'
2696 1048 2708 1084 :
2742 1038 2797 1085 et
2823 1029 3056 1084 maxime
3085 1028 3130 1083 si
3162 1042 3260 1084 nos
3285 1028 3372 1082 illa
3399 1026 3497 1099 de-

1895 1124 2195 1179 siderantes
2242 1124 2530 1194 pra-scotia
2583 1123 2984 1192 despiciamus‘l
3027 1123 3177 1177 Tune
3219 1123 3367 1178 enim
3412 1122 3495 1178 eis

1894 1214 2127 1269 maxime
2153 1222 2208 1269 et
2234 1214 2465 1269 ubertim
2497 1214 2769 1273 fruemur.
2799 1213 3015 1285 quando
3044 1229 3107 1270 ea
3143 1202 3495 1269 contemnere

1895 1306 2253 1378 voluerimus.
2286 1306 2520 1363 Proinde
2558 1306 2673 1361 hare
2708 1307 2976 1372 scientes,
3008 1305 3097 1360 illa
3124 1305 3502 1361 desideremus

1896 1399 2036 1455 bona
2065 1415 2185 1469 qua:
2213 1407 2436 1455 manent
2472 1406 2529 1453 et
2569 1397 2863 1453 immobilia
2895 1406 3041 1461 sunt,
3089 1405 3145 1452 et
3172 1412 3294 1467 qua:
3336 1395 3497 1449 ﬁnem

1900 1491 2192 1546 nesciunt:
2241 1500 2292 1545 ut
2340 1499 2395 1545 et
2441 1498 2764 1560 pra-sentem
2813 1490 3001 1543 vitam-
3033 1488 3167 1542 citra
3224 1485 3496 1541 tristitiam

1896 1581 2345 1646 transmittamus,
2390 1589 2445 1636 et
2480 1581 2565 1634 illa
2602 1576 2851 1650 assequi,
2901 1579 3115 1647 illisque
3157 1593 3349 1633 omnes
3393 1576 3500 1631 frui

1896 1676 2189 1739 valeamus,
2220 1675 2392 1743 gratia
2424 1682 2478 1728 et
2505 1672 2874 1728 misericordia
2909 1672 3121 1725 Domini
3165 1671 3335 1725 nostri
3373 1668 3504 1724 Jcsu

1894 1764 2119 1831 Christi,
2149 1765 2233 1818 cui
2278 1779 2399 1819 cum
2444 1765 2602 1819 Patre
2647 1774 2702 1818 et
2727 1763 2929 1833 Spiritu
2976 1772 3164 1817 sancto
3188 1764 3259 1816 sit
3297 1762 3493 1831 gloria,

1897 1870 2041 1911 nunc
2065 1864 2119 1909 et
2146 1869 2381 1925 semper,
2408 1862 2463 1909 et
2489 1854 2540 1908 in
2568 1854 2764 1909 saecula
2793 1853 3133 1907 saeculorum.
3170 1854 3366 1906 Anien.

2446 1966 2729 2022 HOMILIA
2771 1965 2957 2021 XLVI.

1897 2061 1967 2116 Et
1992 2064 2119 2117 dixit
2160 2062 2324 2118 Sarra
2355 2081 2367 2117 :
2405 2062 2530 2127 Quis
2556 2062 2879 2115 annuntiabit
2912 2061 3158 2122 Abraluz,
3186 2063 3323 2131 quod
3344 2060 3497 2115 lactat

1970 2149 2182 2204 puerum
2214 2133 2380 2204 Sarra
2398 2134 2424 2188 7
2448 2134 2585 2204 quod
2616 2133 2789 2204 peperi
2818 2133 2987 2201 ﬁlium
3015 2132 3067 2186 in
3097 2141 3352 2186 senectute
3382 2147 3497 2185 mea

1970 2196 2124 2274 (aen.
2153 2203 2243 2260 ει.
2279 2196 2374 2271 7)?

1973 2319 2023 2373 i.
2053 2320 2167 2389 Age
2197 2326 2252 2373 et
2280 2315 2476 2383 hodie,
2505 2317 2707 2380 dilecti,
2744 2316 2857 2371 heri
2897 2315 3161 2371 dictorum
3192 2315 3389 2371 seriem
3418 2329 3505 2371 ror-

1904 2419 2169 2479 petentes,
2198 2409 2503 2465 convivium
2528 2409 2632 2465 hoc
2659 2408 2815 2465 vobis
2834 2409 3113 2479 spirituale
3136 2410 3464 2465 instruamus
3488 2426 3502 2462 :

1902 2511 1960 2556 ut
1990 2504 2206 2568 iterum,
2256 2503 2395 2557 sicut
2428 2501 2565 2570 heri,
2610 2502 2882 2557 discamus
2924 2508 2976 2556 et
3007 2500 3136 2557 boni
3177 2501 3272 2557 Dei
3314 2500 3509 2557 ineﬂ’a-

1902 2592 2067 2648 bilem
2092 2593 2498 2663 benignitatem,
2520 2608 2622 2663 qua
2643 2603 2826 2647 nostra
2848 2601 3021 2659 curat,
3050 2592 3207 2647 nobis
3226 2609 3287 2647 se
3306 2601 3505 2647 attem-

1904 2699 2127 2753 perans,
2178 2694 2233 2739 et
2279 2699 2526 2755 magnam
2568 2684 2886 2754 patriarcha:
2926 2683 3291 2741 obedientiam
3340 2695 3502 2755 atque

1902 2782 2112 2845 gratum
2158 2776 2417 2829 animum.
2480 2774 2703 2830 Vidistis
2748 2775 3021 2845 quomodo
3065 2775 3315 2832 nativitas
3360 2777 3507 2833 Isaac

1905 2863 2122 2919 Sarram
2162 2865 2517 2921 exhilaravit?
2551 2865 2693 2919 Dixit
2730 2865 2882 2929 enirn,
2930 2866 3133 2935 inquit,
3164 2864 3348 2921 Risum
3390 2867 3508 2936 fecit

1904 2955 2031 3008 milii
2057 2956 2191 3011 Deus
2214 2972 2232 3009 :
2251 2973 2369 3009 nam
2390 2958 2476 3025 qui
2497 2958 2736 3015 audierit.
2761 2957 3003 3028 gaudebit
3035 2974 3250 3012 mecum.
3279 2958 3502 3025 Omnes,

1903 3046 2053 3111 dicit,
2099 3047 2374 3101 auditores
2425 3047 2713 3117 participes
2754 3049 2934 3118 gaudii
2986 3050 3089 3104 mei
3137 3048 3351 3105 faciam.
3393 3050 3508 3105 Ma-

1903 3153 2065 3207 gnum
2086 3138 2227 3192 enim
2246 3138 2445 3193 donum
2476 3138 2603 3193 mihi
2627 3155 2659 3194 a
2691 3139 2799 3195 Deo
2819 3154 3134 3197 concessum
3160 3151 3265 3210 est,
3290 3151 3346 3199 et
3365 3144 3509 3214 quod

1906 3232 2196 3285 humanam
2239 3232 2569 3287 transcendit
2616 3230 3004 3288 inﬁrmitatem.
3053 3234 3185 3303 Quis
3226 3235 3395 3303 enim,
3426 3236 3513 3291 in.

1905 3326 2043 3397 quit,
2078 3340 2183 3380 non
2210 3324 2581 3395 Obstupescat,
2614 3324 2802 3380 videns
2832 3342 2916 3381 me
2942 3326 3085 3382 lacte
3116 3342 3238 3383 meo
3266 3330 3511 3385 nutrien-

1907 3427 2013 3472 tem
2044 3432 2271 3487 puerum
2303 3417 2355 3470 in
2383 3425 2620 3483 extrema
2644 3426 2941 3482 senectute,
2965 3434 3087 3487 ιιιιω
3104 3417 3383 3491 hucusque
3403 3434 3512 3500 non

1907 3509 2130 3579 peperi?
2161 3509 2227 3563 Et
2252 3509 2404 3579 quasi
2433 3510 2708 3565 admirans
2748 3519 2803 3565 et
2831 3512 3056 3565 attonita
3086 3512 3155 3566 de
3184 3510 3349 3579 facto,
3375 3514 3511 3570 sub-

1907 3599 2042 3654 didit
2071 3617 2084 3653 :
2118 3600 2244 3666 Quis
2278 3601 2603 3656 annuntiabit
2644 3602 2897 3666 Abralue,
2930 3605 3065 3673 quod
3107 3605 3263 3659 lactat
3296 3622 3510 3674 puerum

1908 3692 2110 3748 Sarra?
2130 3694 2270 3760 quod
2302 3694 2477 3765 peperi
2503 3694 2668 3764 [ilium
2698 3696 2751 3749 in
2779 3707 3032 3751 senectute
3055 3714 3166 3752 mea
3185 3697 3212 3751 ἵ
3236 3696 3507 3767 Quoniam

1908 3796 2071 3854 super
2092 3794 2340 3838 naturam
2360 3793 2444 3839 est
2467 3785 2568 3839 hoc
2597 3785 2820 3852 factum,
2852 3796 3133 3856 propterea
3159 3789 3354 3859 inquit,
3380 3789 3511 3858 Quis

1907 3874 2272 3929 annuntiabit?
2314 3890 2377 3930 ac
2424 3876 2470 3931 si
2517 3876 2743 3945 diceret,
2797 3876 2929 3945 Quis
2977 3894 3161 3934 secum
3210 3881 3514 3951 reputabit?

1907 3964 2029 4033 quis
2060 3975 2239 4022 mente
2266 3966 2575 4037 concipiet?
2600 3985 2720 4039 quae
2746 3984 2903 4024 mens
2923 3970 3384 4041 comprehendere
3410 3987 3511 4043 po-

1910 4059 2072 4113 terit?
2098 4074 2216 4129 qum
2250 4060 2385 4113 ratio
2412 4060 2610 4116 sufﬁcit
2641 4073 2699 4115 ut
2728 4072 2977 4119 accurate
3018 4064 3143 4121 facti
3185 4064 3349 4135 hujus
3390 4082 3512 4121 mo-

1908 4151 2036 4207 dum
2065 4152 2340 4207 inveniat?
2368 4152 2484 4209 Non
2514 4154 2591 4208 sic
2629 4154 2944 4211 admirabile
2992 4156 3123 4221 fuit,
3150 4170 3216 4211 ex
3264 4166 3411 4226 petra
3458 4159 3514 4215 in

1908 4242 2126 4298 deserto
2173 4244 2488 4299 scaturiisse
2533 4244 2707 4300 fontes
2755 4260 3049 4314 aquarum,
3097 4247 3313 4318 quando
3363 4248 3511 4305 illam

1902 4332 2086 4388 Moses
2108 4334 2252 4404 virga
2280 4336 2541 4403 percussit
2564 4335 2763 4406 (Exod.
2795 4335 2885 4408 Π)
2916 4354 2928 4390 :
2958 4337 3096 4392 sicut
3121 4338 3192 4394 de
3213 4339 3369 4393 vulva
3396 4340 3512 4409 jam

1904 4434 2149 4481 emortua
2195 4442 2421 4497 puerum
2473 4430 2623 4484 nasci
2675 4428 2864 4501 (Num.
2895 4428 3023 4501 '20),
3053 4431 3287 4492 atlantis
3331 4432 3511 4489 fontes

1907 4519 2188 4591 scaturire.
2218 4518 2350 4573 Nam
2383 4529 2437 4573 ut
2466 4519 2717 4575 omnibus
2759 4531 2948 4591 partus
2994 4522 3309 4579 manifestus
3342 4534 3508 4592 esset,

1905 4621 1960 4665 et
1987 4624 2196 4674 omnes,
2230 4619 2340 4665 tam
2370 4625 2466 4666 eos
2494 4612 2582 4681 qui
2620 4620 2749 4667 tunc
2780 4612 3025 4680 aderant,
3056 4629 3216 4684 quam
3242 4616 3334 4686 qui
3364 4627 3514 4687 post-

1906 4716 1966 4757 ea
2010 4702 2301 4769 audierint,
2334 4702 2402 4758 ad
2454 4703 2614 4759 iidem
2661 4705 2905 4761 miraculi
2952 4706 3253 4774 induceret,
3305 4708 3510 4765 idcirco

1908 4795 2024 4864 ipsa
2049 4810 2273 4865 puerum
2302 4796 2394 4850 alit
2422 4806 2477 4851 et
2502 4798 2640 4853 lacte
2666 4810 2767 4853 suo
2792 4799 2905 4853 vult
2929 4800 3191 4856 enutrirc.
3225 4800 3291 4856 Et
3314 4801 3510 4872 inquit,

1909 4886 2038 4953 Quis
2062 4888 2384 4943 annuntiubit
2426 4888 2647 4945 Abraltaz
2665 4934 2679 4957 ,
2707 4892 2845 4960 quod
2875 4892 3024 4946 lactet
3066 4909 3278 4964 puerum
3305 4894 3518 4951 Sarra?

1907 4980 2007 5034 hoc
2048 4995 2244 5035 novum
2271 4990 2324 5035 et
2356 4982 2699 5045 admirabile.
2733 4993 2789 5038 et
2830 4995 3023 5053 prmter
3050 4987 3508 5057 exspectationem

1908 5070 2036 5124 mihi
2064 5087 2411 5136 concessum,
2457 5074 2646 5144 inquit,
2681 5074 2831 5142 Quod
2866 5077 3038 5146 peperi
3082 5076 3248 5147 [ilium
3276 5079 3329 5132 in
3359 5093 3509 5134 sene-

1905 5173 2039 5221 ctute
2061 5181 2188 5218 mea.
2220 5165 2355 5233 Quid
2380 5166 2482 5221 hoc
2503 5176 2604 5232 est,
2628 5166 2813 5238 Peperi
2832 5169 2996 5236 ﬁlium
3018 5169 3070 5223 in
3091 5180 3342 5225 senectute
3357 5187 3467 5225 mea
3487 5170 3515 5226 ἒ

1906 5259 2040 5326 Quia
2072 5272 2267 5328 prmter
2294 5261 2627 5315 sterilitatem
2660 5259 2959 5315 subiciebat
2991 5270 3223 5317 senectae
3261 5271 3473 5333 tempus
3495 5303 3510 5329 ,

1909 5358 1965 5403 ut
1993 5358 2176 5418 partus
2220 5365 2342 5420 spes
2373 5351 2669 5406 tolleretur.
2705 5351 3085 5409 Verumtamen
3124 5354 3511 5425 impedimenta

1908 5442 2022 5496 haec
2047 5443 2227 5497 omnia
2257 5459 2287 5499 e
2315 5444 2492 5499 medio
2535 5445 2752 5501 sustulit
2798 5446 3053 5501 Dominus
3076 5489 3089 5513 ,
3119 5457 3173 5503 et
3211 5449 3360 5518 pueri
3385 5464 3507 5519 par-

1910 5546 2022 5589 tum
2052 5543 2106 5589 et
2131 5536 2282 5590 lactis
2312 5535 2489 5591 fontes
2520 5537 2649 5591 mihi
2680 5538 2970 5593 concessit.
3003 5537 3203 5593 Verum
3236 5540 3511 5595 videamus

1907 5631 2210 5700 sequentia.
2243 5630 2528 5702 Postquam
2578 5632 2857 5701 impletum
2889 5640 2971 5687 est
3007 5632 3235 5688 Iactendi
3269 5642 3506 5703 tempus,

1918 5720 2076 5789 Vidit,
2098 5725 2289 5795 inquit,
2322 5726 2484 5781 Sarra
2512 5725 2676 5793 ﬁlium
2720 5726 2859 5797 Agar
2896 5723 3198 5797 £gyptiaz,
3238 5728 3325 5796 qui
3351 5737 3505 5782 natus

1902 5827 1976 5874 est
2002 5819 2237 5885 libratus,
2264 5818 2515 5874 ludentem
2540 5834 2654 5873 cum
2675 5818 2828 5874 Isaac
2850 5834 3004 5889 puero
3026 5835 3137 5873 suo.
3173 5816 3257 5876 1⁸).
3288 5816 3353 5872 Et
3372 5818 3505 5874 disi:
