4178 6328
663 404 765 463 ιεδ

661 517 879 574 Αὺταιιο
903 531 924 570 :
953 513 1095 584 Ejics
1135 509 1376 567 ancillam
1408 508 1542 564 hanc
1575 514 1622 561 et
1652 505 1818 575 ﬁlium
1847 503 1977 572 ejus.
2027 495 2235 569 Nequa-

661 625 810 681 quam
831 606 963 662 enim
991 604 1132 659 heres
1147 602 1240 658 erit
1264 600 1405 671 ﬁlius
1427 596 1631 653 ancillis
1652 610 1768 649 cum
1795 593 1903 663 ﬁlio
1924 604 2047 681 meo
2061 587 2232 681 Isaac.

663 678 753 762 Π.
781 699 971 753 Durum
996 703 1161 750 autem
1183 691 1421 765 apparuit
1442 687 1652 745 verbum
1668 687 1764 740 hoc
1788 698 1960 738 coram
1983 678 2240 735 Abraham

667 808 821 863 super
861 789 970 859 ﬁlio
1000 803 1110 843 suo.
1141 784 1291 848 Vide,
1335 781 1582 847 obsecro,
1633 777 1749 842 hic,
1782 774 1994 837 dilecte,
2024 771 2238 825 Sarram

663 885 855 937 iterum
888 896 991 936 non
1022 879 1280 934 ferentem
1301 873 1539 929 lsmaelis
1569 869 1785 924 nimiam
1815 863 2106 925 licentiam,
2137 875 2238 915 ne-

665 988 769 1044 que
799 971 1059 1041 patienter
1083 967 1348 1022 sustinere
1390 963 1657 1016 volentem
1695 955 1902 1012 ancilla:
1929 954 2092 1007 lilium
2117 963 2239 1006 cum

667 1043 765 1118 suo
801 1061 946 1116 lsaac
970 1065 1398 1114 conversant‘em.
1427 1053 1574 1109 Sicut
1602 1051 1759 1121 igitur
1783 1047 1931 1118 prius
1955 1043 2239 1114 superbum

668 1152 921 1221 spiritum,
948 1150 1088 1220 Agar
1117 1146 1398 1201 humiliare
1429 1143 1634 1206 volens,
1667 1137 1970 1194 vehementi
2004 1134 2244 1204 indigna-

668 1244 812 1297 tione
842 1240 1014 1310 fugam
1054 1239 1189 1292 inire
1213 1252 1328 1291 eam
1355 1232 1529 1304 coegit
1554 1249 1566 1285 :
1595 1231 1667 1285 ita
1711 1236 1765 1284 et
1791 1241 1933 1282 nunc
1968 1224 2150 1280 volens
2176 1221 2243 1278 ab

639 1386 648 1390 ..
671 1331 821 1386 initio
852 1329 1143 1398 reprimere
1171 1326 1404 1381 lsmaelis
1432 1322 1810 1385 temeritatem,
1832 1328 1889 1374 et
1911 1331 2015 1372 non
2041 1314 2241 1380 ferens,

668 1435 791 1475 cum
818 1418 1024 1474 videret
1051 1431 1271 1488 puerum
1300 1428 1456 1469 suum
1485 1426 1517 1466 ιι
1551 1411 1661 1466 Deo
1689 1408 1792 1463 sibi
1825 1407 2080 1462 donatum
2121 1418 2245 1460 cum

668 1509 874 1564 ancilla:
895 1506 1222 1578 Egyptiaca:
1241 1502 1351 1558 lilio
1374 1501 1532 1556 simul
1563 1499 1788 1561 versari,
1815 1497 1944 1554 dicit
1971 1494 2197 1551 Abraba:
2226 1511 2242 1547 :

673 1599 819 1670 Ejice
841 1595 1094 1651 ancillam
1124 1604 1170 1649 et
1196 1593 1359 1664 ﬁlium
1381 1592 1507 1659 eius.
1539 1589 1659 1645 Non
1680 1589 1814 1644 enim
1832 1587 1923 1641 erit
1944 1586 2086 1641 heres
2109 1584 2246 1654 ﬁlius

673 1691 875 1745 ancillis
897 1688 1048 1758 hujus
1074 1698 1188 1742 eum
1213 1685 1322 1756 ﬁlio
1343 1699 1476 1738 meo.
1497 1683 1759 1750 Quoniam
1778 1689 1834 1736 et
1858 1694 1917 1734 se
1937 1680 1990 1733 in
2010 1687 2247 1733 extrema

673 1791 830 1836 ictate
849 1793 968 1834 esse
991 1777 1221 1843 videbat,
1244 1783 1297 1828 et
1319 1772 1671 1844 patriarcham
1691 1783 1900 1841 quoque
1918 1767 2248 1837 decrepitum

674 1873 852 1941 (erant
871 1869 1012 1924 enim
1040 1868 1196 1922 ambo
1215 1908 1230 1932 ,
1264 1865 1452 1935 inquit,
1484 1863 1626 1933 pleni
1655 1861 1920 1932 dierum),
1949 1860 2246 1929 suspicans,

678 1964 721 2018 si
751 1961 886 2016 forte
913 1969 1132 2030 repente
1158 1965 1513 2022 morerentur,
1557 1971 1622 2010 ne
1648 1954 1835 2009 lsmael
1855 1992 1872 2018 ,
1902 1966 1968 2008 eo
2005 1949 2144 2022 quod
2183 1964 2248 2005 ex

681 2053 991 2125 patriarcha:
1021 2050 1301 2104 concubitu
1331 2062 1486 2102 natus
1512 2055 1687 2111 esset,
1721 2059 1780 2100 se
1799 2045 1860 2099 .in
1899 2042 2067 2113 patris
2094 2041 2250 2096 bere-

674 2145 893 2199 ditatem
921 2141 1227 2203 intrudere,
1258 2139 1671 2207 participemque
1698 2145 1750 2190 et
1775 2133 2030 2204 requalem
2069 2131 2249 2186 lsaaco

677 2234 794 2290 lleri
839 2239 1066 2287 tentaret
1107 2249 1122 2285 :
1166 2229 1360 2284 idcirco
1398 2227 1544 2294 dicit,
1587 2225 1735 2298 Ejice
1771 2225 2010 2280 ancillam
2053 2225 2169 2277 hinc
2205 2231 2252 2278 et

677 2324 840 2393 ﬁlium
877 2324 1006 2392 ejus.
1052 2320 1247 2388 Discat,
1284 2318 1483 2388 inquit,
1519 2317 1628 2388 iam
1671 2317 1800 2372 nihil
1835 2330 2116 2371 commune
2153 2314 2252 2368 ha-

676 2414 907 2470 biturum
949 2413 1117 2467 lilium
1145 2411 1349 2465 ancilla:
1382 2424 1500 2464 cum
1551 2409 1663 2462 lilio
1701 2423 1819 2462 meo
1859 2407 2022 2461 Isaac.
2070 2405 2255 2475 Neque

676 2501 819 2558 enim
855 2515 1062 2571 mquam
1101 2510 1182 2555 est
1219 2511 1275 2552 ιιι
1315 2499 1450 2552 ﬁlius
1489 2495 1755 2568 Egyptia:
1793 2505 1847 2551 et
1881 2495 2088 2551 ancilla:
2131 2509 2253 2549 cum

677 2593 790 2649 lilio
817 2607 937 2648 meo
971 2602 1025 2648 et
1052 2590 1281 2647 domina:
1317 2590 1475 2645 simul
1510 2599 1768 2644 versetur.
1798 2587 2061 2644 Cmterutn
2096 2587 2254 2642 Sarra

678 2700 785 2739 non
842 2683 960 2738 sine
1003 2696 1163 2737 causa
1205 2696 1320 2735 rem
1362 2679 1505 2740 hanc
1531 2679 1672 2749 egit,
1717 2678 1815 2734 sed
1856 2677 1977 2748 jure
2031 2693 2094 2732 ac
2140 2692 2256 2730 me-

679 2777 804 2843 rito,
844 2785 1002 2844 atque
1045 2774 1118 2828 ita
1154 2780 1535 2841 congruenter,
1579 2780 1635 2824 ut
1671 2778 1727 2825 et
1758 2770 1899 2824 Deus
1943 2767 2258 2825 collaudarit

676 2865 794 2936 ejus
845 2863 1004 2920 dicta.
1055 2861 1358 2916 Patriarcha
1402 2875 1530 2916 vero
1571 2859 1708 2914 bene
1749 2857 1970 2915 aﬂ‘ectus
2013 2873 2138 2929 erga
2175 2856 2253 2913 ls-

684 2958 931 3022 maelem,
965 2955 1187 3011 moleste
1211 2953 1505 3023 accipiebat
1534 2968 1652 3021 qua:
1682 2967 1709 3006 a
1735 2951 1893 3007 Sarra
1922 2951 2254 3006 dicebantur.

682 3049 882 3103 Durum
936 3047 1110 3110 enim,
1157 3046 1357 3115 inquit,
1410 3046 1650 3116 apparuit
1700 3043 1901 3098 verbum
1943 3045 2040 3099 hac
2088 3059 2258 3098 coram

681 3139 939 3194 Abraham
982 3137 1045 3190 de
1074 3135 1183 3204 [ilio
1214 3151 1326 3188 suo.
1358 3134 1540 3204 Neque
1566 3136 1707 3188 enim
1753 3133 1820 3189 de
1849 3135 1990 3202 Agar
2029 3135 2257 3187 multum

679 3227 942 3284 sollicitus
966 3234 1103 3287 erat.
1140 3223 1236 3279 sed
1272 3239 1396 3294 erga
1436 3239 1656 3294 puerum
1688 3225 1760 3279 ita
1789 3225 2139 3288 afﬁciebatur,
2172 3232 2257 3277 ut-

683 3329 811 3384 pote
835 3316 940 3387 jam
967 3317 1383 3372 adolescentem.
1413 3315 1519 3371 Sed
1545 3317 1824 3372 considera
1844 3358 1859 3381 ,
1886 3318 2137 3382 obsecro,
2173 3317 2258 3373 hic

684 3409 962 3465 clementis
993 3407 1085 3461 Dei
1115 3407 1302 3460 miram
1331 3407 1689 3462 clementiam.
1730 3406 1861 3462 Nam
1894 3408 2013 3478 quia
2045 3408 2173 3462 vidit
2199 3416 2254 3463 et

685 3503 898 3556 Sarram
936 3501 1045 3569 pati
1075 3499 1277 3570 aliquid
1306 3498 1590 3554 humanum
1613 3539 1627 3564 ,
1663 3509 1719 3555 et
1743 3514 1884 3569 agre
1911 3500 2050 3555 ferre
2077 3515 2256 3570 parem

683 3593 916 3647 filiorum
960 3594 1214 3647 honorem
1243 3608 1267 3648 :-
1301 3591 1461 3661 idque
1495 3592 1687 3645 merito
1719 3608 1733 3644 :
1778 3591 2044 3646 Abraham
2083 3601 2258 3648 autem

685 3699 791 3740 non
815 3681 953 3738 ferre
981 3698 1134 3752 aequo
1161 3683 1339 3737 animo
1368 3682 1680 3751 eiectionem
1713 3681 1948 3736 lsmaelis
1974 3693 2026 3736 et
2054 3683 2262 3738 ancilla:

689 3777 833 3848 (nam
877 3775 997 3830 licet
1048 3791 1153 3829 non
1196 3775 1559 3829 obluctaretur
1601 3773 1775 3829 Sarrae
1818 3774 1887 3829 ob
1938 3775 2260 3845 singularem

687 3864 1146 3920 mansuetudinem
1170 3906 1186 3928 ,
1224 3873 1454 3918 attamen
1497 3863 1688 3924 durum
1714 3866 1764 3919 ei
1813 3865 2088 3920 videbatur
2117 3884 2130 3921 :
2161 3866 2263 3922 hoc

687 3963 771 4010 est
788 3969 969 4024 grave,
995 3954 1276 4008 molestum
1298 3965 1353 4008 et
1375 3953 1707 4025 onerosum),
1733 3965 1856 4009 tunc
1876 3955 2091 4010 demum
2108 3971 2258 4011 suam

686 4045 895 4100 solitam
920 4059 1138 4098 servans
1167 4043 1581 4098 misericordiam
1600 4086 1616 4108 ,
1647 4054 1700 4099 et
1723 4045 2022 4100 concordia:
2051 4046 2260 4100 illorum

689 4135 931 4206 copulam
951 4136 1338 4202 constringens,
1359 4133 1486 4188 dicit
1506 4134 1572 4188 ad
1604 4135 1908 4189 Abraham:
1937 4135 2024 4190 12.
2059 4136 2139 4189 Ne
2162 4137 2263 4190 du-

689 4243 802 4279 rum
823 4228 887 4280 sit
912 4242 1082 4280 coram
1104 4234 1150 4278 te
1174 4210 1372 4279 uerbum
1396 4225 1488 4278 hoc
1515 4226 1578 4277 de
1603 4240 1758 4292 puero
1781 4227 2050 4280 et‘ancilla.
2080 4227 2263 4282 Omnia
2341 4234 2354 4251 ‘

691 4332 1011 4383 quacumque
1029 4315 1210 4368 dixerit
1241 4315 1329 4367 tibi
1354 4314 1513 4369 Sarra
1532 4355 1547 4379 ,
1579 4314 1702 4368 audi
1724 4330 1892 4369 uocem
1918 4317 2044 4386 ejus.
2072 4318 2148 4373 Ne
2176 4333 2263 4374 ac-

691 4407 875 4476 cipias.
897 4404 1085 4474 inquit,
1104 4404 1334 4474 graviter
1355 4404 1494 4473 quod
1519 4405 1587 4458 ab
1610 4420 1671 4459 ea
1693 4405 1889 4460 dictum
1914 4407 2004 4462 tibi
2021 4417 2104 4463 est
2126 4426 2140 4462 :
2167 4411 2263 4464 sed

696 4495 879 4550 Omnia
905 4509 1228 4564 quarumque
1251 4494 1432 4548 dixerit
1465 4495 1552 4548 tibi
1581 4495 1761 4562 Sarra,
1785 4498 1910 4550 audi
1938 4515 2104 4552 uocem
2131 4503 2261 4571 ejus.

764 4586 818 4638 2.
846 4585 984 4654 Agar
1000 4583 1196 4653 ejicitur
1209 4600 1226 4648 ;
1245 4583 1523 4637 obcdicntia
1544 4585 1789 4650 Abrahae;
1816 4588 2124 4655 providentia
2144 4589 2258 4644 Dei.

695 4705 766 4716 —
784 4673 907 4728 llaec
933 4672 1131 4739 omnia,
1160 4673 1347 4742 inquit,
1371 4689 1487 4742 qua:
1514 4689 1654 4728 nunc
1681 4675 1770 4728 tibi
1801 4676 1926 4730 dicit
1947 4677 2013 4732 de
2044 4679 2265 4747 Ismaele

697 4773 753 4819 ct
779 4765 845 4818 de
876 4763 1046 4832 Agar,
1075 4764 1257 4834 accipe
1285 4781 1298 4814 :
1331 4773 1382 4817 et
1420 4764 1540 4818 audi
1593 4780 1776 4820 vocem
1819 4767 1953 4834 ejus.
2005 4768 2081 4824 Ne
2110 4771 2259 4839 velis,

692 4855 884 4924 inquit.
912 4854 1226 4908 contristare
1268 4868 1384 4907 eam
1406 4895 1421 4919 ,
1453 4870 1568 4923 qum
1609 4864 1755 4910 tanto
1797 4866 2039 4927 tempore
2063 4870 2263 4916 tantum

695 4959 933 4998 amorem
967 4959 1090 5011 erga
1124 4951 1172 4998 te
1201 4943 1487 4998 declaravit
1519 4964 1532 4998 :
1560 4961 1678 5015 qua:
1720 4963 1822 5000 non
1851 4949 2025 5003 solum
2060 4952 2259 5017 semel,

697 5036 790 5091 sed
811 5046 872 5090 et
899 5035 1154 5102 secundo,
1187 5045 1244 5089 ut
1281 5045 1329 5089 te
1354 5052 1383 5089 a
1425 5046 1597 5091 morte
1625 5039 1877 5109 eriperet,
1910 5041 2137 5110 seipsam
2169 5057 2265 5110 pro

695 5135 782 5179 tua
809 5125 975 5178 salute
997 5127 1274 5192 exposuit,
1318 5136 1370 5180 et
1395 5137 1578 5182 auctor
1605 5136 1708 5183 tua:
1750 5131 1906 5200 hujus
1935 5132 2116 5202 gloria:
2146 5133 2261 5188 fuit.

695 5215 930 5272 Primum
952 5215 1162 5284 quidem
1190 5215 1310 5270 iecit
1336 5226 1390 5270 ut
1410 5231 1529 5271 cum
1552 5220 1716 5274 tantis
1736 5220 1931 5277 divitiis
1949 5223 2017 5277 ab
2036 5221 2266 5295 Egypto

691 5305 919 5369 redires,
951 5315 1131 5374 postea
1161 5322 1286 5360 vero
1317 5307 1505 5362 iterum
1535 5309 1584 5362 in
1608 5324 1764 5365 causa
1789 5313 1883 5367 fuit
1911 5324 1967 5368 ut
1993 5315 2066 5369 ita
2095 5324 2147 5370 te
2176 5331 2265 5370 ve~

695 5405 976 5449 neraretur
1027 5405 1080 5449 et
1125 5395 1432 5452 observaret
1479 5398 1804 5456 Ahimclech.
1862 5403 1939 5458 Ne
1979 5405 2134 5474 igitur
2185 5406 2266 5460 dl-

693 5499 846 5538 versa
889 5485 957 5539 ab
1001 5484 1083 5540 his
1125 5501 1242 5553 qua:
1284 5488 1496 5557 loquuta
1527 5499 1610 5546 est
1655 5494 1787 5546 velis
1831 5495 1965 5551 inire
2003 5500 2264 5555 consilia:

694 5576 967 5630 enimvero
998 5593 1101 5631 non
1126 5572 1279 5634 aliter
1299 5584 1532 5644 eveniet.
1552 5582 1608 5636 lu
1633 5583 1776 5640 Isaac
1796 5589 1936 5642 enim
1959 5604 2024 5643 ex
2049 5605 2112 5646 ea
2139 5601 2264 5646 nato

695 5674 1043 5755 tuumgsemen
1073 5671 1364 5736 vocabitur,
1395 5685 1445 5726 et
1469 5674 1580 5742 ipse
1602 5676 1700 5730 erit
1725 5686 1845 5742 tuus
1868 5679 2024 5736 heres
2050 5683 2120 5755 (υ.
2147 5685 2266 5754 12).

694 5751 782 5814 15.
815 5753 1004 5811 Filium
1040 5769 1205 5814 autem
1244 5761 1389 5815 illum
1411 5765 1610 5820 ancilla
1643 5782 1862 5824 crescere
1886 5751 2094 5842 faciam.
2122 5786 2170 5832 et
2209 5751 2260 5832 in

1423 388 1484 447 Β.
1523 381 1800 445 ιοιιΝΝιε
1822 369 2295 438 CHRYSOSTOII
2331 370 2650 430 ARCHIEP.
2686 365 3227 431 CONSTANTINOP.

3826 369 3934 430 ιιι

2345 504 2543 566 gentem
2567 510 2804 567 magnam
2829 495 3018 566 faciam
3037 537 3053 562 ,
3078 495 3318 566 quoniam
3344 508 3512 548 mea
3537 500 3682 547 tuum
3701 497 3796 548 est.
3823 486 3931 549 Fac

2346 585 2504 656 igitur
2521 602 2639 657 qua:
2667 587 2758 641 illa
2787 586 2879 642 tibi
2899 586 3118 654 dixerit,
3142 596 3199 641 ct
3231 584 3385 640 obedi
3413 583 3531 640 voei
3556 583 3692 653 eius.
3744 580 3933 653 Cogita

2349 675 2455 742 hic,
2483 678 2729 744 obsecro,
2761 686 2957 748 quanta
2984 677 3164 732 subito
3189 675 3477 732 concordia
3501 682 3558 730 et
3585 688 3687 744 pax
3712 673 3768 727 in
3796 685 3930 727 cou-

2349 769 2649 826 tubernium
2689 784 2876 825 eorum
2917 761 3265 836 concesserit,
3308 767 3545 824 bonitate
3591 765 3771 820 divina
3813 762 3937 818 vin-

2346 863 2527 919 culum
2569 878 2754 919 eorum
2797 864 3215 934 constringente.
3245 861 3334 917 ιι.
3386 859 3621 916 Surrexit
3664 857 3822 920 enim,
3854 856 3933 909 in-

2348 962 2484 1025 qutt,
2497 969 2664 1020 mane,
2678 963 2726 1009 et
2744 955 2933 1024 accepit
2946 969 3122 1024 panes,
3139 961 3185 1007 et
3196 960 3358 1006 utrem
3375 965 3545 1020 aqua,
3557 959 3603 1003 et
3620 947 3760 1002 dedit
3773 945 3936 1016 Agar,

2349 1053 2400 1108 et
2435 1045 2676 1114 imposuit
2709 1059 2862 1114 super
2887 1044 3151 1098 humerum
3177 1043 3288 1112 ejus
3316 1049 3365 1096 et
3405 1055 3649 1110 prterunt,
3675 1047 3722 1092 et
3747 1035 3937 1090 dimidt

2350 1152 2480 1192 eam.
2503 1136 2637 1193 Vide
2656 1136 2743 1192 hic
2761 1136 2952 1192 iterum
2971 1135 3102 1206 justi
3130 1134 3379 1190 eximiam
3407 1130 3747 1202 probitatem.
3763 1137 3822 1185 et
3834 1139 3937 1196 qua

2350 1226 2558 1283 ratione
2604 1226 2663 1281 in
2707 1226 2959 1282 omnibus
3010 1225 3315 1296 religiosam
3363 1235 3518 1278 suam
3563 1227 3796 1274 mentem
3843 1214 3942 1272 de-

2352 1317 2542 1373 claret.
2577 1315 2709 1371 Nam
2739 1315 2953 1386 quando
2978 1315 3179 1371 audivit
3205 1313 3422 1370 Sarram
3456 1310 3724 1365 dicentem
3745 1348 3760 1373 ,
3794 1305 3943 1377 Eﬁa

2352 1407 2594 1464 ancillam
2615 1417 2664 1464 et
2691 1408 2856 1479 ﬁlium
2884 1409 2998 1480 ejus
3017 1423 3038 1462 :
3062 1405 3256 1462 durum
3285 1404 3336 1462 ei
3364 1403 3646 1459 videbatur
3663 1441 3681 1468 ,
3706 1412 3775 1455 eo
3796 1394 3942 1468 quod

2353 1500 2490 1556 bene
2509 1499 2839 1556 afﬁciebatur
2858 1513 2984 1570 erga
3012 1496 3291 1553 lsmaelem
3315 1513 3328 1550 :
3354 1508 3542 1550 verum
3571 1490 3662 1548 ubi
3688 1487 3944 1544 Dominus

2353 1591 2629 1661 praecepit,
2671 1590 2850 1645 statim
2886 1588 3014 1644 fecit
3039 1586 3184 1658 quod
3231 1587 3549 1654 imperatum
3591 1588 3736 1645 erat,
3780 1577 3944 1634 etiam

2355 1680 2611 1736 naturalis
2630 1680 2830 1734 amoris
2856 1678 3074 1746 oblitus,
3095 1677 3248 1748 quasi
3266 1675 3470 1731 diceret
3492 1690 3506 1728 :
3531 1671 3630 1729 Ubi
3657 1669 3783 1742 quid
3809 1683 3946 1740 pra-

2357 1771 2485 1842 eipit
2514 1771 2791 1838 Dominus,
2815 1769 3082 1825 lacessant
3100 1782 3290 1823 omnes
3313 1764 3624 1821 aﬂ'ectiones
3651 1778 3666 1816 :
3696 1761 3819 1832 quia
3846 1773 3946 1814 ns-

2357 1871 2490 1917 tura:
2518 1861 2776 1917 Dominus
2797 1869 2900 1925 est,
2928 1858 3020 1930 qui
3051 1858 3312 1930 pra:cipit.
3343 1853 3413 1912 Ut
3431 1855 3625 1925 accepit
3653 1851 3828 1924 igitur.
3861 1849 3948 1904 in-

2359 1955 2494 2025 quit,
2543 1953 2731 2008 aucilla
2771 1969 2949 2023 panes,
2979 1959 3028 2005 et
3064 1961 3229 2005 utrem
3265 1963 3442 2016 aqua,
3469 1960 3671 2018 egressa
3709 1953 3784 1998 est
3822 1956 3941 1996 cum

2362 2062 2540 2116 puero.
2550 2043 2770 2112 Verum,
2791 2044 3037 2108 obsecro,
3061 2041 3185 2098 vide
3203 2042 3417 2103 iterum,
3439 2037 3711 2109 quomodo
3733 2040 3952 2104 propter

2357 2137 2804 2204 benevolentiam,
2836 2151 2940 2207 qua
2970 2134 3388 2206 prosequebatur
3409 2131 3613 2203 justum
3644 2129 3806 2193 Deus,
3833 2127 3950 2181 b:c.e

2359 2245 2571 2301 quoque
2600 2244 2832 2300 superna
2857 2244 2987 2284 cura
3016 2228 3175 2298 digna
3216 2225 3494 2281 habeatur.
3526 2223 3598 2280 Ut
3630 2236 3760 2291 ergo
3796 2218 3949 2284 abiit,

2359 2321 2652 2390 vagabatur
2693 2335 2787 2391 per
2813 2318 3156 2377 solitudinem
3180 2358 3196 2384 ,
3234 2326 3434 2372 etcum
3459 2328 3597 2384 aqua
3632 2310 3951 2379 consumpta

2361 2413 2560 2468 nullam
2604 2408 2826 2482 usquam
2855 2411 3120 2465 inveniret
3144 2406 3564 2464 consolationem
3586 2444 3603 2470 ,
3635 2402 3726 2457 15.
3757 2399 3953 2470 Abjecit

2362 2519 2596 2576 puerum,
2625 2503 2814 2572 inquit,
2844 2501 3012 2555 subter
3037 2515 3190 2554 unam
3212 2497 3443 2552 abietem.
3473 2491 3954 2562 Disrumpehnntur

2361 2596 2503 2652 enim
2533 2595 2651 2665 ejus
2671 2593 2898 2658 viscera,
2929 2601 2984 2647 et
3007 2590 3222 2646 dolebat
3259 2588 3486 2644 multum
3514 2586 3584 2640 ob
3610 2581 3953 2638 immodicam

2362 2703 2486 2758 erga
2514 2702 2738 2759 puerum
2769 2684 3124 2740 affectionem.
3156 2680 3243 2737 i6.
3273 2679 3451 2746 Sedit,
3480 2677 3679 2747 inquit,
3713 2675 3956 2727 adversus

2362 2795 2508 2845 eum,
2535 2778 2680 2849 quasi
2703 2777 2772 2830 ad
2802 2777 3001 2848 jactunt
3037 2789 3205 2827 arcus.
3249 2770 3460 2825 Dicebat
3500 2767 3634 2822 enim
3657 2781 3677 2821 .'
3717 2763 3840 2820 Non
3880 2765 3956 2817 vi-

2363 2867 2487 2921 debo
2517 2876 2726 2920 mortem
2754 2865 2898 2934 pueri
2935 2864 3051 2917 mei.
3091 2859 3162 2915 Et
3187 2861 3316 2916 sedit
3343 2877 3373 2914 e
3397 2859 3600 2929 regione
3641 2854 3805 2926 pueri.
3835 2853 3957 2908 Clu-

2362 2973 2508 3012 mans
2536 2967 2703 3010 autem
2730 2971 2876 3026 puer,
2909 2953 3126 3025 plorabit
3152 2951 3250 3022 (a).
3275 2948 3542 3005 Caeterum
3566 2945 3878 3002 misericors
3902 2951 3956 2998 et

2363 3051 2624 3119 benignus
2653 3048 2792 3102 Deus
2811 3089 2824 3112 ,
2855 3046 3025 3116 patris
3066 3053 3120 3100 et
3148 3043 3332 3098 matris
3369 3056 3495 3112 erga
3525 3055 3624 3094 nos
3647 3052 3831 3093 curam
3860 3049 3955 3091 sua

2367 3137 2748 3195 transcenderis
2781 3138 2995 3208 pietate,
3045 3136 3133 3190 l7.
3171 3133 3452 3189 Exaudivit
3489 3147 3661 3185 uocem
3703 3128 3848 3199 pueri
3892 3128 3960 3180 de

2365 3230 2478 3286 loco
2507 3229 2594 3285 ubi
2636 3239 2746 3283 erat
2783 3244 2805 3281 :
2849 3229 3100 3282 misertus
3144 3233 3307 3280 estet
3351 3223 3500 3292 pueri
3546 3229 3602 3276 et
3641 3217 3958 3274 calamitati

2363 3314 2507 3393 Agar
2529 3339 2544 3375 :
2568 3321 2810 3391 permisit
2829 3327 3030 3372 tantum
3059 3332 3176 3370 eam
3202 3329 3354 3384 expet
3370 3313 3431 3367 iri
3459 3311 3585 3382 quid
3609 3311 3682 3365 sit
3698 3307 3957 3374 solitudo,

2364 3426 2419 3471 et
2432 3416 2609 3470 statim
2627 3428 2781 3468 suum
2796 3409 3066 3467 concessit
3085 3408 3414 3478 prtcsidium.
3437 3403 3503 3458 Et
3524 3403 3735 3468 uocauit,
3761 3399 3954 3470 inquit,

2365 3505 2576 3575 angelus
2607 3503 2703 3559 Dei
2729 3504 2868 3574 Agar
2891 3501 2954 3555 de
2981 3501 3123 3565 ca-lo,
3159 3508 3204 3553 et
3235 3497 3425 3552 dixitei
3442 3511 3462 3550 :
3485 3494 3622 3562 Quid
3650 3504 3744 3559 est,
3775 3493 3914 3563 Agar
3931 3490 3960 3545 2

2370 3595 2454 3650 Ne
2482 3595 2661 3650 timeas
2683 3611 2703 3648 :
2731 3593 2922 3647 audivit
2951 3592 3084 3646 enim
3107 3589 3248 3647 Deus
3274 3605 3443 3642 uocem
3466 3586 3611 3657 pueri
3639 3586 3704 3640 de
3731 3586 3844 3639 loco
3873 3583 3962 3638 ubi

2367 3697 2458 3745 est.
2488 3689 2577 3744 {8.
2616 3688 2802 3759 Surge,
2841 3689 3014 3756 accipe
3043 3701 3283 3756 puerum.
3311 3694 3362 3739 et
3392 3681 3717 3753 apprehende
3749 3696 3961 3735 manum

2369 3783 2478 3849 eius
2507 3796 2525 3834 :
2549 3781 2601 3834 in
2628 3791 2823 3852 gentem
2851 3781 2986 3833 enim
3014 3794 3252 3850 magnam
3279 3778 3464 3850 faciam
3500 3791 3638 3829 eunt.
3666 3773 3711 3829 0
3747 3773 3963 3830 miseri-

2368 3871 2606 3927 cordiam
2653 3871 2902 3925 Domini!
2945 3870 3058 3924 Non
3109 3869 3236 3939 quia
3275 3867 3468 3922 ancilla
3515 3877 3654 3932 erat,
3703 3859 3962 3934 despexit

2368 3977 2486 4017 eam
2512 3977 2527 4025 ;
2559 3960 2651 4016 sed
2678 3962 2797 4031 quia
2837 3960 3152 4030 patriarcha:
3191 3959 3540 4028 promiserat,
3569 3967 3625 4011 et
3659 3957 3784 4027 quia
3814 3957 3964 4012 illius

2369 4068 2554 4109 semen
2581 4064 2711 4117 erat,
2739 4062 2936 4106 tantum
2959 4065 3173 4122 quoque
3192 4065 3374 4105 curam
3395 4064 3526 4120 erga
3545 4063 3662 4103 eam
3682 4047 3964 4103 declarare

2371 4143 2636 4214 dignatur.
2668 4145 2835 4197 Dicit:
2865 4142 3002 4208 Quid
3024 4153 3115 4208 est,
3141 4141 3315 4212 Agar?
3347 4138 3430 4194 Ne
3454 4141 3629 4193 timeas
3655 4153 3676 4192 :
3701 4137 3962 4192 exaudiuit

2368 4238 2501 4292 enim
2540 4236 2786 4290 Dominus
2826 4252 2995 4290 vocem
3025 4235 3187 4306 pueri.
3225 4233 3390 4304 Surge
3421 4242 3469 4287 et
3496 4232 3670 4302 accipe
3712 4230 3882 4296 illum,
3911 4240 3964 4286 at

2368 4328 2691 4400 apprehende
2717 4344 2923 4382 manum
2944 4328 3050 4397 ejus
3075 4343 3096 4382 :
3125 4328 3177 4380 in
3204 4335 3400 4398 gentem
3445 4324 3580 4378 enim
3613 4338 3851 4394 magnam
3877 4326 3963 4394 [an

2370 4421 2499 4472 ciam
2515 4418 2682 4473 illum.
2705 4418 2780 4473 Nc
2802 4432 3050 4480 mereas,
3073 4416 3262 4486 inquit,
3285 4429 3351 4470 eo
3371 4413 3516 4485 quod
3549 4428 3580 4469 e
3607 4413 3769 4468 domo
3787 4410 3960 4484 ejecta

2371 4509 2464 4563 sis.
2495 4507 2725 4563 Tantam
2746 4509 2886 4563 enim
2928 4522 3111 4562 curam
3163 4521 3264 4575 ego
3294 4506 3447 4578 pueri
3494 4519 3671 4576 agam,
3701 4513 3760 4558 ut
3802 4515 3858 4558 et
3903 4504 3958 4558 in

2369 4608 2578 4670 gentem
2608 4614 2851 4671 magnam
2872 4599 2986 4669 ipse
3006 4599 3094 4654 sit.
3124 4598 3211 4654 l9.
3237 4598 3304 4653 Et
3325 4599 3544 4670 aperuit,
3571 4598 3760 4668 inquit,
3780 4598 3958 4651 oculos

2370 4692 2521 4762 ejus:
2550 4706 2655 4746 non
2686 4689 2826 4761 quod
2847 4699 3002 4745 antea
3032 4705 3140 4745 non
3169 4689 3385 4755 viderit,
3415 4687 3511 4744 sed
3530 4687 3654 4759 quia
3676 4687 3806 4740 nihil
3832 4700 3959 4756 pro-

2369 4780 2558 4834 derant
2590 4782 2637 4834 ei
2684 4782 2851 4850 aperti
2889 4783 3029 4836 oculi
3073 4790 3198 4834 ante
3237 4794 3524 4850 supernam
3570 4776 3952 4834 visitationem.

2373 4855 2690 4923 Propterea,
2719 4871 2841 4908 cum
2863 4859 3022 4910 vehet
3053 4872 3204 4911 suam
3233 4858 3626 4927 providentiam
3649 4859 3948 4927 declarare,

2374 4946 2547 5016 inquit
2577 4962 2587 4997 :
2620 4945 2834 5014 Aperuit
2858 4949 3030 5002 oculos
3060 4951 3213 5018 ejus:
3238 4951 3291 5004 id
3317 4960 3418 5016 est,
3451 4951 3772 5016 indicavitei
3796 4953 3954 5025 igno-

2373 5037 2533 5102 ranti,
2555 5045 2610 5092 et
2635 5045 2871 5091 mentem
2900 5039 3018 5108 ejus
3039 5039 3314 5102 ercitav'it.
3340 5043 3591 5112 viamque
3616 5044 3666 5098 ei
3685 5046 3950 5111 ostendit,

2373 5140 2433 5184 ut
2458 5128 2665 5184 videret
2687 5129 2864 5183 locum
2892 5131 2945 5186 in
2970 5146 3078 5202 quo
3103 5131 3277 5188 fontes
3297 5150 3449 5203 aqua:
3470 5136 3858 5192 scaturiebant.
3883 5137 3962 5193 Et

2373 5224 2517 5286 vidit,
2543 5222 2736 5292 inquit,
2757 5232 2968 5291 puteum
2995 5242 3147 5296 aquis
3172 5227 3410 5291 uiuentis,
3439 5235 3488 5281 el
3511 5228 3621 5290 ivit,
3647 5239 3695 5283 et
3715 5229 3957 5300 implevit

2433 5347 2504 5413 (α)
2527 5350 2585 5433 in
2608 5351 2820 5428 Hebraeo
2842 5351 3028 5433 legitur
3051 5355 3196 5433 1am
3216 5333 3444 5433 πήρη-ιιι
3463 5358 3618 5433 nuru
3635 5359 3777 5433 van:
3794 5359 3958 5433 aiam

2374 5423 2429 5492 lit
2457 5419 2588 5492 sedit
2608 5419 2881 5492 snguine.
2903 5430 2946 5474 et
2965 5419 3319 5492 leuauitgocerii
3336 5439 3492 5482 suam.
3515 5433 3561 5477 et
3579 5426 3726 5490 ﬂeuit.
3754 5425 3957 5492 scilicet

2369 5487 2518 5541 Agar,
2535 5487 2598 5552 Aet
2610 5483 2918 5552 sigjulgata
2951 5493 3115 5536 nostra
3142 5486 3433 5552 Hebraicum
3461 5483 3657 5552 textum
3682 5501 3712 5537 θ
3736 5486 3965 5552 vestigio

2369 5544 2729 5614 sequuuszx
2755 5544 2874 5593 vero
2897 5559 3105 5607 puerum
3128 5549 3686 5614 plorantem_ex_hlbent.
3702 5552 3820 5611 quia
3835 5544 3958 5614 ιιῖιῃ

2370 5616 2482 5677 {non
2506 5604 2793 5677 in‘Hebraso
2807 5604 3104 5677 sequuntur,
3121 5604 3439 5677 licexaudivit
3461 5610 3586 5658 Deus
3604 5604 3766 5677 nocent

2368 5664 2484 5733 huic
2505 5664 2903 5736 interpretationi
2928 5664 3097 5718 favere
3119 5667 3366 5719 videntur.
3387 5671 3763 5736 Chrysostomus
3779 5664 3960 5724 iam

2371 5727 2419 5795 in
2465 5727 2814 5795 explanatione
2853 5741 2944 5795 sua
2982 5736 3250 5795 utrumque
3291 5727 3576 5782 exauditam
3619 5730 3852 5795 exhibet,
3890 5736 3962 5786 σι

2371 5789 2582 5851 Agaretn
2604 5793 2827 5850 matrem,
2853 5795 2906 5841 et
2929 5789 3187 5843 lsmaelem
3216 5805 3440 5856 puerum.
