4178 6328
798 396 900 452 427

796 522 953 579 quem
981 500 1257 575 oportebat
1284 506 1342 553 ut
1372 493 1689 569 salvatorem
1717 498 1771 547 et
1790 485 2183 544 benefactorem
2209 493 2373 579 agno:

796 571 967 662 scere,
984 571 1104 650 eum
1115 589 1412 648 interﬁcere
1421 584 1710 658 quaerebat.
1731 579 2054 650 Oingentem
2076 573 2334 629 insaniam
2355 571 2370 625 l

797 707 830 745 o
853 687 1085 760 stuporis
1126 672 1575 754 magnitudinem!
1628 663 1764 730 Eum
1801 671 1890 743 qui
1923 669 2086 724 vitam
2126 665 2230 721 sibi
2260 678 2376 760 ser-

801 752 985 844 varat,
1010 787 1066 834 et
1088 752 1301 830 omnem
1334 784 1492 828 suum
1521 765 1813 824 exercitum
1836 762 1905 818 ab
1931 760 2240 828 alienigenae
2263 752 2374 811 Go-

800 871 932 926 liath
954 868 1132 923 furore
1159 865 1494 925 liberaverat.
1521 868 1580 915 ut
1602 859 1807 912 hostem
1827 860 2132 922 suspectum
2163 845 2369 911 habuit,

803 972 855 1018 et
903 962 1183 1017 immemor
1229 950 1512 1015 beneﬁcii,
1562 948 1630 1002 ab
1677 944 1956 1000 affectione
2010 936 2326 993 vincebatur

799 1052 894 1108 sed
928 1056 1109 1106 mente
1151 1061 1248 1102 sua
1276 1041 1653 1098 obtenebratus
1677 1036 1745 1090 ab
1784 1033 1982 1089 invidia
2003 1071 2018 1096 ,
2051 1027 2270 1100 perinde
2292 1036 2376 1080 at-

801 1156 907 1209 que
946 1140 1013 1194 ab
1041 1136 1297 1193 ebrietate
1320 1129 1546 1202 quadam
1569 1168 1588 1197 ,
1633 1121 2024 1184 benefactorem
2069 1129 2129 1176 ut
2166 1117 2380 1174 hostem

801 1229 1097 1302 spectabat.

873 1321 927 1375 4.
957 1315 1170 1372 Invidia
1196 1313 1399 1369 morbus
1414 1309 1726 1366 describitur.
1766 1303 1979 1361 loralis
2015 1302 2293 1359 exhortatio
2312 1298 2382 1353 ad

809 1407 1104 1482 fugiendum
1136 1403 1399 1459 invidiam.
1441 1400 1666 1468 Damon.
1685 1397 1873 1452 [contini
1911 1395 2182 1465 subjectus.
2207 1418 2278 1433 —-
2302 1390 2379 1482 Ita

803 1480 945 1554 enim
985 1511 1045 1552 se
1079 1495 1274 1550 habere
1315 1491 1450 1547 solet
1491 1490 1646 1557 hujus
1669 1485 1970 1542 aﬁ‘ectionis
1996 1483 2194 1536 malitia
2226 1498 2240 1534 :
2270 1480 2380 1549 pri-

808 1605 953 1645 mum
974 1589 1267 1659 corrumpit
1284 1601 1404 1643 eum
1429 1598 1460 1638 a
1483 1598 1588 1652 quo
1609 1589 1909 1652 generatur.
1939 1577 2001 1631 Et
2031 1573 2379 1646 quemadmo-

805 1681 931 1738 dum
973 1680 1169 1736 vermis
1211 1678 1360 1748 quia
1401 1675 1544 1745 ligno
1582 1670 1926 1742 producitur,
1967 1667 2166 1738 lignum
2211 1664 2382 1733 primo

805 1769 1070 1825 consumit
1105 1784 1124 1824 :
1165 1767 1234 1822 ita
1273 1757 1568 1821 et‘invidia
1614 1761 1757 1815 illam
1797 1760 1967 1828 primo
2004 1755 2236 1810 animam
2263 1767 2385 1807 cor—

806 1859 1056 1930 rumpita
1080 1873 1183 1929 qua
1221 1864 1342 1928 nata
1378 1863 1496 1918 est,
1542 1853 1668 1908 etei
1691 1850 1774 1906 cui
1811 1847 2079 1904 invidetur
2105 1845 2259 1915 plane
2297 1843 2383 1898 di-

807 1966 959 2006 versa
985 1966 1141 2020 quam
1157 1947 1271 2002 vult
1288 1945 1462 2002 aﬁ‘ert.
1485 1943 1562 1999 Ne
1583 1944 1740 2013 igitur
1761 1940 1965 2009 respice
1985 1937 2051 1991 ad
2072 1935 2385 2006 principium

808 2050 994 2100 eorum
1043 2041 1233 2112 quibus
1273 2037 1571 2101 invidetur,
1619 2034 1715 2090 sed
1755 2031 1822 2088 ad
1862 2032 2021 2086 ﬁnem
2051 2028 2293 2098 respice,
2331 2033 2385 2081 et

811 2132 1044 2196 attende,
1076 2131 1197 2201 quia
1226 2129 1424 2184 malitia
1445 2125 1790 2181 invidentium
1813 2163 1830 2189 ,
1857 2137 1950 2178 eos
1967 2121 2157 2193 quibus
2187 2117 2386 2173 invidet

809 2223 1063 2278 clariores
1099 2219 1280 2275 el‘licit.
1335 2217 1466 2282 Nam
1498 2216 1530 2269 ii
1570 2213 1763 2285 quibus
1807 2212 2076 2268 invidetur
2115 2208 2385 2266 subsidia-

811 2313 947 2368 rium
983 2311 1179 2366 habent
1218 2309 1311 2365 Dei
1340 2306 1592 2361 auxilium
1617 2346 1633 2371 ,
1674 2313 1729 2359 et
1762 2303 1929 2373 gratia
1973 2301 2218 2356 fruuntur
2251 2317 2265 2354 :
2295 2298 2386 2368 qui

811 2413 987 2459 autem
1031 2401 1264 2466 invidet,
1293 2399 1458 2470 gratia
1484 2397 1759 2467 spoliatur,
1801 2402 1857 2448 et
1888 2392 2041 2448 facile
2066 2391 2297 2447 vincitur
2317 2389 2386 2444 ab

809 2495 1056 2549 omnibus
1080 2511 1093 2546 :
1124 2502 1177 2547 et
1200 2499 1356 2552 antea
1385 2505 1415 2545 a
1445 2490 1557 2544 suis
1580 2487 1889 2550 atiectibus,
1917 2500 2078 2556 quam
2108 2483 2177 2540 ab
2204 2493 2387 2540 exter-

810 2582 894 2639 nis
920 2582 1162 2636 hostibus
1203 2580 1514 2644 infestatus,
1562 2576 1713 2647 quasi
1739 2575 2070 2630 consumitur
2091 2615 2108 2642 ,
2141 2581 2198 2630 et
2237 2572 2389 2643 quasi

811 2673 1032 2729 occultis
1060 2670 1288 2725 maxillis
1312 2669 1629 2730 devoratur,
1663 2675 1718 2722 et
1743 2664 2051 2733 absumptus
2069 2704 2087 2730 ,
2124 2673 2180 2717 ut
2209 2665 2277 2717 ita
2303 2663 2389 2717 di-

812 2777 967 2828 cam,
1013 2760 1389 2828 submergitur.
1438 2757 1567 2823 ρυλε
1605 2769 1727 2810 cum
1771 2754 1924 2808 nobis
1960 2761 2232 2821 comperta
2261 2752 2388 2816 sint,

813 2851 1056 2913 obsecro,
1085 2848 1343 2918 fugiamus
1370 2845 1539 2901 morbi
1568 2843 1725 2914 hujus
1745 2844 2017 2906 damnum,
2041 2851 2094 2896 et
2118 2843 2240 2896 totis
2263 2842 2395 2896 viri-

815 2940 915 2996 bus
939 2939 1005 2993 ab
1023 2937 1302 2993 animabus
1330 2936 1526 2990 nostris
1551 2934 1910 2990 eliminemus.
1934 2931 2389 2988 Perniciosissima

813 3032 955 3087 enim
980 3040 1063 3086 est
1093 3031 1328 3084 omnium
1357 3027 1696 3084 affectionum
1724 3066 1738 3090 ,
1793 3034 2139 3094 nostramque
2165 3023 2392 3078 salutem

815 3121 1140 3190 corrumpit.
1166 3127 1350 3188 utpote
1377 3117 1573 3172 diaboli
1601 3116 1891 3170 inventum.
1919 3114 2203 3184 Propterca
2232 3122 2286 3169 et
2305 3129 2395 3167 sa-

817 3213 967 3282 piens
1004 3210 1218 3280 quidam
1261 3207 1469 3263 dicebat
1509 3225 1524 3263 :
1565 3204 1766 3259 Invidia
1810 3213 1977 3259 autent
2025 3204 2213 3258 diaboli
2261 3220 2396 3259 mors

819 3303 1020 3357 intravit
1056 3303 1108 3354 in
1144 3299 1387 3353 mundum
1426 3297 1582 3369 (Sap.
1607 3298 1660 3351 2.
1691 3298 1804 3362 24).
1852 3295 1987 3363 Quid
2028 3307 2109 3352 est
2132 3339 2146 3360 ,
2191 3294 2396 3351 Invidia

819 3394 1008 3447 diaboli
1029 3409 1161 3446 mors
1189 3390 1391 3444 intravit
1414 3389 1468 3442 in
1486 3387 1726 3441 mundum
1743 3388 1769 3441 .’
1791 3387 1923 3442 Nam
1954 3397 2231 3457 postquam
2259 3388 2394 3442 mala

823 3485 934 3539 haec
963 3484 1129 3538 bestia
1165 3481 1389 3551 primum
1431 3478 1699 3533 hominem
1721 3478 1852 3532 vidit
1880 3477 2232 3532 immortalem
2258 3518 2273 3542 ,
2305 3492 2398 3546 per

822 3587 972 3628 suam
1023 3571 1397 3639 malignitatem
1438 3567 1502 3622 ad
1544 3568 2016 3635 transgressionem
2047 3567 2277 3621 mandati
2319 3569 2401 3622 iu-

822 3666 1004 3729 duxit,
1039 3679 1131 3733 per
1157 3677 1314 3733 quam
1342 3660 1464 3715 fecit
1495 3669 1554 3714 ut
1585 3659 1739 3713 morti
1771 3657 1922 3713 ﬁeret
1945 3659 2224 3712 obnoxius.
2257 3659 2400 3714 invi-

821 3755 907 3810 dia
945 3754 1101 3824 igitur
1140 3752 1506 3820 deccptionem
1547 3757 1764 3819 operata
1793 3757 1908 3814 est,
1937 3747 2182 3816 deceptio
2212 3748 2399 3803 inube-

823 3844 1111 3904 dientiatn,
1170 3840 1524 3895 iuobedientia
1578 3848 1825 3893 mortem.
1885 3838 2172 3907 Propterea
2222 3837 2396 3893 dicit:

825 3936 1027 3991 Invidia
1046 3943 1213 3988 autem
1242 3932 1427 3987 diaboli
1448 3947 1581 3986 mors
1606 3931 1810 3984 intravit
1835 3930 1887 3984 in
1917 3931 2177 3984 mundum.
2210 3929 2399 3985 Vidisti

825 4039 1078 4100 quantum
1122 4024 1416 4082 aﬂectionis
1458 4023 1616 4091 hujus
1662 4022 1949 4076 damnum?
2001 4021 2403 4075 immortalitate

829 4122 1144 4175 honoratum
1169 4117 1447 4170 mortalem
1477 4115 1616 4169 fecit.
1666 4112 1860 4166 Verum
1909 4112 2152 4165 inimicus
2189 4112 2402 4181 quidem

829 4223 1025 4266 nostra:
1063 4209 1283 4274 salutis,
1322 4221 1417 4261 sua
1461 4205 1687 4270 invidia,
1731 4213 1790 4259 ut
1835 4207 2037 4275 primus
2078 4203 2268 4268 homo,
2314 4203 2404 4275 qui

830 4299 1142 4363 immortalis
1169 4304 1283 4352 erat
1300 4340 1314 4359 .
1362 4295 1428 4350 ad
1469 4305 1692 4350 mortem
1717 4294 2161 4350 condemnaretur
2183 4295 2358 4352 eﬂ'ecit
2384 4312 2402 4355 :

829 4391 1133 4448 misericors
1168 4396 1344 4442 autem
1388 4386 1750 4455 sollicitusque
1793 4399 1892 4456 pro
1928 4386 2081 4441 nobis
2125 4386 2402 4455 Dominus,

832 4496 927 4550 per
957 4487 1179 4534 mortem
1205 4492 1352 4533 suam
1393 4476 1580 4531 iterum
1612 4476 2062 4530 immortalitatem
2102 4476 2262 4530 nobis
2298 4476 2406 4530 lar.

831 4571 970 4642 gitus
997 4578 1098 4623 est.
1127 4567 1279 4623 Unde
1306 4575 1360 4622 et
1384 4567 1585 4635 majora
1607 4582 1764 4635 quam
1788 4566 2063 4622 amisimus
2084 4568 2405 4623 invenimus.

829 4660 1087 4717 Paradiso
1110 4660 1265 4730 ejecit
1292 4659 1378 4714 ille
1401 4700 1415 4724 ,
1443 4659 1531 4713 hic
1557 4658 1608 4712 in
1633 4657 1822 4712 caelum
1854 4657 2056 4712 induxit
2084 4675 2098 4714 :
2122 4658 2211 4716 ille
2236 4669 2408 4717 morte

832 4753 1176 4809 condemnari
1217 4768 1313 4808 nos
1341 4753 1576 4818 curavit,
1631 4753 1715 4806 hic
1761 4751 2206 4807 immortalitatem
2253 4754 2408 4809 nobis

834 4845 1054 4914 largitus
1071 4853 1154 4900 est
1185 4862 1198 4897 :
1230 4845 1317 4898 ille
1345 4844 1571 4913 paradisi
1588 4843 1789 4898 deliciis
1812 4843 2060 4911 privavit,
2085 4843 2170 4898 hic
2187 4859 2406 4914 regnum

834 4936 1086 4988 caelorum
1133 4934 1286 4988 nobis
1333 4932 1669 5002 praeparavit.
1701 4930 1891 4986 Vidisti
1919 4933 2170 4987 solertem
2201 4933 2409 4991 Domini

836 5025 911 5080 ttti
962 5023 1317 5095 sapientiam?
1373 5033 1426 5078 et
1465 5023 1732 5093 quomodo
1775 5037 1837 5077 ea
1867 5039 1985 5094 qua:
2023 5039 2118 5093 per
2162 5025 2408 5080 invidiam

833 5117 1027 5173 diaboli
1055 5129 1239 5172 contra
1266 5116 1486 5170 salutem
1516 5126 1748 5169 nostram
1797 5113 1932 5170 facta
1972 5125 2127 5182 sunt,
2179 5115 2230 5170 in
2257 5127 2413 5186 caput

837 5211 977 5265 illius
1002 5207 1302 5262 convertit?
1348 5206 1461 5262 Non
1487 5207 1627 5262 enim
1657 5209 1830 5261 solum
1875 5222 1973 5260 nos
2013 5207 2301 5278 majoribus
2327 5208 2411 5262 di-

835 5313 1025 5372 gnatus
1043 5311 1145 5365 est.
1185 5299 1279 5354 sed
1312 5285 1365 5354 et
1391 5299 1535 5353 illum
1566 5299 1736 5368 ipsum
1768 5298 1922 5354 nobis
1952 5299 2178 5368 subjecit
2203 5300 2409 5370 dicens,

838 5393 969 5448 Ecce
991 5393 1107 5446 dedi
1147 5393 1281 5446 vobis
1315 5399 1604 5462 potestatem
1631 5390 1863 5444 calcandi
1889 5406 2039 5458 super
2073 5403 2325 5460 serpentes
2363 5401 2412 5448 et

833 5485 1122 5553 scorpiones
1149 5482 1296 5550 (Luc.
1329 5482 1412 5538 l0.
1447 5482 1559 5553 19).
1587 5481 1813 5537 Proinde
1831 5481 1945 5536 haec
1970 5481 2146 5536 omnia
2173 5483 2411 5554 cogitan-

835 5585 955 5640 tes,
995 5583 1049 5630 et
1073 5574 1324 5630 invidiam
1361 5588 1425 5628 ex
1450 5572 1728 5627 animabus
1765 5573 1960 5627 nostris
1999 5571 2327 5644 cﬁ‘ugemus,
2357 5581 2414 5630 et

836 5665 1144 5722 studeamus
1171 5673 1228 5719 ut
1249 5663 1478 5719 divinam
1508 5662 1662 5718 nobis
1698 5661 2120 5719 benevolentiam
2156 5664 2409 5721 concilie-

837 5771 982 5817 mus.
1014 5757 1137 5813 llzcc
1156 5758 1295 5813 enim
1316 5766 1496 5813 nostra
1523 5761 1790 5813 armatura
1804 5756 1995 5828 solida,
2016 5765 2072 5816 et
2091 5757 2409 5832 inexpugna-

1505 380 1564 438 8.
1601 376 1880 438 JOANNIS
1913 363 2383 430 CIIRYSOSTOMI
2421 362 2736 419 ARClllEP.
2777 359 3308 417 CONSTANTINOP.

3957 357 4056 412 ωε

2479 473 2638 543 bilis,
2686 476 2766 528 liae
2804 483 3000 529 nostrae
3045 473 3293 528 maximae
3337 471 3612 527 facultates
3651 485 3671 523 :
3701 484 3796 540 per
3837 468 3976 522 banc
4013 479 4060 522 ct

2480 563 2686 628 Ismael,
2712 565 2954 632 quamvis
2977 563 3287 619 adolescens
3311 603 3325 626 ,
3351 561 3479 618 etin
3506 559 3792 615 solitudine
3814 601 3828 621 .
3854 573 4061 613 rerum-

2475 668 2583 723 que
2601 653 2838 708 omnium
2862 653 3034 722 inopia
3055 666 3273 708 versans
3295 692 3311 717 ,
3337 651 3516 707 statim
3535 650 3707 705 crevit
3727 689 3742 714 ,
3779 659 3836 704 et
3858 650 3910 702 in
3931 663 4059 716 gen-

2480 752 2590 800 tem
2629 757 2873 813 magnam
2897 745 3065 799 lactus
3089 751 3173 800 est
3201 761 3217 802 :
3245 741 3368 813 quia
3404 741 3495 798 20.
3526 740 3660 797 Deus
3687 750 3832 805 erat,
3871 739 4058 808 inquit,

2479 850 2594 888 cunt
2619 849 2791 906 puero.
2839 833 2975 889 Hinc
3007 835 3157 890 enim
3199 842 3345 887 totus
3386 847 3566 887 sermo
3605 840 3788 886 noster
3812 843 4064 899 egressus

2481 935 2585 981 est.
2616 924 2976 993 Despiciamus
2997 922 3155 993 igitur
3173 963 3188 988 ,
3219 938 3342 988 oro,
3368 924 3672 992 praesentia.
3696 922 4066 978 desideremus

2482 1017 2659 1077 futura
2686 1033 2703 1072 :
2728 1017 2953 1089 gratiam
2981 1017 3075 1072 Dei
3099 1017 3346 1072 omnibus
3373 1015 3719 1086 praeferamus
3737 1055 3756 1082 ,
3785 1025 3841 1069 ct
3869 1029 3967 1082 per
3992 1013 4068 1065 vi-

2485 1119 2593 1165 tam
2632 1110 2888 1179 optimam
2927 1109 3151 1165 multam
3179 1106 3428 1164 ﬁduciam
3453 1105 3607 1162 nobis
3635 1116 3792 1160 antea
3831 1119 4064 1176 repona-

2481 1216 2601 1256 mus
2633 1219 2647 1256 :
2681 1209 2738 1255 ut
2763 1211 2818 1255 et
2853 1209 3173 1269 prasentem
3193 1201 3354 1254 vitam
3382 1199 3515 1254 citra
3541 1210 3837 1253 maerorem
3869 1197 4065 1251 trami-

2481 1303 2669 1361 gamus
2687 1330 2702 1355 ,
2731 1297 2787 1343 et
2824 1286 2999 1343 futura
3025 1287 3164 1342 bona
3184 1301 3574 1356 consequamur
3595 1326 3609 1350 ,
3640 1284 3806 1355 gratia
3838 1293 3898 1338 et
3924 1283 4074 1338 lieni.

2483 1382 2682 1451 gnitate
2725 1378 2934 1433 Domini
2977 1378 3143 1433 nostri
3179 1375 3305 1433 Iesu
3346 1375 3581 1442 Christi,
3624 1375 3710 1429 cui
3741 1387 3867 1428 cum
3909 1372 4070 1426 Patre

2484 1469 2643 1525 simul
2667 1478 2722 1524 et
2747 1468 2944 1539 Spiritu
2968 1477 3155 1524 sancto
3182 1468 3252 1523 sit
3288 1467 3450 1537 gloria
3469 1507 3484 1530 ,
3521 1465 3804 1534 imperium
3825 1505 3840 1525 ,
3873 1463 4067 1527 honor,

2485 1575 2628 1617 nunc
2651 1569 2706 1616 et
2729 1573 2962 1631 mper,
2985 1559 3110 1616 etin
3136 1559 3330 1615 stecula
3359 1556 3699 1614 surculorum.
3727 1555 3928 1610 Amen.

3013 1693 3288 1751 HOMILIA
3329 1693 3535 1750 XLVII.

2487 1803 2558 1858 Et
2587 1805 2774 1876 factum
2798 1813 2871 1861 est
2913 1813 3025 1875 post
3047 1805 3196 1860 verba
3223 1805 3330 1859 haec
3349 1844 3365 1868 .
3393 1802 3533 1859 Deus
3557 1805 3780 1859 tentabat
3805 1803 4072 1858 Abraham

3069 1895 3478 1970 (Gen.‘22.i.)

2561 2007 2613 2063 Ι.
2645 2007 2837 2076 ingens
2877 2007 3082 2064 lucrum
3105 2049 3122 2075 ,
3162 2008 3480 2079 grandisque
3509 2009 3789 2065 thesaurus
3813 2009 3866 2064 in
3895 2007 4077 2064 verbis

2488 2113 2607 2169 qua:
2632 2096 2792 2153 hodie
2810 2097 2976 2164 lecta,
3008 2099 3218 2154 tametsi
3249 2114 3413 2169 pauca
3439 2099 3546 2154 sint
3563 2141 3579 2167 ,
3606 2099 3796 2155 latent.
3825 2099 3909 2154 Eo
3930 2100 4074 2154 enim

2489 2189 2650 2245 modo
2673 2205 2734 2246 se
2753 2189 2951 2245 habent
2973 2190 3151 2245 divina
3178 2191 3410 2262 eloquia,
3430 2199 3490 2245 ut
3509 2189 3704 2246 multas
3725 2190 3947 2246 divitias
3969 2205 4076 2246 non

2491 2281 2543 2336 in
2573 2281 2908 2338 multitudine
2933 2283 3239 2352 verborum,
3269 2283 3364 2339 sed
3394 2284 3446 2338 in
3477 2283 3734 2340 brevitate
3759 2298 4075 2339 sermonum

2489 2372 2818 2428 contineant.
2849 2374 2958 2443 Age
2983 2373 3140 2442 igitur
3161 2373 3502 2444 exploremus
3523 2388 3584 2430 ea
3612 2389 3732 2445 quae
3759 2373 3907 2428 dicta
3931 2383 4076 2438 sunt,

2491 2472 2546 2518 et
2566 2462 2834 2517 hodiernae
2857 2464 3098 2519 lectionis
3121 2466 3224 2517 vim
3245 2465 3530 2535 diligenter
3551 2463 3912 2518 addiscamus.
3945 2461 4078 2517 Nam

2491 2554 2570 2609 sie
2598 2554 2790 2609 iterum
2814 2553 3044 2609 sciemus
3070 2569 3127 2610 et
3154 2554 3466 2624 patriarcha:
3492 2555 3762 2623 copiosam
3789 2553 4047 2610 virtutem
4063 2592 4079 2618 .

2491 2653 2544 2703 et
2573 2646 2663 2700 Dei
2683 2646 3028 2701 excellentem
3054 2646 3411 2701 clementiam.
3437 2646 3487 2700 ι.
3528 2643 3598 2699 Et
3636 2644 3828 2714 factum
3857 2654 3965 2711 est,
4000 2643 4082 2698 in;

2493 2739 2628 2808 quit,
2655 2747 2767 2807 post
2792 2737 2939 2791 verba
2959 2737 3084 2804 Iace,
3113 2735 3252 2792 Deus
3271 2739 3492 2792 tentabat
3509 2737 3760 2791 Abraham
3790 2734 3946 2806 (Cap.
3966 2735 4080 2806 22).

2492 2827 2628 2893 Quid
2656 2826 2758 2881 sibi
2784 2827 2968 2880 volunt
3003 2827 3118 2882 haec
3144 2827 3303 2883 verba
3321 2869 3336 2894 ,
3367 2825 3436 2881 Et
3465 2827 3654 2896 factum
3690 2836 3762 2881 est
3781 2833 3904 2896 post
3926 2826 4085 2881 verba

2494 2915 2621 2982 haec,
2647 2915 2866 2969 tentabat
2899 2915 3032 2971 Dens
3059 2915 3316 2971 Abraham
3332 2917 3359 2969 .’
3383 2914 3694 2984 Considera,
3716 2915 3970 2981 obsecro,
4003 2914 4088 2968 di-

2493 3007 2671 3062 vinum
2698 3005 3046 3076 Scripturatn,
3073 3007 3341 3077 quomodo
3367 3006 3519 3061 nobis
3542 3005 3670 3074 justi
3695 3006 3950 3060 virtutem
3979 3005 4084 3075 jam

2497 3098 2625 3152 velit
2646 3096 2914 3166 detegere.
2942 3096 3007 3152 Et
3033 3097 3155 3167 quia
3183 3104 3458 3151 narratura
3487 3103 3588 3160 est,
3617 3095 3891 3165 quomodo
3913 3095 4088 3150 Abra-

2497 3189 2622 3245 ba‘tn
2651 3204 2681 3244 a
2713 3189 2822 3244 Deo
2851 3198 3081 3244 tentatus
3108 3189 3206 3254 sit,
3239 3189 3384 3258 prius
3413 3187 3524 3241 vult
3552 3195 3609 3241 ut
3645 3185 3921 3241 discamus
3953 3195 4088 3241 tem-

2499 3296 2598 3352 pus
2617 3322 2631 3345 ,
2660 3295 2765 3349 quo
2795 3277 2909 3332 haec
2943 3276 3255 3347 patriarchae
3297 3285 3557 3346 prmcepta
3596 3283 3759 3341 sunt,
3789 3284 3846 3330 et
3872 3273 4092 3345 quando

2493 3372 2675 3438 jussus
2700 3380 2782 3425 est
2808 3369 3004 3426 oﬁ'erre
3031 3368 3266 3424 lsancum
3288 3409 3304 3435 ,
3331 3380 3390 3422 ut
3417 3368 3560 3422 scias
3583 3381 3828 3438 magnam
3860 3367 4093 3435 patriar-

2497 3464 2612 3518 chae
2632 3462 3003 3527 obedientiam,
3029 3469 3085 3515 et
3103 3460 3372 3531 quomodo
3394 3459 3487 3514 Dei
3501 3458 3666 3528 jussis
3686 3457 3814 3513 nihil
3841 3456 4092 3529 prasl'crri

2502 3569 2687 3624 passus
2714 3553 2800 3606 sit.
2826 3551 2963 3619 Quid
2991 3550 3150 3621 igitur
3170 3559 3271 3614 est,
3295 3547 3510 3603 Factum
3525 3557 3597 3603 est
3619 3557 3786 3605 autem
3805 3557 3924 3618 post
3948 3548 4094 3603 verba

2502 3644 2607 3696 hac
2623 3644 2648 3696 2
2666 3642 2925 3708 Quoniam
2948 3650 3222 3710 postquam
3245 3651 3396 3694 natus
3416 3647 3498 3693 est
3527 3638 3689 3703 Isaac,
3717 3637 3939 3708 quando
3962 3638 4095 3692 vidit

2502 3733 2662 3790 Sarra
2707 3734 2981 3788 lsmaelem
3021 3732 3176 3786 simul
3207 3731 3407 3785 versari
3439 3744 3560 3785 cum
3587 3727 3736 3783 lsaac
3759 3770 3774 3794 ,
3803 3729 3955 3782 sicut
3983 3728 4092 3783 lteri

2501 3827 2654 3881 vobis
2683 3826 2912 3882 diximus
2935 3867 2948 3890 ,
2990 3823 3092 3879 hoc
3134 3839 3278 3894 mgre
3314 3823 3490 3879 ferens
3514 3865 3528 3887 .
3556 3822 3764 3877 diccbat
3809 3823 4049 3876 Abraha:
4081 3835 4092 3872 :

2504 3917 2652 3987 Ejice
2676 3919 2910 3973 ancillam
2935 3927 2982 3972 et
3003 3918 3168 3987 ﬁlium
3194 3918 3304 3988 ejus
3333 3931 3353 3970 .'
3377 3931 3477 3969 non
3505 3915 3637 3968 enim
3658 3914 3753 3968 erit
3779 3913 3931 3968 lieres
3963 3913 4098 3980 ﬁlius

2505 4011 2706 4064 ancilla
2725 4027 2838 4063 cum
2864 4010 2971 4078 [ilio
3001 4024 3110 4062 meo
3137 4011 3155 4076 (
3181 4007 3311 4062 Gen.
3340 4006 3432 4060 21.
3449 4005 3577 4075 10);
3609 4019 3841 4073 cumque
3871 4003 3983 4058 hoc
4011 4019 4099 4074 pa-

2506 4101 2752 4157 triarcha;
2785 4100 2976 4155 durum
3006 4099 3275 4154 videretur
3295 4137 3310 4162 ,
3337 4097 3523 4152 volens
3554 4110 3678 4151 eum
3720 4094 3862 4150 Deus
3900 4109 4097 4150 conso-

2507 4193 2628 4262 lari,
2654 4195 2729 4249 ait
2755 4211 2768 4247 :
2801 4193 2940 4248 Audi
2966 4191 3179 4249 Sarram
3213 4206 3431 4246 uxorem
3464 4199 3630 4256 tuam,
3658 4197 3714 4245 et
3739 4188 3821 4244 fac
3851 4189 4004 4259 quod
4035 4191 4097 4242 ab

2506 4301 2569 4343 ea
2598 4285 2799 4341 dictum
2829 4294 2912 4340 est
2943 4301 2958 4338 :
2989 4297 3162 4354 neque
3187 4282 3427 4337 videatur
3454 4280 3546 4335 tibi
3573 4280 3761 4334 durum
3789 4321 3805 4345 ,
3831 4280 3988 4350 quod
4019 4279 4099 4333 di-

2507 4385 2650 4432 ctum
2676 4384 2759 4431 est
2778 4374 2846 4431 de
2875 4389 3040 4445 puero
3063 4384 3117 4429 et
3140 4372 3208 4427 de
3233 4373 3445 4427 ancilla.
3473 4372 3541 4424 In
3563 4370 3715 4424 Isaac
3736 4370 3874 4423 enim
3903 4369 4102 4423 vocabi-

2509 4479 2591 4523 tur
2619 4468 2705 4521 tibi
2731 4483 2897 4521 semen
2926 4469 2944 4538 (
2972 4465 3051 4520 Ib.
3084 4481 3133 4520 v.
3166 4463 3235 4521 12
3255 4467 3298 4537 ),
3329 4475 3383 4519 et
3407 4464 3556 4518 illum
3581 4477 3792 4533 quoque
3821 4461 4023 4517 faciam
4053 4463 4100 4515 iu

2509 4567 2719 4630 gentem
2744 4570 2987 4626 magnam
3011 4595 3028 4622 ,
3057 4556 3178 4626 quia
3205 4568 3388 4610 semen
3419 4564 3567 4608 tuum
3593 4560 3691 4608 est.
3723 4551 3790 4606 Et
3812 4552 4002 4606 omnis
4034 4550 4104 4605 illi

2511 4665 2541 4704 a
2571 4650 2681 4706 Deo
2716 4649 2851 4705 facta
2886 4648 3172 4720 promissio
3196 4661 3263 4703 eo
3293 4646 3572 4713 tendebat,
3615 4654 3671 4700 ut
3712 4643 3822 4700 nati
3848 4660 3930 4700 ex
3965 4645 4106 4700 Isaac

2511 4743 2564 4799 in
2594 4757 2839 4812 magnum
2874 4741 3126 4813 populum
3168 4747 3605 4811 propagarentnr.
3635 4735 3765 4790 Cum
3793 4751 3936 4807 ergo
3964 4736 4102 4793 bona

2513 4833 2813 4904 hujusmodi
2843 4848 2938 4904 spe
2965 4833 3199 4887 aleretur
3221 4832 3416 4899 justus,
3443 4837 3564 4900 post
3587 4837 3758 4883 tantas
3777 4836 3833 4882 et
3852 4838 3970 4883 tam
3999 4829 4102 4883 {rev

2512 4936 2734 4998 quentes
2759 4939 3023 4981 aerumnas
3050 4933 3105 4978 et
3133 4921 3471 4986 tentationes,
3493 4935 3676 4976 earum
3703 4929 3927 4990 accepta
3956 4935 4102 4976 mer-

2513 5017 2662 5083 cede,
2690 5027 2744 5073 et
2771 5017 2823 5072 in
2852 5024 2964 5070 tuto
2990 5013 3204 5070 demum
3229 5011 3533 5077 collocatus,
3566 5026 3674 5080 prae
3692 5009 3865 5066 oculis
3898 5009 4103 5065 habens

2513 5108 2614 5165 sibi
2643 5121 3013 5164 successurum
3045 5104 3318 5171 hcredem,
3346 5117 3534 5157 secure
3556 5101 3774 5172 agebat,
3810 5101 4102 5157 maximam

2513 5201 2638 5258 inde
2659 5199 2953 5271 percipiens
2977 5196 3413 5252 consolationem.
3445 5192 3644 5250 Verum
3671 5194 3757 5263 qui
3781 5193 4105 5249 abscondita

2512 5294 2754 5350 cordium
2785 5290 2931 5347 novit
2952 5330 2967 5355 ,
2995 5289 3178 5345 volens
3205 5287 3359 5343 nobis
3381 5286 3512 5356 justi
3541 5285 3698 5355 hujus
3723 5286 3986 5342 virtutem
4015 5285 4102 5341 de-

2517 5397 2732 5459 tegere,
2763 5394 2818 5441 et
2857 5398 3102 5454 magnum
3132 5396 3368 5438 amorem
3395 5396 3552 5452 quem
3580 5394 3702 5449 erga
3742 5392 3803 5432 se
3843 5379 4102 5450 gerebat,

2514 5488 2633 5549 post
2673 5486 2750 5533 tot
2795 5474 3172 5548 promissiones
3213 5483 3268 5529 et
3309 5473 3446 5527 banc
3492 5485 3702 5541 quoque
3742 5485 3866 5540 quae
3917 5483 4106 5526 rcccns

2513 5570 2651 5626 facta
2675 5582 2811 5636 erat,
2839 5581 2892 5624 et
2911 5568 3061 5640 cujus
3085 5565 3396 5626 memoriam
3424 5566 3597 5622 adhuc
3625 5565 3833 5619 ﬁrmam
3867 5564 4104 5628 tenebat,

2513 5680 2633 5722 cum
2659 5666 2762 5736 jam
2793 5661 3122 5719 adolesceret
3148 5661 3312 5726 lsaac,
3349 5669 3401 5715 et
3432 5659 3484 5714 in
3515 5658 3630 5728 ipso
3655 5659 3828 5714 aetatis
3858 5657 4000 5715 ﬂore
4027 5672 4107 5713 es-

2516 5766 2618 5828 set,
2639 5763 3008 5826 cresceretque
3027 5764 3193 5826 patris
3216 5766 3342 5824 erga
3368 5750 3518 5808 illum
3543 5747 3781 5820 dilectio,
3803 5759 3933 5822 post
3952 5747 4106 5807 verba
