4178 6328
182 383 319 464 ias

212 493 590 569 promissionis
626 502 685 550 et
715 502 991 564 postquam
1018 487 1153 545 dixit
1185 505 1198 542 :
1233 485 1301 541 In
1324 486 1415 540 illa
1445 482 1702 537 vocabitur
1726 480 1815 537 tibi

210 602 383 642 semen
406 625 421 649 ,
461 596 521 641 et
563 583 659 639 ille
690 582 792 638 erit
834 593 1113 637 successor
1138 586 1260 632 tuus
1287 594 1301 630 :
1332 574 1459 629 Post
1482 574 1631 629 verba
1662 573 1771 626 Iure

212 678 438 734 tentabat
460 675 601 731 Deus
629 674 905 730 Abraham.
932 670 1073 739 Quid
1096 677 1201 736 est,
1228 668 1478 723 Tentabat
1496 667 1522 720 ἵ
1537 666 1651 721 Non
1673 680 1822 736 quoe

214 772 330 841 ipse
358 771 659 841 ignoraret,
698 767 988 821 tentatione
1013 762 1160 817 illum
1190 760 1467 830 probavit,
1494 759 1588 813 sed
1618 766 1676 812 ut
1701 766 1755 812 et
1781 757 1815 811 il

216 860 305 931 qui
328 869 457 915 tunc
475 866 651 921 erant,
674 866 728 911 et
746 854 833 925 qui
856 853 923 909 ab
939 869 1005 909 eo
1027 862 1459 921 temporeiusque
1483 849 1550 903 ad
1580 862 1819 918 presens

215 953 380 1009 futuri
425 960 590 1015 sunt,
636 948 774 1003 istud
815 948 987 1015 ipsum
1035 942 1353 1015 patriarchae
1396 941 1723 997 desiderium
1764 946 1820 993 et

211 1043 578 1099 olredientiam
625 1041 676 1094 in
712 1039 994 1110 prmeeptis
1022 1036 1307 1091 dominicis
1334 1050 1443 1102 prae
1470 1047 1529 1089 se
1560 1031 1702 1088 ferre
1731 1029 1815 1085 di-

213 1143 393 1190 scant.
427 1133 496 1188 Et
527 1134 677 1199 dixit,
702 1134 904 1201 inquit,
934 1131 1003 1184 ad
1023 1145 1180 1184 eum:
1210 1127 1469 1182 Abraham
1491 1167 1507 1190 ,
1538 1126 1815 1179 Abraham.

213 1226 279 1281 At
324 1226 416 1281 ille
454 1227 584 1281 dixit
610 1242 629 1279 :
660 1224 793 1278 Ecce
819 1240 930 1294 ego.
964 1222 1101 1290 Quid
1128 1220 1229 1276 sibi
1257 1222 1372 1275 vult
1398 1219 1545 1274 verbi
1572 1218 1817 1287 duplica—

215 1319 290 1373 tio
310 1318 336 1371 τ
367 1318 575 1388 Magna:
599 1316 984 1371 benevolentia:
1004 1313 1129 1384 ei'ga
1158 1311 1515 1383 patriarcham
1536 1325 1822 1381 argumen-

216 1420 327 1466 tum
358 1420 465 1475 est,
498 1418 555 1465 et
579 1408 909 1463 monstrabat
931 1406 981 1463 ei
1011 1406 1290 1461 vocatione
1315 1404 1449 1473 ipsa,
1484 1418 1543 1459 se
1568 1416 1826 1471 magnum

214 1501 415 1572 aliquid
442 1509 836 1571 praceptorum
863 1513 1001 1553 esse.
1025 1496 1097 1555 Ut
1123 1497 1283 1566 igitur
1308 1495 1453 1549 illum
1479 1492 1818 1548 auem-iorem

215 1592 493 1658 redderet,
525 1592 855 1646 vocationem
885 1588 1223 1659 geminabat',
1254 1596 1310 1642 et
1334 1585 1468 1641 dixit
1498 1603 1509 1638 :
1541 1584 1817 1645 Abraham,

217 1682 499 1737 Abraham.
532 1681 634 1739 Ille
653 1690 821 1737 autem
844 1681 971 1735 dixit
996 1697 1014 1735 :
1044 1678 1177 1735 Ecce
1214 1695 1326 1749 ego.
1348 1677 1402 1733 2.
1428 1676 1494 1731 Et
1520 1676 1646 1729 dixit
1672 1693 1685 1729 :
1720 1675 1821 1727 Ac-

216 1774 329 1843 cipe
348 1773 520 1841 filium
543 1783 685 1826 tuum
714 1772 974 1834 dilectum,
996 1787 1143 1841 quem
1163 1769 1406 1831 dilexisti,
1431 1766 1603 1833 Isaae,
1626 1776 1672 1820 et
1699 1766 1825 1819 vade

216 1862 269 1916 in
300 1872 499 1918 terrm
528 1864 778 1919 excelsam
799 1902 815 1928 ,
844 1870 889 1915 et
914 1860 1044 1927 σίγα
1068 1877 1182 1915 eum
1211 1861 1266 1913 in
1293 1860 1649 1914 holocaustum
1669 1874 1824 1927 super

217 1966 377 2005 unum
406 1954 656 2005 montium
679 1993 694 2018 ,
735 1968 890 2018 quem
922 1952 1010 2005 tibi
1052 1951 1248 2005 dixero.
1290 1950 1536 2021 Magnum
1569 1948 1829 2019 praecepti

217 2040 457 2111 pondus,
487 2049 543 2095 et
571 2056 658 2096 res
689 2041 982 2097 humanam
1008 2040 1391 2095 trauscendens
1420 2048 1689 2094 naturam.
1724 2039 1823 2091 Ac-

218 2132 329 2201 cipe
356 2132 530 2199 [ilium
550 2142 691 2185 tuum
721 2134 961 2187 dilectum
980 2174 995 2196 ,
1022 2150 1171 2203 quem
1193 2133 1419 2186 dilexisti
1440 2175 1455 2197 ,
1482 2131 1651 2185 Isaac.
1688 2130 1824 2185 Vide

219 2223 498 2292 quomodo
538 2238 634 2292 per
661 2224 823 2277 verba
864 2224 964 2278 ista
1005 2222 1262 2292 majorem
1293 2238 1477 2305 qogum
1509 2221 1822 2286 succendit,

219 2320 273 2368 et
300 2312 580 2367 fornacem
604 2314 822 2378 amoris,
853 2328 963 2382 quo
982 2313 1158 2381 justus
1187 2314 1237 2366 in
1270 2312 1414 2366 lsaac
1440 2311 1663 2366 affectus
1686 2321 1823 2377 erat,

220 2403 597 2459 vehvmentins
613 2405 835 2459 excitat.
853 2406 1037 2474 Accipe
1056 2403 1220 2472 ﬁlium
1239 2413 1377 2455 tuum
1403 2402 1657 2467 dilectum,
1679 2418 1826 2472 quem

220 2495 469 2563 dilexisti,
502 2495 673 2549 Isaac.
707 2496 1133 2566 Unumquodque
1157 2494 1381 2550 verbum
1409 2511 1503 2565 per
1527 2508 1585 2549 se
1612 2494 1825 2548 suffice-

221 2595 307 2641 ret
324 2587 391 2640 ad
418 2587 758 2641 sauciandam
782 2588 1012 2643 animam
1030 2586 1181 2657 justi.
1204 2586 1319 2641 Non
1341 2586 1484 2642 enim
1507 2585 1823 2655 simplicitvr

221 2677 378 2741 dixit,
408 2677 598 2745 Isaac,
627 2678 721 2733 sed
758 2678 981 2745 addidit,
1013 2678 1208 2732 Filium
1234 2688 1376 2732 tuum
1402 2720 1416 2746 ,
1442 2694 1599 2748 quem
1626 2688 1826 2769 prmter

219 2783 447 2824 omnem
463 2770 915 2839 exspectationem
939 2769 1240 2839 suscepini,
1261 2770 1384 2824 etin
1408 2770 1521 2840 ipsa
1545 2777 1827 2824 senectute

222 2858 426 2914 habere
448 2859 687 2929 potuisti,
720 2858 989 2923 Dilectum,
1018 2859 1429 2915 desiderabilem
1462 2870 1632 2925 tuum,
1665 2876 1825 2927 quem

220 2959 333 3007 tam
376 2951 665 3006 immodice
706 2951 916 3021 diligis,
952 2951 1191 3006 lsaacum
1214 2992 1230 3017 ,
1262 2966 1423 3021 quem
1450 2964 1823 3005 successurum

219 3041 323 3097 tibi
348 3051 655 3111 exspectas,
678 3056 745 3096 ex
770 3056 875 3111 quo
898 3050 954 3096 et
981 3055 1164 3097 semen
1191 3049 1345 3096 tuum
1365 3040 1823 3110 multiplicandum

221 3132 484 3203 promisi,
517 3140 574 3187 et
601 3132 655 3186 in
686 3140 891 3186 tantum
926 3131 1386 3202 multiplicandum
1417 3173 1433 3196 ,
1464 3140 1521 3185 ut
1548 3131 1823 3185 stellarum

219 3225 554 3280 multitudini
581 3236 637 3282 ct
673 3242 852 3282 arenae
888 3244 1008 3298 qua:
1032 3228 1181 3297 juxta
1221 3227 1345 3282 litus
1375 3228 1539 3281 maris
1566 3235 1651 3280 est
1680 3226 1827 3279 adm-

220 3325 439 3387 quetur.
462 3316 615 3371 Illum
650 3318 821 3387 ipsum
848 3319 1054 3389 Accipe,
1074 3328 1122 3372 et
1140 3319 1268 3372 vade
1282 3320 1335 3371 in
1353 3328 1535 3371 terram
1553 3318 1825 3379 excelsam.

219 3421 266 3464 et
296 3409 431 3477 olet
464 3427 581 3464 eum
605 3412 675 3463 ibi
701 3410 755 3463 in
790 3409 1138 3465 holocaustum
1166 3427 1318 3480 super
1351 3426 1505 3463 unum
1537 3410 1781 3462 montium
1808 3452 1823 3477 ,

218 3520 369 3572 quem
398 3504 492 3557 tibi
516 3505 703 3557 dicam.
733 3503 999 3557 Admirari
1028 3502 1171 3558 subit
1196 3501 1466 3573 quomodo
1501 3502 1615 3555 hare
1653 3502 1825 3571 ju~tus

218 3594 442 3649 auribus
471 3592 611 3649 ferre
634 3594 885 3664 potuerit.
912 3594 1063 3648 Illum
1093 3594 1237 3649 enim
1266 3594 1459 3663 ipsum,
1493 3592 1684 3663 inquit,
1712 3601 1822 3646 tam

220 3685 639 3743 desiderabilem
683 3687 774 3741 tibi
800 3727 816 3749 ,
854 3685 989 3740 oll'cr
1018 3686 1149 3739 mihi
1180 3686 1233 3739 in
1265 3687 1631 3739 holocaustum
1660 3698 1826 3754 super

220 3796 390 3834 unum
419 3779 704 3832 montium.
734 3778 870 3846 Quid
903 3780 1063 3849 igitur
1082 3778 1297 3847 justus?
1326 3778 1438 3831 Non
1471 3778 1715 3831 turbatus
1742 3785 1826 3831 cst

220 3868 425 3933 animo,
459 3885 567 3924 non
596 3870 847 3924 confusus
873 3880 955 3924 est
975 3881 1178 3937 mente,
1208 3885 1315 3923 non
1345 3869 1569 3924 consilio
1595 3868 1821 3922 destitu-

222 3968 309 4013 tus
330 3969 415 4015 est
439 3959 507 4014 ad
534 3970 640 4015 tam
668 3961 988 4031 stupendum
1022 3970 1366 4034 pnnceptum,
1397 3976 1503 4015 non
1530 3960 1823 4030 cogitabat,

221 4066 333 4105 non
371 4052 790 4112 ratiocinabatur
823 4067 1007 4107 secum
1038 4071 1050 4107 :
1079 4052 1216 4119 Quid
1264 4054 1365 4107 hoc
1405 4062 1485 4106 est
1508 4052 1532 4103 ?
1558 4053 1645 4121 qui
1695 4052 1825 4107 mihi

221 4151 421 4211 νηί-ιρι·
462 4158 676 4197 omnem
722 4144 1172 4213 exspectationem
1216 4145 1419 4215 prolem
1458 4144 1678 4213 largitus
1704 4153 1821 4211 est,

221 4235 311 4304 qui
342 4246 563 4305 propter
592 4236 975 4306 benignitatem
1002 4252 1151 4290 suam
1176 4246 1479 4292 emortuam
1501 4237 1678 4293 Sarra:
1708 4238 1824 4291 vul-

220 4340 342 4379 vam
374 4326 707 4395 generationi
740 4326 983 4381 idoneam
1011 4326 1163 4394 fecit,
1198 4342 1339 4382 nunc
1366 4337 1642 4399 postquam
1670 4327 1825 4383 abla—

221 4428 398 4473 status
427 4428 514 4472 est
539 4418 679 4473 {ilius
704 4429 759 4473 et
783 4421 950 4473 crevit
968 4460 983 4486 ,
1017 4429 1069 4474 et
1098 4421 1150 4473 in
1181 4420 1313 4475 [lore
1339 4421 1511 4474 aetatis
1539 4431 1650 4485 est,
1681 4422 1823 4477 hunc

219 4508 398 4563 occidi
428 4516 483 4562 et
522 4508 575 4562 in
607 4510 975 4563 holocaustum
1016 4510 1196 4565 otIcrri
1226 4512 1465 4581 praecipit
1494 4530 1507 4565 :
1542 4513 1639 4582 qui
1665 4514 1824 4582 paulo

218 4612 379 4654 antea
407 4599 562 4661 dixit,
592 4597 659 4652 In
686 4600 796 4669 ipso
826 4601 1081 4653 vocabitur
1107 4602 1193 4655 tibi
1223 4619 1412 4668 semen,
1442 4619 1582 4659 nunc
1607 4613 1824 4658 eontra-

218 4692 295 4746 ria
329 4690 590 4761 praxipit.
639 4690 707 4745 Et
752 4691 1019 4761 quomodo
1054 4692 1433 4762 implebuntur,
1478 4710 1596 4765 qua:
1643 4696 1713 4749 ab
1756 4711 1827 4752 eo

216 4793 347 4838 sunt
373 4784 633 4852 promissa
654 4783 809 4849 'lQuo
835 4796 988 4853 pacto
1016 4786 1159 4839 enim
1190 4786 1301 4839 fieri
1331 4796 1526 4855 potest,
1554 4797 1611 4841 ut
1641 4788 1824 4844 radice

222 4887 438 4931 exsecta
488 4876 623 4929 rami
662 4876 925 4945 pullulent
954 4919 966 4939 ,
1012 4878 1093 4931 vel
1134 4881 1337 4933 succisa
1383 4880 1577 4935 arbore
1619 4880 1823 4936 fructus

222 4970 583 5038 proveniant,
612 4971 691 5022 vel
736 4969 878 5025 {niue
905 4970 1143 5026 arefacta
1174 4971 1314 5025 fluvii
1346 4975 1640 5027 scaturiant
1666 4975 1689 5027 ?
1719 4974 1817 5029 Se-

223 5065 457 5119 cundum
487 5062 718 5118 hominis
740 5066 995 5119 rationem
1021 5067 1140 5121 talia
1168 5066 1280 5121 ﬁeri
1308 5082 1411 5120 non
1436 5079 1515 5121 est
1544 5069 1817 5137 possibile;

219 5153 332 5209 Deo
361 5156 540 5213 autem
564 5155 775 5209 volente
805 5154 915 5208 ﬁeri
945 5168 1167 5224 possunt
1188 5159 1387 5212 omnia.

286 5244 346 5297 ἰ.
376 5242 643 5297 Cancrum
669 5244 854 5297 borum
888 5245 1015 5298 nihil
1041 5248 1291 5316 cogitavit
1312 5250 1690 5319 secumjustu.
1708 5252 1815 5317 ille,

216 5335 311 5391 sed
329 5336 473 5390 sicut
491 5345 673 5405 gratus
698 5334 944 5400 famulus,
959 5341 1155 5395 omissa
1174 5342 1316 5394 omni
1340 5343 1547 5399 ratione
1564 5344 1817 5409 humana,

217 5443 385 5482 unam
418 5437 618 5483 tantum
651 5444 765 5482 rem
793 5431 1027 5493 curabat,
1057 5442 1111 5485 ut
1144 5434 1402 5501 imperata
1433 5451 1594 5504 opere
1626 5420 1817 5505 imple-

217 5529 299 5574 ret
332 5538 346 5573 :
378 5528 432 5573 et
472 5522 620 5590 quasi
661 5520 834 5573 factus
874 5523 941 5573 ab
982 5522 1209 5577 humana
1254 5534 1441 5578 natura
1488 5527 1693 5579 alienus
1720 5570 1734 5589 ,
1766 5536 1828 5579 et;

219 5611 643 5680 postponendam
679 5609 882 5663 duovns
906 5612 1097 5666 divinis
1130 5615 1408 5683 prmceptis
1448 5632 1657 5669 onmem
1692 5617 1818 5671 alle-

220 5704 449 5757 ctionem
481 5713 533 5756 et
561 5702 908 5756 dilectionem
936 5746 947 5763 ,
980 5704 1043 5756 ad
1073 5705 1337 5773 implenda
1372 5706 1459 5759 Dei
1490 5707 1635 5773 jussa
1666 5708 1817 5761 lesti~

220 5794 379 5852 navit.
402 5797 453 5851 5.
489 5794 554 5849 Et
586 5811 709 5848 cum
741 5794 1032 5847 surrexisset
1060 5836 1073 5861 ,
1110 5798 1311 5867 inquit,
1343 5800 1595 5853 Abraham
1633 5817 1811 5869 mane,

1286 374 1352 430 IN
1384 370 1541 428 CAP.
1581 370 1745 434 XXII.
1779 372 2029 434 GENES.
2070 371 2299 431 noun.
2343 375 2554 433 XLVII.

3418 393 3526 452 ιω

1921 484 2100 537 strauit
2127 486 2326 541 asinam
2359 504 2524 543 suam.
2560 485 2763 562 Accepit
2791 502 2958 551 autem
3001 512 3170 553 secum
3196 500 3331 556 duos
3352 518 3529 558 servos

1924 584 1974 633 et
2011 574 2163 631 Isaac
2201 580 2365 647 ﬁlium
2392 596 2542 635 suum
2572 598 2592 638 :
2626 594 2674 638 et
2709 586 2882 641 scissis
2917 588 3068 659 lignis
3095 590 3147 643 in
3173 590 3528 648 holocaustum

1923 683 2037 722 cum
2064 672 2364 726 “inexisset
2382 714 2396 738 ,
2419 678 2679 748 profectus
2702 688 2795 744 est,
2823 690 2869 733 et
2895 682 3028 734 venit
3053 683 3105 735 in
3142 683 3309 737 locum
3328 726 3343 749 ,
3376 703 3527 755 quem

1924 759 2055 814 dixit
2090 762 2138 815 ei
2170 760 2308 817 Deus
2331 804 2346 829 ,
2379 764 2467 818 die
2490 770 2657 823 tertio.
2682 767 2818 825 Vide
2845 771 3167 828 clementem
3192 773 3474 831 Dominmn
3508 818 3523 843 ,

1925 851 2195 920 quomodo
2238 862 2293 908 et
2331 848 2615 911 intervalki
2660 858 2763 913 loci
2798 860 2928 928 justi
2970 862 3215 930 probavit
3245 864 3522 920 virtutem.

1924 940 2106 1009 Cogita
2134 954 2311 998 autem
2338 946 2463 1015 quid
2491 948 2767 1016 probabile
2790 950 2861 1005 sit
2891 951 3067 1007 triduo
3094 953 3185 1008 illo
3207 955 3528 1011 sustinuisse

1922 1029 2125 1100 justum
2158 1034 2173 1064 ί
2203 1048 2384 1088 secum
2425 1047 2759 1105 reputantem
2794 1041 2896 1095 sibi
2927 1053 3249 1111 przeceptum
3280 1059 3402 1100 esse
3423 1086 3439 1109 ,
3471 1054 3528 1099 nt

1921 1122 2037 1177 suis
2058 1125 2301 1181 manibus
2320 1134 2425 1179 tam
2446 1128 2699 1183 dilectum
2723 1130 2890 1186 lilium
2912 1132 3201 1199 occideret,
3223 1149 3398 1204 neque
3413 1151 3527 1191 rem

1926 1216 2025 1270 ulli
2052 1220 2476 1302 communicaret
2504 1230 2557 1275 et
2595 1221 2909 1292 detegeret;
2946 1233 3002 1278 et
3029 1226 3350 1296 obstupesce
3376 1228 3523 1296 pium

1926 1310 2341 1379 religiosumque
2388 1328 2452 1368 ac
2494 1315 2811 1382 prudentem
2855 1318 3021 1386 ipsius
3074 1320 3334 1374 animum.
3393 1320 3527 1389 Quia

1927 1403 2070 1456 enim
2104 1403 2305 1457 sciebat
2334 1405 2752 1474 magnitudinem
2784 1410 3057 1479 pmcepti,
3076 1412 3277 1465 nemini
3308 1426 3529 1481 prorsus

1930 1494 2031 1549 hoc
2056 1496 2374 1565 significavit
2393 1486 2410 1561 ,l
2437 1514 2609 1568 neque
2637 1500 2845 1568 pueris,
2877 1517 3053 1571 neque
3084 1503 3185 1572 ipsi
3219 1503 3364 1558 Isaac
3390 1522 3404 1559 :
3432 1504 3529 1559 sed

1929 1587 2077 1641 solus
2103 1602 2284 1641 secum
2314 1604 2543 1657 agonem
2577 1589 2723 1644 illum
2755 1590 3059 1647 decertabat
3089 1636 3103 1657 ,
3134 1604 3188 1649 et
3217 1596 3366 1664 quasi
3398 1594 3531 1649 ada-

1929 1692 2043 1730 mas
2084 1678 2296 1745 qnidam
2337 1679 2588 1734 manebat
2628 1681 2890 1748 invictus,
2934 1683 3100 1737 robur
3145 1686 3529 1754 cogitationum

1930 1776 2135 1821 tantum
2161 1769 2420 1825 exhibens
2440 1811 2454 1835 ,
2485 1779 2533 1825 et
2564 1786 2670 1837 non
2700 1772 2859 1826 multa
2887 1783 3158 1839 causatus,
3189 1789 3382 1845 magno
3407 1790 3529 1831 cum

1929 1859 2197 1913 desiderio
2226 1859 2629 1930 obtemperabat
2654 1864 2802 1917 nutui
2826 1863 3024 1918 divino.
3059 1866 3123 1918 Et
3151 1875 3435 1935 postquam
3460 1867 3527 1921 ad

1928 1952 2103 2007 locum
2148 1952 2296 2008 lllum
2340 1956 2617 2024 pervenit,
2645 1957 2700 2010 4.
2735 1955 2963 2011 Sublatis
2986 1998 3001 2020 ,
3030 1956 3239 2028 inquit,
3273 1957 3533 2012 Abraham

1929 2047 2091 2101 oculis
2119 2047 2226 2101 suis
2250 2046 2373 2100 vidit
2401 2047 2569 2101 locum
2599 2064 2629 2100 a
2664 2048 2847 2119 longe,
2880 2050 2931 2104 5.
2965 2059 3012 2103 et
3040 2049 3169 2103 dixit
3211 2050 3365 2103 servis
3390 2050 3496 2103 suis
3514 2062 3534 2102 .'

1932 2140 2116 2195 Sedete
2150 2141 2232 2193 hic
2268 2157 2381 2195 cum
2417 2142 2583 2196 asina.
2613 2142 2750 2198 Vide
2772 2152 2826 2197 et
2858 2141 2945 2197 hic
2968 2143 3097 2211 justi
3127 2157 3372 2213 magnam
3404 2158 3531 2211 pru-

1931 2230 2165 2285 dentiam
2193 2249 2206 2284 :
2235 2232 2395 2286 etiam
2426 2233 2596 2287 servis
2622 2234 2734 2287 vult
2761 2248 2884 2289 esse
2912 2233 3159 2289 occultus
3182 2274 3197 2299 ,
3229 2248 3323 2303 per
3352 2234 3533 2288 onnnia

1930 2322 2210 2377 declarans
2236 2338 2293 2377 se
2313 2337 2434 2377 cum
2464 2324 2689 2378 ferventi
2713 2324 2989 2380 alacritate
3009 2333 3064 2379 et
3091 2324 3296 2379 intento
3319 2323 3533 2378 deside-

1930 2415 2012 2468 rio
2033 2415 2256 2483 implere
2278 2416 2412 2469 velle
2432 2414 2573 2481 quod
2596 2416 2705 2470 Deo
2728 2416 3071 2484 probabatur.
3096 2414 3229 2470 Nam
3255 2415 3376 2484 quia
3398 2415 3535 2469 scio-

1934 2505 2023 2559 bat
2050 2519 2243 2559 navium
2276 2514 2329 2559 et
2362 2505 2655 2561 inauditum
2684 2521 2808 2561 esse
2842 2506 2893 2561 id
2924 2506 3065 2575 quod
3090 2506 3160 2560 ab
3188 2505 3302 2574 ipso
3330 2504 3533 2559 facien-

1931 2598 2058 2652 dum
2079 2607 2213 2663 erat,
2239 2613 2413 2667 neque
2433 2598 2499 2653 ab
2520 2597 2629 2652 ullo
2645 2592 2896 2667 umquam
2924 2597 3029 2653 tale
3050 2596 3303 2666 quiddam
3332 2594 3533 2649 factum

1933 2690 2098 2745 fuisse
2128 2674 2282 2746 antea
2306 2734 2320 2757 ,
2349 2706 2464 2765 rem
2490 2692 2667 2746 servis
2695 2690 2949 2745 occultat.
2982 2690 3041 2744 Et
3072 2688 3276 2743 relictis
3304 2689 3383 2741 eis
3409 2702 3533 2742 cum

1932 2783 2103 2845 asina,
2138 2784 2307 2853 inquit
2339 2801 2351 2837 :
2380 2783 2433 2837 5.
2466 2780 2568 2835 Hic
2586 2790 2870 2851 exspectate
2890 2797 2910 2834 :
2928 2796 3020 2852 ego
3041 2781 3181 2833 enim
3205 2789 3252 2833 et
3274 2794 3399 2848 puer
3417 2795 3534 2831 am-

1933 2873 2219 2928 bulabimus
2248 2890 2403 2941 usque
2424 2873 2568 2939 illuc,
2590 2881 2778 2927 etcum
2801 2873 3205 2933 adoraserimus,
3230 2879 3536 2922 revertemur

1934 2967 2002 3020 ad
2031 2983 2136 3020 vos.
2171 2965 2429 3035 ignorans
2457 2965 2689 3019 futurum
2720 2978 2841 3019 esse
2871 2964 2920 3017 id
2954 2962 3097 3031 quod
3139 2961 3351 3016 dicebat
3378 3002 3393 3025 ,
3436 2957 3533 3013 sed

1936 3055 2280 3127 prophetavit
2306 3055 2519 3125 quidem
2546 3095 2561 3117 ,
2595 3055 2846 3124 ignorans
2869 3062 3047 3107 tamen
3082 3050 3343 3104 fortassis.
3381 3049 3534 3104 Dico-

1934 3146 2025 3201 bat
2052 3154 2229 3199 autem
2262 3144 2378 3211 bare
2402 3143 2570 3198 servis
2595 3182 2610 3207 ,
2642 3142 2780 3197 forte
2810 3150 2868 3196 ut
2895 3142 3195 3210 imponeret
3221 3140 3299 3193 eis
3321 3178 3337 3203 ,
3368 3148 3421 3193 et
3452 3137 3534 3192 fn-

1934 3246 2083 3292 ceret
2112 3245 2168 3291 ut
2207 3237 2277 3291 ibi
2320 3241 2599 3289 manentes
2629 3249 2736 3289 non
2763 3240 3117 3301 sequerentur
3145 3247 3161 3285 :
3191 3244 3253 3284 ac
3278 3230 3535 3301 deinceps

1935 3343 2055 3381 Cllm
2085 3340 2252 3396 puero
2276 3333 2397 3380 erat
2422 3322 2741 3394 patriarcha.
2766 3321 2819 3377 6.
2846 3321 3050 3391 Accepit
3076 3330 3243 3373 autem
3276 3320 3532 3373 Abraham

1934 3419 2075 3488 ligna
2106 3416 2408 3481 holocausti,
2438 3424 2485 3468 et
2511 3413 2752 3483 imposuit
2781 3411 2931 3466 Isaac
2959 3411 3069 3481 [ilio
3098 3428 3211 3464 suo.
3246 3410 3379 3463 Tulit
3404 3426 3532 3479 quo-

1934 3523 2030 3576 que
2052 3508 2105 3560 in
2126 3506 2360 3559 manibus
2380 3504 2547 3575 ignem
2573 3512 2620 3556 et
2644 3501 2894 3571 gladium,
2916 3511 2963 3554 et
2985 3508 3314 3568 perrexerunt
3337 3500 3436 3553 duo
3457 3499 3535 3552 illi

1934 3601 2106 3655 simul.
2136 3599 2181 3651 0
2210 3600 2401 3653 animm
2433 3594 2793 3651 fortitudinem
2820 3596 2834 3648 ι
2867 3610 2900 3647 o
2926 3592 3146 3662 spiritus
3170 3591 3527 3646 soliditatem!

1937 3695 2001 3748 Et
2028 3694 2286 3764 imposuit,
2316 3692 2507 3761 inquit,
2530 3690 2684 3744 Isaac
2700 3690 2842 3761 ligna
2861 3688 3147 3742 holocausti
3167 3702 3186 3740 :
3214 3687 3327 3755 ipse
3352 3694 3532 3740 autem

1932 3784 2166 3855 gladium
2208 3794 2263 3838 et
2302 3783 2478 3851 ignem
2513 3781 2753 3849 accepit,
2794 3790 2848 3834 et
2886 3776 3109 3832 iverunt
3140 3776 3302 3831 ambo
3344 3774 3531 3831 simul.

1931 3876 2189 3945 Qualibus
2217 3874 2385 3931 oculis
2420 3873 2694 3943 spectabat
2724 3881 2945 3941 puerum
2986 3872 3125 3939 ligna
3168 3869 3481 3924 alIcrenlcm
3512 3909 3535 3936 ,

1933 3983 2096 4037 super
2120 3982 2241 4037 quze
2268 3980 2374 4040 non
2400 3964 2570 4019 multo
2602 3972 2721 4033 post
2750 3963 2896 4017 illum
2926 3961 3297 4016 immolaturus
3317 3961 3338 3991 ³
3368 3968 3485 4015 erat
3508 3959 3543 4015 ἲ

1932 4058 2201 4129 (ιιιοωιήο
2241 4071 2432 4111 manus
2470 4055 2611 4110 ferre
2654 4062 2825 4124 putuit
2868 4053 3041 4123 ignem
3070 4062 3123 4107 et
3156 4051 3387 4122 gladium
3414 4050 3439 4101 τ
3465 4048 3536 4106 Et

1933 4165 2123 4204 manus
2152 4148 2366 4219 quidem
2392 4146 2601 4201 ferebat
2626 4147 2799 4216 ignem
2830 4144 3164 4208 sensibilem,
3192 4142 3328 4211 ignis
3352 4150 3544 4197 autem.

1932 4241 2154 4295 interior
2179 4236 2507 4294 accendebat
2544 4236 2711 4305 ipsius
2741 4245 2973 4289 tuentem
2999 4275 3013 4295 ,
3041 4241 3100 4287 et
3139 4233 3401 4287 rationem
3431 4231 3531 4286 ab-

1930 4332 2192 4396 sumebat,
2222 4328 2685 4400 persuadebatque
2705 4337 2762 4381 ut
2786 4342 2970 4380 amore
2997 4327 3049 4378 in
3078 4325 3243 4380 Deum
3267 4325 3530 4387 vinceret,

1931 4434 1985 4479 et
2017 4424 2152 4476 hanc
2179 4421 2556 4490 cogitationem
2587 4416 2927 4479 immittebat,
2951 4432 3095 4478 cum,
3124 4416 3211 4484 qui
3236 4414 3344 4485 jam
3367 4429 3529 4483 supra

1930 4516 2216 4570 humanam
2231 4525 2472 4568 naturam
2487 4528 2544 4567 se
2562 4513 2759 4566 fecerat
2773 4525 2893 4564 esse
2909 4520 3135 4577 patrem,
3161 4511 3352 4563 iterum
3373 4521 3533 4577 posse

1929 4618 1981 4662 et
2014 4622 2152 4661 nunc
2173 4620 2299 4675 qua:
2317 4605 2603 4658 humanam
2628 4601 3091 4670 transgrediuntur
3113 4601 3374 4656 rationem
3401 4615 3533 4668 ope-

1930 4698 2057 4752 rari.
2080 4696 2345 4751 Cancrum
2374 4694 2513 4757 vide,
2531 4694 2777 4754 obsecro,
2798 4692 3050 4761 deinceps
3072 4700 3195 4745 ante
3220 4692 3531 4747 sensibilem

1931 4792 2079 4846 illum
2124 4790 2336 4859 ignem,
2384 4785 2688 4841 incendium
2734 4786 3041 4848 internum,
3090 4784 3231 4853 quod
3274 4784 3531 4853 paulatim

1930 4876 2347 4942 exardesccbat,
2375 4884 2430 4931 et
2454 4874 2583 4945 justi
2612 4885 2844 4929 mentem
2876 4874 3261 4928 inﬂammabat.
3300 4874 3350 4928 7.
3388 4872 3528 4925 Dixit

1929 4984 2119 5036 autem,
2145 4972 2335 5041 inquit,
2366 4968 2517 5021 Isaac
2537 4968 2604 5019 ad
2626 4967 2884 5020 Abraham
2909 4976 3102 5035 patrem
3129 4982 3277 5019 suum
3300 4981 3318 5017 :
3350 4964 3525 5017 Pater.

1928 5062 2239 5121 Sufﬁciebat
2288 5061 2392 5115 hoc
2435 5060 2653 5113 verbum
2706 5058 2771 5111 ad
2827 5057 3139 5111 lancinanda
3187 5057 3313 5122 justi
3370 5056 3529 5124 hujus

1927 5158 2151 5211 viscera.
2186 5152 2286 5207 Ille
2314 5163 2481 5206 autem
2521 5151 2649 5204 dixit
2682 5166 2698 5202 :
2733 5149 2871 5213 Quid
2897 5158 2989 5211 est,
3024 5149 3099 5216 ﬁli
3121 5148 3146 5200 1’
3188 5148 3400 5201 Patrem
3436 5163 3529 5200 vo—

1926 5265 2044 5315 cas,
2062 5247 2217 5317 paulo
2236 5256 2355 5316 post
2380 5244 2608 5297 futurum
2628 5242 2818 5295 orbum
2844 5258 2857 5293 :
2888 5250 2939 5294 et
2965 5254 3065 5309 ego
3097 5238 3261 5293 filium
3289 5238 3535 5309 appello,

1926 5341 2015 5410 qui
2047 5354 2151 5393 non
2184 5338 2351 5391 multo
2378 5343 2494 5405 post
2518 5349 2679 5400 super
2706 5333 2873 5386 altare
2900 5346 3220 5386 ascensurus
3250 5341 3361 5394 est,
3395 5331 3531 5386 "teis

1924 5430 2247 5487 occidendus
2274 5427 2537 5482 manibus.
2570 5425 2767 5479 Deinde
2795 5438 2925 5493 puer
2956 5422 3126 5492 inquit
3156 5441 3167 5475 :
3203 5420 3334 5475 Ecce
3359 5422 3528 5489 ignem

1925 5522 2115 5577 affers.
2151 5532 2197 5576 et
2229 5536 2325 5589 ego
2366 5520 2534 5588 ligna:
2566 5517 2650 5571 ubi
2692 5526 2772 5571 est
2814 5515 2983 5569 hostia
3028 5514 3395 5567 immolanda?
3432 5514 3524 5568 [ω

1989 5688 2005 5713 ί
2044 5679 2184 5729 sale.
2208 5688 2259 5727 et
2282 5676 2475 5739 quidam
2510 5685 2619 5726 Mss.
2668 5688 2680 5723 :
2726 5674 2889 5737 rogita
2912 5674 3037 5724 enim
3070 5683 3250 5737 quanta
3276 5686 3531 5737 perpessus

1924 5745 1983 5796 sit
2000 5744 2161 5806 justus
2184 5741 2265 5790 illc
2290 5740 2415 5789 intra
2440 5748 2535 5806 {res
2568 5746 2742 5806 noctes.
2930 5797 2937 5805 .

1989 5798 2015 5837 ί
2043 5816 2261 5866 quinque
2288 5812 2413 5861 5155.,
2440 5802 2676 5864 imposita:
2695 5816 2765 5858 us,
2794 5811 2895 5861 pro,
2924 5798 3277 5851 intuolut.‘.~ru5.
