4178 6328
679 346 780 404 ai

673 470 746 514 est
767 460 872 516 ovis
889 460 958 515 ad
983 459 1327 536 holocaustum
1345 458 1372 514 ἰ
1395 457 1704 524 Considera,
1731 457 1978 522 obsecro,
2004 455 2091 513 hic
2111 455 2240 526 justi

675 549 772 603 viri
787 550 1099 616 cruciatum,
1117 547 1385 619 quomodo
1403 547 1769 613 tulitsuribus,
1788 545 2056 618 quomodo
2077 544 2246 617 potuit

674 638 996 708 respondere
1021 652 1209 710 puero,
1234 638 1499 709 quomodo
1523 652 1630 693 non
1649 647 1732 694 est
1758 635 2013 694 contusus
2037 642 2243 699 mente,

676 725 944 798 quomodo
962 727 1078 781 tilio
1101 727 1368 783 occultare
1393 727 1562 796 potuit
1587 725 1637 782 id
1665 725 1806 798 quod
1828 724 2060 781 inturum
2089 732 2206 779 erat
2229 736 2242 776 :

676 815 771 870 sed
802 815 971 886 inquit
995 830 1257 886 generoso
1292 815 1479 885 spiritu
1516 823 1573 872 et
1611 813 1730 869 forti
1769 814 1942 868 anima
1973 831 1985 865 :
2016 812 2071 868 8.
2109 810 2247 866 Deus

675 905 858 962 uidebit
873 907 1165 979 εἱὺίωαὶρά
1191 921 1330 962 ουσιαι
1352 908 1422 961 ad
1439 905 1804 971 holocaustum,
1829 903 2065 974 ﬁli.Vide
2083 905 2243 957 etiam

677 995 766 1052 bic
789 1011 897 1068 quo
921 1005 1074 1066 pacto
1099 996 1313 1066 ignarus
1346 994 1578 1050 insinuat
1619 995 1807 1050 iterum
1835 993 1975 1064 quod
2017 993 2248 1065 futurum

677 1094 812 1141 erat.
844 1083 1128 1140 Videbatur
1154 1085 1293 1140 enim
1320 1098 1415 1152 per
1440 1098 1751 1153 responsum
1782 1083 1926 1137 lsaac
1948 1080 2247 1148 decepisse,

679 1175 776 1231 sed
803 1175 883 1230 illi‘
904 1175 1116 1246 quidem
1153 1175 1328 1230 verbis
1353 1175 1562 1230 interim
1591 1174 1854 1244 persuasit
1884 1190 1899 1227 :
1932 1174 2044 1242 ipse
2071 1182 2249 1225 autem

681 1265 935 1336 majorem
979 1267 1377 1337 gravioremque
1423 1266 1666 1322 dolorem
1711 1266 1955 1334 pertulit,
1996 1264 2155 1318 verba
2197 1265 2250 1318 in

679 1355 855 1410 anima
876 1360 1114 1421 versans,
1132 1369 1184 1411 et
1201 1355 1437 1425 cogitans
1457 1355 1604 1424 pueri
1626 1354 1938 1424 elegantiam
1953 1362 2250 1418 externam,

689 1441 1059 1522 internamque
1083 1442 1524 1512 pulchritudinem
1553 1484 1566 1508 ,
1594 1442 1977 1508 obedientiam,
2007 1443 2250 1512 gratiam.

680 1533 852 1586 uitatis
877 1531 1085 1589 liorem.
1114 1533 1169 1588 9.
1201 1531 1422 1604 Cumque
1452 1534 1578 1587 irent
1606 1532 1751 1587 ambo
1769 1573 1786 1600 ,
1823 1541 2058 1588 venerunt
2083 1534 2151 1585 ad
2179 1533 2257 1586 lo-

680 1639 793 1678 cum
816 1623 879 1677 de
897 1639 992 1694 quo
1008 1623 1133 1678 dixit
1155 1624 1201 1677 ei
1220 1622 1375 1678 Deus.
1398 1623 1686 1688 Venerunt,
1711 1622 1896 1692 inquit,
1920 1622 1986 1676 ad
2017 1633 2253 1697 montem

681 1712 988 1777 excelsum,
1035 1725 1194 1782 quem
1233 1711 1434 1766 scilicet
1467 1712 1516 1766 ei
1565 1713 1814 1766 Dominus
1857 1711 2112 1766 indicarat
2143 1728 2158 1765 :
2188 1710 2256 1764 Et

682 1803 951 1872 ediﬁcaeit
977 1803 1045 1857 ibi
1068 1802 1326 1864 Abraham
1355 1803 1535 1859 altare.
1572 1803 1762 1858 iterum
1793 1802 2110 1871 obstupesco
2128 1801 2257 1871 justi

673 1892 1042 1950 fortitudinem
1072 1933 1088 1958 ,
1142 1891 1408 1964 quomodo
1457 1893 1686 1962 potuerit
1725 1901 1999 1947 exstruere
2045 1892 2211 1946 altare
2240 1931 2256 1956 ,

682 1980 949 2051 quomodo
983 1982 1245 2049 valuerit,
1289 1971 1554 2052 quomodo
1593 1997 1700 2038 non
1739 1980 1994 2037 deiecerit
2025 1996 2132 2050 pro:
2160 1996 2259 2034 an-

681 2071 874 2142 gustia,
903 2072 997 2128 sed
1025 2082 1080 2129 et
1106 2074 1274 2128 altare
1298 2073 1659 2137 aediﬁcaverit,
1688 2082 1742 2128 et
1766 2073 2076 2142 imposuerit
2097 2072 2259 2142 ligna.

683 2157 753 2216 Et
786 2162 997 2233 ligatum
1035 2161 1202 2230 [ilium
1239 2178 1388 2217 suum
1427 2160 1582 2216 Isaac
1617 2162 1852 2232 imposuit
1894 2177 2044 2232 super
2075 2160 2258 2215 altare.

684 2253 776 2308 £0.
806 2250 886 2307 ‘Et
919 2251 1140 2306 extendit
1173 2251 1430 2307 Abraham
1467 2268 1675 2306 manuni
1714 2267 1894 2316 suam,
1927 2261 1981 2304 ut
2018 2252 2264 2321 acciperet

687 2341 936 2413 gladium,
958 2353 1005 2394 et
1028 2341 1274 2396 occideret
1303 2343 1468 2411 ﬁliuni
1490 2359 1659 2396 suum.

756 2451 812 2508 3.
841 2451 1115 2522 Abrabami
1151 2454 1394 2524 fortitudo
1430 2463 1475 2508 et
1504 2451 1674 2508 Isauri
1708 2453 2041 2525 obsequattia.
2075 2483 2150 2496 —
2190 2453 2268 2508 Ne

684 2541 871 2596 leviter
909 2553 1376 2611 pratercurramus
1396 2584 1412 2609 ,
1441 2543 1620 2598 dilecti
1641 2583 1657 2608 ,
1684 2559 1802 2614 quae
1820 2544 1960 2599 dicta
1986 2554 2141 2604 sunt:
2173 2543 2267 2598 scd

683 2631 1080 2686 consideremus
1102 2633 1365 2702 quomodo
1390 2647 1495 2688 non
1519 2634 1740 2688 avolarit
1761 2648 1790 2686 a
1814 2649 2038 2704 corpore
2060 2636 2232 2689 anima
2249 2678 2264 2702 ,

685 2721 955 2791 quomodo
976 2722 1207 2791 potuerit
1222 2723 1332 2778 suis
1352 2723 1596 2778 manilius
1619 2723 1896 2794 colligare,
1926 2733 1981 2780 et
1999 2724 2152 2794 lignis
2176 2726 2274 2780 im-

686 2825 888 2882 ponere
925 2821 1030 2868 tam
1042 2811 1308 2868 dilectum
1331 2852 1350 2880 ,
1381 2821 1488 2868 tam
1517 2815 1798 2870 amabilem
1833 2815 2180 2888 unigenitum.
2205 2815 2271 2870 Et

687 2901 907 2956 cludit
937 2942 956 2970 ,
999 2901 1206 2972 inquit,
1244 2901 1499 2957 Abraltam
1533 2921 1736 2959 manum
1758 2921 1902 2960 suam
1930 2946 1946 2970 ,
2001 2917 2056 2961 ut
2078 2908 2273 2977 ariipe-

686 2999 763 3046 ret
780 2989 1008 3063 gladium
1035 2990 1103 3044 ad
1127 2991 1455 3046 occidendum
1477 2991 1639 3061 lilium
1669 3009 1833 3047 suum.
1881 2992 1928 3050 0
1973 2996 2273 3065 religiosam

688 3079 942 3136 anituatnl
971 3095 1005 3136 ο
1033 3079 1221 3136 fortem
1266 3079 1518 3137 mentem!
1566 3097 1602 3137 o
1654 3083 1918 3152 ingentem
1956 3087 2211 3140 amorem!
2243 3100 2278 3140 o

690 3172 953 3230 rationem
997 3175 1297 3228 vincentem
1357 3174 1640 3230 humanam
1711 3178 1969 3232 naturam!
2033 3179 2275 3248 Accepit,

691 3263 896 3334 inquit,
915 3263 1145 3336 gladium
1163 3305 1179 3330 ,
1199 3275 1254 3318 ut
1267 3265 1508 3320 occideret
1533 3267 1692 3334 ﬁlium
1709 3283 1873 3323 suum.
1903 3269 2090 3325 Utrum
2114 3271 2280 3342 magis

688 3352 922 3408 admirer
956 3364 1010 3409 et
1039 3355 1410 3424 obstupescam
1452 3395 1469 3420 ,
1497 3356 1756 3412 fortemne
1783 3358 2026 3427 spiritum
2057 3363 2283 3431 patriar-

691 3443 840 3510 cha,
875 3459 944 3499 an
983 3446 1128 3515 pueri
1175 3445 1571 3501 obedientiam?
1609 3448 1748 3518 quod
1779 3464 1948 3519 neque
1994 3451 2283 3508 reluctatus

664 3541 668 3544 “
698 3549 778 3594 est
800 3575 818 3602 ,
847 3551 1017 3608 neque
1052 3539 1250 3592 factum
1271 3552 1412 3608 agre
1437 3539 1552 3592 tulit
1572 3578 1586 3599 ,
1617 3538 1712 3594 sed
1741 3541 1898 3594 cessit
1919 3549 1974 3595 et
2004 3542 2281 3614 obtempeo

696 3627 835 3683 ravit
881 3627 945 3682 iis
984 3642 1104 3700 qua:
1136 3643 1164 3680 a
1195 3638 1345 3697 patre
1371 3626 1504 3682 facta
1533 3638 1653 3684 sunt
1672 3670 1688 3695 ,
1717 3638 1771 3685 et
1804 3631 1939 3685 sicut
1967 3647 2132 3700 agnus
2161 3647 2282 3686 cum

695 3711 912 3775 silentio
939 3734 1102 3790 super
1127 3718 1298 3775 altare
1324 3719 1565 3774 accubuit
1589 3761 1604 3784 ,
1626 3730 1946 3788 exspectans
1970 3722 2135 3790 patris
2158 3720 2288 3775 des-

699 3809 912 3865 teram?
936 3808 1132 3865 Verum
1155 3809 1245 3866 ubi
1271 3811 1358 3865 illa
1387 3811 1472 3882 pia
1502 3824 1653 3864 mens
1699 3825 1792 3864 sua
1821 3810 1996 3864 omnia
2035 3825 2287 3865 consum-

705 3899 870 3953 mavit
919 3909 974 3953 et
999 3898 1127 3953 nibii
1151 3900 1466 3954 intermisit:
1494 3899 1779 3954 ostendens
1799 3899 1967 3953 bonus
1998 3900 2248 3955 Dominus
2267 3941 2283 3966 ,

706 4001 764 4042 se
789 4003 895 4043 non
923 3988 1090 4044 occidi
1134 4004 1383 4058 puerum,
1409 3988 1502 4044 sed
1544 3990 1718 4058 petitis
1756 3988 1882 4057 justi
1915 3992 2160 4045 virtutem
2203 3991 2290 4045 de-

705 4080 804 4150 tegi
835 4080 1101 4135 volentem
1121 4121 1137 4145 ,
1165 4081 1280 4135 haec
1303 4080 1629 4151 imperasse:
1659 4091 1914 4136 coronato
1939 4081 2083 4150 justo
2111 4083 2180 4135 ob
2199 4097 2292 4137 vo-

705 4171 961 4224 luntatem
1007 4183 1192 4235 suam,
1243 4179 1298 4226 et
1339 4167 1552 4240 acoepta
1598 4179 1961 4224 consummata
2012 4169 2178 4226 hostia
2227 4188 2292 4226 ex

710 4268 887 4315 mente
914 4259 1225 4328 patriarchas
1243 4299 1259 4325 ,
1289 4275 1429 4314 nunc
1456 4276 1604 4315 suam
1633 4261 1864 4315 declarat
1892 4261 2290 4331 benignitatem.

708 4349 794 4405 ii.
827 4347 896 4403 Et
915 4351 1103 4405 vocavit
1123 4366 1234 4405 eum
1257 4391 1272 4415 ,
1297 4351 1503 4420 inquit,
1543 4352 1749 4422 angelus
1789 4350 1994 4404 Domini
2030 4353 2094 4406 de
2128 4353 2252 4406 caelo
2273 4393 2291 4420 ,

707 4440 959 4510 tiu-itque,
981 4441 1254 4505 Abrnltam,
1276 4441 1548 4495 Abt-altam.
1581 4441 1710 4496 Nam
1728 4444 1845 4513 quia
1870 4444 2079 4498 videbat
2094 4444 2292 4512 justum

706 4527 815 4596 jam
849 4532 1142 4584 accinctum
1173 4538 1228 4584 et
1250 4541 1486 4598 paratum
1507 4531 1572 4584 ad
1621 4531 2063 4597 immolationem,
2113 4544 2165 4588 et
2202 4549 2298 4588 vo-

713 4618 908 4674 lentem
940 4619 1162 4688 impiere
1190 4622 1492 4674 mandatum
1509 4621 1746 4695 Domini,
1775 4622 1970 4676 idcirco
2000 4632 2150 4678 vocat
2173 4640 2292 4678 eum

709 4708 777 4763 de
802 4710 961 4775 cutio,
1002 4720 1056 4765 et
1080 4710 1244 4764 dicit:
1275 4711 1569 4777 Abraham,
1613 4713 1898 4766 Abraham.
1953 4714 2092 4767 Bene
2121 4727 2176 4769 et
2209 4717 2294 4772 hic

709 4802 1064 4872 geminatione
1090 4818 1216 4857 usus
1235 4812 1349 4868 est,
1384 4814 1435 4856 ut
1465 4815 1738 4872 superaret
1768 4805 2018 4873 impetum
2059 4806 2218 4875 justi,
2243 4821 2295 4866 et

713 4895 858 4962 quasi
884 4909 979 4963 per
1010 4909 1195 4948 vocem
1239 4894 1561 4948 detineretur
1595 4895 1718 4962 justi
1747 4896 1994 4960 dextera,
2034 4897 2140 4964 jam
2185 4909 2296 4953 ten-

712 4977 846 5039 dens
860 4985 923 5038 ad
946 4985 1094 5053 pueri
1119 4984 1339 5039 caulem.
1367 4981 1432 5037 Et
1454 4985 1578 5038 dixit
1609 4983 1777 5038 :E‘cce
1798 5002 1906 5056 ego.
1935 4987 2019 5040 i2.
2050 4987 2112 5040 Et
2133 4989 2292 5043 dixit:

715 5073 1020 5144 Neittjicias
1059 5090 1262 5127 manuni
1303 5083 1440 5127 tuam
1463 5073 1516 5127 in
1555 5092 1788 5141 puerum,
1834 5093 1989 5146 neque
2027 5078 2184 5147 [arias
2223 5080 2297 5133 illi

715 5165 1005 5236 quidquam.
1034 5164 1185 5219 Nunc
1214 5169 1344 5219 enim
1365 5168 1573 5236 cognoui
1591 5169 1709 5234 quia
1737 5167 1877 5219 times
1921 5167 2078 5221 Deum
2121 5178 2175 5221 tu
2193 5210 2210 5229 .
2254 5181 2298 5221 et

717 5271 817 5310 non
845 5256 1106 5326 pepercisti
1135 5255 1242 5324 filia
1262 5265 1346 5308 tuo
1375 5255 1555 5309 dilecto
1601 5272 1690 5322 pro
1729 5267 1800 5307 ter
1827 5273 1925 5311 me.
1958 5255 2040 5310 Ne
2065 5257 2262 5327 injicias
2282 5299 2296 5320 ,

721 5347 915 5417 inquit,
964 5362 1168 5399 omnum
1192 5358 1328 5398 tuam
1373 5345 1424 5398 in
1453 5361 1677 5413 puerum.
1708 5344 1820 5400 Non
1852 5345 1953 5399 ltoc
1995 5349 2216 5415 [ιι-ωορμί
2247 5355 2302 5399 ut

719 5451 853 5506 opus
897 5435 1194 5504 perficiatur
1213 5476 1228 5498 ,
1257 5451 1425 5505 neque
1456 5435 1572 5488 volo
1599 5445 1650 5488 ut
1677 5435 1946 5489 occidatur
1975 5435 2110 5489 iifius
2138 5447 2257 5490 tuus
2287 5478 2301 5492 .

723 5528 813 5581 sed
843 5537 900 5579 ut
928 5520 1223 5580 obediétitia
1252 5535 1335 5578 tua
1364 5525 1636 5579 manifesta
1667 5526 1733 5579 sit
1752 5527 2015 5582 omnibus.
2050 5526 2208 5596 igitur
2236 5541 2304 5580 ne

726 5617 911 5673 ieceris
939 5619 986 5671 ei
1028 5619 1333 5688 quidquam.
1365 5618 1652 5673 Contentus
1680 5635 1796 5674 sum
1825 5619 2094 5676 voluntate
2121 5629 2228 5687 tua,
2251 5627 2306 5674 et

729 5721 796 5764 es
817 5709 918 5764 hac
939 5719 988 5765 te
1011 5717 1212 5764 θυι-οπο
1241 5719 1295 5764 et
1313 5708 1562 5780 praedico.
1593 5707 1743 5765 Nunc
1768 5713 1908 5767 enim
1932 5709 2155 5783 cognovi
2179 5709 2302 5782 quia

1416 347 1474 405 8.
1513 344 1790 404 JOANNIS
1823 339 2302 401 CURYSOSTOII
2336 343 2652 401 ARCBIEP.
2691 343 3226 403 CONSTANTINOP.

3834 344 3944 402 d3!

2352 456 2508 512 times
2533 456 2697 513 Deum
2728 466 2800 512 tu.
2825 453 2959 513 Vide
2976 456 3244 526 quomodo
3269 455 3538 513 humiliter
3561 469 3622 511 se
3641 465 3838 512 nostra:
3861 454 3947 512 in-

2349 546 2587 602 ﬁrmitati
2610 548 2710 603 hoc
2730 547 2892 603 verbo
2917 556 3256 617 attemperat.
3282 547 3419 616 Quid
3440 546 3620 616 igitur?
3639 546 3950 617 ignorabat-

2351 655 2419 696 ne
2443 648 2567 695 ante
2592 639 2694 694 hoc
2717 640 2843 709 justi
2871 639 3119 695 virtutem
3137 680 3152 704 ,
3177 651 3231 694 et
3259 652 3402 694 nunc
3431 639 3682 709 cognovit
3702 638 3951 693 omnium

2353 729 2646 784 Dominus?
2667 729 2782 784 Non
2805 729 2934 789 hoc.
2963 728 3161 796 inquit,
3185 727 3448 798 signiﬁcat
3463 767 3480 794 ,
3507 725 3645 798 quod
3670 739 3816 781 nunc
3837 726 3954 797 ipse

2352 818 2676 890 cognoverit.
2699 819 2806 880 Sed
2827 819 2951 888 quid
2976 818 3155 875 dicere
3173 817 3327 873 vult?
3350 817 3524 882 Nunc,
3548 816 3754 887 inquit,
3774 817 3955 871 omni-

2354 910 2454 964 bus
2487 909 2802 974 declarasti,
2828 907 3096 980 quomodo
3135 909 3345 964 sincero
3373 908 3563 962 timore
3590 906 3760 962 Deum
3783 905 3952 960 colas.

2353 997 2483 1053 Nam
2513 1013 2613 1067 ego
2641 1011 2891 1053 noveram
2933 997 3187 1052 famulum
3212 1011 3389 1051 meum
3413 1013 3429 1050 :
3458 1011 3576 1064 qua:
3602 1006 3778 1051 autem
3813 1006 3958 1048 nunc

2355 1101 2385 1140 a
2415 1095 2469 1143 te
2493 1086 2628 1142 iacta
2647 1097 2771 1143 sunt
2795 1079 3053 1143 doctrinm
3077 1088 3296 1142 materia
3320 1095 3444 1140 sunt
3466 1095 3573 1140 tam
3602 1084 3956 1155 praesentiints

2355 1193 2514 1248 quam
2543 1177 2752 1233 futuris.
2782 1179 2976 1234 Notum
3003 1179 3143 1234 enim
3171 1175 3346 1233 iecisti
3368 1191 3510 1232 nunc
3537 1174 3784 1232 omnibus
3811 1184 3868 1231 te
3893 1175 3960 1230 ti-

2357 1283 2505 1323 mere
2522 1269 2684 1322 Deum
2704 1310 2720 1332 ,
2747 1275 2801 1324 et
2815 1282 3005 1325 curare
3025 1279 3082 1322 ut
3103 1266 3348 1322 mandata
3366 1264 3484 1336 ejus
3503 1279 3665 1336 opere
3691 1264 3918 1334 impleas
3939 1280 3956 1316 :

2363 1356 2428 1411 Et
2448 1374 2546 1411 non
2563 1357 2825 1428 pepercisti
2845 1357 2954 1426 ﬁlio
2973 1365 3059 1411 tuo
3081 1355 3264 1410 dilecto
3287 1363 3493 1426 propter
3506 1369 3585 1409 me
3602 1368 3624 1408 :
3645 1352 3720 1408 illi
3739 1352 3830 1424 qui
3849 1362 3959 1407 tam

2359 1447 2584 1503 dilectus
2613 1457 2729 1512 est,
2761 1461 2920 1517 quem
2961 1454 3070 1501 tam
3097 1445 3346 1502 ardenter
3383 1457 3568 1509 ama,
3621 1457 3727 1497 non
3768 1455 3965 1512 peper-

2358 1538 2476 1592 cisti
2499 1545 2718 1607 propter
2735 1552 2823 1591 me
2839 1578 2856 1604 ,
2880 1545 3094 1606 prepter
3110 1533 3416 1590 mandatum
3437 1543 3491 1588 et
3513 1531 3718 1601 iussum
3743 1545 3923 1585 meum
3941 1545 3960 1584 :

2359 1627 2456 1682 sed
2483 1627 2760 1697 pratuliin
2788 1626 3092 1682 mandatum
3122 1639 3298 1681 meum
3340 1623 3452 1678 lilio
3476 1631 3590 1678 tuo.
3630 1619 3861 1676 Proinde
3904 1625 3964 1675 et

2364 1718 2527 1772 ﬁlium
2556 1727 2703 1772 tuum
2731 1717 2934 1786 accipe.
2963 1716 3188 1787 Propter
3214 1714 3317 1770 hoc
3355 1715 3498 1769 enim
3529 1711 3796 1782 pollicitus
3843 1724 3962 1766 anni

2363 1807 2478 1862 fore
2508 1818 2565 1862 ut
2587 1822 2768 1862 semen
2787 1816 2933 1861 tuum
2959 1805 3336 1860 extenderetnr
3353 1820 3367 1856 :
3387 1801 3664 1858 redimitus
3685 1814 3814 1870 ergo
3832 1799 3966 1854 obe-

2365 1898 2581 1956 dientim
2619 1907 2723 1954 tum
2746 1913 2943 1952 corona
2961 1938 2979 1964 ,
3007 1896 3118 1954 abi.
3149 1896 3258 1967 Ego
3280 1895 3424 1951 enim
3450 1893 3777 1950 voluntatem
3804 1906 3965 1948 coro-

2367 2006 2496 2046 nare
2514 1989 2697 2054 soleo,
2723 1997 2778 2045 et
2815 1998 3032 2060 propter
3063 1997 3292 2043 mentem
3321 1987 3536 2058 praemia
3564 1985 3762 2057 largiri.
3789 1982 3967 2055 Opere

2366 2080 2508 2135 enim
2529 2080 2732 2151 impferi
2750 2095 2846 2150 par
2869 2087 2953 2134 est
2973 2093 3036 2134 ea
3063 2090 3184 2148 quae
3223 2088 3254 2128 a
3287 2087 3340 2132 te
3379 2076 3526 2132 dicta
3551 2085 3675 2130 sunt
3712 2083 3770 2129 et
3795 2073 3970 2130 servis

2370 2170 2473 2226 tuis
2517 2179 2571 2226 et
2613 2170 2793 2226 isaac:
2825 2169 2931 2225 illis
2964 2167 3104 2223 enim
3133 2165 3456 2237 promisisti,
3503 2164 3631 2220 Cum
3677 2163 3976 2218 adoranti-

2369 2279 2514 2326 ntus.
2560 2263 2832 2317 redibimus
2860 2276 2880 2315 :
2918 2274 3045 2314 ecce
3089 2258 3193 2313 hoc
3229 2271 3370 2312 nunc
3403 2256 3538 2322 erit;
3569 2263 3626 2312 et
3663 2267 3832 2324 puero
3883 2267 3964 2307 ro-

2369 2364 2547 2426 gante,
2580 2352 2677 2409 Ubi
2705 2354 2809 2408 oais
2831 2361 2904 2407 est
2930 2351 2999 2405 ad
3027 2350 3372 2404 holocaustum
3393 2347 3422 2400 ν
3446 2345 3582 2400 Deus
3620 2344 3802 2398 ridebit
3843 2343 3969 2396 sibi-

2372 2445 2572 2514 metipsi
2615 2459 2752 2499 eum
2779 2442 2848 2496 ad
2891 2440 3236 2496 holocaustum
3258 2479 3274 2504 ,
3300 2436 3502 2492 dixisti.
3542 2435 3684 2490 Ecce
3730 2447 3854 2489 cum
3880 2447 3969 2489 re-

2378 2536 2617 2605 spexeris
2637 2578 2653 2602 ,
2686 2533 2896 2603 inquit,
2926 2530 3094 2587 oculis
3111 2571 3128 2595 ,
3156 2527 3276 2583 vide
3300 2526 3604 2591 pradictam
3623 2539 3654 2579 a
3681 2533 3733 2580 te
3775 2537 3933 2580 ovem
3951 2564 3971 2592 ,

2373 2642 2532 2697 quam
2555 2627 2758 2680 scilicet
2791 2639 2888 2694 pro
2917 2636 3085 2693 puero
3125 2618 3470 2677 sacriiicabis.
3520 2617 3602 2673 i3.
3638 2614 3706 2672 Ut
3750 2616 3979 2686 respexit

2375 2733 2542 2773 autent
2567 2718 2726 2772 oculis
2753 2715 2874 2770 sidit
2895 2729 2915 2768 :
2939 2723 2984 2768 et
3017 2728 3128 2767 ecce
3146 2712 3278 2766 aries
3305 2726 3435 2764 unus
3451 2705 3759 2764 detinebatur
3804 2702 3972 2760 corni-

2375 2812 2464 2865 bus
2486 2811 2539 2864 in
2566 2809 2770 2862 arbusto
2795 2806 2975 2863 Sabcc.
3003 2805 3068 2859 Et
3086 2804 3173 2858 irit
3196 2803 3486 2866 Abraham,
3523 2807 3572 2855 at
3606 2796 3797 2868 accepit
3837 2794 3974 2850 ario-

2379 2916 2507 2969 tem,
2536 2912 2585 2958 et
2618 2901 2792 2955 obtulit
2817 2901 2964 2955 illum
2987 2899 3040 2952 iit
3069 2898 3417 2951 holusculum
3443 2910 3534 2961 pro
3553 2891 3706 2946 Isaac
3724 2889 3835 2958 ﬁlio
3859 2902 3977 2942 stto-

2381 2987 2499 3041 Vidi
2531 2985 2827 3055 religiosam
2859 2991 3000 3037 tuam
3048 2988 3312 3047 mentem,
3345 2976 3547 3047 inquit,
3584 2987 3712 3030 ecce
3755 2972 3808 3027 id
3833 2969 3977 3042 quod

2384 3079 2527 3146 prius
2551 3074 2728 3130 dixisti
2770 3087 2969 3143 puero,
3003 3071 3108 3127 hoc
3149 3070 3242 3126 tibi
3273 3065 3582 3139 przeparavi.
3639 3063 3707 3119 Et
3750 3064 3978 3131 aet-epit,

2379 3166 2584 3236 inquit,
2613 3176 2658 3220 et
2686 3165 2866 3220 obtulit
2908 3166 2961 3217 in
2991 3163 3336 3217 holocaustum
3365 3175 3458 3229 pro
3505 3156 3656 3211 Isaac
3702 3156 3811 3224 ﬁlio
3860 3169 3977 3210 suo.

2383 3257 2572 3314 Vidisti
2605 3257 2694 3311 Dei
2721 3253 3092 3311 clementiam?
3121 3251 3188 3305 Et
3211 3249 3524 3305 sacriﬁcium
3552 3253 3981 3302 consummatum

2383 3359 2500 3414 est,
2534 3359 2588 3402 et
2629 3345 2924 3417 patriarcha
2975 3344 3277 3414 religiosam
3331 3355 3480 3396 suam
3511 3348 3748 3393 mentem
3793 3334 3981 3391 deela-

2383 3443 2552 3507 ravit,
2579 3449 2635 3494 et
2680 3454 2708 3491 a
2761 3438 3032 3493 voluntate
3077 3449 3330 3490 coronam
3368 3431 3696 3501 reportavit:
3725 3439 3780 3486 et
3832 3428 3982 3486 Isaac

2385 3542 2606 3601 accepto
2625 3572 2640 3596 ,
2663 3530 2819 3585 rediit
2845 3543 2965 3583 cum
2997 3526 3293 3582 innumeris
3316 3523 3552 3580 coronis.

2462 3619 2788 3689 Sacri/icium
2841 3617 3058 3672 Abraltar
3101 3616 3269 3687 ﬁgura
3297 3614 3480 3668 crucis.
3509 3641 3583 3653 —-
3618 3611 3746 3668 [hic
3794 3619 3980 3666 autem

2391 3712 2568 3767 omnia
2619 3710 2783 3780 iigura
2831 3707 3046 3764 fuerunt
3087 3707 3282 3762 erucis.
3313 3705 3599 3775 Propterea
3649 3714 3706 3760 et
3732 3703 3985 3760 Christus

2390 3804 2588 3860 Judmis
2629 3801 2838 3858 dicebat
2871 3817 2888 3856 :
2918 3800 3174 3855 Abraham
3217 3808 3360 3870 pater
3395 3810 3552 3852 uester
3581 3798 3883 3862 exsultauit,
3925 3807 3983 3850 ut

2393 3895 2579 3949 uideret
2602 3893 2733 3946 diem
2757 3907 2958 3957 meum;
2983 3900 3029 3944 et
3053 3891 3207 3957 uidit,
3258 3900 3303 3944 et
3327 3890 3528 3959 gavisus
3584 3895 3656 3942 est
3707 3885 3892 3958 (least.
3924 3886 3983 3943 8.

2393 3984 2508 4052 56).
2562 3981 2842 4049 Quomodo
2889 3980 3072 4044 vidit,
3100 3979 3192 4049 qui
3245 3987 3322 4032 tot
3350 3977 3504 4032 annis
3530 3976 3843 4046 praecessit?
3875 3975 3986 4031 νει·

2399 4074 2642 4143 ﬁguram,
2675 4086 2768 4141 per
2797 4070 3062 4126 umbram.
3090 4067 3241 4124 Sicut
3267 4067 3413 4123 enim
3441 4066 3527 4122 hic
3547 4066 3663 4121 ovis
3687 4066 3870 4121 oblata
3900 4074 3988 4124 est

2399 4181 2497 4236 pro
2515 4166 2681 4231 isaac,
2699 4165 2772 4219 ita
2793 4173 2846 4220 et
2862 4160 3133 4218 rationalis
3147 4175 3314 4230 agnus
3328 4159 3536 4214 oblatus
3545 4167 3627 4213 est
3640 4173 3736 4230 pro
3756 4157 3982 4213 mundo.

2398 4255 2683 4324 Oportebat
2706 4253 2847 4309 enim
2871 4253 2922 4306 in
2951 4252 3136 4307 umbra
3161 4251 3392 4306 describi
3413 4259 3466 4305 et
3492 4249 3797 4320 przesiguari
3819 4257 3986 4306 antea

2398 4347 2696 4403 veritatem.
2743 4345 2874 4399 Vide
2918 4358 3186 4412 namque,
3228 4342 3471 4405 obsecro,
3503 4339 3797 4403 carissime,
3847 4353 3988 4410 quo-

2399 4437 2560 4492 modo
2585 4435 2762 4489 omnia
2790 4447 2884 4502 per
2905 4432 3146 4485 umbram
3173 4430 3503 4500 prmilgurata
3538 4437 3661 4484 sunt
3692 4445 3706 4483 :
3735 4427 3988 4497 unigeni-

2403 4539 2484 4585 tus
2542 4531 2647 4584 illic
2675 4571 2690 4596 ,
2741 4540 2794 4585 et
2851 4529 3152 4600 unigenitus
3200 4529 3285 4583 hic
3357 4530 3467 4597 (a);
3511 4525 3736 4582 dilectus
3782 4525 3895 4582 illic
3931 4535 3990 4584 et

2400 4637 2702 4693 germanus,
2740 4622 2965 4678 dilectus
3007 4633 3061 4679 et
3099 4624 3181 4676 hic
3221 4635 3284 4676 ac
3323 4634 3630 4689 germanus.
3687 4616 3788 4671 Hic
3835 4618 3988 4674 enim

2401 4724 2472 4768 est
2528 4711 2695 4767 Filius
2721 4731 2858 4768 meus
2910 4713 3153 4778 dilectus,
3175 4713 3228 4764 in
3255 4727 3352 4782 quo
3390 4710 3512 4763 milii
3542 4711 3662 4764 bene
3700 4707 3992 4779 complecti

2405 4803 2616 4875 (.ilatth.
2667 4807 2720 4860 5.
2755 4803 2864 4876 i7).
2919 4806 2962 4856 Α
3015 4815 3162 4874 patre
3193 4803 3279 4856 ille
3321 4802 3370 4853 in
3439 4800 3802 4857 holocaustum
3853 4797 3984 4854 οσο-

2402 4897 2657 4957 rebatur,
2711 4905 2766 4950 et
2825 4897 2964 4949 hunc
3009 4895 3163 4947 Pater
3223 4893 3454 4946 tradidit.
3511 4891 3578 4945 Et
3637 4890 3735 4944 hoc
3789 4890 3990 4943 clamat

2406 4987 2599 5042 Paulus
2631 4987 2812 5045 dicens
2845 5005 2857 5041 :
2902 4986 3002 5052 Qui
3054 4985 3258 5055 proprio
3289 4983 3425 5036 Filio
3453 4999 3544 5034 suo
3579 4997 3679 5034 non
3725 4981 3988 5050 pepercit,

2403 5081 2491 5133 sed
2531 5095 2620 5146 pro
2665 5081 2806 5131 nobis
2849 5078 3076 5130 omnibus
3106 5075 3312 5129 tradidit
3357 5075 3545 5128 illum:
3583 5071 3831 5140 quomodo
3887 5088 3990 5124 nun

2405 5180 2450 5222 et
2472 5185 2583 5222 cum
2605 5167 2694 5222 illo
2721 5168 2890 5220 omnia
2916 5167 3054 5220 nobis
3081 5167 3289 5220 daturus
3315 5174 3384 5217 est
3412 5163 3585 5231 (Rom.
3609 5161 3659 5216 8.
3682 5160 3772 5229 52)
3794 5160 3816 5212 ?
3841 5161 3988 5214 liue-

2407 5275 2576 5328 usque
2613 5259 2834 5321 umbra;
2875 5269 3054 5327 postea
3099 5270 3274 5310 rerum
3315 5255 3507 5307 veritas
3536 5253 3689 5321 longe
3715 5249 3992 5304 excellen-

2407 5350 2510 5402 tior
2557 5357 2902 5403 monstratur.
2936 5348 3114 5417 Agnus
3144 5347 3286 5400 enim
3313 5345 3399 5399 hic
3437 5342 3708 5396 rationalis
3745 5354 3839 5408 pro
3873 5349 3990 5395 toto

2407 5440 2604 5494 mundo
2631 5439 2839 5494 oblatus
2866 5447 2982 5502 est,
3021 5448 3189 5493 totum
3227 5438 3410 5492 orbem
3438 5445 3695 5489 terrarum
3741 5432 3990 5500 puriilca-

2469 5595 2543 5658 (a)
2577 5596 2695 5645 Huic
2717 5594 2824 5644 loco
2855 5593 3130 5658 conferatur
3149 5592 3305 5658 oratio
3328 5591 3409 5658 _de_
3427 5590 3574 5658 beato
3598 5588 3878 5658 Abraham.
3905 5599 3991 5658 su-

2405 5648 2862 5783 m$$qua
2893 5655 3088 5707 bomiiia
3116 5655 3169 5706 in
3200 5653 3366 5705 multis
3397 5648 3989 5704 btucuostrtaiiinisdo-
