4178 6328
271 392 368 455 ιιι

270 505 373 571 vit;
398 501 488 561 hic
515 502 767 561 homines
794 501 863 559 ab
896 514 1080 559 errore
1106 500 1368 569 liberavit,
1400 507 1456 556 et
1483 497 1550 555 ad
1576 496 1854 554 veritatem

272 594 512 660 reduxit;
548 594 638 651 hic
682 605 879 650 terram
908 592 1096 647 cazlum
1137 592 1299 658 fecit,
1328 607 1434 648 non
1474 591 1858 647 elementorum

271 684 546 740 immutata
587 695 801 751 natura,
848 684 941 739 sed
966 685 1374 740 conversatione
1399 683 1599 740 cmlcsti
1625 680 1859 738 homini-

269 774 371 829 bus
396 789 559 845 super
586 785 788 830 terram
818 775 1132 845 degentibus
1159 775 1337 829 allata.
1369 776 1471 830 Per
1500 774 1645 829 hunc
1678 771 1857 827 omnis

269 863 572 920 damonum
603 866 783 921 cultus
807 867 1012 921 solutus
1036 876 1156 930 est;
1190 882 1285 937 per
1304 866 1445 921 hunc
1473 865 1667 920 factum
1696 873 1778 920 est
1802 872 1861 920 ut

268 970 375 1011 non
408 956 699 1011 adorentur
722 957 927 1026 lapides
952 965 1005 1012 et
1052 958 1191 1027 ligna
1218 958 1287 1012 ab
1314 957 1616 1012 hominibus
1640 973 1653 1010 :
1684 965 1737 1011 et
1766 954 1859 1026 qui

266 1046 479 1101 ratione
509 1046 856 1115 prmditisunt
880 1059 1003 1103 ante
1032 1047 1359 1103 insensibilia
1403 1062 1509 1101 non
1536 1045 1854 1117 procidunt,

260 1133 361 1191 sed
376 1135 554 1191 omnis
567 1136 695 1191 abiit
706 1151 877 1201 error,
911 1147 963 1193 et
982 1138 1220 1193 veritatis
1239 1138 1331 1193 lux
1348 1137 1533 1193 orbem
1551 1136 1853 1192 illustravit.

335 1224 391 1279 ι.
429 1224 622 1281 Vidisti
648 1228 888 1282 veritatis
910 1228 1314 1283 excellentiam?
1360 1227 1539 1282 vidisti
1566 1226 1693 1297 quid
1737 1240 1859 1281 um-

261 1312 358 1367 bra
383 1354 401 1381 ,
432 1315 562 1384 quid
589 1317 827 1371 veritas?
865 1318 950 1372 14.
1001 1316 1066 1372 Et
1089 1318 1311 1385 vocavit,
1342 1318 1552 1388 inquit,
1600 1316 1857 1371 Abraham

262 1419 448 1457 nomen
477 1406 577 1459 loci
618 1407 757 1461 illius
779 1447 795 1473 ,
827 1405 1079 1463 Dominus
1104 1408 1227 1462 vidit
1252 1424 1271 1462 :
1296 1418 1348 1462 ut
1388 1410 1559 1462 dicant
1580 1409 1729 1463 hodie
1752 1450 1766 1473 ,
1800 1408 1853 1461 in

258 1503 433 1547 monte
474 1493 724 1549 Dominus
747 1499 880 1551 visus
922 1507 1012 1552 est.
1046 1497 1179 1553 Vide
1197 1499 1326 1567 justi
1367 1500 1669 1570 religiosam
1701 1515 1854 1553 men-

259 1594 366 1637 tem
390 1626 407 1650 ,
439 1586 712 1654 quomodo
740 1587 931 1658 ubique
957 1604 1023 1643 ex
1055 1588 1117 1643 iis
1144 1604 1274 1659 qure,
1290 1590 1593 1645 acciderant
1619 1590 1855 1660 appella-

256 1674 438 1729 tiones
478 1676 611 1732 locis
638 1679 883 1748 imponit.
913 1680 1282 1736 Visitationem
1307 1683 1449 1738 enim
1473 1697 1502 1735 a
1528 1682 1637 1737 Deo
1657 1678 1853 1737 laetam

255 1764 446 1820 volens
496 1768 649 1836 quasi
692 1769 745 1823 itt
790 1770 1038 1824 columna
1070 1786 1208 1826 aerea
1256 1772 1557 1842 insculpere
1595 1773 1712 1828 loco
1758 1787 1855 1842 per

253 1855 712 1925 appellationem,
768 1858 970 1914 Vocaeit
1022 1878 1202 1917 nomen
1253 1862 1382 1929 loci,
1415 1863 1662 1917 Dominus
1706 1864 1850 1919 uidit.

251 1944 572 2001 Sulliciebat
595 1947 807 2018 quidem
834 1950 981 2019 justo
1004 1965 1103 2021 pro
1129 1953 1349 2021 praemio
1369 1993 1383 2018 ,
1410 1952 1551 2021 quod
1588 1954 1738 2008 vivus
1767 1969 1848 2010 re-

251 2036 397 2092 diret
447 2038 716 2104 lsaae,et
742 2041 881 2111 quod
936 2042 1160 2098 meritus
1210 2052 1359 2099 esset
1408 2044 1555 2099 illam
1592 2045 1851 2101 eximiam

253 2128 473 2184 laudem
494 2170 510 2195 ,
556 2146 752 2201 nempe
779 2130 918 2203 quod
943 2134 1109 2189 dicit:
1141 2132 1294 2189 Nunc
1324 2137 1531 2207 cognoui
1546 2137 1687 2207 quod
1707 2138 1850 2191 times

254 2215 424 2272 Deum
453 2232 509 2274 tu
540 2235 560 2275 :
584 2232 947 2278 verumtamen
974 2223 1023 2279 is
1042 2225 1134 2294 qui
1163 2225 1319 2280 donis
1337 2236 1546 2282 certare
1574 2229 1717 2297 cupit
1741 2269 1756 2295 ,
1795 2236 1848 2283 ct

252 2308 535 2366 beneﬁciis
557 2326 773 2383 semper
806 2316 969 2371 vincit
993 2328 1229 2373 mentem
1274 2328 1511 2374 nostram
1530 2361 1548 2387 ,
1571 2320 1696 2388 justi
1727 2322 1847 2375 ani-

251 2415 401 2454 mum
455 2403 621 2457 variis
662 2415 891 2460 exornat
937 2408 1208 2477 praemiis,
1261 2419 1315 2464 et
1340 2408 1510 2480 inquit
1542 2411 1731 2465 iterum
1778 2411 1847 2467 ad

250 2489 401 2544 illum
428 2508 441 2543 :
476 2493 561 2547 i5.
586 2492 653 2545 Et
678 2496 866 2549 vocarit
892 2497 1101 2567 angelus
1120 2496 1330 2552 Domini
1350 2499 1605 2553 Abraham
1629 2501 1846 2556 secundo

249 2580 315 2635 de
342 2584 492 2650 caelo,
522 2584 695 2639 dicens
724 2602 743 2638 :
769 2586 857 2641 i6.
884 2586 988 2641 Per
1013 2590 1357 2660 memetipsum
1376 2592 1541 2659 iuraui
1555 2632 1571 2659 ,
1600 2592 1719 2647 dicit
1741 2593 1847 2647 Do-

251 2676 441 2739 minus,
472 2693 532 2729 eo
571 2678 706 2748 quod
733 2680 894 2747 fecisti
946 2680 1147 2734 verbum
1183 2683 1310 2749 hoc,
1363 2694 1409 2737 et
1438 2701 1540 2738 non
1578 2686 1846 2755 pepercisti

250 2766 359 2832 ﬁlio
410 2777 497 2821 tuo
525 2769 706 2822 dilecto
758 2781 963 2841 prapter
988 2788 1067 2826 me
1089 2812 1103 2839 ,
1138 2774 1226 2827 17.
1286 2778 1509 2845 profecto
1552 2777 1844 2834 benedicens

248 2856 546 2910 benedicam
574 2868 620 2911 te
639 2899 655 2924 ,
678 2870 724 2914 et
753 2862 1096 2933 multiplicans
1129 2867 1475 2935 multiplicabo
1503 2886 1668 2924 semen
1700 2882 1843 2925 tuum

242 2947 379 2997 sicut
422 2949 597 3002 stellas
621 2950 765 3015 celi,
798 2960 843 3004 et
872 2952 999 3005 sicut
1052 2971 1255 3008 arenam
1301 2973 1416 3026 quae
1461 2968 1532 3013 est
1572 2959 1624 3013 in
1678 2961 1844 3016 littore

248 3035 406 3087 nutris
431 3052 449 3097 ;
474 3048 523 3087 et
548 3036 820 3091 hereditate
846 3042 1115 3109 possidebit
1140 3060 1305 3097 semen
1332 3055 1475 3099 tuum
1499 3048 1721 3103 civitates
1745 3050 1841 3103 ho-

245 3125 422 3189 stium,
464 3125 555 3181 18.
588 3137 635 3180 et
656 3129 708 3181 in
746 3130 934 3185 semine
966 3141 1051 3185 tuo
1078 3132 1432 3190 benedicentur
1460 3154 1631 3193 omnes
1669 3149 1842 3209 gentes

244 3223 411 3281 terras,
443 3232 503 3270 eo
532 3220 667 3287 quod
693 3222 882 3276 audisti
909 3238 1076 3278 vocem
1110 3243 1290 3281 meam.
1320 3228 1455 3297 Quia
1476 3271 1491 3298 ,
1513 3231 1701 3301 inquit,
1734 3233 1836 3287 imo

242 3306 460 3374 plevisti
503 3320 828 3382 praeceptum
873 3331 1050 3371 meum
1071 3360 1087 3384 ,
1115 3328 1169 3373 et
1195 3328 1337 3374 tuam
1366 3321 1721 3378 obedientiam
1746 3342 1839 3396 per

241 3399 427 3453 omnia
473 3399 791 3470 declarasti,
825 3416 1101 3475 propterea
1129 3409 1294 3464 audi:
1338 3409 1443 3465 Per
1490 3416 1837 3484 memetipsum

243 3487 411 3548 iuraui
432 3530 448 3553 ,
498 3490 621 3543 dicit
650 3490 912 3549 Dominus.
945 3496 1079 3552 Vide
1110 3502 1378 3569 quomodo
1419 3504 1471 3557 in
1503 3520 1750 3562 sermone
1776 3523 1837 3563 se

240 3578 490 3634 demittat
532 3583 788 3639 Dominus
818 3604 832 3639 :
876 3585 980 3641 Per
1005 3592 1382 3661 ntemetipsum,
1414 3593 1611 3664 inquit,
1645 3597 1831 3667 iuravi,

242 3678 299 3723 ut
321 3670 565 3726 conﬁdas
616 3677 835 3731 omnino
886 3690 1139 3735 eventura
1189 3684 1281 3737 tibi
1329 3702 1447 3754 qua:
1496 3702 1526 3741 a
1576 3704 1664 3743 me
1693 3691 1833 3746 dicta

239 3772 389 3816 sunt.
424 3763 870 3835 Quandoquidem
912 3772 1057 3825 enim
1099 3788 1221 3828 cum
1265 3774 1507 3832 homines
1556 3782 1832 3849 promissis

235 3850 543 3919 iuramenta
573 3854 801 3922 addunt,
834 3865 957 3913 tunc
974 3860 1298 3922 stabiliorem
1314 3866 1573 3935 accipiunt
1606 3871 1831 3936 promis-

236 3945 451 3996 sionem
499 3944 533 3997 ii
562 3944 753 4013 quibus
784 3949 1112 4017 promittitur
1139 3969 1152 4005 :
1184 3964 1469 4022 caprOpter
1494 3967 1548 4011 et
1576 3959 1828 4016 Dominus

237 4030 475 4121 humana
522 4052 649 4091 usus
693 4042 1077 4097 consuetudine
1105 4044 1274 4113 inquit
1304 4064 1317 4100 :
1350 4046 1451 4101 Per
1482 4052 1827 4121 memetipsum

235 4120 405 4174 iuravi
428 4164 446 4186 ,
494 4141 553 4177 eo
606 4127 743 4194 quod
780 4129 934 4196 fecisti
963 4137 1165 4186 verbum
1194 4137 1326 4201 hoc,
1355 4146 1399 4190 et
1430 4155 1529 4191 non
1562 4144 1828 4210 pepercisti

233 4216 343 4283 ﬁlio
365 4228 456 4271 tito
478 4218 658 4273 dilecto
689 4234 890 4292 propter
927 4242 1025 4279 me.
1067 4222 1354 4283 Considera
1377 4272 1391 4296 ,
1422 4233 1645 4289 obsecro
1664 4277 1679 4301 ,
1711 4237 1822 4291 cle-

231 4310 496 4361 mentiam
556 4311 784 4366 Domini.
834 4314 955 4369 Non
1006 4321 1297 4387 perpercisti
1341 4324 1448 4389 ﬁlio
1497 4334 1582 4378 tuo
1638 4328 1819 4384 dilecto

232 4409 446 4465 propter
470 4416 566 4453 me.
592 4402 837 4457 Attamen
861 4403 1036 4460 vivum
1058 4408 1232 4477 ipsum
1260 4412 1484 4466 reducit.
1512 4414 1629 4470 Non
1660 4432 1822 4482 evcnv

230 4498 349 4543 tum
374 4492 664 4558 respicias,
706 4492 926 4561 dilecte,
984 4498 1077 4552 sed
1122 4501 1448 4558 voluntatem
1495 4516 1549 4561 et
1587 4518 1822 4565 mentem

227 4577 410 4640 disce,
467 4595 571 4648 qua
611 4582 727 4636 sine
773 4584 880 4639 ullo
924 4589 1199 4643 ratiocinio
1248 4594 1495 4649 mandata
1546 4597 1817 4667 implebat.

226 4670 506 4738 Quantum
536 4673 679 4725 enim
713 4672 779 4727 ad
809 4675 1134 4733 voluntatem
1182 4683 1401 4749 attinet,
1450 4698 1820 4744 cruentaverat

224 4760 482 4815 dextram
504 4762 823 4830 patriarcha,
857 4776 912 4820 et
940 4782 1033 4835 per
1054 4771 1319 4825 cervicem
1348 4776 1497 4841 pueri
1529 4777 1821 4836 immiserat

222 4850 491 4917 gladium,
519 4851 918 4923 perfectumque
942 4857 1207 4913 obtulerat
1224 4863 1544 4919 sacrilicium
1578 4884 1589 4917 :
1619 4868 1819 4925 idcirco

227 4940 515 5006 Dominus,
549 4944 698 5011 quasi
726 4947 982 5002 sacriﬁcio
1003 4964 1061 5003 re
1087 4951 1200 5019 ipsa
1230 4967 1619 5022 consummato,
1639 4959 1819 5016 laudat

220 5031 433 5099 justum
455 5072 473 5097 ,
500 5042 569 5124 et—
578 5034 705 5088 dicit
731 5053 742 5085 :
780 5036 897 5090 Non
930 5044 1193 5111 pepercisti
1213 5047 1321 5113 ﬁlio
1363 5058 1447 5102 tuo
1475 5050 1659 5107 dilecto
1679 5068 1817 5124 'pro-

224 5132 341 5189 pter
401 5138 499 5174 me.
528 5122 608 5207 Tu
648 5125 863 5193 quidem
909 5143 1012 5183 non
1055 5135 1330 5199 pepercisti
1379 5148 1597 5208 propter
1638 5122 1816 5199 meum

223 5210 585 5275 mandatum;
610 5227 711 5281 ego
737 5226 910 5269 autem
938 5222 1149 5287 peperci
1168 5237 1380 5292 propter
1403 5238 1544 5285 tuam
1563 5231 1818 5289 obedien-

224 5302 380 5391 tiam.
413 5301 636 5371 Propter
656 5305 793 5359 hanc
816 5316 961 5361 tuam
986 5309 1342 5370 obedientiam
1368 5326 1419 5372 te
1446 5336 1813 5391 remunerans,

221 5390 534 5447 Beuedicam
575 5403 652 5474 te,
706 5405 754 5448 et
808 5398 1148 5467 multiplicans
1176 5403 1520 5474 multiplicabo
1568 5423 1634 5465 te.
1688 5390 1816 5471 Vide

220 5484 557 5537 cumulatam
584 5470 1007 5543 benedictionem
1043 5508 1058 5545 :
1084 5492 1183 5547 hoc
1208 5504 1290 5549 est
1360 5499 1603 5569 Amplius
1632 5470 1813 5559 multis

224 5575 443 5644 plicabo
476 5593 657 5633 semen
688 5590 859 5634 tuum.
894 5582 989 5636 llic
1036 5586 1177 5640 enim
1208 5590 1296 5657 qui
1347 5605 1440 5658 per
1486 5596 1812 5653 voluntatem

220 5676 376 5719 tuam
404 5668 612 5723 occisus
632 5680 739 5735 est,
768 5670 820 5724 itt
852 5678 1051 5728 tantam
1091 5678 1476 5739 multitudinem
1510 5691 1816 5758 propagabit

223 5772 414 5814 semen
460 5770 604 5814 tuutu
628 5804 642 5826 ,
674 5770 735 5816 ut
771 5762 939 5818 stellis
968 5773 1020 5818 et
1049 5780 1225 5823 arena:
1275 5770 1659 5843 adatquandum
1706 5785 1773 5835 sit
1799 5826 1813 5850 ,

1249 387 1314 444 ια
1350 384 1506 443 CAP.
1550 379 1732 439 XXIII.
1775 372 2024 435 GENES.
2065 374 2292 433 1103111..
2335 370 2567 430 XLVIII.

3452 358 3561 417 ιιι

1971 488 2043 545 Et
2071 506 2242 547 omnes
2267 499 2437 563 gentes
2486 490 2539 543 in
2563 484 2751 542 semine
2776 492 2865 539 tuo
2891 475 3273 538 benedicendo:
3322 475 3459 541 sint,
3501 491 3561 530 eo

1967 582 2104 652 quod
2131 582 2319 636 audisti
2341 596 2511 636 vocem
2556 594 2735 633 meam.
2790 576 2914 630 Ilaec
2957 571 3175 638 omnia,
3229 570 3435 641 inquit,
3467 567 3561 622 tibi

1970 674 2021 727 in
2048 672 2363 729 obedientiie
2378 680 2541 725 taetre
2565 666 2869 724 mercedem
2900 664 3148 720 aderunt.

2039 765 2257 819 Horati:
2283 763 2672 818 exhortatio.—
2698 760 2912 831 Ergone
2958 756 3184 826 plurima
3226 752 3383 808 nobis
3419 750 3561 806 bona

1967 855 2020 911 id
2051 854 2332 920 conciliat,
2384 852 2527 925 quod
2564 851 2845 907 obcdimus
2884 850 2994 904 Deo
3021 855 3075 902 et
3121 842 3404 916 praestitis
3443 841 3561 909 ejus

1965 946 2429 1016 obtemperamus,
2486 954 2539 1021 et
2588 943 2727 998 sicut
2772 940 3073 1011 patriarcha
3118 937 3241 1001 ille,
3292 933 3562 990 curiosius

1966 1052 2072 1091 non
2118 1036 2465 1106 inquirimus,
2499 1048 2664 1104 quare
2715 1031 2837 1087 talia
2872 1030 2940 1086 ab
2972 1045 3038 1085 eo
3086 1029 3346 1098 imperata
3394 1025 3503 1078 sint
3541 1039 3556 1077 :

1962 1127 2055 1183 sed
2101 1127 2319 1198 utgrati
2350 1126 2488 1180 servi
2532 1126 2813 1193 implemus
2856 1120 3106 1176 mandata
3130 1160 3145 1185 ,
3186 1114 3557 1185 rationemque

1962 1235 2148 1276 eorum
2191 1219 2543 1289 relinquimus
2588 1215 2849 1271 Domino?
2890 1213 2944 1269 Si
2987 1213 3149 1283 igitur
3188 1210 3265 1265 sic
3302 1205 3555 1263 docueri-

1960 1328 2081 1369 mus
2142 1312 2532 1382 nosmetipsos,
2584 1308 2877 1380 poterimus
2909 1314 2966 1361 et
3006 1303 3250 1360 eamdem
3298 1299 3552 1356 obedien-

1962 1404 2087 1458 tiam
2110 1402 2384 1466 exltibere,
2408 1415 2565 1471 quam
2586 1399 2763 1469 justus
2788 1398 2878 1453 ille
2896 1438 2910 1461 ,
2944 1394 3268 1463 easdemque
3295 1394 3553 1461 consequi

1959 1510 2204 1550 coronas.
2228 1493 2505 1562 Quomodo
2525 1499 2702 1546 autem
2732 1488 3077 1544 obediemus?
3098 1487 3153 1542 Si
3176 1485 3421 1540 mandata
3435 1484 3552 1552 ejus

1958 1601 2123 1655 opere
2162 1584 2653 1653 adimpleverimus.
2685 1580 2805 1635 Non
2833 1580 2967 1635 enim
3007 1579 3299 1642 auditores,
3342 1575 3547 1645 inquit,

1958 1676 2082 1747 legis
2108 1675 2546 1745 justiﬁcabuntur,
2587 1673 2677 1727 sed
2713 1676 2931 1742 factores
2961 1668 3138 1741 (Rom.
3182 1667 3237 1721 Ξ.
3271 1666 3381 1737 15).
3416 1664 3550 1733 Qua:

1957 1771 2099 1824 enim
2129 1768 2328 1823 utilitas
2344 1810 2359 1833 ,
2383 1768 2429 1823 si
2458 1765 2694 1836 quotidie
2714 1764 3015 1829 audiamus,
3043 1769 3098 1816 et
3116 1775 3280 1832 opera
3304 1759 3548 1829 negliga-

1956 1860 2107 1914 mus?
2137 1857 2260 1913 Ideo
2286 1874 2402 1922 oro,
2432 1866 2489 1912 ut
2517 1856 2581 1911 ad
2608 1855 2809 1925 agenda
2828 1868 2989 1923 opera
3014 1852 3153 1908 bona
3198 1850 3543 1910 festinemus;

1958 1966 2130 2021 neque
2156 1950 2297 2005 enim
2319 1950 2475 2005 aliter
2501 1949 2725 2003 salutem
2746 1945 3000 2015 consequi
3030 1956 3313 2013 possumus
3343 1958 3356 1993 :
3392 1949 3451 1993 ut
3492 1949 3548 1994 ct

1954 2050 2171 2113 peccata
2203 2050 2383 2096 nostra
2426 2039 2742 2103 abluamus,
2782 2047 2836 2093 et
2880 2036 3166 2092 clementia
3215 2033 3427 2088 Domini
3457 2031 3544 2087 di-

1952 2133 2043 2202 gni
2073 2132 2382 2198 habeantur,
2410 2131 2579 2201 gratia
2604 2139 2657 2185 et
2684 2127 3117 2184 miserationibus
3132 2124 3345 2181 Domini
3375 2135 3543 2179 nosm

1950 2222 2076 2279 .Iesu
2118 2222 2350 2289 Christi,
2403 2237 2524 2276 cum
2563 2236 2669 2291 quo
2721 2221 2863 2276 Patri
2912 2230 2966 2275 et
2994 2228 3179 2275 sancto
3227 2216 3544 2287 viviﬁcoque

1953 2314 2175 2385 Spiritui
2205 2314 2277 2368 sit
2300 2312 2464 2383 gloria
2491 2354 2506 2380 ,
2535 2327 2676 2367 nunc
2698 2322 2753 2369 et
2777 2326 3009 2382 semper,
3042 2320 3096 2367 et
3123 2310 3177 2365 in
3204 2309 3401 2366 szccula
3431 2323 3537 2365 sm-

1955 2406 2215 2460 culorum.
2247 2404 2437 2459 Amen.

2458 2473 2738 2530 HOMILIA
2787 2473 3019 2529 XLVIII.

1953 2566 2337 2637 Responderunt
2371 2576 2538 2621 autem
2568 2565 2661 2635 ﬁlii
2686 2564 2809 2620 Chet
2842 2566 2911 2619 ad
2946 2564 3202 2619 Abraham
3228 2605 3241 2629 ,
3287 2575 3334 2619 et
3378 2564 3530 2619 dixe-

2019 2672 2178 2716 runt:
2210 2660 2316 2715 Rea:
2342 2679 2372 2714 a
2409 2659 2519 2715 Deo
2554 2677 2605 2714 es
2637 2670 2691 2713 tu
2734 2661 2787 2714 in
2812 2659 2974 2723 nobis,
3004 2660 3056 2712 in
3090 2658 3258 2714 electis
3287 2658 3534 2728 sepulcris

2018 2759 2201 2812 nostris
2229 2750 2383 2826 sepeli
2411 2765 2664 2809 mortuum
2692 2764 2831 2808 tuum
2858 2752 3008 2824 (Gen.
3039 2752 3129 2806 25.
3164 2752 3217 2806 5.
3249 2750 3329 2821 6).

2019 2872 2072 2924 1.
2108 2869 2324 2924 Vidistis
2356 2869 2468 2923 heri
2489 2909 2505 2934 ,
2528 2867 2705 2923 dilecti
2731 2909 2746 2934 ,
2778 2864 3094 2937 patriarcha:
3124 2864 3487 2920 fortitudinem
3518 2881 3532 2918 :

1946 2960 2151 3015 vidistis
2191 2961 2423 3014 animam
2478 2957 2756 3013 adamante
2809 2957 3150 3021 solidiorem,
3215 2955 3527 3027 quomodo,

1944 3058 2197 3119 quantum
2226 3049 2277 3102 in
2311 3049 2427 3118 ipso
2441 3059 2574 3112 erat,
2605 3048 2675 3103 ob
2704 3062 2950 3117 magnam
2978 3048 3032 3100 in
3057 3047 3221 3101 Deum
3249 3046 3531 3100 caritatem

1943 3139 2193 3194 sacerdos
2225 3137 2316 3191 lilii
2345 3137 2514 3192 factus
2540 3145 2623 3192 est
2643 3178 2658 3202 ,
2696 3146 2750 3191 et
2779 3137 3053 3206 preposito
3079 3134 3294 3205 quidem
3335 3150 3532 3188 cruen-

1943 3231 2074 3284 tavit
2096 3229 2357 3293 dextram,
2381 3228 2809 3297 sacriﬁciumque
2838 3228 3062 3283 obtulit:
3088 3242 3181 3296 per
3208 3224 3531 3281 inell‘abilem

1940 3328 2116 3374 autem
2150 3319 2569 3374 misericordiam
2612 3319 2703 3373 Dei
2729 3318 2878 3372 salvo
2922 3328 2974 3372 et
3009 3332 3140 3372 sano
3172 3317 3279 3372 lilio
3316 3333 3414 3374 suo
3441 3333 3532 3372 re-

1940 3419 2096 3479 cepto
2134 3409 2326 3474 rediit,
2360 3418 2413 3463 et
2458 3419 2675 3478 propter
2716 3409 3041 3463 voluntatem
3079 3408 3399 3477 prtedicatus
3447 3419 3531 3464 est

1938 3516 2241 3570 coronaque
2286 3499 2482 3570 fulgida
2532 3500 2840 3564 redimitus,
2886 3492 2941 3554 et
2988 3498 3255 3558 sumntum
3299 3514 3527 3569 agonem

1938 3592 2192 3656 certavit,
2216 3608 2277 3645 ac
2314 3607 2410 3661 per
2438 3592 2617 3645 omnia
2654 3592 2900 3660 pietatem
2930 3592 3121 3645 mentis
3146 3606 3259 3646 sua:
3282 3590 3528 3644 declara-

1936 3687 2031 3739 vit.
2060 3685 2355 3755 Videatnus
2378 3694 2429 3739 et
2455 3684 2613 3740 hodie
2643 3694 2889 3753 quantam
2910 3684 3085 3754 justus
3107 3685 3195 3739 ille
3225 3684 3314 3737 lilii
3341 3698 3527 3738 curam

1937 3778 2197 3833 habuerit.
2238 3777 2369 3831 Nam
2394 3790 2673 3847 p05tquam
2695 3792 2725 3830 a
2751 3777 3016 3835 sacriﬁcio
3056 3777 3148 3831 illo
3179 3792 3317 3831 novo
3345 3785 3398 3832 et
3426 3777 3525 3831 ad-

1936 3869 2162 3923 mirabili
2192 3868 2381 3932 rediit,
2414 3869 2621 3937 excepit
2647 3884 2766 3923 eum
2818 3869 2991 3923 Sarra:
3031 3870 3203 3923 luctus
3233 3887 3244 3919 :
3278 3883 3398 3921 cum
3430 3883 3527 3920 au-

1934 3967 2039 4012 tem
2061 3959 2299 4027 petiisset
2321 3974 2347 4011 a
2370 3959 2488 4013 ﬁliis
2504 3959 2640 4013 Chet
2659 3973 2815 4029 posse
2846 3960 3049 4013 sionem
3070 3958 3322 4028 sepulcri,
3341 3967 3523 4025 empto

1933 4052 2050 4108 loco
2072 4052 2363 4119 ,‘deposuit
2410 4062 2696 4117 niortuam,
2727 4061 2781 4105 et
2822 4052 2923 4105 hoc
2961 4053 3276 4120 principium
3311 4066 3525 4120 posses-

1930 4142 2095 4195 sionis
2165 4140 2325 4194 habet
2383 4140 2678 4209 patriarcha
2741 4143 2927 4195 mortis
2980 4142 3154 4196 Sarra:
3210 4143 3516 4197 occasione.

1927 4231 2228 4285 Monstrans
2253 4232 2393 4285 enim
2423 4232 2573 4286 nobis
2592 4232 2860 4299 Scriptura
2890 4232 3065 4285 divina
3089 4232 3217 4301 justi
3242 4233 3518 4299 virtutem,

1927 4336 2154 4390 cumque
2184 4323 2319 4374 sicut
2363 4323 2703 4391 peregrinum
2746 4332 2799 4376 et
2830 4322 3088 4376 advenam
3123 4332 3233 4376 toto
3279 4333 3520 4391 tempore

1926 4413 2121 4479 fuisse,
2148 4415 2247 4469 hoc
2275 4432 2488 4485 quoque
2516 4414 2830 4485 signiﬁcavit
2853 4456 2869 4483 ,
2904 4426 2961 4469 ut
2982 4416 3250 4471 discamus
3276 4434 3398 4473 eum
3426 4423 3517 4487 qui

1929 4514 2073 4558 tanto
2100 4521 2334 4573 superno
2382 4506 2631 4574 praesidio
2660 4506 2955 4572 fruebatur,
2977 4517 3034 4563 et
3062 4509 3138 4561 sic
3187 4508 3407 4565 illustris
3435 4508 3518 4563 fa-

1924 4605 2040 4649 ctus
2074 4607 2233 4664 atque
2277 4597 2329 4649 in
2383 4606 2581 4650 tantam
2634 4596 3027 4652 multitudinem
3084 4597 3311 4651 dill'usus
3358 4607 3515 4664 erat,

1925 4689 2196 4755 proprium
2221 4689 2521 4757 sepulcrum
2551 4702 2655 4742 non
2676 4688 2977 4757 possedisse
2996 4728 3012 4754 ,
3036 4689 3172 4743 sicut
3198 4704 3338 4744 nunc
3361 4690 3517 4747 multi

1924 4779 2157 4845 faciunt,
2185 4795 2341 4847 agros
2367 4790 2420 4833 et
2448 4780 2633 4843 villas,
2678 4778 3043 4849 inﬁnitamque
3071 4779 3230 4833 aliam
3260 4780 3515 4835 substan-

1925 4871 2051 4924 tiam
2097 4872 2372 4940 possidere
2398 4872 2693 4926 studentes.
2722 4872 2896 4927 Multis
2935 4873 3076 4929 enim
3119 4875 3281 4930 animi
3313 4874 3515 4931 divitiis

1922 4960 2214 5025 fruebatur,
2247 4972 2300 5017 et
2337 4962 2405 5017 de
2454 4963 2573 5017 aliis
2600 4978 2704 5018 non
2751 4972 2868 5019 erat
2895 4965 3104 5022 anxius.
3159 4966 3395 5023 Audiattt
3422 4970 3513 5036 qui

1922 5064 2143 5131 repente
2191 5065 2244 5107 et
2273 5054 2324 5107 in
2356 5070 2461 5108 uno
2495 5055 2752 5124 temporis
2782 5066 3053 5113 momento
3082 5057 3319 5116 omnium
3371 5059 3511 5114 bona

1921 5146 2245 5207 corradunt,
2288 5152 2343 5197 et
2392 5144 2618 5214 ubique,
2661 5154 2719 5199 ut
2770 5147 2842 5203 ita
2889 5146 3096 5213 dicant,
3131 5150 3370 5204 avaritia:
3400 5164 3511 5207 sum

1920 5237 2408 5305 concupiscentiam
2469 5237 2801 5303 extendunt,
2857 5238 3236 5308 imitenturque
3284 5242 3511 5309 patriar-

1920 5328 2075 5384 cham
2103 5368 2120 5393 ,
2152 5330 2335 5397 quiue
2359 5329 2571 5397 quidem
2623 5329 2806 5385 habttit
2851 5331 3024 5386 locum
3081 5332 3132 5387 itt
3179 5348 3285 5403 quo
3333 5334 3507 5391 Sarrm

1921 5418 2207 5473 collocaret
2234 5419 2516 5489 reliquias,
2550 5421 2643 5475 sed
2693 5430 2827 5487 tunc,
2862 5424 3131 5492 primum,
3183 5425 3398 5495 quando
3444 5427 3507 5483 ah

1923 5509 2034 5580 ipsa
2057 5514 2376 5566 necessitate
2402 5515 2708 5581 compulsus
2735 5524 2847 5578 est,
2890 5518 3019 5570 emit
3058 5533 3244 5586 agrum
3274 5528 3330 5573 et
3380 5533 3496 5588 spe-

1922 5604 2131 5658 luncam
2158 5618 2186 5656 a
2214 5603 2334 5664 ﬁliis
2360 5604 2515 5659 Chet.
2542 5604 2672 5659 Nam
2701 5607 2843 5675 quod
2872 5609 3178 5678 spectabilis
3198 5619 3345 5667 esset
3364 5612 3507 5681 apud

1920 5691 2277 5759 Chananmos,
2334 5694 2456 5749 audi
2504 5695 2639 5749 ﬁlios
2683 5696 2820 5752 Chet
2869 5699 2935 5752 ad
2988 5715 3112 5757 eum
3141 5702 3415 5767 dicentes,
3447 5704 3503 5758 6.

1924 5784 2033 5838 Rea:
2060 5802 2090 5841 a
2121 5783 2225 5841 Deo
2252 5801 2305 5838 es
2331 5795 2383 5839 tu
2412 5787 2461 5842 in
2516 5786 2655 5841 nobis
2672 5829 2687 5856 ,
2720 5789 2769 5843 in
2798 5790 2965 5845 electis
3020 5796 3270 5862 sepulcris
3304 5802 3503 5855 nostris
