4178 6328
634 394 738 450 835

634 509 789 580 sepeli
816 516 1067 563 mortuum
1093 513 1269 559 tuum:
1295 503 1465 557 nullus
1501 502 1631 556 enim
1661 509 1884 557 nostrum
1927 499 2201 569 prohibebit

635 601 919 669 sepulcrum
967 612 1112 650 suum
1153 611 1185 648 a
1216 603 1262 647 te
1287 593 1439 660 (Cap.
1470 592 1585 661 εδ).
1615 590 1875 647 Cmterum
1904 589 2022 644 vide
2070 602 2203 657 quo-
2253 624 2257 628 ~

635 691 982 759 modojustus
1006 687 1255 756 operibus
1275 685 1384 740 suis
1403 684 1590 739 doceat
1613 684 1731 737 illos
1757 697 1934 736 veram
1968 679 2202 750 philoso-

637 783 844 852 phiam,
887 788 940 832 et
995 792 1100 831 non
1146 776 1291 846 prius
1336 775 1465 830 velit
1484 775 1724 843 accipere
1766 781 2203 835 monumentum,

636 887 790 941 quam
835 870 1036 940 justum
1065 869 1364 924 dinumeret
1416 867 1657 936 pretium.
1713 864 1842 918 Nam
1899 864 2022 918 licet
2073 877 2202 928 vos,

635 961 835 1030 inquit,
887 960 955 1013 ita
985 959 1226 1015 benevoli
1267 973 1389 1026 erga
1427 971 1512 1011 me
1551 955 1667 1010 sitis
1697 972 1710 1008 :
1741 965 1790 1007 at
1817 968 1917 1024 ego
1966 968 2069 1008 non
2115 967 2206 1023 pa-

637 1053 760 1118 tiar,
790 1052 890 1106 nisi
937 1052 1081 1121 prius
1102 1050 1337 1104 debitum
1364 1048 1592 1118 pretium
1619 1045 1959 1116 dependerim
1979 1044 2046 1113 (at.
2078 1045 2202 1114 f3):

635 1151 691 1195 et
719 1142 796 1195 sic
817 1141 1073 1209 accipiam
1093 1138 1411 1208 sepulcrum.
1447 1138 1511 1191 Et
1530 1145 1807 1191 numerata
1825 1176 1846 1198 ,
1877 1135 2080 1202 inquit,
2110 1149 2206 1203 pe-

636 1231 787 1285 cunia
809 1229 1003 1298 accepit
1033 1237 1464 1282 monumentum:
1518 1228 1601 1286 l9.
1672 1223 2207 1296 EtsepelivitSarmm

550 1318 553 1320 ’
638 1337 841 1373 uxorem
864 1336 1006 1373 suam
1033 1321 1084 1373 in
1106 1319 1343 1387 spelunca
1371 1319 1482 1388 agri
1501 1317 1713 1386 duplici,
1739 1333 1850 1386 qua:
1873 1327 1946 1370 est
1970 1335 1994 1368 ι
2009 1317 2210 1385 regione

638 1409 886 1464 Mambre.
919 1410 984 1464 Et
1029 1412 1117 1479 qui
1145 1419 1249 1464 tam
1280 1409 1456 1463 clarus
1483 1416 1535 1462 et
1580 1407 1884 1477 spectabilis
1928 1416 2069 1468 erat,
2117 1405 2205 1474 qui

639 1508 833 1552 tantam
862 1497 999 1568 apud
1029 1500 1189 1553 Deum
1220 1498 1418 1552 habens
1446 1496 1688 1551 fiduciam
1712 1537 1725 1562 ,
1755 1505 1808 1549 et
1844 1495 1980 1563 apud
2025 1509 2209 1549 milites

639 1589 749 1645 fere
775 1590 862 1660 qui
913 1590 981 1644 ibi
1025 1589 1249 1660 agebant
1301 1590 1353 1642 in
1384 1597 1530 1642 tanto
1559 1587 1758 1641 honore
1797 1596 1941 1652 erat,
1975 1597 2028 1640 ut
2075 1595 2130 1640 et
2178 1601 2206 1638 a

642 1682 764 1737 filiis
792 1681 924 1736 Chet
977 1697 1069 1735 rex
1101 1683 1484 1746 nominaretur,
1536 1694 1706 1748 neque
1746 1679 2021 1748 vestigium
2063 1678 2210 1746 pedis

640 1775 957 1842 possidebat.
990 1774 1270 1840 Pmpterea
1296 1781 1348 1825 et
1387 1772 1569 1824 beatus
1602 1771 1798 1824 Paulus
1819 1771 2066 1824 virtutem
2083 1769 2210 1838 justi

640 1863 932 1932 praedicans
960 1870 1014 1917 et
1040 1861 1276 1916 scribens
1303 1860 1510 1916 dicebat
1542 1879 1556 1914 :
1589 1859 1689 1914 Per
1725 1861 1875 1929 ﬁdem
1919 1861 2211 1930 peregrinus

642 1955 737 2022 fuit
763 1956 1014 2008 Abraham
1053 1955 1106 2006 in
1148 1963 1279 2006 terra
1311 1953 1652 2022 promissionis
1679 1952 1826 2006 ueluti
1863 1953 2028 2006 aliena
2050 1993 2064 2015 ,
2099 1967 2212 2004 cunt

642 2045 693 2098 in
733 2045 1062 2098 tabernaculis
1092 2045 1357 2098 habitasset
1379 2060 1491 2097 cum
1521 2043 1669 2098 Isaac
1699 2054 1744 2096 et
1769 2042 1925 2096 Jaeob
1954 2039 2214 2095 coheredi-

643 2137 733 2191 bus
757 2137 974 2207 ejusdem
994 2137 1337 2207 promissionis
1364 2136 1544 2207 (Hebr.
1574 2137 1656 2191 ll.
1682 2138 1757 2205 9).
1788 2135 1985 2189 Deinde
2013 2135 2214 2189 docens

644 2242 740 2282 nos
764 2269 780 2294 ,
807 2227 1069 2297 quomodo
1091 2227 1191 2282 fide
1222 2227 1531 2298 peregrinus
1576 2225 1768 2292 fuerit,
1804 2225 2072 2280 subdidit:
2108 2224 2215 2278 Ea:-

641 2320 894 2388 spectabat
914 2321 1042 2374 enim
1089 2321 1348 2375 habentem
1384 2320 1711 2390 fundamenta
1749 2319 1994 2372 ciuitatem
2017 2358 2032 2381 ,
2069 2318 2218 2386 cujus

648 2409 819 2479 opifex
841 2418 886 2462 et
911 2410 1138 2462 conditor
1176 2420 1246 2463 est
1279 2410 1412 2462 Deus
1442 2408 1602 2480 (Ibid.
1629 2425 1675 2462 υ.
1711 2409 1821 2478 10).
1846 2409 1950 2477 Spe
1970 2449 1984 2474 ,
2011 2409 2214 2478 inquit,

647 2500 942 2554 futurorum
985 2500 1308 2568 despiciebat
1359 2500 1675 2568 prtesentia;
1723 2509 1777 2553 et
1822 2499 2219 2566 exspectatione

646 2587 905 2657 majorum
929 2589 1210 2655 bonorum,
1232 2590 1404 2644 minus
1427 2590 1720 2670 curabatea
1747 2605 1866 2660 qua:
1888 2589 1939 2643 in
1971 2591 2219 2659 praesenti

645 2683 752 2738 vita
795 2693 960 2738 sunt:
995 2694 1150 2753 atque
1191 2684 1304 2738 hac
1333 2691 1454 2738 ante
1498 2685 1697 2754 legem,
1726 2692 1779 2739 et
1807 2693 1932 2738 ante
1973 2683 2217 2752 gratiam.

649 2777 867 2844 Qualem
890 2777 1043 2846 igitur
1073 2776 1382 2831 habebimus
1413 2792 1510 2831 nos
1533 2776 1946 2841 excusationem,
1977 2775 2218 2840 dic,oro,

651 2869 740 2936 qui
773 2878 887 2938 post
915 2878 992 2922 tot
1021 2868 1455 2935 pollicitationes,
1486 2877 1537 2923 et
1570 2867 1948 2938 promissioncs
1980 2867 2220 2922 ineffabi-

651 2958 779 3013 lium
823 2959 1076 3014 bonorum
1103 3001 1117 3025 ,
1164 2959 1426 3014 inhiamus
1475 2959 1856 3029 prtesentibus,
1904 2969 1956 3014 et
1995 2960 2221 3014 emimus

651 3065 840 3119 agros,
885 3059 939 3104 et
969 3050 1161 3119 ubique
1182 3050 1308 3104 clari
1333 3066 1452 3106 esse
1481 3051 1756 3106 studemus
1776 3092 1792 3118 ,
1821 3052 2223 3122 colligimusque

653 3142 767 3196 haec
805 3143 981 3197 omnia
1025 3158 1120 3212 per
1163 3144 1433 3198 avaritiam
1491 3154 1545 3199 et
1586 3145 1866 3214 rapinam?
1919 3157 1973 3200 et
2005 3146 2056 3200 id
2083 3147 2225 3213 quod

653 3231 838 3286 beatus
886 3233 1142 3302 propheta
1189 3249 1310 3289 cum
1354 3235 1584 3289 lamento
1635 3235 1884 3291 dicebat:
1928 3236 2016 3291 Va:
2051 3238 2114 3291 iis
2141 3238 2227 3307 qui

651 3324 959 3395 conjungqu
980 3323 1182 3377 domum
1208 3325 1409 3390 domui,
1438 3336 1483 3378 et
1522 3343 1698 3396 agrum
1726 3342 1846 3396 agro
1868 3330 2134 3397 copulant,
2174 3337 2228 3380 ut

655 3413 778 3482 quid
806 3431 837 3466 a
861 3414 1093 3481 proximo
1123 3416 1354 3484 auferant
1380 3413 1531 3484 (Isai.
1562 3416 1615 3470 5.
1654 3417 1707 3473 8)
1740 3433 1752 3469 :
1784 3416 1886 3471 hoc
1922 3432 2017 3471 nos
2054 3418 2244 3485 operi--

654 3502 753 3556 bus
779 3502 1095 3570 implemus?
1123 3505 1313 3558 Annon
1344 3505 1578 3575 quotidie
1596 3505 1835 3560 videmus
1861 3507 2015 3576 diripi
2043 3507 2224 3562 vidua.

656 3609 772 3648 rum
804 3594 938 3649 bona
961 3637 974 3659 ,
1017 3592 1230 3664 spoliari
1258 3597 1524 3665 orphanos
1544 3640 1557 3663 ,
1594 3598 1828 3652 infirmos
1856 3613 1882 3649 a
1920 3598 2226 3654 fortioribus

656 3685 924 3754 opprimi?
953 3685 1148 3740 Verum
1194 3686 1364 3756 iustus
1385 3687 1473 3742 ille
1519 3703 1852 3758 nequaquam
1882 3689 1993 3753 sic,
2040 3690 2134 3743 sed
2175 3701 2228 3745 et

658 3776 956 3844 sepulcrum
1001 3792 1182 3832 emere
1206 3793 1323 3832 cum
1377 3779 1567 3844 voluit,
1600 3781 1847 3851 quoniam
1889 3780 2019 3835 vidit
2063 3796 2156 3836 eos
2197 3798 2226 3835 a

658 3867 848 3934 quibus
879 3869 1026 3937 petiit
1046 3867 1174 3922 dare
1201 3869 1474 3937 volentes,
1508 3885 1612 3924 non
1642 3872 1786 3941 prius
1807 3874 2040 3941 accepit,
2070 3888 2227 3943 quam

657 3956 855 4026 justum
889 3958 1229 4027 dependisset
1257 3962 1504 4030 pretium.
1535 3961 1657 4021 "me
1698 3963 1874 4032 itaque
1901 3973 2078 4019 mente
2105 3981 2228 4020 ver—

661 4057 842 4103 santes
865 4089 878 4112 ,
903 4049 1076 4104 dilecti
1100 4093 1114 4117 ,
1140 4066 1237 4106 nos
1263 4053 1351 4121 qui
1383 4051 1481 4106 sub
1500 4053 1665 4123 gratia
1684 4095 1698 4118 ,
1740 4068 1860 4108 eum
1884 4055 1970 4124 qui
2003 4064 2126 4109 ante
2156 4057 2234 4110 lc-

663 4154 781 4208 gem
833 4140 1140 4196 imizcmur:
1196 4151 1250 4196 et
1299 4159 1364 4198 ne
1392 4144 1558 4197 multa
1602 4144 1903 4212 possidendi
1948 4146 2234 4215 cupiditate

663 4230 872 4284 accensi
895 4270 909 4295 ,
942 4230 1198 4297 majorem
1227 4241 1275 4284 et
1304 4233 1598 4299 graviorem
1649 4234 2039 4289 accumulemus
2059 4237 2233 4304 ignem

670 4316 1182 4387 inexstinguihilem,
1223 4331 1275 4375 et
1304 4320 1568 4375 flammam
1602 4323 2005 4378 intolerabilem.
2036 4325 2232 4381 Audie-

668 4423 784 4462 mus
809 4409 978 4474 enim,
1009 4409 1051 4463 si
1084 4409 1133 4462 in
1162 4409 1462 4478 hujusmodi
1491 4412 1673 4481 rapina
1705 4420 1759 4467 et
1777 4413 1992 4466 avaritia
2024 4429 2234 4470 manse-

671 4497 860 4564 rimus,
892 4514 952 4551 ca
979 4514 1096 4568 quae
1117 4499 1254 4554 dicta
1277 4509 1399 4554 sunt
1423 4501 1572 4555 diviti
1601 4501 1709 4556 illi:
1741 4500 1940 4570 Stulte,
1967 4505 2066 4558 ista
2091 4515 2237 4560 nocte

666 4587 753 4641 abs
780 4600 826 4642 te
856 4591 1074 4641 animum
1105 4601 1239 4643 tuam
1277 4602 1496 4659 repetent
1525 4607 1544 4645 :
1567 4608 1680 4658 qua
1715 4603 1877 4647 autem
1901 4597 2234 4666 praeparasti,

669 4682 815 4751 cujus
841 4691 984 4735 erunt
1027 4681 1174 4751 (Luc.
1206 4684 1290 4737 te.
1319 4683 1452 4754 20)?
1496 4683 1672 4750 Quare
1695 4724 1712 4751 ,
1755 4685 1840 4740 die
1866 4685 1994 4741 mihi
2015 4729 2031 4753 ,
2063 4697 2239 4743 tanto-

673 4787 797 4838 pere
834 4770 995 4826 sudes
1019 4812 1034 4835 ,
1068 4781 1126 4825 ut
1150 4774 1369 4843 colligas
1397 4788 1457 4828 ea
1484 4789 1603 4844 quae
1630 4788 1738 4845 non
1776 4776 1941 4830 multo
1967 4787 2085 4846 post
2114 4777 2240 4832 hinc

672 4859 1008 4930 abripiendus
1033 4903 1048 4927 ,
1079 4863 1162 4917 hic
1211 4863 1479 4932 relinques
1501 4905 1515 4928 ,
1547 4878 1610 4919 ex
1638 4866 1718 4920 eis
1755 4879 1861 4920 non
1909 4867 2077 4924 solum
2106 4867 2238 4927 nihil

675 4955 918 5010 utilitatis
942 4955 1217 5025 percipere
1261 4955 1476 5022 valens,
1519 4955 1612 5013 sed
1639 4965 1691 5011 et
1717 4972 1851 5013 onus
1900 4969 2236 5028 peccatorum

674 5044 727 5098 in
776 5041 1014 5101 humeris
1055 5046 1285 5117 propriis
1338 5044 1558 5112 ferens,
1604 5057 1660 5103 et
1705 5048 1872 5102 inutili
1932 5051 2238 5116 pmnitentia

677 5132 906 5191 ductust
926 5134 1055 5192 Nam
1075 5152 1138 5192 ea
1162 5152 1281 5206 qua:
1310 5152 1338 5190 a
1363 5147 1414 5193 te
1437 5148 1532 5208 per
1551 5139 1826 5195 avaritiam
1850 5140 2072 5200 collecta
2093 5152 2236 5210 sunt,

676 5226 729 5280 in
759 5226 986 5283 hostium
1008 5241 1151 5299 sape
1178 5227 1462 5284 devenient
1500 5244 1722 5298 manus,
1753 5241 1806 5286 tu
1833 5241 2009 5288 autem
2052 5247 2151 5303 pro
2175 5235 2240 5290 iis

676 5318 934 5374 rationem
959 5325 1013 5376 et
1037 5333 1246 5389 ptenam
1269 5319 1439 5376 dabis.
1477 5314 1697 5388 Quantae
1726 5321 1884 5392 igitur
1910 5332 1990 5378 est
2020 5323 2239 5382 demen-

673 5409 766 5464 tia
785 5408 906 5465 aliis
934 5409 1176 5466 laborare
1195 5451 1210 5478 ,
1235 5419 1292 5466 et
1317 5419 1369 5465 te
1402 5421 1678 5480 propterea
1711 5426 1923 5481 pmuam
1967 5413 2129 5469 dare?

747 5498 804 5553 2.
832 5496 963 5556 ειω
983 5507 1183 5567 autem,
1215 5500 1468 5556 hactenus
1494 5501 1563 5556 ita
1589 5503 1914 5573 negligenter
1933 5517 2030 5558 nos
2055 5518 2237 5573 gesse-

670 5590 838 5647 rimus
855 5633 872 5658 ,
901 5607 1040 5648 nunc
1059 5593 1249 5650 saltem
1267 5592 1391 5664 quid
1413 5607 1550 5663 opus
1576 5592 1714 5649 facto
1739 5593 1809 5649 sit
1836 5594 2241 5663 consultemus;

671 5693 724 5738 st
750 5699 855 5742 non
878 5693 1080 5740 tantum
1104 5699 1320 5758 Operam
1347 5696 1535 5742 demus
1551 5729 1566 5754 ,
1593 5696 1650 5742 ut
1676 5686 1830 5744 nobis
1850 5701 1980 5758 opes
2001 5687 2241 5757 affluant,

670 5772 767 5830 sed
796 5784 851 5830 ut
887 5784 941 5832 et
963 5775 1183 5847 justitite
1209 5791 1454 5848 magnam
1485 5777 1741 5835 rationem
1781 5789 1834 5835 et
1873 5793 2054 5834 curant
2095 5794 2245 5850 gera-

1355 388 1412 444 S.
1451 385 1723 444 JOANNIS
1758 378 2224 441 εηηγεοετοκι
2265 377 2575 438 ΑΒΟΠΙΕΡ.
2618 376 3146 436 ΟΟΝΞΤᾹΝΤΙΝΟΡ.

3784 383 3889 440 ιδδ

2317 511 2450 553 mus.
2491 499 2672 569 Neque
2712 499 2853 554 enim
2893 514 2981 555 res
3021 507 3216 555 nostra:
3266 500 3423 570 hujus
3466 503 3586 558 vita:
3631 503 3891 557 limitibus

2315 591 2725 661 circuntscriptte
2765 599 2889 646 sunt
2912 631 2927 656 ,
2961 606 3134 663 neque
3156 607 3366 662 semper
3399 593 3452 646 in
3481 593 3650 648 aliena
3673 595 3892 664 regione

2315 683 2551 740 erimus:
2585 683 2676 736 sed
2724 697 2829 736 non
2882 685 3052 737 multo
3092 691 3207 752 post
3242 684 3291 736 in
3324 684 3593 752 propriam
3632 681 3897 739 remeabi-

2315 788 2433 830 mus
2463 775 2705 841 patriam.
2737 772 2925 828 Omnia
2962 774 3121 843 igitur
3157 773 3442 837 faciamus,
3491 789 3556 826 ne
3601 773 3706 828 illic
3734 772 3891 844 egeni

2314 866 2476 920 simus
2501 865 2684 920 futuri.
2715 865 2844 921 Nam
2867 881 2983 935 qua:
3002 866 3223 931 utilitas,
3252 868 3302 919 in
3325 866 3491 919 aliena
3511 866 3726 933 regione
3754 865 3896 920 mul-

2317 967 2395 1012 tas
2424 957 2635 1011 divitias
2663 957 2981 1027 relinquere,
3016 958 3068 1009 in
3099 959 3310 1024 propria
3337 965 3537 1020 autem,
3565 963 3619 1010 et
3641 955 3693 1009 in
3722 955 3893 1024 patria

2309 1049 2628 1104 necessariis
2648 1064 2829 1104 carere
2850 1049 2873 1102 ?
2895 1045 3074 1119 Itaque
3095 1062 3211 1113 oro,
3237 1047 3550 1103 festinemus
3573 1047 3705 1102 dum
3720 1046 3897 1101 adhuc

2313 1147 2519 1208 tempus
2555 1150 2656 1203 est,
2705 1147 2761 1193 ut
2804 1139 2929 1194 illuc
2965 1137 3346 1193 transferamus
3382 1139 3542 1191 etiam
3571 1151 3688 1208 qua:
3717 1136 3770 1190 in
3797 1135 3900 1189 hac

2313 1230 2482 1284 aliena
2512 1229 2786 1284 habemus.
2833 1229 3121 1284 Enimvero
3142 1228 3265 1283 licet
3289 1228 3518 1282 multum
3562 1229 3702 1282 inter
3724 1241 3785 1282 se
3813 1225 3896 1281 di-

2313 1330 2476 1387 stent,
2519 1322 2689 1376 facilis
2721 1331 2896 1377 lamen
2924 1332 3007 1376 est
3034 1322 3373 1377 transvectio.
3415 1321 3517 1390 Qui
3552 1321 3693 1376 enim
3715 1329 3902 1376 nostra

2315 1427 2379 1468 eo
2410 1411 2730 1466 transferant
2750 1453 2763 1474 ,
2799 1412 2967 1480 parati
2995 1421 3148 1476 sunt,
3191 1420 3244 1464 et
3270 1425 3456 1465 secure
3483 1406 3606 1464 illuc
3635 1419 3860 1480 pergunt
3881 1446 3903 1473 ,

2309 1513 2470 1572 atque
2511 1503 2562 1554 in
2598 1505 2846 1556 thesauro
2873 1499 3269 1569 indeprtcdabili
3299 1515 3359 1554 ea
3391 1509 3697 1568 reponunt,
3747 1512 3901 1569 qua:-

2316 1608 2539 1662 cumquc
2572 1607 2664 1661 per
2691 1592 2901 1646 illorum
2947 1604 3138 1644 manus
3181 1589 3505 1659 Prmmittere
3551 1588 3900 1658 potuerimus

2319 1685 2614 1754 Pauperum
2656 1684 2799 1737 enim
2847 1698 3036 1736 manus
3061 1682 3111 1734 in
3151 1681 3382 1735 emlestia
3413 1679 3774 1749 promptuaria
3800 1679 3904 1734 sibi

2319 1775 2506 1828 enllata
2546 1774 2684 1827 dona
2728 1781 2904 1826 nostra
2946 1780 3226 1840 reponunt.
3254 1770 3517 1837 Quoniam
3558 1771 3718 1839 igitur
3756 1779 3906 1824 tanta

2320 1875 2373 1920 et
2409 1865 2630 1918 facilitas
2667 1874 2721 1918 et
2743 1864 3000 1918 securitas
3037 1872 3141 1926 est,
3172 1875 3337 1931 quare
3377 1875 3647 1916 moramur
3668 1903 3684 1927 ,
3716 1869 3772 1915 et
3797 1876 3904 1916 non

2321 1958 2460 2011 omni
2492 1957 2665 2011 studio
2691 1957 2793 2012 hoc
2823 1955 3073 2020 facimus,
3106 1965 3162 2010 ut
3193 1955 3261 2009 ibi
3291 1970 3352 2010 ea
3397 1955 3767 2021 inveniamus,
3809 1954 3902 2009 ubi

2312 2053 2397 2104 eis
2424 2050 2649 2103 maxime
2675 2065 2811 2118 opus
2835 2048 2974 2102 erit?
2995 2047 3278 2117 Propterea
3308 2047 3602 2117 patriarcha
3627 2048 3724 2103 ille
3745 2047 3902 2118 quasi

2320 2142 2545 2196 alienam
2573 2140 2828 2194 inhabitat
2853 2139 3226 2202 Chananmam,
3256 2140 3377 2208 quia
3400 2139 3539 2192 illam
3565 2139 3906 2208 Exspectabat

2321 2233 2594 2295 civitatem,
2627 2231 2774 2299 cujus
2800 2231 2972 2300 Opifea:
2996 2239 3041 2284 et
3065 2228 3295 2282 conditor
3321 2238 3392 2282 est
3419 2227 3556 2282 Deus
3585 2227 3784 2301 (Hebr.
3811 2229 3871 2283 Η
3888 2268 3899 2282 .

2324 2322 2445 2391 10).
2473 2321 2526 2376 Si
2557 2322 2714 2393 igitur
2745 2319 3064 2375 voluerimus
3088 2318 3290 2388 justum
3317 2318 3457 2374 hunc
3477 2319 3697 2386 imitari,
3726 2327 3782 2374 et
3808 2333 3908 2375 nos

2323 2413 2380 2467 in
2404 2412 2544 2466 illam
2571 2424 2948 2477 occurremus,
2988 2417 3042 2464 et
3083 2409 3134 2463 in
3178 2410 3354 2464 sinum
3379 2409 3696 2480 patriarcha:
3723 2409 3909 2464 venio-

2326 2504 2462 2559 mus.
2493 2503 2724 2574 Operum
2755 2503 2894 2558 enim
2925 2501 3230 2557 communio
3267 2501 3425 2556 etiam
3469 2500 3734 2556 frnitionis
3761 2515 3912 2555 corn-
3979 2515 3984 2520 ‘

2327 2597 2630 2652 munionem
2663 2603 2897 2664 prmstat.
2947 2591 3145 2647 Verum
3189 2592 3234 2647 si
3263 2592 3467 2662 placet,
3513 2592 3794 2647 redeamus
3843 2605 3915 2654 at.

2327 2686 2590 2743 sermonis
2621 2685 2812 2740 seriem
2839 2724 2854 2749 ,
2901 2694 2953 2740 et
2996 2684 3268 2739 videamus
3297 2691 3418 2753 post
3463 2683 3638 2738 Sarra:
3680 2691 3912 2739 mortem

2329 2787 2576 2849 quantam
2615 2776 2787 2845 justus
2808 2791 2992 2830 curam
3016 2774 3123 2844 agit
3151 2774 3244 2828 filii
3269 2814 3283 2840 ,
3331 2774 3496 2829 isaaci
3538 2775 3678 2829 dico.
3713 2773 3918 2830 Audie-

2329 2886 2446 2925 tnus
2464 2871 2619 2939 igitur
2637 2869 2868 2922 divinam
2897 2867 3225 2936 Scripturam
3247 2866 3401 2921 nobis
3422 2876 3749 2920 narrantem.
3773 2865 3831 2920 f.’
3850 2864 3913 2918 ις’

2329 2963 2582 3015 Abraham
2607 2969 2712 3013 erat
2738 2975 2888 3014 senex
2907 3001 2920 3022 ,
2948 2967 3208 3029 provectus
3230 2958 3426 3012 diebus.
3458 2955 3524 3010 Et
3549 2956 3802 3012 Dominus
3831 2959 3925 3012 bc-

2332 3055 2520 3110 ncdiait
2544 3052 2799 3108 Abraham
2823 3068 2910 3122 per
2929 3051 3100 3106 omnia
3126 3049 3287 3119 (Cap.
3317 3048 3388 3103 24
3408 3050 3446 3116 ).
3470 3047 3648 3116 Quare
3673 3048 3788 3104 haec
3813 3062 3920 3104 no-

2334 3147 2416 3202 bis
2443 3139 2730 3216 assignavit
2767 3142 3080 3213 Scriptura?
3126 3141 3260 3209 Quia
3289 3140 3590 3211 patriarcha
3634 3143 3926 3211 diligenter

2334 3247 2616 3293 curaturus
2655 3245 2770 3291 erat
2807 3244 2862 3290 ut
2893 3248 3085 3304 sponsa
3134 3233 3322 3288 lsaaco
3357 3231 3749 3294 adduceretur,
3794 3229 3924 3282 ideo

2335 3327 2486 3381 nobis
2509 3326 2626 3395 ejus
2651 3333 2861 3380 :etatem
2904 3323 3207 3392 assignavit.
3247 3320 3470 3388 Quando
3498 3319 3640 3375 enim
3661 3361 3676 3386 ,
3705 3317 3879 3388 inquit
3902 3361 3917 3383 ,

2335 3419 2399 3472 ad
2427 3428 2720 3474 extremam
2749 3423 3077 3470 senectutem
3107 3412 3374 3482 pervenit,
3404 3411 3591 3466 volens
3616 3408 3863 3464 lsaacum
3889 3423 3921 3462 a

2335 3510 2754 3565 Chananteorum
2785 3503 3099 3576 cognatione
3137 3511 3381 3558 avertere
3405 3542 3420 3567 ,
3453 3509 3605 3555 utne
3631 3498 3752 3554 inde
3781 3513 3922 3553 uxo-

2337 3617 2450 3657 rem
2481 3600 2736 3661 duceret,
2782 3604 3007 3660 vocato,
3054 3593 3264 3664 inquit,
3305 3591 3501 3647 famulo
3529 3591 3880 3662 prudentiore
3904 3631 3921 3656 ,

2339 3688 2675 3746 commendat
2699 3688 2746 3743 ei
2777 3687 3045 3757 negotium
3091 3683 3193 3740 hoc
3217 3726 3232 3751 ,
3271 3691 3326 3739 et
3350 3682 3479 3737 dicit
3509 3701 3522 3738 :
3549 3681 3604 3735 2.
3639 3680 3782 3735 Pone
3809 3697 3926 3734 ma-

2341 3799 2460 3836 num
2498 3791 2633 3835 tuam
2669 3779 2836 3833 subter
2855 3781 3020 3849 femur
3045 3791 3228 3829 meum.
3274 3773 3474 3846 Lingua
3517 3773 3700 3829 Grarca
3725 3771 3927 3840 habet,

2339 3875 2504 3928 subter
2529 3877 2692 3946 femur
2712 3887 2875 3926 meum
2904 3872 2969 3942 (α
2995 3872 3053 3942 ):
3085 3869 3338 3924 ilebraiea
3363 3881 3491 3922 vero
3510 3907 3524 3931 ,
3557 3865 3746 3921 Subter
3785 3865 3924 3919 lunt-

2341 3968 2476 4019 bum.
2510 3965 2578 4020 Et
2602 3979 2764 4034 quare
2793 3964 2871 4019 sic
2895 3960 3193 4018 dicitiblos
3219 3959 3304 4015 ille
3330 3949 3571 4014 veterum
3595 3965 3730 4012 erat.
3753 3955 3930 4011 Aliter

2342 4067 2517 4111 autem
2547 4055 2780 4120 dixeris,
2825 4054 2952 4123 quia
2989 4052 3113 4106 hinc
3157 4048 3470 4119 principium
3511 4046 3730 4116 originis
3775 4044 3928 4101 Isaac

2343 4147 2586 4202 duxerat.
2618 4145 2687 4201 Et
2711 4153 2770 4199 ut
2791 4144 2964 4199 discas
2993 4142 3093 4196 hoc
3123 4149 3249 4197 tunc
3280 4139 3332 4194 in
3356 4154 3506 4194 more
3532 4137 3716 4204 fuisse,
3744 4137 3926 4194 anim-

2343 4239 2559 4295 adverte
2601 4238 2744 4292 illum
2777 4237 3040 4306 imperare
3087 4241 3145 4287 ut
3181 4246 3395 4286 manum
3433 4231 3523 4285 ille
3561 4243 3628 4286 eo
3673 4229 3796 4284 loco
3829 4242 3932 4298 po-

2342 4340 2455 4396 nat,
2486 4340 2540 4385 et
2571 4329 2748 4383 statim
2776 4327 3065 4397 adjuugere
3093 4341 3106 4378 :
3133 4324 3188 4378 5.
3228 4321 3296 4376 Et
3321 4322 3570 4393 adjurabo
3589 4362 3604 4385 ,
3643 4319 3852 4390 inquit,
3883 4329 3932 4373 ts

2344 4440 2434 4493 per
2456 4421 2728 4478 Dominum
2747 4418 2912 4474 Deum
2938 4417 3049 4471 caeli
3068 4424 3112 4471 et
3135 4415 3296 4468 Deum
3322 4421 3485 4467 terra.
3507 4410 3640 4466 Vide
3655 4409 3934 4481 quomodo

2342 4517 2502 4571 docet
2539 4513 2792 4568 famulum
2831 4509 2897 4563 ad
2925 4504 3354 4578 cognoscendum
3384 4503 3751 4558 universorum
3777 4500 3930 4556 Con-

2344 4607 2594 4662 ditorem.
2649 4602 2779 4657 Nam
2821 4601 2907 4670 qui
2936 4598 3108 4663 dixit,
3139 4596 3302 4650 Deum
3337 4593 3451 4649 cali
3474 4602 3518 4648 et
3548 4592 3710 4646 Deum
3743 4599 3931 4658 terra,

2343 4713 2558 4754 otnnem
2585 4703 2881 4752 creaturam
2910 4687 3336 4761 cutuprehendit.
3364 4686 3433 4741 Et
3457 4685 3599 4757 quod
3628 4683 3756 4739 illud
3777 4684 3936 4753 jura-

2346 4799 2583 4847 mentum
2612 4787 2766 4844 erat?
2799 4783 2868 4840 Ut
2897 4800 2996 4837 non
3026 4781 3246 4851 accipias
3273 4793 3483 4833 uxorem
3501 4777 3608 4846 ﬁlio
3637 4790 3744 4829 meo
3775 4773 3935 4830 Isaac

2347 4883 2410 4936 de
2427 4882 2627 4952 filiabus
2654 4878 3078 4933 Chananteorum.
3101 4872 3232 4924 inter
3257 4885 3383 4940 quos
3407 4883 3498 4940 ego
3523 4868 3696 4921 habito
3712 4883 3732 4921 :
3761 4867 3936 4922 Lael

2348 4974 2402 5029 is
2422 4983 2603 5028 terram
2625 4985 2810 5032 meam,
2835 4967 2887 5020 in
2908 4981 3006 5037 qua
3035 4971 3182 5016 natus
3201 4975 3335 5028 sum,
3353 4960 3469 5027 ibis,
3501 4967 3548 5013 et
3572 4958 3639 5012 ad
3658 4959 3932 5028 cognatio-

2409 5159 2486 5222 (a)
2513 5158 2569 5209 1n
2601 5157 2813 5227 Hebrum
2834 5155 3026 5227 legitur
3042 5151 3299 5227 ’πῃ-σε
3315 5191 3327 5213 ,
3528 5151 3757 5227 "vertitur
3779 5152 3937 5227 ς-ωρ

2341 5213 2528 5285 {eum
2575 5233 2699 5285 τειςο·
2741 5220 2830 5285 At-
2858 5213 3099 5285 Diodes“!
3137 5213 3414 5285 Τυοθιειίιζ
3436 5215 3487 5261 ίιι
3526 5213 3762 5285 (emiss
3794 5216 3936 5285 τεαές

2345 5275 2460 5346 ἱρασι
2481 5281 2836 5346 τρν-Σὺρον-κᾳὶ
2864 5282 2954 5346 *τὰν
2998 5277 3220 5346 Ἑϐραῖον
3255 5275 3532 5346 ⁸ιξνλςᾴξχπιτιις.
3550 5275 3674 5346 ἔλακε
3714 5275 3814 5346 τὸἈ

2344 5335 2434 5402 αἱήν
2455 5343 2592 5405 χεῖρά
2613 5335 2702 5390 σὸν
2717 5343 2805 5405 ἰπὶ
2828 5342 2910 5389 τὸν
2933 5335 3213 5405 μηρὸνξισυ·
3247 5335 3458 5405 diligi;
3476 5335 3603 5405 ρῦτξ
3619 5335 3938 5405 16.1596016-

2345 5396 2424 5470 νοῖν
2449 5396 2647 5470 them
2672 5418 2682 5428 ·
2697 5404 2871 5470 ⁸ἕπευ.δῇ
2897 5396 3237 5470 ﬁte-Regem:
3246 5402 3298 5470 ’ἡ
3329 5399 3523 5470 εὐλογίᾳ,
3548 5396 3854 5470 εὸιαύεάνισ

2346 5469 2428 5515 καὶ
2455 5457 2782 5524 τέλίηθὺνισθαι.
2816 5457 3025 5522 ouium
3051 5457 3216 5511 αξαϋτι
3239 5462 3428 5524 Syrum
3450 5457 3506 5511 'et
3541 5457 3807 5524 Ηώηωνει
3840 5471 3942 5509 παι

2347 5527 2418 5576 ita
2469 5519 2908 5590 habere,_nempe.
2953 5537 3082 5590 pone
3123 5519 3328 5590 mauu_r_'n_
3363 5527 3516 5590 tuam_
3549 5531 3701 5590 super
3770 5519 3942 5590 femur

2350 5602 2514 5655 meum
2558 5602 2570 5635 :
2615 5581 2731 5644 sed,
2764 5581 2920 5655 super
2956 5581 3125 5655 ipsum
3158 5582 3448 5655 protiticum
3502 5581 3938 5655 instrumentum;

2347 5648 2576 5714 quoniam
2614 5641 2931 5714 successiimis
2944 5641 3221 5714 benedictio
3261 5643 3327 5693 ad
3357 5642 3743 5714 crescendumet
3763 5641 3944 5714 mutti-

2350 5701 2632 5775 plicandunt
2654 5709 2914 5775 spectabat.
2944 5709 3156 5775 Vulgata
3183 5713 3347 5775 tamen
3385 5705 3553 5775 habet,
3583 5702 3745 5755 subter
3772 5701 3944 5766 {em

2351 5765 2531 5832 meum,
2555 5765 2704 5834 atque
2731 5772 2798 5824 tta
2821 5778 3020 5824 vertere
3042 5765 3212 5819 solent
3244 5765 3617 5818 Hebratxantes.
