4178 6328
210 438 295 495 ιω
1186 422 1249 483 ιιι
1286 421 1435 480 CAP.
1481 415 1667 473 XXIV.
1708 413 1953 471 CENES.
1997 412 2230 470 lthllL.
2275 412 2502 469 XLVI".

209 567 309 606 rmu
346 563 510 602 nteant
534 589 553 615 ,
597 556 644 602 et
678 543 798 600 inde
825 541 1038 612 accipies
1062 553 1269 593 uxorem
1318 535 1425 602 ﬁlio
1460 547 1569 585 meo
1616 528 1783 583 Isaae.

212 638 383 695 Vidisti
408 637 725 693 mandatum
754 632 1092 705 patriarchzr,
1120 627 1259 698 quod
1285 625 1483 679 famulo
1507 616 1694 675 dedii?
1724 621 1797 671 At

213 748 271 787 ue
312 728 673 799 perfunctorie
703 735 986 795 praetereas
1015 721 1189 785 dicta,
1229 717 1324 771 sed
1359 715 1529 780 cogita
1559 720 1790 766 mentem

209 833 257 876 et
282 821 611 892 propositum
636 817 798 888 justi,
829 822 883 870 et
910 811 1126 867 attende
1154 805 1423 878 quomoda
1451 812 1659 857 veteres
1684 814 1792 853 non

211 914 507 982 quaebant
548 907 901 964 substantiam
946 901 1202 964 multam,
1250 913 1358 952 no.-
1394 895 1643 957 diviuas,
1684 904 1792 946 uta

209 1016 398 1066 servos,
431 1015 539 1053 non
570 1008 651 1053 tot
677 1008 729 1054 et
756 1004 832 1052 tot
852 995 1036 1064 jugera
1066 989 1200 1059 agri,
1229 1002 1332 1041 non
1358 995 1594 1040 externa:
1621 996 1790 1035 verru-

210 1094 346 1148 statis
374 1092 641 1150 fortnam,
674 1088 770 1143 sed
803 1085 995 1141 anima:
1026 1076 1474 1151 pulchritudinem
1505 1083 1560 1127 et
1581 1085 1788 1126 morum

209 1184 549 1238 nobilitatem.
600 1179 733 1235 Nam
765 1177 1013 1248 quoniam
1040 1170 1253 1226 videbat
1286 1166 1573 1236 nequitiam
1603 1174 1789 1217 eorum

206 1274 286 1342 qui
314 1273 365 1327 in
391 1271 701 1326 Chananzea
734 1264 1058 1329 habitabant,
1103 1262 1279 1316 sciens
1307 1266 1565 1327 quantum
1592 1251 1791 1306 bonum

205 1366 267 1420 sit
288 1364 571 1434 eonjugem
609 1360 805 1414 habere
835 1355 1022 1411 iisdem
1050 1351 1288 1406 moribus
1310 1346 1615 1419 praeditam,
1645 1356 1787 1411 pra:-

206 1456 321 1525 cipit
349 1468 529 1515 servo,
562 1461 620 1506 et
642 1451 1000 1519 juramentum
1028 1443 1265 1503 adhibet,
1297 1448 1351 1493 ιιι
1379 1454 1443 1491 ex
1472 1450 1567 1490 sua
1593 1447 1789 1525 cogna-

208 1523 339 1601 tione
365 1559 593 1598 uxorem
629 1542 806 1594 lsaacn
832 1538 1061 1592 adducat
1093 1552 1107 1588 :
1138 1546 1310 1601 neque
1340 1525 1674 1583 intervallum
1707 1523 1786 1575 lo-

204 1651 373 1691 corum
400 1676 415 1699 ,
460 1651 638 1699 neque
675 1628 1155 1685 aliaaidil‘tieulmtes
1177 1636 1393 1693 segnem
1433 1634 1556 1674 eum
1602 1616 1654 1670 in
1707 1615 1787 1668 his

204 1726 419 1783 reddunt
449 1743 461 1779 :
492 1726 591 1779 sed
624 1724 800 1779 sciens
826 1721 900 1775 rei
930 1718 1325 1779 necessitatem,
1361 1725 1573 1768 omnem
1600 1722 1783 1764 curam

206 1828 252 1873 ct
290 1817 523 1871 studiqu
556 1815 805 1878 adhibet,
838 1828 900 1867 ac
928 1811 1086 1865 mittit
1115 1807 1487 1862 domesticum.
1520 1801 1787 1857 Cancrum

203 1906 488 1977 patriarcha
517 1907 769 1959 virtutem
797 1911 1000 1957 tantum
1022 1898 1184 1953 animi
1209 1907 1474 1966 qumrens,
1506 1902 1560 1946 et
1584 1890 1782 1944 abhor-

202 2012 313 2051 rens
333 2012 361 2048 a
381 1996 684 2049 vicinorum
709 1993 930 2054 malitia,
956 1991 1024 2043 ita
1055 1986 1267 2058 quidem
1295 2000 1352 2040 se
1371 1982 1538 2054 gerit;
1564 1989 1618 2035 at
1645 1992 1786 2033 nunc

200 2104 374 2142 omnes
405 2086 715 2156 hujustuodi
743 2083 1102 2139 conditionem
1129 2094 1194 2133 ne
1216 2077 1510 2147 cogitarent
1530 2072 1743 2144 quidem
1768 2087 1781 2124 :

201 2194 310 2232 nam
340 2179 442 2232 etsi
476 2178 623 2231 vitiis
652 2175 945 2230 innumeris
970 2173 1125 2243 plena
1153 2173 1241 2233 sit,
1272 2170 1374 2225 hoc
1403 2167 1575 2221 solum
1607 2163 1784 2233 inqui-

199 2279 329 2333 runt,
356 2278 616 2337 quantum
654 2265 890 2320 abundet
918 2262 1192 2332 pecuniis;
1244 2268 1436 2314 caetera
1473 2256 1652 2311 omnia
1692 2270 1786 2323 po-

196 2362 408 2414 steriore
437 2360 561 2413 loco
592 2358 811 2422 habent,
845 2356 1143 2410 nescientes
1163 2369 1242 2420 se,
1274 2354 1317 2407 si
1348 2366 1502 2407 mens
1530 2363 1781 2421 perversa

195 2450 289 2513 sit,
316 2450 439 2503 licet
469 2449 749 2503 immensa:
776 2445 995 2500 afﬂuant
1020 2444 1218 2498 divitia:
1238 2486 1251 2507 ,
1286 2444 1391 2497 cito
1413 2442 1464 2497 in
1486 2449 1781 2496 extremam

199 2550 443 2595 venturos
474 2540 711 2608 inopiam
740 2556 753 2591 :
781 2547 834 2592 et
859 2536 987 2591 nihil
1018 2533 1321 2605 profuturas
1342 2546 1491 2601 opes,
1521 2546 1642 2586 eum
1676 2545 1781 2584 non

194 2633 257 2687 sit
279 2633 347 2687 ibi
378 2647 534 2687 mens
560 2647 681 2701 qum
713 2630 848 2685 bene
871 2629 987 2682 illas
1015 2628 1325 2696 dispensare
1353 2641 1422 2694 qtt
1444 2633 1531 2677 at.

256 2725 309 2779 5.
340 2716 537 2778 Verum
579 2722 877 2791 patriarcha
905 2734 1065 2775 servo
1104 2726 1412 2773 accuratum
1441 2715 1593 2770 dedit
1622 2730 1779 2769 man-

193 2813 365 2867 datum
391 2855 408 2875 ,
438 2825 495 2866 et
518 2812 836 2881 iuramentis
873 2826 996 2864 eum
1022 2808 1325 2864 adstrinxit.
1363 2807 1649 2861 Videamus
1689 2820 1782 2859 au-

196 2913 295 2969 tem
341 2918 487 2958 nunc
520 2911 575 2957 et
601 2903 738 2955 servi
770 2901 1115 2970 probitatem,
1147 2897 1417 2968 quomodo
1457 2896 1573 2950 heri
1616 2897 1782 2965 pieta-

192 3004 289 3049 tetu
319 2994 558 3047 imitatus
573 2994 659 3046 sit.
684 2991 815 3045 Nam
848 3000 1123 3060 postquam
1152 2988 1282 3042 vidit
1303 2997 1407 3041 tam
1429 2986 1779 3055 seriojustum

192 3085 286 3139 sibi
340 3083 667 3153 principem,
714 3081 846 3135 dicit
884 3082 932 3135 ei
967 3080 1059 3136 :5.
1090 3079 1150 3134 Si
1194 3095 1296 3131 non
1344 3078 1558 3131 voluerit
1602 3077 1783 3130 mulier

193 3176 351 3229 uenire
373 3190 571 3226 metunt
592 3213 607 3236 ,
636 3174 709 3226 vis
734 3172 900 3240 ﬁlium
932 3181 1075 3225 tuum
1098 3171 1152 3223 in
1185 3180 1371 3224 terram
1391 3210 1405 3233 ,
1433 3170 1565 3222 unde
1603 3170 1780 3234 existi,

193 3265 463 3319 inducant?
491 3262 560 3319 Ut
587 3278 653 3317 ne
674 3303 688 3327 ,
727 3261 927 3332 inquit,
960 3261 1006 3314 si
1032 3259 1319 3315 difﬁcultas
1340 3259 1513 3328 aliqua
1550 3256 1781 3323 incidat,

192 3354 563 3424 transgrediar
585 3352 831 3406 mandata
877 3361 964 3404 tua
991 3369 1005 3403 :
1040 3365 1168 3419 rogo
1191 3391 1204 3414 ,
1233 3349 1359 3419 quid
1404 3349 1673 3417 Oportebit
1698 3364 1784 3402 me

194 3444 473 3497 observare
496 3483 512 3504 ,
540 3451 594 3496 et
614 3457 757 3495 nunc
790 3440 960 3509 placet
987 3439 1081 3493 tibi
1103 3447 1159 3493 ut
1182 3438 1307 3492 illuc
1336 3437 1493 3493 abeat
1518 3437 1663 3491 lsaae
1688 3480 1699 3500 ,
1731 3446 1785 3492 et

195 3544 397 3603 accepta
424 3547 626 3603 sponsa
651 3532 835 3586 redeat
858 3572 872 3596 ,
895 3531 940 3584 si
970 3546 1073 3583 non
1104 3530 1351 3594 voluerit,
1384 3539 1444 3583 ut
1476 3529 1740 3582 mandasti
1765 3570 1779 3593 ,

195 3625 369 3681 venire
412 3624 661 3680 meeum?
693 3623 829 3689 Quid
879 3623 1039 3693 igitur
1079 3622 1292 3693 justus?
1323 3623 1555 3692 Denegat
1600 3621 1701 3675 hoc
1730 3632 1784 3677 et

195 3715 313 3770 dicit
339 3734 352 3769 :
378 3714 412 3769 ὕ
438 3714 655 3768 Attende
682 3712 794 3777 tibi;
823 3729 886 3767 ne
909 3714 1094 3766 educas
1117 3713 1281 3781 [ilium
1306 3729 1472 3765 meum
1499 3713 1641 3767 illuc.
1664 3712 1782 3767 Non

195 3808 289 3860 erit
315 3808 407 3861 tihi
431 3806 535 3861 hac
556 3822 615 3861 re
638 3820 793 3875 Opus.
809 3804 909 3872 Qui
938 3804 1083 3859 enim
1108 3803 1234 3859 mihi
1261 3804 1361 3859 hoc
1390 3805 1656 3873 pollicitus
1677 3816 1778 3871 est,

194 3905 246 3952 et
286 3898 535 3967 promisit
567 3910 751 3951 semen
799 3894 914 3964 ejus
958 3896 1028 3949 ita
1081 3895 1569 3965 multiplicandnm,
1621 3898 1781 3952 etiam

195 3989 393 4043 curabit
446 3987 549 4041 hoc
575 3996 628 4040 ut
662 4001 914 4056 prospere
951 3986 1224 4040 succedat.
1258 3984 1340 4039 Ne
1378 3987 1538 4057 igitur
1562 3987 1784 4041 abducas

195 4076 309 4133 illuc
353 4078 524 4147 ﬁlium
577 4093 762 4131 meum.
799 4077 853 4130 7.
903 4075 1156 4155 Dominus
1208 4076 1348 4132 Deus
1396 4079 1508 4132 ειειὲ
1553 4089 1601 4133 et
1645 4078 1786 4135 Deus

198 4177 353 4221 teme.
408 4168 543 4222 Vide
598 4165 867 4236 quomodo
912 4168 1159 4236 superius
1212 4182 1424 4222 servum
1479 4168 1734 4239 adjurans
1765 4212 1780 4236 ,

198 4257 361 4327 ipsum
391 4258 465 4313 de
486 4257 725 4312 omnium
747 4256 1037 4312 Conditum
1062 4257 1291 4311 instituit
1322 4274 1335 4310 :
1360 4266 1415 4312 et
1433 4273 1573 4313 nunc
1600 4273 1785 4325 preca-

199 4358 338 4402 turus
368 4349 594 4411 iterum,
626 4346 813 4402 eadem
844 4346 1007 4401 verba
1051 4345 1182 4401 dicit
1210 4362 1225 4401 :
1250 4362 1345 4416 per
1364 4347 1543 4402 omnia
1566 4363 1786 4402 servum

196 4437 421 4502 docens,
469 4447 527 4490 ut
576 4437 765 4491 ﬁducia
814 4438 866 4491 in
911 4452 1033 4492 eum
1082 4438 1266 4506 plenus
1304 4439 1406 4493 iter
1447 4440 1701 4509 arripiat,
1732 4450 1785 4494 et

196 4527 260 4581 de
304 4528 447 4581 bono
496 4528 571 4581 rei
634 4529 777 4582 exitu
828 4528 963 4582 bene
1002 4536 1201 4597 speret.
1248 4528 1419 4583 Docet
1459 4529 1602 4584 enim
1662 4547 1783 4585 cum

198 4628 448 4687 quantam
473 4620 601 4673 olim
628 4619 696 4672 ab
722 4620 874 4673 initio
901 4620 1328 4675 benevolentiam
1354 4621 1446 4675 Dei
1476 4620 1738 4677 invenerit
1766 4665 1781 4689 ,

195 4722 245 4764 et
266 4726 387 4765 eum
422 4711 512 4781 qui
542 4727 571 4765 a
595 4711 757 4765 domo
779 4721 997 4780 paterna
1018 4726 1076 4767 se
1095 4712 1416 4779 evocaverit,
1447 4725 1498 4768 et
1527 4730 1694 4785 usque
1718 4717 1786 4771 ad

200 4803 295 4858 hue
338 4815 553 4873 tempus
594 4805 665 4857 ita
703 4804 1114 4874 gubernaverit,
1142 4805 1359 4876 jamque
1388 4809 1439 4861 in
1468 4816 1573 4862 tam
1592 4825 1782 4878 prove-

198 4903 275 4946 cta
320 4904 540 4949 senecta
580 4894 730 4949 Isaac
756 4894 959 4950 dederit
986 4936 1001 4961 ,
1038 4912 1291 4966 prospera
1330 4899 1490 4952 etiam
1523 4915 1641 4969 qua:
1686 4900 1784 4955 ad-

200 4986 295 5041 huc
348 4988 659 5053 restabant,
704 4988 962 5043 facturum
1004 5004 1145 5045 esse.
1193 4989 1443 5045 Dominus
1487 4991 1658 5058 Deus,
1707 4996 1788 5050 iu-

198 5077 324 5145 quit,
352 5076 468 5130 caeli
485 5086 529 5131 et
555 5088 717 5141 terraz,
733 5079 821 5150 qui
840 5082 1110 5151 assumpsit
1133 5099 1210 5134 me
1226 5093 1288 5135 de
1303 5083 1454 5136 douto
1483 5088 1641 5153 patris
1668 5089 1786 5151 mei,

199 5178 242 5220 et
269 5168 333 5221 tle
357 5178 494 5222 terra
529 5170 580 5222 in
609 5186 707 5231 qua
736 5184 884 5223 natus
911 5188 1023 5245 sunt
1047 5214 1062 5238 ,
1099 5175 1187 5227 ille
1214 5175 1321 5243 ipse
1344 5176 1428 5244 qui
1452 5178 1688 5243 loquutus
1713 5189 1785 5233 est

199 5258 317 5310 mihi
346 5259 520 5312 dicens
548 5275 567 5313 :
596 5258 710 5313 Tibi
739 5261 867 5315 dabo
892 5271 1076 5315 terram
1107 5264 1236 5317 hanc
1262 5276 1308 5319 et
1332 5266 1509 5319 semini
1538 5277 1622 5320 tuo
1649 5284 1668 5320 :
1697 5269 1786 5324 ille

201 5350 284 5417 qui
330 5360 532 5403 tantam
572 5366 698 5421 erga
750 5368 836 5408 me
873 5354 1162 5409 declaravit
1195 5356 1575 5427 benignitatem
1603 5371 1656 5415 et
1684 5336 1784 5416 eu;

202 5456 349 5508 ram,
382 5443 492 5511 ipse
542 5443 703 5497 mittet
733 5453 964 5515 angelum
1003 5462 1151 5500 suum
1172 5457 1289 5500 ante
1333 5459 1406 5515 te,
1433 5460 1479 5503 et
1508 5451 1627 5504 inde
1651 5453 1786 5504 acci-

205 5534 308 5600 pies
334 5535 443 5601 ﬁlio
474 5552 583 5589 meo
616 5552 847 5590 uxorem.
878 5537 1196 5606 Conﬁdens,
1227 5540 1417 5609 inquit,
1448 5542 1532 5594 abi
1561 5560 1574 5596 :
1606 5552 1785 5598 certus

199 5625 338 5679 enim
386 5640 502 5681 sum
550 5643 671 5683 eum
723 5628 810 5699 qtti
864 5631 1023 5683 tantis
1063 5646 1148 5686 me
1218 5632 1489 5688 beneﬂciis
1531 5634 1789 5693 hactenus

204 5726 553 5787 proseq-tutus
579 5728 689 5786 est,
725 5719 991 5788 prioribus
1015 5723 1174 5777 etiam
1219 5723 1348 5778 illud
1377 5725 1704 5793 additurum,
1734 5739 1789 5784 et

205 5809 481 5869 utissurtnn
504 5814 754 5886 angelum
787 5829 941 5873 suum
965 5824 1087 5871 ante
1120 5826 1188 5873 te.
1220 5816 1377 5888 Ipse,
1407 5818 1577 5891 inquit
1598 5862 1611 5887 ,
1641 5821 1779 5877 viam

3396 427 3497 485 L38

1906 525 1999 578 tihi
2051 526 2371 594 przeparabit
2415 526 2775 589 inomnibus,
2810 541 3142 599 uxoremque
3174 532 3267 589 tibi
3313 545 3492 595 nulum

1901 613 2080 678 faciet,
2116 622 2175 667 ut
2199 624 2419 684 accepta
2449 613 2643 669 ca‘hue
2669 604 2878 671 redeas.
2917 617 3069 683 Quod
3101 620 3145 674 si
3177 626 3450 696 contingat
3475 665 3492 692 ,

1901 704 2043 773 quod
2087 704 2265 770 absit,
2295 714 2354 758 ut
2402 705 2694 759 reluetetur
2726 721 2860 759 uxor
2891 708 3076 764 venire
3112 709 3244 775 huc,
3288 714 3496 772 alienus

1899 796 2006 849 eris
2027 809 2055 847 a
2085 795 2460 851 maledictione
2477 797 2787 866 juramenti.
2812 799 2865 853 8.
2887 798 3111 855 Tantum
3138 804 3307 872 ﬁlium
3330 824 3495 864 meum

1897 894 2020 938 ntuc
2058 901 2121 939 ne
2143 885 2381 940 abducas.
2409 886 2622 941 Nuilum
2644 889 2785 942 enim
2821 889 2952 944 mihi
2976 891 3195 948 dubium
3219 904 3330 961 est,
3364 899 3493 967 quin

1900 975 2157 1031 Dominus
2177 978 2405 1033 secunda
2427 979 2516 1032 tibi
2538 978 2906 1036 faciatomuia.
2931 983 3216 1041 Declarans
3230 999 3492 1056 quantum

1897 1065 2093 1122 divina:
2142 1069 2404 1136 potentia!
2445 1070 2603 1135 ﬁdat,
2638 1071 2885 1139 prohibet
2924 1089 3175 1143 servum,
3209 1094 3277 1134 ne
3324 1081 3494 1137 lilium

1898 1153 1990 1208 illo
2016 1155 2249 1211 inducat.
2276 1158 2488 1224 Postea,
2520 1175 2641 1215 cum
2670 1161 2957 1232 diligenter
2986 1167 3292 1224 mandasset
3311 1184 3493 1238 servo,

1897 1263 2133 1318 curaque
2185 1266 2309 1305 eum
2352 1252 2673 1316 liberasset;
2702 1254 2992 1311 verebatur
3036 1260 3182 1313 enim
3211 1276 3403 1320 servus
3430 1277 3500 1319 ne

1897 1341 2151 1395 mandato
2178 1358 2283 1396 non
2326 1343 2545 1411 impleto
2569 1345 2785 1413 perjurii
2817 1360 2941 1401 reus
2982 1346 3171 1404 ﬁeret:
3205 1351 3260 1406 9.
3290 1350 3495 1416 Posita.

1897 1431 2101 1500 inquit,
2130 1449 2283 1487 manu
2312 1449 2405 1486 sua
2450 1433 2622 1488 subter
2664 1437 2844 1507 femur,
2868 1438 3063 1507 juravit
3092 1439 3137 1493 ei
3162 1456 3314 1511 super
3344 1443 3493 1498 uerbo

1896 1524 2013 1590 hoc,
2047 1526 2187 1595 quod
2221 1527 2389 1582 lilium
2411 1543 2565 1582 suum
2588 1530 2712 1585 illuc
2734 1545 2839 1586 non
2870 1532 3162 1589 abduceret
3188 1534 3360 1591 Isaae.
3394 1537 3488 1593 Vi-

1895 1613 2019 1667 disti
2049 1616 2321 1684 quomodo
2350 1617 2417 1673 ab
2442 1618 2593 1673 initio
2615 1635 2803 1675 servus
2843 1621 3157 1678 indicaverit
3182 1640 3334 1681 suam
3364 1643 3493 1700 erga

1870 1766 1871 1769 η
1895 1703 2173 1760 dominum
2196 1708 2655 1764 benevolentiam?
2684 1709 2817 1766 Vide
2837 1728 2977 1767 nunc
3006 1716 3278 1783 quomodo
3305 1732 3368 1773 ea
3400 1733 3491 1789 pa-

1895 1796 2143 1851 triarcha:
2168 1797 2409 1854 doctrina
2460 1800 2651 1855 melior
2670 1803 2937 1869 evaserit,
2969 1813 3024 1858 et
3053 1805 3289 1861 imitatus
3329 1806 3495 1864 fuerit

1888 1888 2016 1957 justi
2052 1890 2301 1958 pietatem
2350 1901 2511 1963 atque
2556 1893 2887 1964 religionem.
2923 1896 3007 1951 l0.
3057 1898 3291 1968 Acceptis
3314 1899 3449 1955 enim
3473 1940 3491 1966 ,

1894 1979 2083 2048 inquit,
2108 1996 2280 2035 seruus
2300 1982 2469 2037 decem
2510 1985 2717 2038 cernetis
2738 2026 2751 2049 ,
2786 1994 2832 2038 et
2862 1985 2925 2039 de
2950 1986 3180 2043 ontnibus
3205 1989 3348 2045 bonis
3378 2006 3500 2055 qua!

1892 2070 2086 2125 domini
2110 2073 2190 2126 sui
2215 2084 2359 2127 erant
2384 2116 2397 2139 ,
2444 2080 2664 2130 surrexit
2692 2086 2737 2130 et
2780 2078 3035 2148 profectus
3062 2090 3134 2135 est
3172 2083 3226 2134 in
3254 2082 3494 2153 Mesopo-

1892 2164 2103 2217 tamiant
2126 2166 2178 2219 in
2217 2167 2472 2220 deitatem
2498 2166 2732 2233 Nacltor,
2766 2170 2851 2223 ll.
2885 2179 2929 2223 et
2957 2174 3247 2228 recumbere
3264 2173 3495 2227 camelo:

1891 2257 2009 2326 fecit
2038 2267 2182 2311 extra
2207 2259 2457 2313 civitatem
2470 2261 2629 2331 juxta
2644 2271 2850 2330 puteum
2871 2278 3018 2332 aqua:
3040 2265 3236 2334 vesperi
3249 2307 3263 2331 ,
3285 2266 3493 2334 quamlo

1891 2348 2216 2417 egrediuntur
2252 2360 2532 2421 aquaturaz.
2606 2352 2692 2406 12.
2741 2351 2807 2407 Et
2851 2355 3019 2409 dixit:
3083 2354 3301 2411 Domine
3352 2356 3503 2411 Dm-

1892 2437 2083 2511 domini
2104 2440 2201 2493 mei
2240 2440 2516 2496 Abraham.
2563 2442 2699 2498 Vide
2745 2447 2886 2499 servi
2930 2446 3276 2514 probitatem.
3332 2447 3493 2505 Orbis

1891 2528 2176 2584 Dominum
2208 2547 2237 2585 a
2282 2531 2582 2601 patriarcha
2631 2535 2871 2588 nominat
2898 2550 2913 2590 :
2945 2535 3164 2591 Domine
3192 2539 3334 2592 enim
3358 2580 3371 2603 ,
3407 2539 3492 2595 in-

1890 2621 2024 2689 quit,
2058 2620 2191 2675 Deus
2221 2623 2415 2676 domini
2446 2625 2541 2677 ntei
2591 2623 2847 2678 Abraham
2873 2667 2888 2691 ,
2929 2626 3019 2696 qui
3064 2636 3208 2681 tanta
3254 2629 3305 2681 iu
3340 2629 3491 2685 illum

1892 2714 2146 2769 benelleia
2173 2715 2473 2770 contulisti.
2506 2717 2570 2770 Et
2595 2716 2722 2786 quid
2749 2718 2958 2773 miraris
2986 2719 3030 2773 si
3062 2734 3249 2776 servus
3269 2736 3394 2775 eum
3418 2721 3493 2777 ita

1891 2814 2045 2861 voeat
2068 2806 2235 2862 Deum
2263 2806 2561 2863 Abraham?
2588 2808 2705 2877 Ipse
2730 2810 2969 2866 omnium
3002 2810 3143 2867 Deus
3185 2821 3498 2872 monstrans

1890 2898 2162 2967 quomodo
2200 2898 2469 2968 jnstorum
2501 2900 2752 2954 virtutem
2801 2901 2979 2971 magni
3031 2900 3226 2971 faciat,
3286 2903 3494 2974 inquit.

1893 2988 2003 3059 Ego
2054 3005 2167 3043 sum
2194 2987 2335 3046 Deus
2363 2990 2622 3045 Abraham
2651 3002 2698 3046 et
2728 2988 2868 3047 Deus
2906 2991 3060 3047 Isaac
3080 3004 3128 3048 et
3164 2994 3303 3050 Deus
3328 2993 3497 3055 Jacob

1894 3078 2088 3149 (Exod.
2137 3081 2190 3134 5.
2244 3080 2325 3148 6).
2378 3081 2443 3135 Et
2472 3080 2604 3135 dicit
2650 3080 2913 3135 :Domine
2959 3082 3101 3136 Deus
3147 3084 3343 3138 domini
3396 3084 3503 3140 mei

1889 3170 2145 3223 Abraham
2170 3212 2183 3235 ,
2229 3187 2467 3239 prospere
2496 3170 2659 3240 dirige
2686 3188 2858 3225 coram
2888 3188 2967 3225 me
2988 3172 3139 3226 hodie
3163 3213 3178 3239 ,
3212 3184 3257 3227 et
3281 3179 3366 3245 fac
3393 3176 3496 3228 mi.

1890 3259 2350 3314 st’ricordiamcum
2374 3260 2579 3313 domino
2608 3275 2717 3314 meo
2742 3260 3040 3327 Abraham;
3063 3262 3215 3332 quasi
3240 3260 3447 3318 diceret
3476 3280 3491 3317 :

1894 3350 1996 3405 Fac
2025 3360 2082 3404 ut
2109 3351 2433 3420 impleantur
2462 3367 2525 3405 ea
2555 3366 2673 3421 quae
2705 3351 2793 3405 ille
2814 3351 2945 3419 vult,
2975 3360 3031 3407 et
3050 3352 3347 3409 secundum
3376 3356 3498 3425 ejus

1890 3443 2209 3497 sententiam
2263 3458 2519 3513 prospera
2569 3441 2654 3499 fac
2683 3445 2885 3499 omnia.
2932 3442 3044 3513 Eae
3089 3446 3496 3503 misericordiam

1891 3550 2006 3586 cum
2050 3533 2259 3589 domino
2288 3549 2397 3587 meo
2421 3533 2701 3587 Abraham.
2743 3532 2882 3601 Quid
2903 3543 2986 3589 est
3009 3575 3023 3598 ,
3058 3533 3171 3588 Fac
3198 3535 3495 3590 miscricor-

1891 3624 2072 3676 diam?
2101 3623 2219 3677 Voti
2253 3632 2560 3693 compotem
2590 3639 2713 3679 eum
2760 3623 2865 3679 fac.
2898 3625 3102 3681 Deinde
3151 3625 3363 3697 inquit,
3398 3628 3488 3686 l3.

1895 3714 2023 3767 Ecce
2048 3730 2140 3784 ego
2168 3722 2244 3767 sto
2294 3724 2501 3785 prapter
2524 3714 2717 3783 [autem
2762 3731 2908 3785 aqua:
2931 3755 2946 3780 ,
2975 3716 3098 3784 ﬁlice
3136 3726 3303 3770 autem
3348 3718 3498 3772 habiw

1892 3806 2107 3859 lantiunt
2142 3806 2395 3859 civitatem
2435 3805 2761 3876 egrediuntur
2791 3814 2847 3859 ut
2877 3808 3119 3860 hauriant
3159 3823 3367 3875 aquam.
3400 3808 3487 3864 lit

1892 3897 1960 3951 Et
1977 3899 2069 3951 erit
2086 3899 2227 3968 virgo
2251 3899 2332 3951 cui
2354 3914 2445 3968 ego
2468 3899 2647 3952 dixero
2668 3914 2687 3952 :
2701 3896 3159 3969 lncliuahydtittttt
3184 3908 3325 3952 luant
3350 3900 3493 3953 utbi-

1891 3988 2026 4056 bam,
2044 3998 2089 4042 et
2116 3988 2298 4041 dixerit
2316 3986 2459 4049 mihi.
2478 3986 2622 4051 Bibe,
2649 3997 2695 4042 et
2715 3988 2937 4044 camelos
2958 4000 3070 4044 tuos
3082 3990 3285 4060 putabo,
3313 4006 3496 4061 usque-

1890 4098 1986 4150 quo
2004 4080 2167 4134 bibere
2182 4096 2353 4134 omnes
2369 4090 2584 4144 cessent;
2604 4079 2748 4133 illam
2761 4084 3064 4151 prarparasti
3083 4098 3241 4152 puero
3266 4091 3358 4135 tuo
3377 4080 3495 4136 Isa-

1889 4188 1983 4229 ac:
2008 4182 2059 4226 et
2082 4173 2134 4226 in
2154 4174 2246 4226 hoc
2272 4189 2594 4244 cognoscam,
2618 4174 2754 4244 quod
2777 4175 3176 4229 misericordiam
3206 4176 3383 4247 feceris
3409 4175 3498 4231 do-

1892 4264 2026 4316 mino
2056 4279 2167 4317 meo
2189 4262 2466 4316 Abraham.
2500 4262 2634 4317 Vide
2663 4263 2802 4317 servi
2826 4263 3183 4333 prudentiam.
3207 4263 3339 4319 Nam
3367 4266 3493 4335 quia

1892 4362 2115 4410 noverat
2148 4351 2465 4422 patriarcha:
2512 4352 2960 4422 hospitalitatem,
2988 4362 3043 4408 et
3079 4354 3203 4424 quia
3231 4354 3493 4425 virginem

1893 4447 2016 4501 inde
2030 4444 2325 4502 ducendam
2344 4460 2439 4514 par
2453 4452 2569 4499 crat
2588 4443 2775 4499 iisdem
2792 4459 2912 4499 esse
2930 4444 3206 4513 pneditam
3231 4446 3493 4513 moribus,

1893 4539 2087 4609 quibus
2111 4537 2289 4606 justus
2318 4537 2406 4589 ille
2440 4554 2454 4590 :
2489 4534 2690 4589 nullam
2722 4535 2883 4589 aliam
2920 4535 3289 4605 conjecturam
3319 4536 3495 4608 inqui-

1893 4630 1991 4691 rit,
2020 4626 2113 4682 sed
2138 4627 2505 4680 characterem
2535 4625 2805 4695 virginalis
2835 4626 2998 4681 animi
3029 4641 3095 4681 ex
3129 4625 3494 4697 hospitalitate

1893 4719 2146 4789 colligere
2171 4718 2301 4783 vult,
2327 4716 2383 4771 εἴ
2409 4716 2579 4787 inquit
2607 4733 2623 4773 :
2654 4716 2710 4772 Si
2738 4718 2953 4786 quando
2982 4732 3083 4788 ego
3106 4733 3301 4788 aquam
3327 4718 3395 4774 ab
3431 4734 3493 4774 ea

1896 4810 2134 4881 petivere
2157 4851 2170 4873 ,
2204 4819 2259 4864 et
2311 4809 2531 4863 inclinet
2578 4807 2707 4861 mihi
2758 4806 3001 4878 hydriom
3035 4824 3049 4861 :
3078 4817 3133 4863 ct
3181 4823 3287 4862 non
3318 4808 3493 4863 solum

1895 4901 2053 4955 faciat
2075 4899 2216 4971 quod
2249 4900 2493 4970 petierim
2518 4940 2532 4965 ,
2567 4897 2662 4953 sed
2691 4899 2853 4953 etiam
2884 4898 3179 4953 candorem
3202 4913 3268 4954 ac
3290 4898 3491 4953 libera-

1894 4995 2095 5049 litatem
2126 4996 2319 5050 mentis
2348 5010 2460 5050 sua:
2484 4994 2749 5058 declaret,
2782 4993 3033 5065 dicatque
3064 5012 3076 5048 :
3112 4994 3284 5049 Etiam
3306 5009 3492 5050 came-

1895 5088 1975 5143 los
2007 5097 2127 5143 tuos
2146 5087 2388 5159 aquabo,
2412 5102 2625 5141 morum
2645 5100 2865 5141 suorum
2895 5086 3364 5143 mansuetudinem
3404 5100 3494 5142 sa-

1897 5180 1964 5233 tis
1985 5195 2051 5234 cx
2078 5194 2228 5249 aqua:
2256 5178 2538 5249 largitione
2562 5177 2820 5234 ostendit.

1965 5273 2020 5325 4.
2054 5271 2454 5337 Animadverte,
2481 5271 2729 5336 obsecro,
2761 5270 3060 5335 carissime,
3094 5280 3353 5340 quantum
3382 5270 3498 5326 fne-

1897 5362 2000 5427 rit,
2038 5362 2179 5431 quod
2211 5363 2360 5433 virgo
2391 5372 2573 5419 tenera
2604 5375 2857 5433 aquatum
2899 5364 3138 5434 proiecta
3172 5380 3277 5417 non
3320 5364 3495 5418 solum

1896 5453 2142 5508 aunuerit
2180 5456 2297 5524 ejus
2359 5454 2637 5523 petitioni,
2687 5464 2742 5509 et
2789 5454 3097 5524 deposuerit
3138 5457 3207 5510 ab
3260 5455 3497 5509 humeris

1898 5545 2164 5617 bydriam,
2183 5556 2234 5602 et
2256 5546 2322 5601 ad
2349 5549 2661 5603 societatem
2690 5548 2979 5617 przebucrit
3001 5549 3201 5617 petenti
3231 5546 3346 5602 viro
3375 5562 3497 5616 per-

1895 5638 2082 5706 egrino
2115 5645 2169 5692 et
2198 5653 2416 5707 prorsus
2462 5639 2643 5709 ignoto
2675 5656 2687 5691 :
2722 5647 2882 5707 atque
2924 5655 3029 5693 non
3070 5640 3246 5693 solum
3297 5638 3370 5691 illi
3400 5639 3495 5693 dc-

1896 5727 2057 5788 derit.
2086 5728 2179 5783 sed
2206 5738 2259 5785 et
2279 5729 2515 5785 camelos
2546 5743 2739 5785 omnes
2758 5731 3056 5798 aquaverit,
3087 5741 3141 5783 et
3165 5745 3261 5799 per
3286 5745 3346 5783 ea
3376 5745 3495 5797 qua:

1906 5822 2110 5879 ﬂebant
2157 5826 2535 5881 monstraverit
2577 5825 2771 5882 anima:
2808 5838 2920 5878 sum
2965 5824 3366 5895 ingenuitatem.
3416 5826 3499 5878 Att
