4178 6328
645 321 753 379 839

641 436 859 493 nescitis
883 435 1022 506 quod
1062 436 1207 491 multi
1234 436 1392 491 etiam
1432 438 1529 491 viri
1557 438 1820 508 denegauit
1851 454 1994 508 sape
2014 450 2200 510 peten-

647 531 788 585 tibus
815 528 972 585 talia?
995 529 1061 583 Et
1083 528 1208 598 quid
1231 529 1355 584 dico
1380 529 1447 584 de
1471 544 1606 599 aqua
1643 545 1761 599 quas
1791 532 2094 600 praebetur?
2125 530 2211 585 ln—

648 621 854 674 tcrdum
879 635 998 674 cum
1025 619 1171 678 {iaces
1193 629 1397 685 tenent,
1425 629 1478 675 et
1503 620 1570 674 ab
1597 621 1971 675 accedentibus
1995 631 2212 675 orantur

649 725 702 766 ut
728 713 994 782 paulisper
1011 721 1342 782 exspectent,
1369 727 1476 781 quo
1503 712 1680 766 lumen
1705 712 2032 778 accendant,
2065 712 2116 767 id
2137 711 2213 765 fa-

650 815 767 856 rcre
790 809 1034 864 renuunt,
1070 800 1278 856 tametsi
1308 800 1437 859 nihil
1468 799 1590 857 inde
1619 801 1886 855 minuatur
1912 801 2045 868 ignis
2071 841 2086 866 ,
2115 800 2214 854 etsi

652 890 914 945 innumeri
941 891 1046 953 sint
1063 890 1148 959 qui
1173 889 1469 949 accendere
1489 889 1673 944 velint.
1704 889 1799 944 llic
1827 899 2006 944 autem
2027 899 2080 944 et
2103 904 2218 942 mu—

654 980 749 1035 lier
769 989 822 1036 et
851 980 1046 1050 puella,
1068 980 1306 1050 hydriam
1331 996 1541 1050 quoque
1568 995 1728 1050 super
1754 981 2001 1034 humeros
2020 980 2216 1044 ferens,

655 1084 760 1123 non
785 1069 956 1126 solum
985 1083 1094 1125 non
1119 1069 1376 1139 gravatim
1405 1069 1524 1125 tulit
1565 1069 1702 1138 quod
1730 1069 1796 1123 ab
1821 1083 1882 1124 ea
1913 1077 2218 1138 peteretur:

659 1159 753 1213 sed
792 1168 846 1214 et
877 1159 993 1228 plus
1019 1175 1173 1227 quam
1217 1160 1435 1228 petitum
1462 1169 1571 1215 erat
1617 1159 1879 1213 concessit
1911 1168 2006 1213 :et
2042 1168 2222 1227 potum

659 1248 824 1314 dedit,
859 1258 914 1302 ut
940 1248 1173 1318 petebat,
1204 1257 1363 1316 atque
1389 1262 1451 1300 ex
1483 1247 1656 1315 seipsa
1683 1248 1841 1302 etiam
1872 1248 2106 1302 camelos
2128 1262 2224 1316 po-

661 1349 776 1399 tare
799 1339 1030 1395 festinat.
1073 1341 1344 1399 Annuerat
1370 1341 1510 1394 enim
1538 1339 1796 1409 benignus
1824 1341 1964 1395 Deus
1998 1341 2226 1410 patriar-

661 1430 776 1485 cha:
803 1430 1064 1498 precibus,
1085 1430 1377 1498 angeloque
1405 1431 1710 1494 suomisso,
1729 1431 1904 1486 omnia
1936 1431 2022 1485 illa
2048 1432 2230 1500 (Περο-

662 1521 768 1578 suit
797 1520 908 1575 licri
947 1521 1082 1575 sicut
1107 1534 1293 1574 servus
1328 1520 1604 1586 petiverat.
1635 1519 1763 1577 Dein
1795 1529 2075 1590 postquam
2104 1520 2232 1574 vidit

665 1627 722 1666 re
751 1611 862 1680 ipsa
891 1625 1077 1679 preces
1105 1608 1418 1677 patriarcha:
1437 1608 1705 1673 efficaces,
1735 1618 1789 1663 et
1815 1610 2044 1667 obtinuit
2069 1609 2230 1678 virgi-

672 1716 792 1755 nem
819 1715 974 1770 quam
1001 1699 1236 1768 optabat,
1267 1697 1508 1766 illiusque
1533 1698 1775 1751 eximiam
1800 1698 1928 1751 vidit
1955 1698 2234 1767 hospitali-

668 1798 861 1854 tatem,
910 1788 1030 1842 vide
1073 1787 1200 1857 quid
1245 1787 1331 1851 fit;
1363 1787 1488 1843 dicit
1527 1786 1705 1841 enim:
1738 1786 1826 1840 20.
1872 1785 2151 1840 Festinavit
2193 1796 2236 1840 et

669 1886 923 1938 eraeuauit
966 1901 1148 1952 aquam
1188 1883 1239 1936 in
1259 1883 1459 1939 canaies
1480 1923 1496 1947 ,
1526 1893 1571 1938 et
1596 1883 1810 1937 cucurrit
1832 1882 1898 1932 ad
1929 1890 2154 1949 puteum,
2184 1887 2239 1930 ut

664 1975 895 2033 hauriret
934 1991 1151 2044 aquam,
1174 1984 1220 2028 et
1247 1975 1444 2044 aquarit
1485 1991 1652 2028 omnes
1691 1973 1907 2026 cantelos
1948 1974 2074 2041 ejus.
2106 1969 2241 2024 Vide

667 2066 1146 2135 locupletissimum
1171 2065 1658 2134 promptitudinem.
1675 2065 1777 2119 Per
1800 2063 1903 2119 hoc
1931 2064 2071 2118 enim
2098 2060 2240 2131 quod

675 2153 1066 2223 ait,Festinavit,
1077 2166 1121 2210 et
1131 2157 1381 2210 emanavit
1395 2157 1697 2232 hydriam,et
1709 2155 1922 2213 cucurrit
1935 2153 2002 2207 ad
2017 2162 2238 2224 pulsum,

681 2257 1000 2302 monstratur
1044 2249 1230 2316 puellae
1269 2262 1476 2302 summa
1518 2247 1763 2304 alacritas
1793 2264 1806 2300 :
1837 2247 1960 2316 quia
1990 2258 2163 2314 neque
2189 2252 2246 2300 ut

680 2340 849 2392 aliena
877 2339 1109 2408 aufugit,
1151 2354 1320 2408 neque
1345 2347 1602 2406 praetextu
1644 2337 1980 2392 continentia:
2003 2333 2248 2405 petitioni

678 2429 895 2486 renuit:
936 2430 1030 2483 sed
1077 2444 1198 2484 cum
1243 2430 1405 2483 multa
1453 2427 1859 2483 mansuetudine
1904 2427 2105 2496 inquit,
2155 2423 2244 2478 18.

678 2517 821 2581 Bibe,
850 2517 1067 2572 domine.
1097 2519 1300 2587 Cogita,
1328 2519 1569 2583 obsecro,
1595 2526 1788 2587 quanta
1819 2516 1978 2570 etiam
2006 2529 2068 2570 ea
2096 2522 2250 2569 atate

680 2608 839 2665 fuerit
862 2608 1200 2662 conuiuentiae
1236 2608 1502 2676 diligentia
1523 2649 1535 2672 ,
1565 2618 1618 2662 et
1647 2607 1920 2660 modestia:
1961 2604 2247 2660 eminentia

684 2697 1162 2768 hospitalitatisque
1183 2698 1494 2767 frequentia.
1517 2696 1718 2763 Quibus
1743 2696 1900 2765 igitur
1919 2694 2110 2764 opibus
2139 2693 2255 2749 hate

582 2828 591 2834 .
686 2803 790 2853 non
819 2797 943 2843 sunt
967 2789 1320 2863 pretiosiora?
1344 2789 1536 2858 quib'us
1567 2787 1829 2842 thesauris
1859 2786 1974 2840 haec
2001 2799 2104 2839 non
2131 2786 2256 2839 sunt

687 2877 1047 2948 pratferenda?
1074 2878 1198 2937 llaec
1239 2893 1442 2933 summa
1468 2878 1565 2932 dos
1589 2918 1602 2941 ,
1629 2877 1741 2931 haec
1778 2876 2056 2930 innumera
2079 2875 2213 2930 bona
2239 2915 2254 2940 ,

687 2967 802 3027 haec
845 2968 1126 3023 thesaurus
1171 2969 1261 3038 qui
1305 2984 1409 3022 non
1459 2968 1808 3024 consumitur.
1855 2967 2055 3023 Videns
2101 2967 2261 3036 igitur

689 3060 923 3130 prudens
967 3075 1152 3115 servus
1196 3059 1529 3115 manifestam
1570 3060 1660 3114 Dei
1713 3058 2128 3128 providentiam,
2163 3056 2258 3111 ‘21.

691 3148 925 3206 Discebat
950 3167 1081 3216 eant,
1113 3150 1320 3219 inquit,
1349 3159 1394 3204 et
1422 3151 1619 3215 silebat,
1653 3159 1704 3202 ut
1729 3150 1875 3203 sciret
1903 3164 2264 3219 prosperumne

693 3241 887 3313 fecisset
918 3239 1162 3294 Dominus
1201 3241 1294 3293 iter
1319 3255 1498 3304 suum,
1527 3256 1594 3291 an
1635 3255 1755 3291 non.
1782 3238 1917 3305 Quid
1965 3246 2047 3292 est
2097 3237 2222 3292 illud
2243 3277 2259 3302 ,

691 3330 923 3389 Discebat
950 3345 1058 3383 eam
1079 3330 1104 3383 .9
1127 3329 1297 3385 Verba
1325 3330 1434 3398 ipsa
1471 3329 1662 3398 puella:
1710 3322 1992 3396 diligenter
2016 3326 2262 3382 conside-

694 3420 875 3485 rabat,
907 3428 1175 3488 aSpectum
1197 3459 1212 3484 ,
1263 3419 1524 3473 incessum
1550 3458 1565 3481 ,
1598 3416 1861 3480 habitum.
1889 3417 2098 3486 aliaque
2149 3430 2265 3469 om-

697 3508 783 3565 nia
815 3526 828 3562 :
861 3517 914 3563 et
939 3509 1305 3576 exspectabat,
1341 3505 1408 3561 Ut
1438 3507 1586 3559 sciret
1625 3521 1693 3558 an
1730 3521 2029 3575 prosperum
2073 3505 2268 3573 fecisset

703 3600 944 3656 Dominus
969 3600 1061 3652 iter
1079 3615 1244 3664 suum,
1263 3615 1328 3652 an
1355 3615 1475 3652 non.
1505 3597 1635 3652 Nam
1658 3595 1897 3666 qumjam
1925 3595 2061 3651 facta
2092 3603 2264 3659 erant,

697 3691 959 3760 insignem
988 3698 1042 3744 et
1081 3685 1364 3757 plurimam
1399 3687 1613 3756 virginis
1652 3686 1959 3743 indicabant
1997 3685 2264 3743 virtutem.

700 3781 765 3834 Et
789 3780 906 3834 ideo
931 3793 1277 3833 remunerans
1300 3777 1415 3846 ejus
1436 3775 1792 3830 obedientiam
1813 3784 1866 3829 et
1891 3790 2043 3845 aqua:
2068 3774 2270 3828 submi-

701 3871 1088 3933 nistrationem,
1121 3869 1471 3936 circumponit
1498 3868 1546 3922 ei
1567 3909 1581 3932 ,
1613 3866 1802 3935 inquit,
1829 3865 1917 3919 22.
1943 3865 2159 3922 Inaures
2179 3881 2272 3917 au-

701 3981 811 4017 reos
831 3972 875 4016 et
906 3963 1035 4016 duas
1056 3961 1301 4025 armillas,
1329 3969 1381 4014 et
1405 3959 1685 4028 diligenter
1705 3957 2033 4020 addiscebat,
2057 3972 2176 4025 quce
2203 3956 2271 4010 ad

702 4058 867 4123 ipsam
899 4055 1260 4123 pertinerent,
1282 4061 1336 4106 et
1364 4051 1582 4120 rogabat
1605 4090 1619 4114 ,
1649 4049 1738 4102 ‘23.
1763 4049 1920 4117 Cujus
1946 4064 1997 4100 es
2028 4047 2171 4115 lilia?
2195 4056 2270 4113 et,

707 4145 846 4202 Num
866 4154 936 4199 est
959 4143 1096 4212 apud
1126 4152 1318 4209 putrem
1341 4150 1479 4194 tuum
1504 4140 1640 4192 locus
1660 4138 1961 4191 diversorii?
1984 4137 2270 4194 Considera

705 4247 760 4291 ct
794 4236 878 4290 hic
917 4234 1104 4305 puella:
1132 4247 1463 4301 responsum.
1492 4229 1622 4284 Nam
1652 4233 1788 4283 sicut
1814 4243 1933 4282 cum
1963 4243 2152 4297 aquam
2185 4243 2275 4296 pe-

709 4337 861 4393 teret,
885 4342 988 4381 non
1015 4326 1184 4380 solum
1206 4339 1323 4379 eam
1348 4322 1523 4388 dedit,
1554 4321 1648 4376 sed
1669 4331 1721 4377 et
1745 4320 1980 4375 camelos
2009 4320 2150 4374 illius
2178 4336 2273 4388 po—

709 4419 835 4472 tavit
867 4434 880 4471 :
912 4417 980 4471 ita
1007 4424 1061 4471 et
1086 4415 1170 4469 hic
1191 4456 1204 4476 ,
1236 4423 1457 4484 rogante
1481 4427 1636 4467 servo
1656 4453 1670 4478 ,
1697 4427 1820 4465 num
1845 4418 1988 4464 esset
2012 4411 2160 4464 locus
2179 4450 2195 4475 ,
2225 4416 2279 4464 et

706 4510 858 4578 Cujus
887 4516 1030 4563 esset
1056 4507 1160 4560 lilia
1189 4546 1202 4570 ,
1231 4505 1437 4573 inquit,
1466 4503 1554 4557 24.
1582 4503 1719 4556 Filia
1748 4519 1857 4555 sum
1897 4501 2159 4556 Bathuelis
2185 4501 2279 4568 ﬁlii

711 4599 959 4662 Mclchaz,
986 4613 1130 4666 quem
1156 4595 1345 4664 peperit
1373 4595 1470 4662 ipsi
1501 4591 1728 4645 Nachor.
1761 4591 1896 4645 Dicit
1923 4601 1976 4645 et
2001 4601 2201 4659 patrem
2226 4600 2279 4645 et

709 4703 863 4743 avum
887 4728 902 4753 ,
931 4696 988 4739 ut
1030 4685 1134 4740 illis
1162 4684 1386 4754 cognitis
1412 4684 1503 4738 ﬁat
1547 4682 1790 4737 alacrior.
1824 4681 1952 4735 Vide
1995 4682 2278 4737 candorem

711 4780 919 4846 puellas.
950 4779 1023 4832 De
1052 4784 1205 4847 patre
1226 4785 1459 4845 rogatur,
1489 4783 1544 4828 et
1571 4791 1674 4827 non
1702 4773 1874 4828 solum
1903 4772 2041 4826 hunc
2062 4773 2277 4836 indicat,

709 4869 803 4922 sed
848 4878 902 4923 et
933 4878 1133 4936 patrem
1163 4869 1344 4936 patris.
1375 4865 1584 4922 Etcum
1616 4872 1856 4934 rogasset
1882 4877 2068 4918 servus
2109 4863 2280 4917 solum

712 4977 778 5013 an
821 4969 961 5014 esset
1004 4961 1152 5014 locus
1200 4959 1497 5014 divertendi
1527 5000 1538 5021 ,
1570 4959 1656 5011 illa
1693 4955 2072 5012 addiditzNon
2111 4956 2280 5010 solum

714 5053 882 5116 locus,
907 5051 998 5105 sed
1020 5050 1108 5106 25.
1135 5049 1202 5103 Et
1224 5054 1410 5120 {mnum
1430 5062 1475 5103 et
1505 5049 1739 5117 pabulum
1766 5048 1980 5101 multum
2007 5047 2144 5115 apud
2175 5061 2286 5100 nos.

717 5143 839 5196 llmc
881 5151 939 5195 ut
967 5140 1166 5196 audivit
1190 5157 1404 5209 servus,
1431 5140 1720 5195 admiratus
1760 5149 1844 5195 est
1885 5140 2071 5192 miram
2101 5146 2151 5191 et
2187 5137 2293 5188 lar-

717 5247 835 5300 gam
875 5232 1064 5299 puclla:
1108 5231 1551 5300 hospitalitatem.
1601 5231 1663 5284 Et
1687 5239 1746 5284 ut
1783 5230 1965 5284 didicit
1994 5244 2052 5283 se
2083 5242 2188 5280 non
2218 5226 2284 5280 ad

719 5325 927 5389 ignotos
957 5323 1214 5391 quosdam
1237 5325 1480 5388 venisse,
1510 5321 1602 5376 sed
1637 5321 1690 5374 iu
1717 5320 1931 5375 domum
1964 5317 2176 5373 Nachor
2199 5316 2286 5387 qui

721 5414 884 5468 lrater
903 5423 1018 5468 erat
1037 5415 1365 5483 patriarchae,
1395 5414 1485 5470 26.
1521 5412 1634 5466 Hoc
1654 5429 1769 5467 cum
1793 5412 2058 5481 probaret,
2084 5410 2282 5480 inquit,

723 5507 867 5559 homo
896 5507 1122 5561 adorauit
1151 5505 1446 5560 Dominum.
1487 5505 1824 5560 Exhilaratus
1849 5504 1914 5556 iis
1942 5518 2056 5570 qua:
2086 5515 2287 5568 cogno-

722 5608 910 5664 verat,
936 5608 990 5653 et
1019 5599 1082 5652 iis
1113 5613 1228 5669 qua:
1271 5598 1368 5667 ipsi
1394 5599 1564 5667 puella
1589 5597 1814 5661 dixerat,
1845 5595 2086 5649 Adoravit
2116 5594 2291 5647 Domi-

726 5705 864 5754 tium,
897 5691 1192 5760 gratiasque
1236 5690 1308 5746 illi
1348 5690 1492 5761 egit,
1522 5704 1586 5746 eo
1615 5687 1752 5760 quod
1781 5689 1831 5744 in
1860 5686 2208 5758 patriarcham
2233 5695 2287 5741 et

1357 323 1415 378 S.
1444 324 1718 381 JOANNIS
1751 325 2228 382 CIIRVSOSTOMI
2256 327 2569 383 ARCHIEP.
2609 328 3140 385 CONSTANTINOP.

3781 324 3884 384 διο

2316 443 2370 494 in
2399 456 2458 495 se
2488 451 2686 497 tantam
2725 443 3049 497 declarasset
3073 441 3458 511 providentiam
3477 480 3493 504 ,
3525 449 3578 493 et
3606 439 3744 514 quod
3771 454 3888 495 om-

2317 530 2401 583 nia
2432 532 2583 598 plana
2613 541 2668 586 et
2705 531 2874 586 facilia
2907 532 2977 589 illi
3006 531 3359 586 reddidisset:
3389 540 3442 583 et
3469 529 3605 584 dixit
3631 547 3646 583 :
3668 531 3756 584 27.
3790 528 3890 584 Be-

2316 621 2541 675 nedictus
2570 620 2812 675 Dominus
2838 621 2976 674 Deus
3012 621 3203 674 domini
3233 621 3327 674 mei
3352 620 3605 674 Abraham
3629 661 3644 685 ,
3675 621 3762 689 qui
3788 636 3890 673 non

2317 709 2522 762 abstulit
2538 711 2794 780 justitiam
2819 727 2964 764 suam
2986 721 3029 766 et
3051 712 3301 763 ueritatem
3319 727 3350 765 a
3374 711 3577 763 domino
3597 725 3724 763 meo.
3749 709 3894 764 Post-

2320 815 2477 869 quam
2513 799 2640 854 vidit
2685 799 2871 868 puellai
2919 800 3378 862 benevolentiam,
3411 809 3465 854 et
3506 801 3573 853 ab
3621 814 3682 854 ea
3716 799 3894 852 omnia

2323 889 2598 944 manifeste
2626 889 2838 954 didicit,
2871 899 2996 944 tunc
3039 899 3093 945 et
3133 891 3246 958 ipse
3275 891 3464 959 puella:
3490 890 3753 960 significat
3777 891 3899 961 quis

2324 986 2466 1033 esset
2495 997 2509 1032 :
2536 987 2592 1033 et
2621 993 2714 1048 per
2744 981 3030 1049 gratiarum
3070 982 3333 1035 actionem
3371 980 3422 1034 in
3449 981 3611 1034 Deum
3640 981 3816 1050 palam
3849 981 3898 1034 ei

2329 1067 2450 1122 facit
2475 1083 2534 1122 se
2561 1085 2665 1122 non
2685 1084 2752 1123 ex
2797 1071 2968 1124 aliena
2997 1071 3156 1125 domo
3182 1072 3392 1137 venire,
3421 1072 3514 1126 sed
3548 1070 3770 1128 fratrem
3795 1071 3900 1126 Na-

2327 1156 2504 1211 choris
2524 1172 2644 1213 esse
2671 1173 2791 1212 eum
2822 1160 2909 1228 qui
2939 1160 3041 1214 huc
3067 1175 3124 1214 se
3164 1160 3416 1215 misisset.
3452 1159 3573 1214 llaec
3596 1160 3683 1213 ubi
3719 1159 3904 1215 didicit

2329 1245 2420 1300 28.
2451 1244 2664 1313 Puella,
2696 1263 2814 1303 cum
2866 1265 3052 1317 magna
3087 1250 3387 1318 voluptate,
3414 1252 3671 1314 cucurrit,
3711 1251 3900 1321 inquit.

2332 1334 2465 1389 Vide
2492 1337 2758 1408 quomodo
2787 1339 2839 1391 in
2868 1339 3088 1408 singulis
3133 1339 3369 1394 declaret
3418 1339 3570 1394 nobis
3624 1340 3905 1407 hospitali—

2335 1427 2456 1480 tatis
2501 1427 2823 1484 alacritatem
2850 1469 2867 1492 ,
2894 1444 3050 1483 cursu
3069 1470 3085 1492 ,
3118 1430 3292 1485 verbis
3311 1472 3324 1492 ,
3360 1431 3780 1484 mansuetudine.
3809 1431 3912 1482 Cu-

2336 1515 2490 1568 currit
2516 1515 2657 1569 enim
2678 1557 2693 1582 ,
2721 1517 2910 1586 inquit,
2939 1529 2984 1570 et
3007 1520 3321 1572 annuntiauit
3348 1520 3398 1572 in
3428 1520 3576 1573 domo
3606 1520 3780 1575 matris
3806 1535 3914 1575 sua:

2327 1607 2477 1674 juxta
2497 1606 2642 1660 verba
2667 1608 2792 1660 hinc.
2824 1607 3008 1661 Omnia
3026 1625 3140 1677 qua
3161 1610 3420 1664 audiuerat
3450 1626 3480 1663 a
3511 1625 3694 1675 servo,
3721 1626 3917 1680 paren-

2341 1694 2479 1748 tibus
2524 1695 2856 1765 signiﬁcavit.
2897 1696 2986 1751 29.
3032 1698 3096 1752 Et
3131 1701 3384 1762 cucurrit,
3409 1701 3578 1769 inquit
3603 1743 3616 1766 ,
3651 1699 3824 1754 Labori
3849 1705 3918 1757 ad

2341 1787 2588 1840 hominem
2622 1791 2761 1859 {oras
2786 1789 2853 1842 ad
2872 1789 3080 1858 fontem.
3107 1789 3240 1845 Vide
3269 1789 3535 1860 quomodo
3561 1802 3614 1844 et
3644 1790 3731 1844 hic
3757 1803 3919 1844 cursu

2343 1877 2662 1932 desiderium
2692 1894 2846 1933 suum
2875 1889 3134 1935 monstret
3159 1882 3230 1950 (υ.
3264 1880 3378 1948 50).
3411 1880 3478 1934 Et
3504 1890 3555 1933 ut
3581 1880 3711 1934 vidit
3744 1881 3922 1934 homi-

2345 1983 2464 2022 nem
2497 1977 2722 2022 stantem
2743 1969 2883 2038 apud
2925 1969 3122 2024 fontem
3144 1985 3263 2024 cum
3285 1971 3502 2026 camelis
3527 2013 3541 2037 ,
3563 1971 3652 2024 δι.
3674 1970 3814 2023 Dixit
3832 1972 3877 2023 ei
3904 1987 3923 2025 :

2355 2055 2498 2124 Veni,
2527 2058 2804 2126 ingredere;
2835 2058 3118 2113 benedictus
3144 2059 3386 2113 Dominus
3407 2075 3530 2112 :cur
3553 2061 3681 2130 {oris
3700 2060 3881 2114 stetisti
3899 2059 3926 2114 .’

2347 2145 2457 2216 Ego
2481 2147 2704 2216 disposui
2719 2149 2921 2202 domum
2943 2160 2990 2202 et
3010 2150 3173 2202 locum
3192 2151 3414 2203 camelis.
3432 2149 3563 2204 Vide
3576 2159 3629 2203 et
3656 2151 3796 2205 hunc
3826 2150 3895 2204 be
3908 2175 3929 2189 -

2349 2239 2679 2294 nediccntem
2704 2240 2869 2295 Deum
2897 2240 2946 2294 in
2978 2240 3211 2295 adventu
3242 2241 3541 2311 peregrini,
3579 2250 3632 2296 et
3656 2241 3929 2310 quomodo

2349 2337 2630 2398 antequam
2660 2328 3078 2398 hospitalitatem
3111 2331 3356 2400 impleret
3380 2345 3560 2399 opere,
3596 2330 3776 2385 multis
3806 2346 3930 2384 eum

2351 2418 2593 2472 hortatus
2621 2429 2722 2472 est.
2761 2417 2904 2482 Veni,
2933 2420 3120 2489 inquit,
3151 2419 3412 2490 ingredere
3442 2435 3460 2473 :
3481 2419 3589 2488 jam
3617 2420 3763 2474 enim
3793 2418 3934 2479 1³ης

2353 2509 2525 2577 paravi
2550 2510 2750 2561 domum
2790 2519 2834 2562 et
2861 2510 3024 2563 locum
3043 2510 3268 2564 camelis.
3300 2509 3500 2566 Deinde
3544 2510 3787 2580 ingresso
3820 2525 3888 2565 eo
3913 2552 3933 2579 ,

2356 2599 2524 2669 inquit
2554 2618 2567 2653 :
2600 2599 2687 2654 52.
2716 2598 2966 2654 Destraoit
3009 2601 3226 2657 camelos
3271 2608 3317 2656 et
3366 2601 3499 2656 dedit
3527 2601 3698 2670 paleas
3721 2641 3740 2669 ,
3769 2612 3817 2655 et
3837 2605 3932 2673 ι’ωο

2356 2706 2493 2754 num,
2517 2699 2563 2742 et
2587 2707 2798 2760 aquam,
2826 2701 2881 2743 ut
2908 2690 3192 2744 lavarentur
3220 2693 3370 2760 pedes
3395 2693 3522 2760 ejus.

2429 2781 2482 2834 5.
2514 2780 2641 2834 Vide
2661 2781 2928 2851 quomodo
2954 2781 3006 2834 hi
3027 2783 3114 2852 qui
3154 2781 3327 2836 adhuc
3370 2796 3555 2836 errore
3601 2783 3937 2852 tenebantur,

2360 2885 2602 2940 magnam
2625 2849 2996 2940 hospitalitatis
3015 2849 3196 2928 curam
3209 2873 3453 2942 agebant.
3481 2872 3546 2927 Et
3567 2872 3704 2928 dedit
3727 2849 3942 2942 αφωηξ

2361 2972 2416 3015 ut
2445 2964 2736 3018 lavarentur
2760 2962 2910 3033 pedes
2938 2966 3068 3032 ejus,
3095 2975 3142 3018 et
3169 2965 3318 3032 pedes
3348 2965 3571 3018 virorum
3599 2973 3686 3034 qui
3726 2981 3842 3017 cum
3881 2979 3946 3023 eo

2364 3063 2524 3107 erant.
2553 3055 2641 3108 55.
2675 3054 2738 3107 Et
2760 3057 2996 3123 apposuit
3021 3055 3089 3110 eis
3117 3072 3271 3124 panes
3310 3056 3378 3109 ad
3416 3057 3798 3108 comedendum.
3834 3055 3944 3113 Sed

2369 3146 2453 3200 hic
2496 3146 2730 3209 attende,
2785 3146 3028 3211 obsecro,
3075 3161 3316 3216 magnam
3367 3145 3545 3202 famuli
3587 3145 3944 3214 prudentiam.

2366 3235 2502 3302 Quid
2523 3235 2664 3290 enim
2686 3236 2796 3289 ait?
2817 3233 2938 3288 Non
2959 3236 3236 3301 comedam,
3257 3235 3416 3290 donec
3437 3236 3617 3305 loquar
3636 3236 3789 3292 verba
3807 3251 3946 3294 mea.

2369 3324 2475 3378 Vos
2503 3325 2735 3395 quidem,
2762 3325 2949 3395 inquit,
2977 3324 3209 3384 officium
3231 3334 3470 3381 vestrum
3521 3326 3574 3382 in
3596 3340 3684 3380 me
3736 3327 3950 3395 prasti-

2371 3414 2506 3468 tistis
2535 3432 2549 3466 :
2579 3429 2678 3484 ego
2705 3425 2880 3470 autem
2910 3430 3241 3486 nequaquam
3272 3424 3426 3469 antea
3449 3416 3644 3488 quietis
3669 3430 3803 3472 mea:
3853 3430 3949 3470 ra-

2371 3511 2567 3566 tionem
2589 3511 2816 3575 habebo,
2859 3510 3032 3566 donec
3051 3525 3264 3566 causam
3291 3525 3384 3564 vos
3414 3509 3646 3564 docuero
3668 3550 3684 3572 ,
3729 3517 3955 3578 propter

2371 3618 2527 3672 quam
2550 3603 2601 3656 iu
2633 3601 2769 3658 hanc
2789 3603 2926 3657 viam
2953 3604 3053 3657 sim
3076 3602 3290 3669 missus,
3323 3610 3377 3656 et
3403 3617 3570 3671 quare
3590 3615 3620 3655 a
3647 3599 3951 3656 Chanaan

2375 3695 2478 3749 huc
2507 3695 2762 3759 venerim,
2786 3705 2839 3750 et
2856 3695 3124 3764 quomodo
3145 3694 3197 3748 in
3225 3694 3440 3748 domum
3461 3703 3691 3747 vestram
3720 3691 3824 3746 huc
3850 3694 3955 3745 du-

2375 3794 2492 3838 ctus
2517 3785 2637 3848 sim,
2669 3799 2732 3838 ac
2759 3799 2878 3838 cum
2923 3783 3098 3838 omnia
3127 3783 3436 3846 didit-eritis,
3467 3791 3592 3837 tunc
3626 3791 3682 3836 et
3707 3795 3802 3835 vos
3853 3797 3950 3837 vo-

2374 3886 2538 3930 stram
2563 3890 2686 3944 crga
2711 3876 2982 3929 dominum
3012 3891 3187 3930 meum
3222 3874 3647 3928 benevolentiam
3677 3873 3956 3929 declarare

2376 3968 2636 4037 poteritis.
2662 3965 3132 4035 Narrationemque
3158 3979 3314 4019 orsus
3338 3965 3408 4017 ait
3431 3964 3551 4020 :54.
3578 3963 3764 4017 Servus
3792 3963 3958 4016 Abra-

2377 4060 2456 4112 hae
2482 4075 2592 4112 sum
2617 4074 2706 4128 ego
2732 4073 2751 4111 :
2781 4057 2868 4112 55.
2899 4056 3147 4110 Dominus
3191 4066 3357 4109 autem
3400 4056 3650 4109 benedixit
3694 4055 3961 4108 dominum

2378 4166 2539 4207 meum
2567 4149 2730 4215 valde,
2764 4158 2810 4201 et
2841 4149 3040 4202 deditei
3066 4149 3081 4179 ⁸
3115 4164 3228 4201 oues
3272 4159 3318 4200 et
3359 4146 3560 4211 vitulos,
3588 4162 3767 4200 aurunt
3795 4155 3840 4199 et
3872 4163 3960 4202 ar-

2378 4254 2598 4314 gentum,
2632 4258 2799 4295 seruos
2819 4251 2865 4294 et
2894 4241 3128 4306 ancillas,
3160 4240 3376 4293 camelos
3419 4248 3467 4293 et
3508 4239 3698 4292 asinos.
3755 4238 3842 4292 56.
3895 4237 3962 4294 Et

2381 4335 2568 4403 peperit
2598 4332 2760 4388 Sarra
2779 4348 2905 4385 uxor
2927 4331 3115 4384 domini
3132 4332 3227 4383 mei
3245 4331 3409 4398 ﬁlium
3428 4345 3583 4382 unum
3601 4327 3802 4381 domino
3824 4345 3957 4391 meo.

2381 4441 2495 4478 cum
2520 4427 2628 4493 ipse
2647 4425 2761 4491 jam
2790 4423 3052 4483 senuisset,
3085 4430 3133 4472 et
3163 4419 3298 4472 dedit
3319 4419 3397 4472 illi
3425 4419 3596 4472 omnia
3640 4433 3960 4486 quacumque

2383 4515 2576 4568 habuit.
2602 4514 2731 4568 Vide
2755 4512 3020 4584 quomodo
3041 4526 3160 4565 cum
3179 4509 3448 4579 diligentia
3475 4510 3650 4563 omnia
3665 4510 3740 4564 eis
3755 4520 3958 4562 narrat.

2385 4605 2532 4659 Illius
2560 4619 2698 4667 sum,
2745 4605 2933 4673 inquit,
2968 4601 3194 4656 Abraba:
3219 4616 3424 4667 servus,
3452 4615 3610 4670 quem
3644 4602 3830 4657 nostis.
3866 4599 3962 4653 Di-

2384 4699 2516 4751 scite
2548 4699 2724 4765 itaque
2747 4703 2993 4764 quantam
3021 4694 3088 4746 ab
3115 4694 3352 4746 omnium
3381 4691 3604 4744 Domino
3631 4689 3960 4744 benedictio-

2385 4806 2508 4846 nem
2533 4798 2887 4858 consequutus
2909 4787 2999 4849 sit,
3029 4786 3100 4840 ita
3131 4794 3185 4839 ut
3217 4783 3368 4837 valde
3395 4783 3461 4836 sit
3491 4782 3706 4836 ditatus.
3760 4782 3962 4837 Deinde

2385 4882 2582 4936 docens
2609 4881 2908 4935 divitiarum
2961 4877 3186 4945 capiam,
3243 4873 3448 4943 inquit:
3487 4870 3613 4926 Oves
3655 4881 3702 4924 et
3752 4871 3962 4936 vitulos,

2387 4983 2648 5045 argentum
2669 4982 2715 5026 et
2744 4985 2947 5034 aurum,
2976 4983 3140 5021 servos
3171 4978 3218 5020 et
3243 4964 3480 5028 ancillas,
3497 4962 3715 5016 camelos
3733 4972 3778 5014 et
3792 4963 3964 5018 asinos

2386 5066 2683 5136 acquisivit.
2715 5062 2927 5125 Audite,
2956 5060 3172 5124 divites,
3199 5059 3285 5125 qui
3312 5066 3386 5109 tot
3411 5066 3466 5110 et
3489 5053 3809 5124 totquotidie
3831 5053 3970 5107 emi-

2390 5159 2455 5212 tis
2477 5156 2693 5225 praedia,
2722 5163 2776 5208 et
2809 5153 2993 5207 balnea
3033 5165 3094 5204 ac
3134 5146 3505 5204 deambulacra
3555 5155 3608 5200 et
3662 5142 3973 5213 splendidas

2393 5252 2577 5306 domos
2603 5245 2896 5300 aedificetis.

2461 5340 2663 5394 Dicitur
2683 5353 2784 5391 non
2824 5335 2875 5387 in
2915 5332 3185 5402 super/luis
3212 5328 3577 5398 impendenda.
3619 5355 3690 5366 —
3719 5323 3922 5378 Videtis
3957 5366 3972 5391 ,

2393 5431 2448 5485 in
2475 5430 2666 5500 quibus
2689 5426 2884 5484 divitia:
2908 5425 3036 5494 justi
3079 5422 3273 5478 fuerint
3312 5417 3652 5477 constitutis?
3700 5415 3971 5485 Nusquam

2455 5562 2472 5588 ³
2501 5558 2583 5607 Sic
2607 5557 2755 5604 etiam
2781 5553 2827 5600 in
2852 5553 3002 5601 Savil.
3044 5551 3098 5600 lu
3137 5555 3280 5613 testu
3303 5561 3432 5613 vero
3452 5544 3769 5613 septuaginta
3805 5544 3973 5601 inter-

2393 5606 2586 5680 pretum
2607 5616 2688 5665 hic
2711 5616 2917 5680 ell‘ertur
2936 5627 3139 5680 sensus,
3153 5606 3514 5680 ..._._Benet_tia:it.
3534 5606 3786 5680 Domuum
3808 5619 3972 5660 meum

2394 5670 2550 5739 i'aldc,
2575 5686 2618 5730 et
2643 5676 2884 5729 exaltalus
2905 5682 2974 5725 est
2999 5676 3100 5736 (καὶ
3123 5671 3333 5735 ὑψώθη),
3354 5677 3398 5720 et
3419 5670 3554 5721 dedit
3575 5670 3638 5726 ei.
3667 5675 3765 5720 etc.
