4178 6328
183 386 272 443 ιιι
1149 393 1216 452 IN
1250 396 1401 454 CAP.
1447 395 1637 454 XXIV.
1675 396 1921 457 GENES.
1959 401 2192 463 1103111..
2234 406 2467 467 XLVIII.

179 518 324 575 ager,
349 517 616 576 umquam
637 504 854 573 domus,
875 514 931 563 et
952 520 1342 578 supervacanea
1365 511 1770 580 sumptuositas:

185 596 280 653 sed
299 611 428 654 oves
453 606 509 653 et
530 598 718 665 vituli,
745 600 938 662 cameli
980 610 1035 655 et
1060 604 1225 657 asina:
1246 642 1267 669 ,
1286 602 1429 658 servi
1469 611 1523 660 et
1545 603 1772 659 ancilla.

186 685 252 741 Et
277 694 332 741 ut
356 687 555 754 discas,
582 701 861 744 servorum
889 689 1172 745 multitudo
1196 690 1338 746 unde
1361 684 1416 747 ei
1450 693 1732 762 contigerit
1756 731 1773 757 ,

185 777 388 831 addidit
412 776 518 832 alio
547 776 709 833 loco:
750 778 1027 835 Vernaculi
1073 796 1259 841 omnes
1307 793 1458 837 erant
1483 784 1502 851 (
1532 782 1660 837 Gen.
1686 781 1775 837 l7.

185 864 302 935 23).
334 866 432 922 Hic
458 866 637 937 igitur,
669 868 858 940 inquit,
884 869 1133 926 dominus
1176 886 1352 937 meus,
1386 873 1468 926 cui
1512 880 1673 927 tanta
1695 872 1777 927 fs-

186 953 413 1009 Cultates
437 962 582 1019 sunt,
608 963 664 1010 et
690 956 781 1026 qui
811 957 1029 1011 multam
1051 972 1282 1027 superne
1300 960 1524 1029 gratiam
1550 960 1776 1030 invenit,

186 1043 400 1113 quando
422 1043 534 1113 jam
563 1047 741 1102 senuit
767 1088 785 1114 ,
814 1062 881 1102 ex
919 1043 1077 1103 Sarra
1112 1047 1276 1103 lilium
1304 1051 1577 1120 suscepit,
1605 1052 1778 1106 hunc-

188 1149 292 1203 que
321 1133 528 1191 habens
548 1137 899 1208 unigenitum,
927 1140 1098 1208 ipsum
1123 1139 1374 1195 heredem
1391 1141 1627 1196 omnium
1650 1157 1778 1196 suo-

183 1239 301 1278 rum
330 1224 444 1294 jam
473 1228 786 1283 constituit:
812 1229 1007 1298 quippe
1035 1226 1223 1284 Omnia
1251 1231 1389 1284 dedit
1415 1233 1494 1286 illi
1520 1248 1777 1302 quaecum-

182 1330 279 1382 que
297 1315 497 1372 habuit.
528 1315 657 1372 Dein
690 1328 967 1389 postquam
988 1321 1222 1374 narravit
1245 1319 1445 1376 domini
1468 1322 1711 1392 gloriam,
1726 1333 1779 1378 et

184 1404 350 1460 Isaaci
380 1417 612 1475 partum,
636 1409 765 1463 dicit
805 1411 1020 1481 insuper
1038 1418 1094 1465 et
1122 1410 1371 1465 mandata
1400 1427 1518 1481 qua:
1552 1426 1780 1481 accepe-

178 1505 263 1549 rat
292 1494 360 1549 ab
392 1495 523 1553 hero
550 1513 669 1565 suo,
694 1509 750 1554 ut
774 1500 828 1554 in
853 1499 1089 1556 Charran
1113 1502 1562 1572 proficisceretur.
1590 1504 1679 1559 57.
1710 1502 1779 1558 Et

178 1585 441 1653 adiurauit
467 1603 565 1653 me,
588 1589 775 1659 inquit,
807 1590 1043 1645 dominus
1061 1594 1221 1658 m'eus,
1246 1592 1416 1647 dicens
1445 1610 1466 1647 :
1490 1592 1610 1647 Non
1637 1593 1779 1647 acci-

180 1675 291 1742 pies
310 1691 522 1730 uxorem
559 1679 669 1747 ﬁlio
692 1695 801 1733 meo
829 1678 982 1734 Isaac
1006 1681 1069 1736 de
1093 1682 1322 1736 omnibus
1341 1682 1544 1751 ﬁliabus
1573 1683 1780 1738 Chatta-

180 1780 411 1820 ua'ontm
436 1808 451 1831 ,
482 1768 611 1822 inter
650 1785 776 1840 quos
818 1788 908 1840 ego
962 1772 1130 1825 habito
1156 1789 1175 1827 :
1212 1773 1302 1828 38.
1345 1773 1435 1827 sed
1472 1775 1525 1827 in
1574 1774 1782 1828 domum

181 1858 344 1924 patris
390 1859 487 1912 mei
514 1860 660 1927 vade,
710 1870 756 1913 et
808 1861 877 1913 ad
902 1863 1248 1932 cognationem
1293 1879 1477 1930 nteant,
1507 1863 1627 1918 inde
1649 1864 1783 1918 acci-

177 1947 290 2016 pies
310 1964 522 2003 mrem
548 1949 657 2018 ﬁlio
679 1967 809 2006 meo.
840 1952 906 2006 Et
930 1952 1046 2022 ipse
1073 1953 1287 2024 quidem
1321 1954 1439 2009 hmo
1472 1955 1604 2009 mihi
1632 1970 1786 2009 man-

179 2037 349 2104 davit,
378 2053 480 2108 ego
508 2051 687 2096 autem
707 2042 1069 2099 difficultatem
1100 2046 1294 2115 negOtii
1314 2061 1521 2103 mecum
1549 2062 1781 2116 perpen-

181 2127 342 2193 dens,
368 2129 623 2200 rogabam
665 2131 940 2186 dominum
973 2148 1147 2189 meum
1172 2135 1191 2207 (
1217 2152 1264 2189 υ.
1313 2136 1446 2205 59),
1477 2136 1523 2190 si
1550 2152 1654 2191 non
1685 2151 1783 2191 vo-

180 2220 342 2275 luerit
371 2222 564 2278 mulier
591 2223 771 2278 venire
799 2240 1029 2279 mecum.
1088 2226 1180 2280 40.
1212 2225 1281 2279 Et
1314 2228 1441 2281 dixit
1470 2228 1597 2281 mihi
1627 2243 1647 2283 :
1676 2226 1782 2282 Do-

181 2312 353 2365 minus
381 2308 523 2365 Deus
543 2312 626 2366 cui
662 2314 943 2383 complacui
963 2331 1134 2368 coram
1162 2331 1243 2381 eo,
1286 2317 1392 2386 ipse
1433 2318 1594 2372 mittet
1628 2334 1787 2389 augeo

184 2404 293 2453 tuin
323 2417 472 2454 suum
496 2411 661 2457 tecum
680 2444 696 2468 ,
720 2411 767 2457 et
798 2420 1093 2474 prosperum
1116 2405 1266 2474 faciet
1293 2406 1388 2459 iter
1412 2416 1555 2461 tuum
1575 2448 1591 2476 ,
1624 2417 1671 2462 et
1698 2425 1787 2461 ac-

179 2490 341 2559 cipies
370 2507 579 2545 uxorem
609 2492 716 2560 ﬁlio
744 2509 875 2559 meo,
905 2510 968 2548 ea:
992 2495 1295 2564 cognatione
1323 2513 1455 2561 mea,
1473 2505 1520 2550 et
1548 2513 1611 2551 ea:
1634 2497 1784 2552 domo

180 2581 347 2650 patris
375 2581 495 2634 mei.
549 2581 701 2649 Quod
746 2583 790 2636 si
818 2598 924 2638 non
955 2586 1186 2653 potuerit
1230 2587 1536 2656 persuaderi
1567 2588 1784 2655 mulier,

182 2681 238 2724 ut
262 2680 438 2725 tecum
467 2671 572 2725 huc
586 2671 1064 2742 proﬁciscatur,41.
1089 2671 1235 2729 Tunc
1251 2676 1489 2731 innocens
1506 2677 1604 2731 eris
1628 2694 1658 2729 a
1684 2693 1788 2730 ma-

181 2760 456 2815 !eds'ctione
484 2777 616 2815 mea.
641 2762 804 2831 Igitur
827 2764 1076 2818 dominus
1101 2765 1315 2834 quidem
1339 2766 1453 2820 huic
1482 2766 1611 2820 milti
1631 2781 1784 2821 man-

182 2848 365 2915 davit,
405 2860 460 2904 et
488 2850 669 2905 talium
722 2868 935 2921 precum
964 2854 1152 2907 viatico
1200 2870 1283 2907 me
1334 2855 1649 2908 instructum
1679 2854 1785 2909 huc

183 2940 337 2993 misit
368 2954 387 2993 :
419 2954 516 3009 ego
535 2949 712 2995 autem
743 2940 908 2995 fretus
929 2942 1069 2996 illius
1092 2943 1357 3011 precibus,
1381 2944 1469 2997 ubi
1485 2943 1552 2998 ad
1582 2944 1783 2999 fontem

185 3032 332 3098 veni,
364 3030 480 3086 lucc
520 3032 679 3087 verba
716 3033 967 3102 loquutus
995 3048 1147 3099 sum,
1181 3045 1235 3088 et
1263 3033 1371 3088 dixi
1404 3052 1416 3086 :
1450 3034 1537 3088 42.
1567 3032 1787 3089 Domine

187 3120 330 3175 Deus
376 3122 571 3175 domini
622 3123 719 3176 mei
757 3121 1012 3176 Abraham
1044 3163 1059 3188 ,
1107 3123 1153 3177 si
1214 3134 1268 3176 tu
1319 3140 1615 3194 prosperum
1658 3124 1786 3194 facis

185 3212 282 3265 iter
312 3226 414 3280 quo
442 3227 576 3265 nunc
600 3212 722 3266 abeo
762 3228 783 3266 :
831 3212 922 3267 45.
954 3211 1088 3266 Ecce
1127 3228 1217 3283 ego
1244 3222 1320 3266 sto
1350 3212 1490 3283 apud
1513 3217 1705 3283 fontem
1729 3229 1787 3266 a-

189 3316 305 3368 qua
328 3319 348 3365 ,'
398 3301 521 3369 ﬁlia
562 3312 732 3355 autem
761 3301 1022 3354 hominum
1049 3301 1204 3372 hujus
1231 3302 1445 3356 civitatis
1470 3302 1788 3372 egredientur

190 3391 259 3443 ad
301 3391 640 3445 hauriendam
664 3408 873 3462 aquam.
925 3391 988 3445 Et
1015 3393 1108 3446 erit
1130 3393 1292 3463 uirgo,
1321 3393 1404 3446 cui
1430 3409 1521 3463 ego
1560 3394 1737 3447 dixero
1767 3408 1787 3447 :

194 3477 415 3551 Porrige
444 3481 565 3534 mihi
591 3497 772 3549 parum
798 3471 943 3549 aqua:
967 3498 1030 3535 ea:
1071 3483 1255 3553 hydria
1293 3492 1378 3537 tua
1406 3500 1425 3549 ;
1452 3485 1542 3537 44.
1575 3484 1619 3538 si
1643 3484 1789 3538 dime-

160 3619 168 3625 .
192 3572 260 3624 rit
280 3571 433 3637 mihi,
468 3570 537 3624 Et
562 3580 617 3624 tu
641 3571 770 3637 bibe,
799 3581 845 3624 et
870 3573 1087 3627 camelos
1118 3582 1228 3627 tuos
1254 3576 1450 3644 aquabo
1491 3591 1512 3629 :
1555 3576 1668 3640 ipsa
1695 3576 1788 3628 erit

194 3679 329 3717 me
350 3679 503 3731 quam
530 3664 828 3731 preparasti
852 3680 992 3716 servo
1022 3672 1109 3716 tuo
1133 3662 1305 3718 Isaac.
1335 3664 1403 3718 Et
1430 3666 1483 3719 in
1510 3666 1605 3720 hoc
1630 3667 1789 3721 sciam

194 3752 333 3821 quod
359 3753 539 3820 feceris
565 3752 961 3806 misericordiam
989 3755 1193 3807 domino
1222 3771 1331 3808 meo
1359 3756 1635 3809 Abraham.
1662 3756 1788 3811 Huic

195 3856 296 3913 ego
320 3845 555 3913 quidem,
586 3844 774 3913 inquit,
803 3845 941 3913 apud
985 3848 1355 3915 memetipsum
1390 3848 1553 3902 Deum
1575 3850 1786 3919 rogavi;

197 3934 435 3988 nondum
474 3942 649 3988 autem
702 3935 860 3988 tinem
914 3935 1143 3990 feceram
1182 3937 1268 3991 illa
1295 3938 1504 3992 dicendi
1527 3980 1541 4005 ,
1576 3951 1631 3994 ct
1655 3955 1790 3994 con-

200 4024 376 4078 festim
426 4024 711 4095 adimpleta
763 4035 905 4079 sunt.
954 4026 1044 4082 b5.
1079 4025 1219 4080 Nam
1264 4028 1559 4097 priusquam
1591 4046 1683 4099 ego
1711 4030 1792 4082 di-

198 4116 343 4169 cendi
372 4117 529 4183 ﬁnem
554 4120 769 4186 facerem
797 4158 813 4183 ,
842 4134 955 4171 ecce
1003 4119 1226 4174 Rebecca
1270 4120 1389 4173 exiit
1413 4136 1597 4189 aquam
1624 4124 1791 4191 ferens

201 4206 253 4258 in
297 4208 518 4260 humeris
564 4208 688 4261 suis.
728 4207 966 4261 Dicebam
1020 4218 1186 4261 autem
1216 4211 1261 4262 ei
1287 4226 1306 4263 :
1338 4209 1415 4263 Da
1442 4211 1567 4263 milti
1594 4221 1787 4278 potum.

201 4293 291 4348 46.
310 4294 371 4348 Et
397 4295 683 4350 accelerans
712 4296 942 4367 deposuit
964 4299 1198 4369 hydriam
1223 4316 1387 4366 suam,
1406 4313 1452 4353 et
1478 4302 1605 4355 dixit
1631 4301 1789 4355 mihi:

200 4383 325 4439 Bibe
348 4398 393 4440 et
420 4396 475 4439 tu
497 4428 513 4453 ,
547 4398 593 4441 et
636 4388 854 4443 camelos
882 4400 992 4444 tuos
1044 4391 1259 4460 aquabo.
1312 4391 1377 4445 Et
1405 4407 1524 4446 cum
1551 4394 1788 4449 viderem

200 4475 303 4543 jam
334 4476 636 4531 evidentem
677 4478 790 4533 fieri
824 4478 916 4533 Dei
946 4481 1329 4549 providentiam
1351 4523 1365 4546 ,
1397 4484 1788 4554 interrogabam

203 4565 352 4634 cujus
379 4577 522 4621 esset
552 4567 677 4621 lilia.
707 4568 776 4622 Et
800 4578 857 4622 ut
881 4570 1039 4625 didici
1066 4587 1130 4625 ex
1153 4572 1216 4625 iis
1242 4588 1359 4640 qua:
1385 4572 1540 4639 dixit,
1571 4589 1655 4629 me
1684 4590 1790 4629 non

205 4656 269 4708 ad
300 4656 507 4710 alienos
537 4658 763 4723 venisse,
793 4659 887 4712 sed
921 4660 970 4711 in
1000 4659 1216 4714 domum
1250 4660 1461 4716 Nachor
1486 4662 1664 4719 fratris
1692 4664 1791 4719 do-

208 4748 331 4799 mini
363 4749 492 4815 mei,
520 4758 729 4817 sumpta
755 4765 851 4819 spe
874 4750 1033 4816 bona,
1067 4753 1154 4806 47.
1186 4753 1421 4823 Appendi
1449 4756 1495 4807 ei
1522 4757 1723 4811 inaures
1746 4768 1792 4811 et

206 4841 451 4904 armillas,
482 4850 529 4893 et
551 4856 664 4893 cum
684 4841 779 4894 hoc
808 4842 1045 4910 placeret,
1082 4844 1171 4898 48.
1201 4846 1409 4898 adoravi
1437 4845 1731 4915 Dominum,
1749 4858 1793 4902 et

206 4930 434 4982 benedixi
464 4929 629 4983 Deum
655 4935 847 4986 domini
892 4935 989 4987 mei
1035 4936 1311 5002 Abraham,
1351 4939 1470 5005 quia
1500 4952 1793 5009 prosperum

206 5020 328 5071 mihi
355 5021 446 5072 iter
462 5022 579 5088 fecit
601 5024 642 5088 ‘,
670 5034 724 5075 ut
748 5041 1049 5078 assumerem
1078 5028 1239 5095 ﬁliam
1268 5029 1443 5095 fratris
1459 5030 1652 5083 domini
1676 5034 1791 5087 mei.

215 5111 403 5164 \‘erum
436 5112 550 5167 inec
576 5115 645 5167 ita
671 5131 699 5167 a
734 5116 956 5169 Domino
996 5119 1271 5172 manifeste
1296 5120 1597 5187 dispensata
1635 5133 1790 5188 sunt;

212 5215 395 5266 preces
435 5203 635 5271 quippe
679 5204 876 5257 domini
918 5208 1021 5259 mei
1076 5218 1202 5262 tunc
1229 5210 1426 5263 exitum
1473 5212 1791 5267 habuerunt.

208 5291 470 5346 Cancrum
495 5310 590 5348 vos
618 5295 666 5349 si
696 5306 929 5350 vestrum
957 5299 1191 5354 omnium
1224 5302 1473 5370 impletis,
1504 5304 1591 5357 49.
1618 5304 1796 5359 Facite

211 5381 603 5436 misericordiam
624 5396 670 5438 et
697 5388 941 5450 iustitiam
969 5406 1078 5441 cum
1111 5391 1311 5444 domino
1344 5411 1479 5447 meo:
1499 5397 1577 5447 sin
1606 5397 1790 5463 minus,

215 5476 506 5528 annuntiale
526 5478 668 5530 mihi.
698 5477 814 5530 Jam
838 5479 987 5543 mihi,
1021 5481 1205 5548 inquit,
1240 5485 1552 5551 significate,
1579 5496 1632 5539 ut
1661 5488 1796 5541 scire

217 5563 411 5628 possim
440 5566 563 5633 quid
590 5579 831 5634 operient
861 5586 943 5623 me
975 5569 1164 5625 facere.
1199 5572 1347 5639 Quod
1392 5576 1437 5627 si
1475 5576 1652 5630 minus
1679 5578 1793 5640 pla-

215 5662 324 5719 CCI,
352 5664 403 5706 ct
428 5656 646 5725 idipstnn
669 5659 851 5726 dicite,
886 5672 941 5715 ut
966 5664 1070 5716 alio
1099 5664 1197 5717 iter
1225 5666 1434 5733 faciam,
1466 5678 1519 5722 et
1548 5669 1633 5721 Me
1664 5688 1758 5724 con

288 5766 304 5796 ι
337 5764 415 5813 llic
436 5772 738 5832 septuaginta
764 5778 911 5835 Inter;
927 5782 1063 5824 retcs
1080 5775 1275 5836 addunt,
1302 5776 1353 5827 in
1374 5776 1448 5829 ria
1470 5778 1699 5831 veritatis.

3369 414 3471 471 ιη

1880 527 2069 574 vertam
2095 522 2173 576 vel
2208 522 2279 576 ad
2302 523 2556 589 dextram,
2600 522 2677 578 vel
2699 522 2770 577 ad
2807 522 3085 578 sinistram.
3118 523 3309 580 Postea
3336 542 3472 593 quo-

1880 612 2023 666 niam
2048 614 2188 667 Deus
2224 623 2341 669 erat
2369 616 2459 685 qui
2491 615 2671 670 omnia
2702 624 2919 687 propter
2945 631 3131 686 preces
3146 616 3474 686 patriarcha:

1879 701 2231 768 secundabat,
2260 702 2445 759 dicunt
2477 704 2526 759 ei
2556 713 2707 773 pater
2734 714 2791 760 et
2825 705 2992 760 frater
3014 705 3236 775 virginis
3264 723 3279 758 :
3312 706 3403 761 50.
3431 707 3474 759 A

1880 793 2100 849 Domino
2143 796 2263 850 eaiit
2304 796 2503 851 verbum
2541 796 2636 851 hoc
2664 812 2684 851 :
2712 814 2813 851 non
2858 798 3133 867 poterimus
3162 797 3251 850 tibi
3275 807 3479 851 contra-

1880 883 2048 937 dicere
2073 886 2150 939 νει
2175 886 2365 940 malum
2406 886 2483 940 uel
2522 886 2728 939 bonum.
2756 886 2837 940 Ex
2880 887 3187 942 narratione
3233 896 3319 940 tua
3346 886 3479 940 satis

1882 971 2250 1042 intelligimus,
2284 975 2575 1031 totumhoc
2602 976 2777 1029 divina
2807 976 3206 1045 dispensatione
3233 976 3369 1030 tieri.
3404 975 3483 1030 Nc

1882 1064 2043 1134 igitur
2072 1074 2224 1133 putes
2267 1080 2365 1119 nos
2402 1065 2540 1120 velle
2564 1065 2837 1120 adversari
2868 1066 2932 1119 iis
2958 1080 3081 1135 qua
3110 1066 3221 1120 Deo
3246 1063 3484 1134 proban-

1883 1161 1969 1208 tur
1998 1172 2011 1206 :
2037 1154 2165 1209 illud
2191 1156 2333 1209 enim
2362 1155 2661 1212 facerenon
2691 1170 2993 1225 possumus.
3016 1156 3157 1210 Ecce
3184 1155 3348 1208 habes
3375 1155 3501 1225 vir-7

1881 1245 2057 1314 ginem
2084 1263 2098 1311 ;
2129 1246 2218 1300 5i.
2247 1246 2395 1301 Tolle
2432 1263 2561 1311 eam,
2586 1256 2631 1301 et
2653 1248 2999 1319 proﬁciscere,
3026 1260 3072 1302 et
3094 1249 3188 1301 erit
3218 1263 3349 1303 uiror
3373 1248 3484 1317 ﬁlio

1883 1334 2077 1388 domini
2102 1337 2194 1401 tui,
2222 1337 2352 1391 sicut
2376 1338 2611 1407 loquutus
2631 1347 2704 1393 est
2735 1336 3006 1392 Dominus.

1955 1426 2007 1481 6.
2029 1425 2317 1481 Historiam
2334 1426 2573 1482 Rebecca:
2599 1445 2758 1498 usque
2783 1428 2853 1482 ad
2872 1429 3033 1500 ipsius
3053 1434 3337 1500 profectum
3365 1443 3486 1497 pro-

1883 1519 2146 1586 sequitur;
2197 1519 2489 1572 narratione
2527 1521 2814 1587 exprimens
2860 1520 3107 1590 quidquid
3164 1522 3267 1575 sive
3307 1521 3478 1589 azdiﬁ-

1883 1607 2059 1661 candis
2099 1609 2202 1661 sive
2229 1608 2519 1662 erudiendis
2542 1609 2859 1663 auditoribus
2882 1611 3122 1665 inseruire
3150 1620 3330 1678 potest.
3373 1610 3480 1665 Sub

1887 1700 2040 1767 ﬁnem
2069 1699 2331 1765 homiliw,
2380 1700 2450 1752 ad
2494 1698 2733 1754 lsaacum
2770 1710 2817 1754 et
2865 1699 3142 1755 Rebeccam
3169 1701 3487 1756 tumulandus

1885 1792 2115 1848 hortatur
2144 1832 2158 1855 ,
2210 1791 2372 1846 malos
2431 1793 2512 1846 sui
2563 1793 2801 1862 temporis
2864 1792 3160 1863 nuptiarum
3209 1793 3339 1847 ritus
3393 1809 3485 1846 ar-

1884 1900 2061 1954 guens.
2114 1913 2187 1923 —
2238 1882 2457 1939 Vidistis
2526 1882 2796 1952 quomodo
2842 1884 3131 1940 studebant
3187 1885 3313 1939 olim
3364 1884 3487 1938 illius

1887 1974 1999 2028 suis
2030 1988 2224 2029 uxores
2248 1973 2491 2029 ducere?
2524 1973 2795 2043 quomodo
2821 1974 2993 2043 magis
3029 1973 3222 2029 animus
3262 1989 3489 2045 genero-

1886 2066 2120 2131 sitatem,
2152 2079 2308 2133 quam
2331 2079 2491 2133 opum
2514 2063 2893 2118 abundantiam
2926 2063 3313 2133 inquirebant?
3343 2063 3486 2120 Nus-

1887 2170 2043 2225 quam
2076 2155 2423 2210 iustrumenta
2446 2195 2461 2220 ,
2512 2168 2774 2223 nusquam
2816 2163 2966 2223 pacta
2990 2194 3007 2218 ,
3042 2162 3098 2209 et
3136 2154 3238 2209 alia
3264 2152 3487 2209 ridicula

1887 2261 2006 2314 qua:
2035 2261 2175 2304 nunc
2202 2244 2341 2313 apud
2374 2258 2470 2299 nos
2497 2243 2651 2309 ﬁunt,
2683 2252 2739 2299 et
2765 2244 3105 2300 conditiones
3132 2244 3239 2299 illae
3261 2260 3380 2313 qua:
3410 2254 3490 2297 ta-

1888 2336 2028 2391 bulis
2059 2337 2369 2391 inseruntur
2400 2351 2413 2387 :
2468 2336 2523 2391 Si
2551 2336 2755 2406 absque
2803 2336 2991 2392 liberis
3018 2378 3033 2403 ,
3066 2337 3260 2407 inquit,
3293 2336 3492 2392 moria-

1891 2436 1995 2490 tur,
2024 2426 2070 2481 si
2101 2426 2202 2481 hoc
2229 2435 2282 2481 et
2330 2426 2431 2480 hoc
2455 2427 2730 2495 contingat
2761 2442 2776 2480 :
2812 2442 2998 2481 verum
3038 2425 3177 2497 apud
3208 2426 3327 2481 illos
3356 2426 3490 2483 nihil

1890 2518 2014 2582 tale,
2066 2518 2160 2572 sed
2191 2517 2435 2570 maxima:
2456 2526 2508 2571 et
2545 2517 2899 2571 securissimus
2928 2517 3120 2571 tabula:
3149 2526 3301 2572 erant
3330 2516 3489 2586 virgi-

1890 2608 1972 2661 nis
2016 2620 2241 2661 mores:
2285 2621 2545 2674 nusquam
2593 2601 2838 2676 cymbala
2880 2615 2935 2660 et
2982 2606 3219 2661 choreas.
3273 2605 3341 2659 Et
3387 2605 3489 2661 hoc

1888 2698 2047 2760 scies,
2064 2696 2276 2767 quando
2306 2695 2371 2751 ad
2401 2712 2657 2766 sponsum
2682 2697 2943 2766 virginem
2972 2697 3170 2753 videris
3197 2697 3487 2752 introduci.

1890 2787 1979 2843 52.
2016 2786 2082 2842 Ut
2111 2788 2243 2841 enim
2271 2788 2464 2840 audivit
2485 2803 2679 2853 servus,
2711 2788 2901 2857 inquit,
2936 2788 3046 2842 lucc
3074 2805 3106 2842 a
3138 2798 3286 2857 patre
3313 2798 3360 2842 et
3376 2791 3490 2860 [ra-

1890 2888 1983 2945 tre,
2011 2879 2242 2933 adorauit
2275 2878 2435 2933 Deum
2460 2895 2612 2948 super
2630 2880 2980 2935 terram.\’ide
3004 2880 3273 2950 quomodo
3298 2876 3350 2936 iu
3382 2881 3490 2937 sin-

1887 2969 2027 3040 gulis
2052 2986 2173 3039 qua:
2197 2969 2415 3035 ﬂebant,
2444 2970 2814 3024 universorum
2840 2971 3069 3024 Domino
3091 2973 3287 3041 gratias
3311 2971 3489 3026 otlcrt.

1891 3060 2009 3127 Ipse
2034 3060 2177 3114 enim
2207 3068 2324 3114 erat
2350 3060 2442 3128 qui
2490 3068 2648 3113 antea
2696 3060 3031 3129 prmparabat
3061 3060 3238 3113 omnia
3272 3101 3288 3125 ,
3319 3070 3374 3116 et
3399 3076 3490 3118 sc-

1890 3149 2121 3204 cundum
2142 3148 2460 3218 patriarcha:
2480 3149 2704 3202 verbum
2734 3148 3089 3217 prannittebat
3105 3149 3351 3219 angelum
3366 3160 3490 3207 ante

1892 3241 2039 3296 illum
2068 3281 2085 3306 ,
2124 3242 2217 3310 qui
2263 3241 2440 3295 omnia
2484 3240 2711 3295 feliciter
2752 3240 3053 3295 ordinabat.
3096 3242 3338 3313 Denique
3368 3244 3489 3315 quia

1894 3331 2091 3386 certior
2117 3330 2287 3384 factus
2314 3329 2383 3385 de
2409 3331 2624 3401 negotio
2650 3330 2875 3384 feliciter
2894 3330 3156 3401 perfecto,
3178 3334 3269 3389 53.
3310 3332 3490 3388 Prola-

1891 3430 1964 3487 ta,
1994 3422 2184 3491 inquit,
2214 3436 2335 3476 vasa
2371 3437 2547 3487 aurea,
2578 3432 2623 3475 et
2649 3432 2907 3491 argentea,
2934 3434 2981 3476 et
3007 3433 3189 3477 vestem
3220 3424 3358 3478 dedit
3392 3424 3491 3479 Re-

1893 3513 2070 3567 becae.
2103 3512 2255 3567 Nunc
2293 3498 2415 3591 cum
2469 3513 2662 3569 ﬁducia
2708 3529 2828 3569 eam
2874 3515 2974 3569 sibi
3000 3516 3251 3570 conciliat
3278 3516 3490 3583 officiis,

1893 3603 2045 3671 quasi
2076 3603 2185 3671 jam
2219 3603 2395 3658 verbis
2420 3604 2797 3674 desponsatam
2845 3604 3008 3660 Isaac.
3043 3606 3282 3661 Honorat
3310 3601 3490 3662 autem

1894 3692 2051 3747 donis
2081 3702 2135 3748 et
2165 3692 2382 3749 fratrem
2409 3735 2425 3759 ,
2453 3703 2509 3749 et
2553 3705 2800 3761 matrem,
2829 3705 2884 3751 ct
2912 3712 3033 3751 cum
3061 3697 3193 3751 vidit
3218 3697 3490 3767 negotium

1896 3794 1949 3838 et
1980 3784 2288 3839 mandatum
2313 3786 2613 3854 impletum,
2646 3794 2774 3842 tunc
2794 3786 3006 3841 tandem
3035 3787 3179 3842 refici
3216 3802 3275 3842 se
3304 3802 3493 3857 passus

1894 3887 1998 3932 est.
2026 3877 2113 3931 54.
2146 3876 2486 3931 Comederunt
2509 3878 2648 3931 enim
2678 3918 2692 3941 ,
2732 3879 2941 3947 inquit,
2974 3888 3019 3931 et
3046 3879 3272 3932 biberunt
3312 3880 3419 3949 ipse
3443 3888 3494 3935 et

1895 3967 1988 4020 uiri
2015 3968 2241 4037 quicum
2280 3983 2339 4021 eo
2384 3976 2561 4031 erant,
2611 3976 2656 4021 et
2704 3968 3065 4021 dormit-erunt.
3098 3968 3320 4038 Cumque
3348 3984 3495 4023 mane

1894 4057 2348 4122 surrexisset,dixit
2378 4073 2396 4109 :
2419 4056 2672 4111 Dimittite
2699 4074 2801 4121 me,
2827 4068 2881 4109 ut
2906 4058 3089 4118 vadum
3120 4058 3187 4110 ad
3231 4058 3494 4112 dominum

1897 4163 2083 4200 meum.
2112 4146 2377 4212 Quoniam
2407 4147 2586 4200 omnia
2638 4147 2767 4200 mihi
2815 4157 2920 4200 tam
2965 4146 3190 4202 feliciter
3217 4161 3495 4202 successe-

1895 4246 2040 4303 runt,
2072 4237 2263 4306 inquit,
2286 4245 2341 4290 et
2367 4236 2498 4289 nihil
2525 4248 2608 4291 est
2639 4236 2782 4307 quod
2803 4246 2987 4301 restet,
3019 4238 3115 4292 sed
3139 4237 3204 4292 ad
3242 4238 3494 4308 placitum

1895 4335 2129 4381 vestrum
2154 4340 2243 4381 res
2270 4326 2719 4396 agitur,Dimittite
2743 4344 2841 4391 me,
2863 4338 2917 4381 ut
2944 4328 3119 4382 abeam
3143 4330 3213 4381 ad
3235 4329 3490 4383 dominum

1896 4434 2083 4471 meum.
2113 4417 2200 4472 55.
2242 4416 2488 4471 Dixerunt
2514 4428 2702 4484 autem,
2734 4419 2944 4489 inquit,
2979 4423 3162 4489 fratres
3193 4429 3240 4473 et
3289 4429 3451 4474 mater
3483 4438 3499 4474 :

1896 4506 2106 4561 Maneat
2132 4506 2389 4561 nobiscum
2414 4508 2553 4576 virgo
2584 4507 2757 4561 diebus
2777 4510 2923 4577 quasi
2950 4509 3141 4573 decem,
3172 4519 3220 4563 et
3247 4517 3360 4579 post
3386 4510 3504 4563 hac

1896 4600 2116 4654 abibitis.
2144 4599 2234 4655 56.
2258 4598 2360 4652 Ille
2379 4610 2544 4653 autem
2566 4600 2693 4653 dixit
2720 4601 2786 4652 ad
2808 4616 2892 4653 eos
2918 4615 2938 4654 :
2971 4598 3023 4653 Ν
3027 4617 3054 4655 e
3079 4618 3159 4655 me
3186 4601 3452 4655 detinentis
3478 4621 3495 4667 ;

1897 4693 2080 4745 etenim
2132 4690 2377 4744 Dominus
2408 4705 2708 4759 prosperum
2738 4690 2855 4758 fecit
2901 4692 2997 4743 iter
3025 4706 3192 4745 meum
3217 4707 3237 4745 :
3262 4692 3495 4745 dimittite

1897 4797 1976 4833 me
1992 4788 2046 4833 ut
2066 4779 2243 4833 abeam
2272 4779 2341 4832 ad
2366 4779 2629 4833 dominum
2654 4796 2842 4834 meum.
2870 4779 3067 4847 Quare,
3097 4780 3287 4849 inquit,
3314 4780 3497 4836 differ-

1901 4872 1967 4927 tis
1985 4882 2037 4926 et
2064 4871 2487 4941 procrastinatis,
2511 4884 2633 4925 cum
2654 4871 2795 4925 Deus
2812 4880 3012 4927 tantam
3032 4870 3337 4926 facilitatem
3364 4869 3496 4927 mihi

1899 4964 1951 5016 in
1982 4962 2229 5016 omnibus
2252 4961 2495 5016 dederit?
2528 4960 2779 5015 Dimittite
2798 4978 2881 5015 me
2902 5004 2917 5027 ,
2946 4971 3000 5015 ut
3029 4964 3203 5016 abeam
3232 4963 3301 5016 ad
3324 4963 3481 5017 domi-

1900 5071 2021 5107 num
2056 5069 2242 5107 meum.
2271 5054 2363 5107 57.
2406 5051 2499 5106 Illi
2538 5062 2707 5105 autem
2749 5052 3032 5107 dixerunt:
3074 5050 3320 5106 Vocemus
3350 5054 3487 5125 puel-

1901 5146 2025 5207 lam,
2056 5155 2102 5199 et
2128 5146 2495 5214 interrogemus
2520 5145 2676 5198 eam‘.
2709 5145 2803 5200 58.
2835 5143 2905 5197 Et
2926 5155 3224 5198 vomuerunt
3250 5162 3383 5211 eam,
3411 5146 3493 5199 di-

1899 5247 2182 5300 xeruntque
2209 5237 2254 5290 ei
2279 5253 2296 5289 :
2328 5234 2432 5289 Ibis
2460 5253 2576 5289 cum
2603 5237 2804 5290 homine
2824 5238 2849 5290 Ρ
2874 5236 2901 5289 1
2909 5238 2981 5291 lla
3006 5248 3174 5291 autem
3203 5240 3351 5305 dixit,
3378 5237 3491 5295 Ibo.

1902 5330 1989 5384 59.
2019 5329 2083 5383 Ει
2114 5329 2413 5383 dimiserunt
2436 5330 2711 5383 Rebeccam
2750 5346 2972 5383 sororem
2997 5348 3162 5395 suam,
3193 5340 3238 5384 et
3262 5331 3492 5385 substan-

1904 5423 1999 5473 tias
2029 5422 2157 5486 ejus,
2180 5430 2225 5471 et
2254 5436 2448 5473 servum
2477 5420 2762 5483 Abraham,
2790 5431 2837 5475 et
2867 5437 2971 5487 eos,
2999 5423 3082 5491 qui
3105 5438 3221 5475 cum
3249 5440 3305 5476 eo
3327 5434 3490 5477 erant.

1902 5510 1989 5563 (ill.
2016 5509 2080 5561 Et
2110 5510 2468 5563 benedixet'unt
2511 5509 2785 5563 Rebeccant
2812 5552 2826 5574 ,
2856 5520 2899 5563 et
2930 5513 3168 5565 dixerunt
3207 5513 3250 5565 ci
3287 5528 3306 5565 :
3329 5513 3494 5567 Soror

1906 5619 2078 5653 ttuStt'a
2127 5619 2199 5666 es,
2234 5602 2327 5669 ﬁas
2370 5603 2422 5653 in
2462 5601 2625 5654 millia
2667 5602 2833 5656 decem
2871 5602 3109 5665 millium,
3144 5602 3493 5657 “hereditate

1906 5692 2157 5759 possideat
2197 5708 2363 5746 semen
2395 5704 2535 5747 tuum
2560 5694 2784 5747 civitates
2812 5693 3151 5745 inimicorum.
3195 5692 3325 5747 Vide
3354 5706 3494 5763 quo-

1978 5783 1990 5813 ¹
2029 5783 2346 5847 Septuaginta
2367 5786 2434 5833 sic
2457 5785 2657 5843 habent,
2682 5782 3027 5845 interrogemus
3050 5794 3102 5833 os
3129 5785 3251 5841 ejus.
