4178 6328
706 403 810 462 H3

715 520 873 575 modo
901 527 955 571 et
985 515 1056 570 illi
1080 514 1382 583 ignorantes
1411 500 1598 573 virgini
1623 513 1740 569 qua:
1780 495 1951 551 futura
1980 499 2102 583 sum
2135 502 2274 558 pra:-

709 612 1028 681 signiﬁcant,
1058 582 1167 658 Deo
1210 607 1439 654 mentem
1483 587 1768 681 eorumad
1810 586 1910 641 hoc
1938 582 2195 652 dirigente
2224 585 2277 681 et

711 667 978 755 incitante.
1011 667 1244 761 Utraque
1274 688 1415 743 enim
1443 685 1491 740 ei
1527 680 1780 758 praedicta
1806 683 1962 740 sunt,
1996 682 2104 727 tum
2133 667 2274 761 quod

707 795 757 847 in
780 790 940 846 millia
956 784 1250 856 myriadum
1279 781 1451 834 futura
1471 784 1633 838 esset,
1657 781 1762 828 tum
1783 767 1924 839 quod
1952 777 2134 856 semen
2161 760 2275 830 ejus

705 854 1402 945 lit-reditatepossessurnm
1443 874 1586 924 esset
1619 863 1860 919 civitates
1910 854 2268 912 inimicorum.

708 969 893 1024 Vidisti
927 983 1020 1037 per
1046 965 1222 1020 omnia
1253 961 1552 1017 evidentem
1582 956 1671 1011 Dei
1711 950 2093 1024 providentiam
2135 945 2277 1000 relu-

703 1078 853 1128 cere,
879 1058 1147 1130 quomodo
1179 1071 1272 1125 per
1317 1052 1557 1108 inﬁdeles
1587 1050 1758 1102 futura
1797 1052 1860 1099 ut
1897 1040 2270 1112 prtedieantnr,

701 1153 974 1219 dispensat
997 1147 1233 1203 omnium
1262 1141 1549 1197 Dominus?
1575 1136 1805 1202 61..Cum
1827 1133 2153 1207 surrexissent
2173 1145 2272 1182 au-

702 1253 799 1296 tem
832 1240 1110 1296 Rebeccact
1131 1236 1334 1290 ancillte
1358 1236 1486 1304 ejus,
1509 1230 1839 1285 ascenderunt
1859 1241 2011 1296 super
2035 1221 2268 1278 camelos.

703 1338 893 1393 Vidisti
936 1336 1145 1406 qualem
1181 1345 1427 1402 sponsam
1465 1328 1626 1384 ducat
1669 1320 2012 1394 patriarcha?
2057 1320 2272 1385 Aquan-

703 1438 830 1494 tem,
863 1437 918 1484 et
947 1425 1189 1499 hydriam
1228 1436 1388 1492 super
1431 1419 1682 1473 humeros
1711 1416 1970 1470 ferentem
1997 1450 2010 1476 ,
2042 1416 2096 1463 et
2137 1420 2276 1499 nunc

703 1522 894 1576 iterum
921 1498 1295 1573 ascendentem
1330 1527 1492 1582 super
1522 1507 1776 1586 camelos.
1818 1504 2086 1572 Nusquam
2120 1498 2275 1553 mulae

700 1619 920 1681 argento
942 1597 1258 1678 fulgentibus
1283 1602 1598 1664 cervicibus,
1627 1613 1796 1666 neque
1821 1594 2134 1650 famulorum
2159 1600 2275 1681 tur-

699 1680 786 1764 ba,
811 1713 981 1768 neque
1007 1711 1192 1765 magna
1223 1693 1492 1756 mollities,
1521 1704 1638 1758 qua-
1659 1700 1802 1740 nune
1828 1682 2069 1737 adhiberi
2095 1680 2229 1734 solct
2255 1694 2270 1731 :

700 1791 791 1846 sed
813 1798 1013 1844 tantum
1041 1796 1159 1842 erat
1193 1786 1483 1856 priscarum
1526 1780 1807 1835 mulierum
1833 1776 2022 1838 robur,
2059 1781 2190 1827 utet
2223 1773 2272 1824 in

700 1880 934 1934 camelos
962 1879 1090 1947 ipsa:
1139 1873 1511 1938 ascenderent,
1559 1879 1614 1926 et
1639 1871 1716 1924 sic
1758 1870 1858 1922 iter
1906 1866 2160 1920 facerent.
2209 1861 2275 1913 Et

704 1972 944 2043 profecta
967 1979 1118 2035 sunt,
1147 1967 1345 2037 inquit,
1375 1981 1489 2020 cum
1540 1964 1755 2017 homine.
1788 1960 1876 2015 65.
1909 1958 2058 2012 Isaac
2103 1967 2270 2008 autent

700 2075 928 2131 egressus
955 2068 1068 2114 erat
1087 2099 1102 2124 ,
1135 2067 1191 2110 ut
1213 2075 1267 2110 se
1285 2063 1532 2111 exerceret
1550 2054 1602 2106 in
1633 2069 1756 2122 agro
1785 2052 1850 2103 ad
1879 2047 2223 2118 crepusculum
2253 2061 2271 2097 :

701 2163 750 2205 et
773 2153 839 2204 ibi
867 2149 1067 2204 elevatis
1094 2149 1248 2202 oculis
1279 2188 1292 2212 ,
1327 2147 1450 2199 uidit
1494 2143 1711 2197 camelos
1756 2142 2022 2196 venientes.
2063 2137 2192 2191 Dum
2219 2137 2269 2190 in

701 2255 893 2310 campo
911 2248 1250 2305 versaretur,
1289 2238 1486 2307 inquit,
1517 2237 1691 2299 lsaac,
1735 2233 1865 2287 vidit
1905 2230 2154 2286 camelos.
2181 2229 2269 2283 δι.

702 2330 926 2385 Rebecca
954 2340 1120 2384 autent
1153 2370 1168 2395 ,
1210 2339 1263 2383 ut
1291 2330 1414 2383 vidit
1437 2327 1586 2382 Isaac
1608 2369 1622 2392 ,
1666 2326 1851 2379 desiliit
1879 2342 1909 2377 ιι
1939 2324 2149 2386 camelo,
2182 2322 2269 2376 65.

699 2434 743 2477 et
768 2424 897 2476 dixit
923 2438 1080 2477 servo
1131 2437 1152 2476 :
1198 2423 1322 2488 Quis
1350 2430 1422 2474 est
1451 2421 1599 2474 homo
1623 2417 1710 2472 ille
1734 2418 1824 2486 qui
1851 2416 1987 2471 vadit
2016 2416 2067 2468 in
2093 2430 2271 2486 catnpo

701 2514 840 2567 nobis
870 2512 1103 2568 obviam?
1129 2511 1260 2567 Vide
1285 2511 1475 2580 puellae
1500 2509 1909 2580 generositatem
1936 2524 1950 2570 ;
1993 2519 2271 2574 postquam

699 2603 829 2658 vidit
863 2603 1028 2668 Isaac,
1060 2602 1331 2674 quaerebat
1368 2602 1484 2669 quis
1529 2609 1690 2654 esset.
1720 2600 1785 2652 Et
1815 2599 1898 2652 ubi
1927 2596 2109 2651 didicit
2133 2595 2272 2666 quod

701 2696 814 2764 ipse
840 2704 983 2749 esset
1033 2708 1280 2762 sponsus,
1312 2693 1502 2746 velavit
1533 2707 1592 2745 se
1626 2690 1872 2744 theristro
1900 2705 1930 2761 ς,
1958 2697 2011 2741 et
2056 2689 2273 2740 veniens

700 2799 886 2839 servus
913 2783 1088 2838 omnia
1111 2783 1255 2838 clare
1282 2781 1543 2835 nuntiavit
1574 2779 1719 2834 Isaac
1749 2778 1769 2849 (
1799 2795 1844 2830 υ.
1877 2777 1990 2840 66).
2020 2777 2116 2830 llic
2141 2789 2270 2827 con-

700 2875 897 2943 sidera,
925 2889 1038 2938 oro,
1069 2874 1332 2942 quomodo
1360 2888 1614 2941 nusptam
1639 2871 1904 2939 superflua
1933 2870 2018 2922 illa
2042 2879 2094 2923 et
2116 2866 2274 2922 inuti-

700 2967 790 3032 lia,
834 2981 1093 3034 nusquam
1123 2957 1376 3019 diabblica
1409 2979 1619 3033 pompa,
1653 2976 1908 3031 nusquam
1937 2959 2197 3030 cymbala,
2218 2965 2272 3012 et

702 3057 862 3122 tihize,
890 3066 944 3111 et
968 3055 1200 3120 choreae,
1221 3066 1272 3110 et
1319 3054 1550 3108 sata’niea
1597 3055 1681 3107 illa
1707 3051 1973 3114 convivia,
2003 3061 2058 3105 et
2098 3065 2273 3103 scom-

705 3156 845 3202 mata
873 3147 1017 3201 onmi
1050 3147 1397 3214 obscmnitate
1424 3146 1607 3213 plena;
1643 3144 1734 3198 sed
1776 3144 1949 3197 omnis
1979 3141 2229 3195 honestas
2253 3180 2271 3204 ,

702 3239 877 3292 omnis
906 3238 1184 3306 sapientia,
1211 3227 1383 3298 omits
1399 3218 1684 3294 hodestia.
1715 3235 1801 3288 67.
1851 3233 2066 3287 Intravit
2110 3240 2273 3284 autem

704 3327 874 3392 Isaac,
904 3328 1088 3398 inquit,
1116 3328 1167 3379 in
1197 3328 1401 3380 domum
1442 3327 1616 3380 matris
1641 3341 1772 3388 sute,
1801 3334 1847 3378 et
1872 3325 2058 3391 accepit
2088 3322 2273 3376 Rebec-

701 3435 812 3472 cam
839 3459 857 3485 ,
908 3427 954 3471 et
1003 3417 1100 3488 fuit
1129 3417 1177 3470 ei
1208 3433 1336 3470 uxor
1357 3458 1371 3480 ,
1403 3426 1452 3469 et
1490 3416 1663 3469 dilexit
1709 3431 1816 3468 eam
1842 3456 1855 3478 ,
1887 3423 1934 3466 et
1971 3411 2275 3466 consolatio-

709 3524 820 3561 nem
871 3507 1061 3575 accepit
1118 3506 1270 3560 Isaac
1330 3522 1479 3575 super
1528 3506 1688 3560 Sarra
1747 3513 1902 3557 matre
1950 3520 2064 3557 sua.
2125 3494 2273 3556 [labe

704 3596 976 3650 imitentur
1041 3594 1333 3661 mulieres,
1399 3593 1538 3649 hunc
1599 3593 1914 3648 mmulentur
1979 3593 2074 3646 viri
2124 3608 2139 3645 :
2195 3591 2272 3646 sic

703 3699 926 3755 sponsas
959 3684 1151 3740 ducere
1179 3692 1384 3739 curent.
1414 3684 1587 3751 Quare
1616 3685 1779 3748 enim,
1813 3684 2054 3748 dic,oro,
2094 3682 2272 3735 statim

703 3773 770 3827 ab
797 3774 946 3828 initio
975 3773 1220 3828 sordibus
1248 3773 1452 3842 impleri
1480 3773 1608 3826 sinis
1636 3773 1821 3842 puellae
1849 3787 2004 3825 aures
2026 3779 2129 3824 tam
2163 3779 2274 3824 tur-

705 3864 862 3933 pibus
890 3865 1191 3928 cantilenis,
1223 3874 1327 3918 tam
1381 3863 1764 3928 imtempcstiva
1795 3862 1878 3915 illa
1911 3861 2134 3930 pompa?
2175 3859 2273 3914 Ne-

705 3956 812 4008 scis
835 3954 1101 4025 qttomodo
1128 3954 1478 4008 adolescentia
1506 3969 1599 4020 per
1628 3967 1685 4007 se
1721 3953 1789 4006 sit
1824 3952 1875 4005 in
1921 3951 2114 4004 malum
2144 3965 2272 4019 pro-

705 4046 912 4115 pensa?
937 4061 1033 4100 cur
1059 4045 1278 4100 honesta
1310 4045 1610 4114 nuptiarum
1656 4044 1904 4115 mysteria
1933 4043 2141 4110 publice
2178 4041 2275 4096 de-

708 4135 960 4191 honestas
978 4137 1003 4188 ἲ
1029 4151 1150 4190 cum
1178 4146 1449 4205 oporteret
1498 4137 1615 4192 haec
1656 4136 1834 4189 omnia
1884 4134 2154 4203 depellere
2175 4174 2191 4198 ,
2223 4142 2277 4189 et

707 4225 1080 4281 verecundiam
1108 4226 1367 4294 principio
1394 4225 1588 4282 docere
1617 4225 1863 4295 puellam,
1894 4234 1947 4280 et
1969 4225 2276 4281 sacerdotes

708 4329 917 4383 vocare,
961 4326 1016 4370 et
1059 4317 1303 4385 precibus
1343 4328 1397 4371 et
1441 4316 1895 4372 benedictionibus
1937 4313 2276 4374 concordiam

706 4404 935 4475 conjugii
962 4405 1328 4475 constringere
1362 4422 1374 4456 :
1408 4413 1467 4459 ut
1510 4419 1660 4458 amor
1694 4405 1874 4474 sponsi
1899 4414 2153 4475 augeatur
2177 4444 2191 4468 ,
2224 4412 2278 4460 et

710 4497 899 4568 puella:
944 4497 1268 4552 continentia
1300 4505 1524 4562 crescat,
1571 4505 1624 4551 et
1648 4497 1824 4551 omnia
1870 4512 1989 4566 qua:
2031 4495 2164 4550 ﬁunt
2212 4509 2278 4549 eo

708 4596 951 4656 spectent
971 4596 1028 4641 ut
1053 4587 1260 4641 virtutis
1287 4601 1447 4655 opera
1474 4587 1833 4655 ingrediantur
1869 4587 1921 4639 in
1967 4585 2184 4641 domum
2213 4587 2277 4640 il-

711 4676 843 4745 lam,
871 4677 1221 4746 tollanturque
1248 4691 1278 4731 e
1307 4675 1484 4731 medio
1509 4690 1694 4732 omnes
1721 4676 1914 4731 diaboli
1951 4676 2153 4730 insidia:
2177 4717 2190 4740 ,
2227 4685 2281 4730 et

711 4767 810 4837 ipsi
841 4767 935 4822 Dei
960 4767 1155 4821 auxilio
1185 4768 1314 4821 uniti
1353 4766 1585 4835 jucunde
1624 4769 1785 4822 vitam
1831 4767 2109 4836 perficiant
2136 4787 2150 4822 :
2175 4784 2279 4837 quo

713 4856 867 4913 nobis
895 4857 1141 4912 omnibus
1168 4857 1267 4912 frui
1299 4857 1486 4925 detur,
1517 4860 1682 4927 gratia
1711 4867 1766 4914 et
1813 4859 2134 4929 benignitate
2171 4859 2278 4914 Do-

712 4949 841 5004 mini
881 4950 1049 5002 nostri
1079 4949 1206 5003 Jesu
1249 4949 1476 5016 Christi,
1505 4950 1588 5004 cui
1614 4966 1735 5005 eum
1766 4949 1922 5004 Patre
1986 4959 2038 5005 et
2081 4950 2279 5019 Spiritu

710 5046 895 5091 sancto
922 5036 989 5092 sit
1029 5037 1214 5106 gloria,
1246 5047 1477 5107 potestas
1503 5047 1556 5093 et
1588 5039 1779 5106 honor,
1806 5055 1947 5094 nunc
1967 5049 2020 5095 et
2045 5056 2276 5110 semper,

712 5138 766 5183 et
793 5129 845 5184 in
866 5130 1061 5184 saecula
1085 5131 1422 5184 sceculorum.
1459 5131 1646 5184 Amen.

1238 5220 1512 5274 llOMlLlA
1568 5220 1753 5274 XLIX.

820 5309 917 5366 Ha:
941 5319 1104 5364 autent
1131 5321 1245 5365 sunt
1271 5313 1626 5380 generationes,
1655 5311 1844 5378 inquit,
1871 5312 2022 5365 Isaac
2043 5311 2139 5381 ﬁlii

979 5392 981 5394 ’
1155 5383 1407 5434 Abraham
1433 5381 1582 5451 (Gen.
1605 5381 1697 5434 ‘25.
1727 5382 1834 5450 19).

787 5473 839 5525 1.
879 5470 1070 5525 lterum
1097 5487 1191 5524 vos
1218 5471 1283 5525 ad
1313 5482 1621 5526 consuetam
1651 5486 1883 5526 mensam
1907 5473 2100 5529 ducere
2136 5473 2276 5538 volo,

717 5573 771 5617 ct
799 5579 862 5617 ex
885 5563 1058 5617 verbis
1087 5563 1244 5617 Musis
1270 5564 1566 5617 convivium
1597 5579 1913 5635 proponere,
1945 5567 2049 5621 imo
2072 5582 2136 5621 ex
2164 5582 2282 5621 ver-

717 5654 794 5707 bis
818 5656 988 5708 sancti
1010 5655 1252 5722 Spiritus.
1286 5655 1462 5724 Neque
1509 5657 1650 5712 enim
1692 5672 1721 5711 a
1746 5657 1920 5724 seipse
1965 5658 2136 5713 Moses
2167 5658 2279 5712 hmc

717 5747 1147 5817 nobiscxposuit,
1173 5747 1263 5803 sed
1294 5747 1492 5818 Spiritu
1519 5759 1700 5806 sancto
1737 5749 1961 5818 afﬂatus.
1996 5750 2277 5806 Videamus

1375 390 1430 445 S.
1471 380 1744 443 JO.\NL\'|S
1776 367 2240 435 CllllYSOSTOMl
2285 363 2591 421 AllClllEP.
2632 365 3157 425 CONSTANTINOP.

3866 376 3964 434 lii

2383 482 2543 552 igitur
2562 485 2688 554 quid
2713 497 2764 541 et
2791 485 2947 543 hodie
2976 502 3074 542 nos
3093 485 3286 545 docere
3311 491 3458 546 velit.
3479 490 3661 564 Neque
3679 495 3822 550 enim
3849 507 3972 551 sine

2379 586 2560 640 causa,
2592 591 2763 646 neque
2805 578 2855 631 in
2883 593 3076 634 vanum
3107 580 3240 634 vitas
3279 587 3582 638 sanctorum
3619 585 3773 640 nobis
3801 602 3972 654 expo-

2378 663 2493 718 nit:
2525 664 2619 720 sed
2662 677 2720 722 ut
2747 669 3014 724 imitemur
3041 685 3226 726 eorum
3265 673 3546 743 virtutem,
3580 680 3965 734 etimitatores

2377 757 2544 812 simus
2567 759 2824 815 bonormn
2855 777 3074 830 operum
3105 780 3222 834 qua:
3254 765 3326 819 illi
3367 765 3626 822 fecerunt.
3653 768 3785 823 Nam
3816 777 3961 838 post—

2372 855 2534 916 quam
2565 850 2718 905 nobis
2743 851 3022 922 diligenter
3043 857 3275 910 narravit
3295 872 3356 911 ea
3383 874 3502 922 qua:
3521 859 3585 913 ad
3604 861 3964 928 patriarcham

2377 939 2648 996 Abraham
2683 943 2907 996 attinent
2926 985 2938 1009 ,
2965 953 3018 997 et
3045 943 3223 999 docuit
3261 956 3585 1014 postremum
3613 950 3755 1004 illius
3783 962 3966 1004 certa-

2378 1041 2499 1082 men
2539 1030 2590 1082 in
2617 1030 2978 1086 immolatione
3022 1032 3136 1098 ﬁlii,
3170 1035 3505 1105 narravitque
3538 1037 3638 1092 hoc
3679 1040 3962 1107 pulchrum

2377 1118 2692 1172 sacriﬁcium
2717 1122 2815 1174 etsi
2842 1138 2947 1177 non
2969 1137 3154 1192 opere,
3180 1126 3450 1180 voluntate
3468 1135 3641 1180 tamen
3664 1128 3962 1197 perfectum

2377 1224 2518 1274 esse,
2550 1209 2809 1280 finemque
2834 1212 3084 1282 imposuit
3105 1216 3498 1270 narrationibus
3527 1217 3628 1272 illis
3659 1236 3672 1270 :
3705 1233 3848 1272 nunc
3868 1235 3968 1272 ex-

2379 1300 2524 1367 ponit
2552 1300 2702 1354 nobis
2723 1317 2840 1370 quae
2864 1303 2930 1356 ad
2953 1301 3097 1359 Isaac
3118 1305 3348 1360 occisum
3370 1316 3424 1361 et
3449 1322 3553 1361 non
3581 1309 3813 1362 occisum
3840 1324 3962 1378 per-

2381 1390 2582 1455 tinent;
2616 1392 2812 1447 factum
2834 1395 2974 1448 enim
3020 1397 3286 1466 mnigmati
3312 1399 3485 1453 simile
3514 1410 3612 1454 est.
3645 1402 3778 1455 Audi
3814 1403 3961 1456 cnim

2380 1480 2601 1535 Paulum
2629 1483 2891 1538 dicentem
2927 1501 2941 1538 :
2977 1485 3107 1541 Fide
3135 1488 3311 1541 obtulit
3343 1488 3494 1544 Isaac
3520 1492 3796 1557 Abraham,
3843 1511 3962 1547 cum

2377 1580 2650 1624 tentaretur
2668 1589 2687 1627 :
2709 1583 2758 1626 et
2780 1575 3090 1645 unigenitum
3111 1578 3310 1644 obtulit,
3330 1580 3414 1646 qui
3440 1582 3790 1649 promissiones
3817 1601 3967 1637 acce-

2379 1662 2733 1733 perat(Hebr.
2768 1665 2857 1720 Η.
2887 1667 2998 1736 Π).
3047 1669 3246 1724 Deinde
3296 1680 3352 1723 ut
3398 1671 3669 1728 discamus
3688 1677 3976 1743 quomodo

2381 1754 2482 1808 ﬁde
2512 1755 2624 1811 hinc
2652 1758 2826 1811 omnia
2870 1756 3068 1814 faceret
3094 1803 3107 1826 ,
3138 1771 3192 1814 et
3219 1764 3482 1816 contraria
3516 1765 3700 1819 videns
3725 1768 3966 1834 promis-

2378 1845 2513 1898 sioni
2540 1860 2599 1899 ea
2627 1861 2744 1915 qtra:
2781 1847 3066 1916 jubebatur
3094 1849 3267 1904 facere
3287 1893 3302 1917 ,
3331 1867 3434 1906 non
3465 1862 3640 1908 tamen
3669 1857 3962 1923 perturba-

2377 1946 2546 1999 retur,
2573 1936 2782 2006 subjicit
2812 1954 2824 1989 ε
2859 1938 3005 1994 Unde
3048 1941 3192 1994 illum
3245 1952 3292 1994 et
3335 1943 3386 1995 in
3429 1945 3720 2012 parabolam
3767 1949 3961 2016 accepit

2377 2026 2536 2096 (Ibid.
2566 2044 2612 2080 υ.
2651 2030 2761 2097 19).
2789 2028 2925 2095 Quid
2955 2040 3054 2097 est,
3081 2030 3148 2084 Et
3172 2032 3223 2085 in
3246 2034 3539 2100 parabolam
3564 2037 3798 2104 accepit?
3823 2036 3968 2090 Nam-

2375 2130 2650 2188 postquam
2673 2137 2791 2175 enm
2825 2122 2876 2175 in
2907 2123 3220 2178 sacriﬁcium
3259 2125 3467 2190 obtulit,
3496 2134 3551 2181 et
3579 2138 3808 2181 mentem
3834 2144 3961 2199 per-

2376 2210 2562 2264 fectam
2590 2211 2893 2279 declaravit,
2925 2213 3038 2283 ipse
3066 2229 3259 2268 corona
3294 2216 3568 2271 redimitus
3590 2226 3693 2282 est,
3723 2227 3777 2271 et
3804 2233 3960 2274 acce-

2376 2310 2468 2370 pto
2502 2316 2666 2370 puero
2696 2303 2868 2367 rediit,
2898 2318 2962 2358 ac
3000 2304 3314 2358 sacriﬁcium
3344 2321 3439 2374 per
3479 2320 3633 2362 ovem
3681 2308 3969 2376 impletum-

2374 2400 2455 2445 est
2479 2410 2493 2446 :
2523 2393 2856 2463 ostenditque
2879 2410 2973 2462 per
2993 2396 3168 2449 omnia
3195 2397 3425 2452 universi
3448 2396 3701 2452 Conditor
3725 2415 3836 2453 sua:
3859 2400 3956 2454 be-

2375 2483 2643 2552 nignitatis
2669 2484 3038 2539 excellentiam
3067 2496 3159 2540 :et
3181 2503 3239 2543 se
3267 2488 3367 2543 hoc
3390 2489 3700 2558 imperando
3727 2506 3832 2545 non
3861 2506 3956 2548 oe-

2374 2572 2474 2624 cidi
2512 2573 2687 2640 Isaac,
2719 2573 2811 2628 sed
2846 2576 2972 2643 justi
3010 2591 3260 2631 exercere
3292 2577 3645 2632 obedientiam
3694 2577 3956 2636 voluisse.

2375 2663 2637 2718 Cancrum
2663 2666 2800 2719 sicut
2827 2665 3051 2720 vidimus
3081 2668 3396 2736 patriarchae
3425 2670 3670 2724 virtutem
3707 2671 3759 2723 in
3781 2672 3961 2725 omni-

2376 2751 2471 2806 bus
2496 2754 2818 2808 relucentem
2847 2774 2859 2808 :
2883 2770 2998 2824 age,
3027 2766 3079 2810 et
3106 2773 3224 2825 qua:
3253 2757 3320 2812 de
3360 2757 3506 2812 Isaac
3529 2759 3666 2812 dicta
3693 2768 3820 2814 sunt
3853 2760 3958 2814 ho-

2373 2843 2457 2896 die
2488 2844 2537 2896 in
2562 2843 2791 2896 medium
2820 2843 3100 2900 auferentes
3119 2886 3136 2910 ,
3163 2846 3437 2900 videamus
3468 2848 3812 2916 quomodoet
3843 2850 3960 2916 ipse

2375 2933 2514 3002 piam
2548 2942 2599 2986 et
2644 2933 2943 3002 religiosam
2976 2945 3206 2988 mentem
3251 2936 3303 2988 in
3349 2937 3594 2990 omnibus
3642 2939 3954 3007 praetulerit.

2372 3020 2559 3090 Opera:
2582 3029 2754 3076 autem
2777 3023 2997 3090 pretium
3019 3033 3120 3088 est,
3145 3035 3201 3077 ut
3224 3027 3333 3095 ipsa
3358 3026 3646 3096 Scriptura:
3672 3029 3831 3082 verba
3854 3045 3956 3082 au-

2375 3113 2600 3168 diamus.
2628 3115 2716 3168 -l9.
2743 3114 2840 3168 Ha:
2866 3127 3029 3169 autem
3054 3126 3188 3178 sunt,
3221 3117 3408 3187 inquit,
3431 3121 3772 3188 generationes
3800 3120 3971 3174 Isaac-

2373 3205 2470 3272 ﬁlii
2491 3205 2720 3259 Abrahae.
2750 3206 3001 3258 Abraham
3023 3208 3191 3276 genuit
3214 3207 3361 3261 Isaac
3379 3208 3528 3278 (Cap.
3552 3209 3665 3278 25).
3689 3209 3777 3264 20.
3801 3209 3958 3265 Isaac

2371 3305 2538 3347 autem
2558 3307 2663 3347 erat
2683 3312 2931 3349 annorum
2954 3297 3304 3367 quadraginta,
3327 3299 3525 3366 quando
3545 3302 3734 3369 accepit
3760 3301 3957 3355 Rebec-

2370 3398 2482 3435 cam
2503 3384 2661 3452 ﬁliam
2681 3382 2938 3440 Batltuelis
2963 3385 3084 3456 Syri
3111 3403 3171 3440 ex
3195 3386 3577 3456 Mesopotamia,
3606 3407 3826 3444 sororem
3845 3375 3959 3445 La-

2375 3475 2469 3527 ban
2493 3472 2648 3543 Syri,
2679 3475 2774 3528 sibi
2803 3476 2854 3528 in
2874 3492 3101 3530 uxorem.

2446 3562 2690 3632 Exemplo
2720 3563 2888 3618 Isaaci
2913 3577 3046 3635 patet
3091 3583 3198 3622 esse
3245 3569 3551 3637 precandum
3575 3586 3687 3622 cum
3719 3587 3962 3638 perseue—

2373 3656 2559 3708 rantia.
2591 3653 2708 3709 Non
2737 3667 2854 3709 sunt
2877 3658 3071 3711 curiose
3097 3659 3393 3727 inquirenda
3420 3658 3511 3713 Dei
3533 3677 3702 3730 Opera.
3724 3662 3958 3717 -—Con-

2374 3745 2567 3809 sidera,
2590 3745 2831 3810 obsecro,
2849 3734 3058 3813 dﬁecte,
3082 3747 3272 3802 divina:
3294 3747 3578 3817 Scriptura:
3599 3749 3951 3820 diligentiam,

2375 3834 2640 3902 quomodo
2681 3834 2811 3888 nihil
2858 3850 3184 3903 supervacue
3229 3845 3412 3905 ponat.
3457 3836 3565 3892 Cur
3605 3838 3744 3891 enim
3797 3839 3956 3893 nobis

2376 3932 2585 3978 tntatem
2617 3923 2762 3979 Isaae
2804 3925 3095 3994 signiﬁcat,
3142 3935 3197 3980 et
3223 3926 3385 3990 dicit,
3437 3926 3562 3980 Erat
3595 3940 3761 3982 autem
3803 3928 3959 3983 Isaae

2375 4013 2710 4084 quadraginta
2735 4030 2982 4068 annorum
3020 4015 3222 4084 quando
3258 4019 3447 4084 accepit
3486 4017 3796 4072 Rebeccam.’
3835 4018 3957 4073 Non

2377 4109 2574 4177 absque
2602 4123 2760 4162 causa
2782 4147 2796 4173 ,
2827 4123 2998 4178 neque
3028 4117 3224 4164 temere
3258 4128 3271 4164 :
3302 4109 3393 4164 sed
3429 4111 3547 4178 quia
3590 4110 3742 4166 nobis
3768 4120 3963 4180 postea

2378 4199 2633 4255 Rebecca:
2661 4200 2991 4254 sterilitatem
3024 4211 3330 4255 narraturus
3356 4210 3490 4263 erat,
3518 4211 3571 4255 et
3595 4217 3660 4257 ex
3689 4203 3962 4271 precatio-

2378 4306 2446 4346 ne
2483 4290 2610 4358 justl
2651 4291 3070 4360 procreationem
3103 4293 3265 4360 prnlis
3296 4292 3373 4345 illi
3401 4307 3708 4346 concessam
3747 4292 3913 4351 fuisse
3937 4335 3956 4362 ,

2379 4380 2572 4435 docere
2602 4393 2700 4433 nos
2741 4380 2883 4448 cupit
2931 4381 3346 4449 magnitudinem
3389 4381 3654 4449 patientia:
3684 4381 3830 4436 Isaac
3852 4422 3869 4447 ,
3901 4394 3960 4440 et

2379 4471 2522 4524 clare
2549 4468 2781 4523 indicare
2803 4478 2998 4538 quanto
3028 4479 3264 4539 tempore
3301 4470 3488 4525 liberis
3514 4473 3740 4526 caruerit
3770 4488 3783 4524 :
3817 4483 3876 4528 ut
3901 4484 3960 4530 et

2381 4577 2479 4616 nos
2504 4561 2812 4616 mmulantes
2831 4561 3053 4629 justum,
3077 4561 3271 4615 assidui
3299 4561 3463 4616 simus
3491 4561 3542 4614 in
3564 4562 3753 4616 divinis
3779 4564 3960 4631 preci-

2381 4653 2498 4716 bus,
2528 4652 2572 4705 si
2601 4650 2811 4720 quando
2831 4650 3025 4719 aliquid
3053 4666 3082 4704 a
3110 4651 3216 4704 Deo
3241 4654 3575 4720 petierimus.
3598 4653 3653 4707 Si
3697 4655 3839 4708 enim
3860 4655 3957 4724 ju-

2380 4752 2491 4797 stus
2518 4743 2622 4806 ille,
2656 4743 2723 4796 ita
2752 4742 2941 4797 virtute
2967 4743 3237 4811 praeditus,
3264 4753 3481 4798 ettanta
3509 4745 3603 4799 Dei
3631 4745 3959 4803 benevolen-

2381 4836 2450 4889 tia
2477 4833 2677 4899 fruens,
2708 4843 2904 4889 tantam
2927 4849 3035 4904 pra:
3059 4849 3117 4889 se
3145 4835 3260 4888 tulit
3285 4837 3638 4891 constantiam
3665 4848 3719 4893 et
3747 4847 3956 4895 tantum

2379 4925 2632 4990 studium,
2678 4924 2929 4980 continuo
2963 4924 3128 4988 Deum
3167 4925 3404 4992 orando,
3448 4927 3516 4980 ita
3559 4936 3618 4981 ut
3658 4930 3962 4993 solveretur

2383 5014 2636 5069 Rebecca:
2661 5014 2914 5070 sterilitas
2947 5031 2960 5067 :
2983 5015 3108 5084 quid
3135 5014 3369 5069 dicemus
3387 5031 3506 5082 nos,
3528 5017 3623 5085 qui
3647 5017 3804 5072 tantis
3828 5031 3959 5086 pec-

2381 5115 2616 5162 catorum
2647 5107 2896 5165 oneribus
2924 5107 3232 5177 premimur,
3259 5115 3315 5161 et
3342 5122 3512 5176 neque
3541 5103 3811 5162 minimam
3840 5108 3960 5162 vir-

2381 5198 2506 5253 tutis
2541 5196 2668 5266 justi
2707 5206 2908 5266 partem
2938 5195 3266 5262 ostendimus
3299 5215 3311 5249 :
3341 5197 3433 5250 sed
3471 5205 3524 5250 et
3549 5199 3591 5250 si
3621 5213 3781 5265 parvo
3813 5206 3958 5251 tem-

2384 5305 2511 5361 pore
2539 5289 2771 5344 studium
2816 5288 3024 5358 aliquod
3063 5298 3117 5350 et
3159 5288 3481 5358 diligentiam
3521 5287 3958 5363 exhibuerimus,

2383 5380 2731 5449 torpescimus
2773 5386 2828 5438 et
2874 5379 3167 5443 resilimps,
3209 5377 3308 5439 nisi
3353 5378 3527 5432 statim
3572 5378 3962 5432 exandiamur‘l

2383 5473 2668 5541 Propterea
2694 5485 2810 5535 oro,
2841 5478 2899 5527 ut
2925 5485 2994 5525 ex
3022 5470 3086 5525 iis
3113 5485 3229 5539 qna-
3255 5469 3398 5546 justo
3419 5468 3491 5523 illi
3513 5477 3815 5522 evenerunt
3837 5483 3956 5523 eru-

2382 5564 2497 5628 diti,
2521 5576 2806 5632 numquam
2837 5575 3105 5614 cessemus
3130 5575 3285 5620 orare
3315 5561 3500 5622 Deum,
3520 5568 3576 5611 ut
3603 5559 3952 5626 ignoscatno-

2386 5657 2466 5711 bis
2493 5665 2730 5724 peccata,
2753 5652 2844 5707 sed
2875 5651 3080 5707 fervens
3096 5661 3152 5706 et
3179 5662 3410 5705 mstuans
3436 5648 3758 5704 desiderium
3775 5660 3959 5704 osten-

2384 5747 2570 5803 damus
2594 5764 2607 5799 :
2633 5755 2680 5800 ct
2713 5761 2816 5800 non
2837 5758 2976 5814 {egre
3006 5742 3257 5810 feramus,
3286 5756 3453 5812 neque
3473 5740 3745 5812 segniores
3763 5741 3958 5801 simus.
