  <div class='ocr_page' id='page_1' title='image "/cluster/home/n/w/nwhite01/storage/ocr_20150623/54/pst.000005712533/072.png"; bbox 0 0 4178 6328; ppageno 0'>
   <div class='ocr_carea' id='block_1_1' title="bbox 183 400 283 459">
    <p class='ocr_par' dir='ltr' id='par_1_1' title="bbox 183 400 283 459">
     <span class='ocr_line' id='line_1_1' title="bbox 183 400 283 459; baseline 0 0"><span class='ocrx_word' id='word_1_1' title='bbox 183 400 283 459; x_wconf 68' lang='grc' dir='ltr'>με</span> 
     </span>
    </p>
   </div>
   <div class='ocr_carea' id='block_1_2' title="bbox 183 494 1859 586">
    <p class='ocr_par' dir='ltr' id='par_1_2' title="bbox 183 494 1859 586">
     <span class='ocr_line' id='line_1_2' title="bbox 183 494 1859 586; baseline -0.014 -16"><span class='ocrx_word' id='word_1_2' title='bbox 183 533 274 580; x_wconf 68' lang='grc' dir='ltr'>τες</span> <span class='ocrx_word' id='word_1_3' title='bbox 302 515 626 586; x_wconf 70' lang='grc' dir='ltr'>σημαίνουσι</span> <span class='ocrx_word' id='word_1_4' title='bbox 647 514 716 583; x_wconf 78' lang='grc' dir='ltr'>τῇ</span> <span class='ocrx_word' id='word_1_5' title='bbox 747 510 883 580; x_wconf 88' lang='grc' dir='ltr'>κόρῃ</span> <span class='ocrx_word' id='word_1_6' title='bbox 920 505 990 561; x_wconf 81' lang='grc' dir='ltr'>τὰ</span> <span class='ocrx_word' id='word_1_7' title='bbox 1024 504 1284 577; x_wconf 85' lang='grc' dir='ltr'>μέλλοντα</span> <span class='ocrx_word' id='word_1_8' title='bbox 1312 500 1533 556; x_wconf 85' lang='grc' dir='ltr'>ἐσεσθαι</span> <span class='ocrx_word' id='word_1_9' title='bbox 1557 542 1572 566; x_wconf 94' lang='grc'>,</span> <span class='ocrx_word' id='word_1_10' title='bbox 1605 497 1700 551; x_wconf 87' lang='grc' dir='ltr'>τοῦ</span> <span class='ocrx_word' id='word_1_11' title='bbox 1723 494 1859 586; x_wconf 76' lang='grc' dir='ltr'>Θεοῦ</span> 
     </span>
    </p>
   </div>
   <div class='ocr_carea' id='block_1_3' title="bbox 188 583 1865 675">
    <p class='ocr_par' dir='ltr' id='par_1_3' title="bbox 188 583 1865 675">
     <span class='ocr_line' id='line_1_3' title="bbox 188 583 1865 675; baseline -0.016 -16"><span class='ocrx_word' id='word_1_12' title='bbox 188 603 288 675; x_wconf 72' lang='grc' dir='ltr'>τὴν</span> <span class='ocrx_word' id='word_1_13' title='bbox 313 583 553 656; x_wconf 80' lang='grc' dir='ltr'>διάνοιαν</span> <span class='ocrx_word' id='word_1_14' title='bbox 584 599 766 654; x_wconf 88' lang='grc' dir='ltr'>αὐτῶν</span> <span class='ocrx_word' id='word_1_15' title='bbox 794 597 929 666; x_wconf 80' lang='grc' dir='ltr'>πρὸς</span> <span class='ocrx_word' id='word_1_16' title='bbox 971 594 1131 648; x_wconf 89' lang='grc' dir='ltr'>τοῦτο</span> <span class='ocrx_word' id='word_1_17' title='bbox 1161 588 1647 675; x_wconf 64' lang='grc' dir='ltr'>κατευοδῶσαντος.</span> <span class='ocrx_word' id='word_1_18' title='bbox 1666 583 1865 654; x_wconf 79' lang='grc' dir='ltr'>Ἀμφό-</span> 
     </span>
    </p>
   </div>
   <div class='ocr_carea' id='block_1_4' title="bbox 191 673 1866 760">
    <p class='ocr_par' dir='ltr' id='par_1_4' title="bbox 191 673 1866 760">
     <span class='ocr_line' id='line_1_4' title="bbox 191 673 1866 760; baseline -0.013 -16"><span class='ocrx_word' id='word_1_19' title='bbox 191 673 325 760; x_wconf 78' lang='grc' dir='ltr'>τερα</span> <span class='ocrx_word' id='word_1_20' title='bbox 356 689 465 758; x_wconf 85' lang='grc' dir='ltr'>γὰρ</span> <span class='ocrx_word' id='word_1_21' title='bbox 493 690 634 758; x_wconf 82' lang='grc' dir='ltr'>αὐτῇ</span> <span class='ocrx_word' id='word_1_22' title='bbox 672 682 1100 756; x_wconf 88' lang='grc' dir='ltr'>προμηνύουσιν,</span> <span class='ocrx_word' id='word_1_23' title='bbox 1122 681 1203 733; x_wconf 85' lang='grc' dir='ltr'>ὅτι</span> <span class='ocrx_word' id='word_1_24' title='bbox 1248 678 1342 731; x_wconf 78' lang='grc' dir='ltr'>καὶ</span> <span class='ocrx_word' id='word_1_25' title='bbox 1376 678 1455 739; x_wconf 87' lang='grc' dir='ltr'>είς</span> <span class='ocrx_word' id='word_1_26' title='bbox 1479 673 1718 746; x_wconf 84' lang='grc' dir='ltr'>χιλιάδας</span> <span class='ocrx_word' id='word_1_27' title='bbox 1746 686 1866 760; x_wconf 74' lang='grc' dir='ltr'>μυ-</span> 
     </span>
    </p>
   </div>
   <div class='ocr_carea' id='block_1_5' title="bbox 196 756 1868 846">
    <p class='ocr_par' dir='ltr' id='par_1_5' title="bbox 196 756 1868 846">
     <span class='ocr_line' id='line_1_5' title="bbox 196 756 1868 846; baseline -0.012 -16"><span class='ocrx_word' id='word_1_28' title='bbox 196 756 393 846; x_wconf 78' lang='grc' dir='ltr'>ριάδων</span> <span class='ocrx_word' id='word_1_29' title='bbox 417 756 733 838; x_wconf 43' lang='grc' dir='ltr'>ἐσταιξκαὶ</span> <span class='ocrx_word' id='word_1_30' title='bbox 766 773 849 824; x_wconf 85' lang='grc' dir='ltr'>ὅτι</span> <span class='ocrx_word' id='word_1_31' title='bbox 900 766 1295 838; x_wconf 74' lang='grc' dir='ltr'>κληρονομήσει</span> <span class='ocrx_word' id='word_1_32' title='bbox 1337 763 1396 816; x_wconf 87' lang='grc' dir='ltr'>τὸ</span> <span class='ocrx_word' id='word_1_33' title='bbox 1444 761 1665 833; x_wconf 87' lang='grc' dir='ltr'>σπέρμα</span> <span class='ocrx_word' id='word_1_34' title='bbox 1698 756 1868 827; x_wconf 87' lang='grc' dir='ltr'>αὐτῆς</span> 
     </span>
    </p>
   </div>
   <div class='ocr_carea' id='block_1_6' title="bbox 192 846 1866 926">
    <p class='ocr_par' dir='ltr' id='par_1_6' title="bbox 192 846 1866 926">
     <span class='ocr_line' id='line_1_6' title="bbox 192 846 1866 926; baseline -0.012 -11"><span class='ocrx_word' id='word_1_35' title='bbox 192 860 294 926; x_wconf 77' lang='grc' dir='ltr'>τὰς</span> <span class='ocrx_word' id='word_1_36' title='bbox 328 861 507 923; x_wconf 86' lang='grc' dir='ltr'>πόλεις</span> <span class='ocrx_word' id='word_1_37' title='bbox 539 858 650 912; x_wconf 90' lang='grc' dir='ltr'>τῶν</span> <span class='ocrx_word' id='word_1_38' title='bbox 680 855 1033 910; x_wconf 82' lang='grc' dir='ltr'>ὑπεναντίων.</span> <span class='ocrx_word' id='word_1_39' title='bbox 1085 849 1237 914; x_wconf 83' lang='grc' dir='ltr'><strong>Εἶδες</strong></span> <span class='ocrx_word' id='word_1_40' title='bbox 1271 849 1359 903; x_wconf 81' lang='grc' dir='ltr'>διά</span> <span class='ocrx_word' id='word_1_41' title='bbox 1408 849 1625 902; x_wconf 86' lang='grc' dir='ltr'>πάντων</span> <span class='ocrx_word' id='word_1_42' title='bbox 1657 846 1866 900; x_wconf 83' lang='grc' dir='ltr'>δεικνυ-</span> 
     </span>
    </p>
   </div>
   <div class='ocr_carea' id='block_1_7' title="bbox 197 929 1868 1018">
    <p class='ocr_par' dir='ltr' id='par_1_7' title="bbox 197 929 1868 1018">
     <span class='ocr_line' id='line_1_7' title="bbox 197 929 1868 1018; baseline -0.011 -18"><span class='ocrx_word' id='word_1_43' title='bbox 197 947 368 1018; x_wconf 75' lang='grc' dir='ltr'>μένην</span> <span class='ocrx_word' id='word_1_44' title='bbox 406 943 613 1016; x_wconf 78' lang='grc' dir='ltr'>ἐναργῆ</span> <span class='ocrx_word' id='word_1_45' title='bbox 646 943 741 995; x_wconf 87' lang='grc' dir='ltr'>τοῦ</span> <span class='ocrx_word' id='word_1_46' title='bbox 770 940 904 994; x_wconf 90' lang='grc' dir='ltr'>Θεοῦ</span> <span class='ocrx_word' id='word_1_47' title='bbox 937 939 1035 1010; x_wconf 84' lang='grc' dir='ltr'>τὴν</span> <span class='ocrx_word' id='word_1_48' title='bbox 1065 938 1340 1009; x_wconf 91' lang='grc' dir='ltr'>πρόνοιαν,</span> <span class='ocrx_word' id='word_1_49' title='bbox 1383 934 1502 996; x_wconf 89' lang='grc' dir='ltr'>πῶς</span> <span class='ocrx_word' id='word_1_50' title='bbox 1527 933 1622 985; x_wconf 71' lang='grc' dir='ltr'>καὶ</span> <span class='ocrx_word' id='word_1_51' title='bbox 1652 930 1740 984; x_wconf 85' lang='grc' dir='ltr'>διὰ</span> <span class='ocrx_word' id='word_1_52' title='bbox 1761 929 1868 1018; x_wconf 85' lang='grc' dir='ltr'>τῶν</span> 
     </span>
    </p>
   </div>
   <div class='ocr_carea' id='block_1_8' title="bbox 191 1017 1868 1102">
    <p class='ocr_par' dir='ltr' id='par_1_8' title="bbox 191 1017 1868 1102">
     <span class='ocr_line' id='line_1_8' title="bbox 191 1017 1868 1102; baseline -0.01 -16"><span class='ocrx_word' id='word_1_53' title='bbox 191 1017 443 1086; x_wconf 78' lang='grc' dir='ltr'>ἀπίστων</span> <span class='ocrx_word' id='word_1_54' title='bbox 475 1028 890 1102; x_wconf 86' lang='grc' dir='ltr'>προμηνύεσθαι</span> <span class='ocrx_word' id='word_1_55' title='bbox 924 1027 994 1079; x_wconf 82' lang='grc' dir='ltr'>τὰ</span> <span class='ocrx_word' id='word_1_56' title='bbox 1051 1025 1316 1096; x_wconf 89' lang='grc' dir='ltr'>μέλλοντα</span> <span class='ocrx_word' id='word_1_57' title='bbox 1366 1020 1642 1090; x_wconf 65' lang='grc' dir='ltr'>ακονομεῖ</span> <span class='ocrx_word' id='word_1_58' title='bbox 1687 1018 1716 1071; x_wconf 85' lang='grc' dir='ltr'><strong>δ</strong></span> <span class='ocrx_word' id='word_1_59' title='bbox 1759 1017 1868 1070; x_wconf 88' lang='grc' dir='ltr'>τῶν</span> 
     </span>
    </p>
   </div>
   <div class='ocr_carea' id='block_1_9' title="bbox 189 1103 1872 1186">
    <p class='ocr_par' dir='ltr' id='par_1_9' title="bbox 189 1103 1872 1186">
     <span class='ocr_line' id='line_1_9' title="bbox 189 1103 1872 1186; baseline -0.011 -13"><span class='ocrx_word' id='word_1_60' title='bbox 189 1118 454 1173; x_wconf 69' lang='grc' dir='ltr'>ἁπάντων</span> <span class='ocrx_word' id='word_1_61' title='bbox 501 1116 812 1186; x_wconf 82' lang='grc' dir='ltr'>Δεσπότης;</span> <span class='ocrx_word' id='word_1_62' title='bbox 854 1113 960 1170; x_wconf 80' lang='grc' dir='ltr'>Καὶ</span> <span class='ocrx_word' id='word_1_63' title='bbox 1009 1111 1350 1174; x_wconf 81' lang='grc' dir='ltr'>ἀναστᾶσα,</span> <span class='ocrx_word' id='word_1_64' title='bbox 1397 1108 1553 1180; x_wconf 78' lang='grc' dir='ltr'>φησὶ,</span> <span class='ocrx_word' id='word_1_65' title='bbox 1590 1103 1872 1159; x_wconf 79' lang='grc' dir='ltr'><em>Ῥεϐέκκα</em></span> 
     </span>
    </p>
   </div>
   <div class='ocr_carea' id='block_1_10' title="bbox 190 1192 1866 1272">
    <p class='ocr_par' dir='ltr' id='par_1_10' title="bbox 190 1192 1866 1272">
     <span class='ocr_line' id='line_1_10' title="bbox 190 1192 1866 1272; baseline -0.01 -14"><span class='ocrx_word' id='word_1_66' title='bbox 190 1207 298 1261; x_wconf 72' lang='grc' dir='ltr'>καὶ</span> <span class='ocrx_word' id='word_1_67' title='bbox 330 1208 390 1258; x_wconf 84' lang='grc' dir='ltr'>αι</span> <span class='ocrx_word' id='word_1_68' title='bbox 435 1204 606 1272; x_wconf 80' lang='grc' dir='ltr'>ἅϐραι</span> <span class='ocrx_word' id='word_1_69' title='bbox 653 1200 876 1270; x_wconf 82' lang='grc' dir='ltr'>αὐτῆς,</span> <span class='ocrx_word' id='word_1_70' title='bbox 924 1199 1230 1266; x_wconf 81' lang='grc' dir='ltr'>ἐπέϐησαν</span> <span class='ocrx_word' id='word_1_71' title='bbox 1255 1196 1354 1251; x_wconf 80' lang='grc' dir='ltr'>ἐπι</span> <span class='ocrx_word' id='word_1_72' title='bbox 1383 1195 1491 1260; x_wconf 84' lang='grc' dir='ltr'>τὰς</span> <span class='ocrx_word' id='word_1_73' title='bbox 1537 1192 1866 1262; x_wconf 78' lang='grc' dir='ltr'>καμήλους.</span> 
     </span>
    </p>
   </div>
   <div class='ocr_carea' id='block_1_11' title="bbox 191 1279 1868 1358">
    <p class='ocr_par' dir='ltr' id='par_1_11' title="bbox 191 1279 1868 1358">
     <span class='ocr_line' id='line_1_11' title="bbox 191 1279 1868 1358; baseline -0.01 -13"><span class='ocrx_word' id='word_1_74' title='bbox 191 1289 351 1355; x_wconf 81' lang='grc' dir='ltr'>Εἶδες</span> <span class='ocrx_word' id='word_1_75' title='bbox 383 1293 503 1344; x_wconf 77' lang='grc' dir='ltr'>οἷαν</span> <span class='ocrx_word' id='word_1_76' title='bbox 523 1291 712 1358; x_wconf 83' lang='grc' dir='ltr'>άγεται</span> <span class='ocrx_word' id='word_1_77' title='bbox 737 1287 955 1358; x_wconf 82' lang='grc' dir='ltr'>νύμφην</span> <span class='ocrx_word' id='word_1_78' title='bbox 983 1289 1011 1340; x_wconf 86' lang='grc' dir='ltr'><strong>ὁ</strong></span> <span class='ocrx_word' id='word_1_79' title='bbox 1035 1285 1415 1358; x_wconf 74' lang='grc' dir='ltr'>πατριάρχηςς</span> <span class='ocrx_word' id='word_1_80' title='bbox 1451 1279 1868 1352; x_wconf 80' lang='grc' dir='ltr'>’Υδρευομένην,</span> 
     </span>
    </p>
   </div>
   <div class='ocr_carea' id='block_1_12' title="bbox 189 1364 1870 1449">
    <p class='ocr_par' dir='ltr' id='par_1_12' title="bbox 189 1364 1870 1449">
     <span class='ocr_line' id='line_1_12' title="bbox 189 1364 1870 1449; baseline -0.01 -17"><span class='ocrx_word' id='word_1_81' title='bbox 189 1379 293 1433; x_wconf 74' lang='grc' dir='ltr'>καὶ</span> <span class='ocrx_word' id='word_1_82' title='bbox 318 1378 416 1449; x_wconf 74' lang='grc' dir='ltr'>τὴν</span> <span class='ocrx_word' id='word_1_83' title='bbox 447 1377 635 1447; x_wconf 79' lang='grc' dir='ltr'>ὑδρίαν</span> <span class='ocrx_word' id='word_1_84' title='bbox 666 1376 758 1428; x_wconf 75' lang='grc' dir='ltr'>ἐπὶ</span> <span class='ocrx_word' id='word_1_85' title='bbox 784 1373 892 1426; x_wconf 89' lang='grc' dir='ltr'>τῶν</span> <span class='ocrx_word' id='word_1_86' title='bbox 922 1372 1087 1444; x_wconf 86' lang='grc' dir='ltr'>ῶμων</span> <span class='ocrx_word' id='word_1_87' title='bbox 1122 1372 1409 1442; x_wconf 80' lang='grc' dir='ltr'>φέρουσαν,</span> <span class='ocrx_word' id='word_1_88' title='bbox 1443 1369 1536 1423; x_wconf 76' lang='grc' dir='ltr'>καὶ</span> <span class='ocrx_word' id='word_1_89' title='bbox 1583 1367 1677 1419; x_wconf 91' lang='grc' dir='ltr'>νῦν</span> <span class='ocrx_word' id='word_1_90' title='bbox 1711 1364 1870 1417; x_wconf 87' lang='grc' dir='ltr'>πάλιν</span> 
     </span>
    </p>
   </div>
   <div class='ocr_carea' id='block_1_13' title="bbox 187 1454 1873 1531">
    <p class='ocr_par' dir='ltr' id='par_1_13' title="bbox 187 1454 1873 1531">
     <span class='ocr_line' id='line_1_13' title="bbox 187 1454 1873 1531; baseline -0.008 -12"><span class='ocrx_word' id='word_1_91' title='bbox 187 1465 469 1519; x_wconf 60' lang='grc' dir='ltr'>ἐπιϐᾶσαν</span> <span class='ocrx_word' id='word_1_92' title='bbox 501 1464 591 1516; x_wconf 76' lang='grc' dir='ltr'>ἐπὶ</span> <span class='ocrx_word' id='word_1_93' title='bbox 622 1462 719 1526; x_wconf 80' lang='grc' dir='ltr'>τὰς</span> <span class='ocrx_word' id='word_1_94' title='bbox 763 1460 1054 1531; x_wconf 75' lang='grc' dir='ltr'>καμήλους.</span> <span class='ocrx_word' id='word_1_95' title='bbox 1107 1456 1360 1528; x_wconf 88' lang='grc' dir='ltr'>Οὐδαμοῦ</span> <span class='ocrx_word' id='word_1_96' title='bbox 1403 1457 1614 1526; x_wconf 88' lang='grc' dir='ltr'>ήμίονοι</span> <span class='ocrx_word' id='word_1_97' title='bbox 1645 1454 1873 1524; x_wconf 86' lang='grc' dir='ltr'>ἀργύρῳ</span> 
     </span>
    </p>
   </div>
   <div class='ocr_carea' id='block_1_14' title="bbox 194 1540 1870 1622">
    <p class='ocr_par' dir='ltr' id='par_1_14' title="bbox 194 1540 1870 1622">
     <span class='ocr_line' id='line_1_14' title="bbox 194 1540 1870 1622; baseline -0.007 -18"><span class='ocrx_word' id='word_1_98' title='bbox 194 1550 677 1622; x_wconf 83' lang='grc' dir='ltr'>περιλαμπόμεναι</span> <span class='ocrx_word' id='word_1_99' title='bbox 710 1547 836 1610; x_wconf 85' lang='grc' dir='ltr'>τοὺς</span> <span class='ocrx_word' id='word_1_100' title='bbox 867 1545 1196 1616; x_wconf 81' lang='grc' dir='ltr'>τραχήλους,</span> <span class='ocrx_word' id='word_1_101' title='bbox 1230 1545 1349 1597; x_wconf 86' lang='grc' dir='ltr'>οὐδὲ</span> <span class='ocrx_word' id='word_1_102' title='bbox 1398 1542 1626 1595; x_wconf 74' lang='grc' dir='ltr'>οἰκετῶν</span> <span class='ocrx_word' id='word_1_103' title='bbox 1683 1540 1870 1610; x_wconf 78' lang='grc' dir='ltr'>ἐσμὸς,</span> 
     </span>
    </p>
   </div>
   <div class='ocr_carea' id='block_1_15' title="bbox 187 1622 1874 1707">
    <p class='ocr_par' dir='ltr' id='par_1_15' title="bbox 187 1622 1874 1707">
     <span class='ocr_line' id='line_1_15' title="bbox 187 1622 1874 1707; baseline -0.007 -17"><span class='ocrx_word' id='word_1_104' title='bbox 187 1637 321 1690; x_wconf 68' lang='grc' dir='ltr'>οὐδὲ</span> <span class='ocrx_word' id='word_1_105' title='bbox 345 1639 380 1707; x_wconf 88' lang='grc' dir='ltr'>ή</span> <span class='ocrx_word' id='word_1_106' title='bbox 415 1636 584 1706; x_wconf 80' lang='grc' dir='ltr'>πολλὴ</span> <span class='ocrx_word' id='word_1_107' title='bbox 606 1635 830 1705; x_wconf 86' lang='grc' dir='ltr'>βλακεία</span> <span class='ocrx_word' id='word_1_108' title='bbox 855 1634 888 1702; x_wconf 84' lang='grc' dir='ltr'>ὴ</span> <span class='ocrx_word' id='word_1_109' title='bbox 918 1631 1012 1684; x_wconf 83' lang='grc' dir='ltr'>νῦν</span> <span class='ocrx_word' id='word_1_110' title='bbox 1044 1631 1332 1701; x_wconf 84' lang='grc' dir='ltr'>γινομένη⁶</span> <span class='ocrx_word' id='word_1_111' title='bbox 1366 1629 1503 1682; x_wconf 86' lang='grc' dir='ltr'>ἀλλὰ</span> <span class='ocrx_word' id='word_1_112' title='bbox 1542 1627 1776 1697; x_wconf 82' lang='grc' dir='ltr'>τοσαύτη</span> <span class='ocrx_word' id='word_1_113' title='bbox 1806 1622 1874 1697; x_wconf 81' lang='grc' dir='ltr'>ἦν</span> 
     </span>
    </p>
   </div>
   <div class='ocr_carea' id='block_1_16' title="bbox 190 1715 1875 1790">
    <p class='ocr_par' dir='ltr' id='par_1_16' title="bbox 190 1715 1875 1790">
     <span class='ocr_line' id='line_1_16' title="bbox 190 1715 1875 1790; baseline -0.006 -14"><span class='ocrx_word' id='word_1_114' title='bbox 190 1724 308 1776; x_wconf 85' lang='grc' dir='ltr'>τῶν</span> <span class='ocrx_word' id='word_1_115' title='bbox 335 1723 582 1776; x_wconf 87' lang='grc' dir='ltr'>παλαιῶν</span> <span class='ocrx_word' id='word_1_116' title='bbox 605 1721 879 1790; x_wconf 88' lang='grc' dir='ltr'>γυναικῶν</span> <span class='ocrx_word' id='word_1_117' title='bbox 907 1721 937 1790; x_wconf 80' lang='grc' dir='ltr'>ή</span> <span class='ocrx_word' id='word_1_118' title='bbox 971 1718 1210 1790; x_wconf 86' lang='grc' dir='ltr'>ἀνδρεία,</span> <span class='ocrx_word' id='word_1_119' title='bbox 1233 1718 1308 1780; x_wconf 85' lang='grc' dir='ltr'>ὡς</span> <span class='ocrx_word' id='word_1_120' title='bbox 1335 1718 1430 1770; x_wconf 72' lang='grc' dir='ltr'>καὶ</span> <span class='ocrx_word' id='word_1_121' title='bbox 1449 1715 1542 1768; x_wconf 75' lang='grc' dir='ltr'>ἐπὶ</span> <span class='ocrx_word' id='word_1_122' title='bbox 1570 1715 1665 1778; x_wconf 75' lang='grc' dir='ltr'>τὰς</span> <span class='ocrx_word' id='word_1_123' title='bbox 1695 1715 1875 1783; x_wconf 85' lang='grc' dir='ltr'>καμή-</span> 
     </span>
    </p>
   </div>
   <div class='ocr_carea' id='block_1_17' title="bbox 191 1803 1875 1877">
    <p class='ocr_par' dir='ltr' id='par_1_17' title="bbox 191 1803 1875 1877">
     <span class='ocr_line' id='line_1_17' title="bbox 191 1803 1875 1877; baseline -0.005 -15"><span class='ocrx_word' id='word_1_124' title='bbox 191 1811 326 1875; x_wconf 86' lang='grc' dir='ltr'>λους</span> <span class='ocrx_word' id='word_1_125' title='bbox 352 1812 523 1873; x_wconf 82' lang='grc' dir='ltr'>αὐτάς</span> <span class='ocrx_word' id='word_1_126' title='bbox 551 1811 872 1870; x_wconf 89' lang='grc' dir='ltr'>ἐπιϐαίνειν,</span> <span class='ocrx_word' id='word_1_127' title='bbox 909 1809 1002 1861; x_wconf 76' lang='grc' dir='ltr'>καὶ</span> <span class='ocrx_word' id='word_1_128' title='bbox 1040 1807 1214 1870; x_wconf 78' lang='grc' dir='ltr'>οὕτως</span> <span class='ocrx_word' id='word_1_129' title='bbox 1247 1807 1568 1877; x_wconf 77' lang='grc' dir='ltr'>ὁδοιπορεῖν.</span> <span class='ocrx_word' id='word_1_130' title='bbox 1609 1804 1716 1856; x_wconf 74' lang='grc' dir='ltr'>Καὶ</span> <span class='ocrx_word' id='word_1_131' title='bbox 1745 1803 1875 1855; x_wconf 84' lang='grc' dir='ltr'>ἐπο-</span> 
     </span>
    </p>
   </div>
   <div class='ocr_carea' id='block_1_18' title="bbox 186 1889 1875 1967">
    <p class='ocr_par' dir='ltr' id='par_1_18' title="bbox 186 1889 1875 1967">
     <span class='ocr_line' id='line_1_18' title="bbox 186 1889 1875 1967; baseline -0.007 -15"><span class='ocrx_word' id='word_1_132' title='bbox 186 1898 521 1967; x_wconf 78' lang='grc' dir='ltr'>ρεύθησαν,</span> <span class='ocrx_word' id='word_1_133' title='bbox 553 1897 707 1966; x_wconf 80' lang='grc' dir='ltr'>φησὶ,</span> <span class='ocrx_word' id='word_1_134' title='bbox 763 1893 912 1963; x_wconf 86' lang='grc' dir='ltr'><em>μετὰ</em></span> <span class='ocrx_word' id='word_1_135' title='bbox 958 1893 1064 1946; x_wconf 87' lang='grc' dir='ltr'>τοῦ</span> <span class='ocrx_word' id='word_1_136' title='bbox 1099 1891 1432 1959; x_wconf 84' lang='grc' dir='ltr'>ἀνθρώπου.</span> <span class='ocrx_word' id='word_1_137' title='bbox 1471 1890 1532 1941; x_wconf 91' lang='lat'>&#39;0</span> <span class='ocrx_word' id='word_1_138' title='bbox 1560 1889 1628 1941; x_wconf 83' lang='grc' dir='ltr'>δὲ</span> <span class='ocrx_word' id='word_1_139' title='bbox 1672 1889 1875 1944; x_wconf 83' lang='grc' dir='ltr'><em>Ἰσαὰκ</em></span> 
     </span>
    </p>
   </div>
   <div class='ocr_carea' id='block_1_19' title="bbox 189 1975 1873 2053">
    <p class='ocr_par' dir='ltr' id='par_1_19' title="bbox 189 1975 1873 2053">
     <span class='ocr_line' id='line_1_19' title="bbox 189 1975 1873 2053; baseline -0.006 -15"><span class='ocrx_word' id='word_1_140' title='bbox 189 1984 364 2053; x_wconf 73' lang='grc' dir='ltr'>ἐξῄει</span> <span class='ocrx_word' id='word_1_141' title='bbox 397 1980 816 2050; x_wconf 64' lang='grc' dir='ltr'><em>Μολεσχῆσαι</em></span> <span class='ocrx_word' id='word_1_142' title='bbox 866 1981 952 2045; x_wconf 86' lang='grc' dir='ltr'>είς</span> <span class='ocrx_word' id='word_1_143' title='bbox 1001 1979 1066 2032; x_wconf 91' lang='grc' dir='ltr'>τὸ</span> <span class='ocrx_word' id='word_1_144' title='bbox 1099 1978 1310 2032; x_wconf 81' lang='grc' dir='ltr'>πεδίον</span> <span class='ocrx_word' id='word_1_145' title='bbox 1358 1977 1421 2031; x_wconf 87' lang='grc' dir='ltr'>τὸ</span> <span class='ocrx_word' id='word_1_146' title='bbox 1454 1976 1608 2044; x_wconf 79' lang='grc' dir='ltr'>πρὸς</span> <span class='ocrx_word' id='word_1_147' title='bbox 1646 1975 1873 2042; x_wconf 82' lang='grc' dir='ltr'>δείλης,</span> 
     </span>
    </p>
   </div>
   <div class='ocr_carea' id='block_1_20' title="bbox 190 2062 1877 2134">
    <p class='ocr_par' dir='ltr' id='par_1_20' title="bbox 190 2062 1877 2134">
     <span class='ocr_line' id='line_1_20' title="bbox 190 2062 1877 2134; baseline -0.005 -12"><span class='ocrx_word' id='word_1_148' title='bbox 190 2068 302 2123; x_wconf 70' lang='grc' dir='ltr'>καί</span> <span class='ocrx_word' id='word_1_149' title='bbox 347 2065 695 2134; x_wconf 71' lang='grc' dir='ltr'><em>ἀναϐλέψας</em></span> <span class='ocrx_word' id='word_1_150' title='bbox 736 2065 858 2131; x_wconf 83' lang='grc' dir='ltr'>τοῖς</span> <span class='ocrx_word' id='word_1_151' title='bbox 908 2064 1238 2133; x_wconf 74' lang='grc' dir='ltr'>ὀφθαλμοῖς</span> <span class='ocrx_word' id='word_1_152' title='bbox 1261 2062 1383 2117; x_wconf 80' lang='grc' dir='ltr'><em>εϊδε</em></span> <span class='ocrx_word' id='word_1_153' title='bbox 1429 2063 1537 2127; x_wconf 85' lang='grc' dir='ltr'>τὰς</span> <span class='ocrx_word' id='word_1_154' title='bbox 1567 2063 1877 2131; x_wconf 73' lang='grc' dir='ltr'>καμήλους</span> 
     </span>
    </p>
   </div>
   <div class='ocr_carea' id='block_1_21' title="bbox 190 2147 1878 2223">
    <p class='ocr_par' dir='ltr' id='par_1_21' title="bbox 190 2147 1878 2223">
     <span class='ocr_line' id='line_1_21' title="bbox 190 2147 1878 2223; baseline -0.005 -16"><span class='ocrx_word' id='word_1_155' title='bbox 190 2154 549 2223; x_wconf 63' lang='grc' dir='ltr'>ἀρχομένας.</span> <span class='ocrx_word' id='word_1_156' title='bbox 602 2153 697 2214; x_wconf 86' lang='grc' dir='ltr'>Είς</span> <span class='ocrx_word' id='word_1_157' title='bbox 748 2151 811 2204; x_wconf 83' lang='grc' dir='ltr'>τὸ</span> <span class='ocrx_word' id='word_1_158' title='bbox 846 2149 1047 2212; x_wconf 90' lang='grc' dir='ltr'>πεδίον,</span> <span class='ocrx_word' id='word_1_159' title='bbox 1081 2151 1266 2220; x_wconf 77' lang='grc' dir='ltr'>φησὶν,</span> <span class='ocrx_word' id='word_1_160' title='bbox 1295 2151 1323 2202; x_wconf 89' lang='grc' dir='ltr'>ό</span> <span class='ocrx_word' id='word_1_161' title='bbox 1373 2148 1557 2202; x_wconf 82' lang='grc' dir='ltr'>Ἰσαὰκ</span> <span class='ocrx_word' id='word_1_162' title='bbox 1587 2147 1878 2219; x_wconf 88' lang='grc' dir='ltr'>διατρίϐων</span> 
     </span>
    </p>
   </div>
   <div class='ocr_carea' id='block_1_22' title="bbox 195 2234 1881 2308">
    <p class='ocr_par' dir='ltr' id='par_1_22' title="bbox 195 2234 1881 2308">
     <span class='ocr_line' id='line_1_22' title="bbox 195 2234 1881 2308; baseline -0.003 -15"><span class='ocrx_word' id='word_1_163' title='bbox 195 2241 464 2294; x_wconf 85' lang='grc' dir='ltr'>ἐθεάσατο</span> <span class='ocrx_word' id='word_1_164' title='bbox 523 2237 622 2300; x_wconf 72' lang='grc' dir='ltr'>τὰς</span> <span class='ocrx_word' id='word_1_165' title='bbox 669 2237 966 2308; x_wconf 78' lang='grc' dir='ltr'>καμήλους.</span> <span class='ocrx_word' id='word_1_166' title='bbox 992 2237 1061 2291; x_wconf 84' lang='grc' dir='ltr'><em>Ἢ</em></span> <span class='ocrx_word' id='word_1_167' title='bbox 1108 2235 1177 2289; x_wconf 80' lang='grc' dir='ltr'>δὲ</span> <span class='ocrx_word' id='word_1_168' title='bbox 1221 2234 1494 2290; x_wconf 87' lang='grc' dir='ltr'><em>Ῥεϐέκκα</em></span> <span class='ocrx_word' id='word_1_169' title='bbox 1524 2235 1737 2289; x_wconf 80' lang='grc' dir='ltr'>ίδοῦσα</span> <span class='ocrx_word' id='word_1_170' title='bbox 1775 2234 1881 2288; x_wconf 84' lang='grc' dir='ltr'>τὸν</span> 
     </span>
    </p>
   </div>
   <div class='ocr_carea' id='block_1_23' title="bbox 208 2318 1881 2391">
    <p class='ocr_par' dir='ltr' id='par_1_23' title="bbox 208 2318 1881 2391">
     <span class='ocr_line' id='line_1_23' title="bbox 208 2318 1881 2391; baseline -0.004 -9"><span class='ocrx_word' id='word_1_171' title='bbox 208 2326 443 2387; x_wconf 78' lang='grc' dir='ltr'>Ἰσαὰκ,</span> <span class='ocrx_word' id='word_1_172' title='bbox 468 2323 892 2391; x_wconf 76' lang='grc' dir='ltr'>κατεπήδησεν</span> <span class='ocrx_word' id='word_1_173' title='bbox 911 2321 1030 2378; x_wconf 80' lang='grc' dir='ltr'>ἀπὸ</span> <span class='ocrx_word' id='word_1_174' title='bbox 1059 2320 1168 2390; x_wconf 84' lang='grc' dir='ltr'>τῆς</span> <span class='ocrx_word' id='word_1_175' title='bbox 1193 2324 1490 2391; x_wconf 75' lang='grc' dir='ltr'>καμήλου,</span> <span class='ocrx_word' id='word_1_176' title='bbox 1523 2323 1621 2376; x_wconf 81' lang='grc' dir='ltr'>καί</span> <span class='ocrx_word' id='word_1_177' title='bbox 1645 2318 1774 2376; x_wconf 74' lang='grc' dir='ltr'><em>εἷπε</em></span> <span class='ocrx_word' id='word_1_178' title='bbox 1801 2321 1881 2386; x_wconf 87' lang='grc' dir='ltr'>τῷ</span> 
     </span>
    </p>
   </div>
   <div class='ocr_carea' id='block_1_24' title="bbox 193 2409 1883 2479">
    <p class='ocr_par' dir='ltr' id='par_1_24' title="bbox 193 2409 1883 2479">
     <span class='ocr_line' id='line_1_24' title="bbox 193 2409 1883 2479; baseline -0.001 -14"><span class='ocrx_word' id='word_1_179' title='bbox 193 2412 400 2466; x_wconf 63' lang='grc' dir='ltr'>παιδί·</span> <span class='ocrx_word' id='word_1_180' title='bbox 441 2413 536 2475; x_wconf 82' lang='grc' dir='ltr'>Τίς</span> <span class='ocrx_word' id='word_1_181' title='bbox 567 2411 738 2464; x_wconf 77' lang='grc' dir='ltr'>ἐστιν</span> <span class='ocrx_word' id='word_1_182' title='bbox 770 2413 802 2464; x_wconf 83' lang='grc' dir='ltr'><strong>ό</strong></span> <span class='ocrx_word' id='word_1_183' title='bbox 826 2409 1134 2478; x_wconf 76' lang='grc' dir='ltr'>ἅνθρωπος</span> <span class='ocrx_word' id='word_1_184' title='bbox 1160 2409 1390 2475; x_wconf 82' lang='grc' dir='ltr'>ἐκεῖνος</span> <span class='ocrx_word' id='word_1_185' title='bbox 1416 2411 1449 2463; x_wconf 83' lang='grc' dir='ltr'><strong>ό</strong></span> <span class='ocrx_word' id='word_1_186' title='bbox 1481 2412 1883 2479; x_wconf 81' lang='grc' dir='ltr'>πορευόμενος</span> 
     </span>
    </p>
   </div>
   <div class='ocr_carea' id='block_1_25' title="bbox 191 2493 1881 2567">
    <p class='ocr_par' dir='ltr' id='par_1_25' title="bbox 191 2493 1881 2567">
     <span class='ocr_line' id='line_1_25' title="bbox 191 2493 1881 2567; baseline 0.004 -14"><span class='ocrx_word' id='word_1_187' title='bbox 191 2499 270 2553; x_wconf 70' lang='grc' dir='ltr'>ἐν</span> <span class='ocrx_word' id='word_1_188' title='bbox 307 2499 384 2564; x_wconf 83' lang='grc' dir='ltr'>τῷ</span> <span class='ocrx_word' id='word_1_189' title='bbox 413 2498 594 2561; x_wconf 85' lang='grc' dir='ltr'>πεδίῳ</span> <span class='ocrx_word' id='word_1_190' title='bbox 619 2499 704 2562; x_wconf 82' lang='grc' dir='ltr'>είς</span> <span class='ocrx_word' id='word_1_191' title='bbox 733 2494 1112 2563; x_wconf 81' lang='grc' dir='ltr'><em>συνάντησιν</em></span> <span class='ocrx_word' id='word_1_192' title='bbox 1143 2493 1311 2563; x_wconf 78' lang='grc' dir='ltr'>ἡμῶν</span> <span class='ocrx_word' id='word_1_193' title='bbox 1328 2507 1386 2560; x_wconf 79' lang='grc'>·;</span> <span class='ocrx_word' id='word_1_194' title='bbox 1415 2495 1561 2566; x_wconf 78' lang='grc' dir='ltr'>Ὅρα</span> <span class='ocrx_word' id='word_1_195' title='bbox 1588 2496 1687 2566; x_wconf 79' lang='grc' dir='ltr'>τῆς</span> <span class='ocrx_word' id='word_1_196' title='bbox 1713 2497 1881 2567; x_wconf 80' lang='grc' dir='ltr'>κόρης</span> 
     </span>
    </p>
   </div>
   <div class='ocr_carea' id='block_1_26' title="bbox 192 2577 1876 2658">
    <p class='ocr_par' dir='ltr' id='par_1_26' title="bbox 192 2577 1876 2658">
     <span class='ocr_line' id='line_1_26' title="bbox 192 2577 1876 2658; baseline -0.001 -20"><span class='ocrx_word' id='word_1_197' title='bbox 192 2587 304 2658; x_wconf 76' lang='grc' dir='ltr'>τὴν</span> <span class='ocrx_word' id='word_1_198' title='bbox 325 2585 621 2653; x_wconf 86' lang='grc' dir='ltr'>εὐγένειαν·</span> <span class='ocrx_word' id='word_1_199' title='bbox 641 2581 830 2653; x_wconf 84' lang='grc' dir='ltr'>ἐπειδὴ</span> <span class='ocrx_word' id='word_1_200' title='bbox 858 2577 965 2635; x_wconf 80' lang='grc' dir='ltr'>εἶδε</span> <span class='ocrx_word' id='word_1_201' title='bbox 991 2581 1081 2634; x_wconf 85' lang='grc' dir='ltr'>τὸν</span> <span class='ocrx_word' id='word_1_202' title='bbox 1097 2582 1304 2645; x_wconf 80' lang='grc' dir='ltr'>Ἰσαὰκ,</span> <span class='ocrx_word' id='word_1_203' title='bbox 1321 2582 1646 2636; x_wconf 85' lang='grc' dir='ltr'>ἐπυνθάνετο</span> <span class='ocrx_word' id='word_1_204' title='bbox 1666 2583 1752 2646; x_wconf 88' lang='grc' dir='ltr'>τίς</span> <span class='ocrx_word' id='word_1_205' title='bbox 1771 2585 1876 2654; x_wconf 82' lang='grc' dir='ltr'>εἴη.</span> 
     </span>
    </p>
   </div>
   <div class='ocr_carea' id='block_1_27' title="bbox 192 2665 1878 2737">
    <p class='ocr_par' dir='ltr' id='par_1_27' title="bbox 192 2665 1878 2737">
     <span class='ocr_line' id='line_1_27' title="bbox 192 2665 1878 2737; baseline -0.003 -15"><span class='ocrx_word' id='word_1_206' title='bbox 192 2668 320 2722; x_wconf 74' lang='grc' dir='ltr'>Καὶ</span> <span class='ocrx_word' id='word_1_207' title='bbox 350 2665 595 2737; x_wconf 88' lang='grc' dir='ltr'>μαθοῦσα</span> <span class='ocrx_word' id='word_1_208' title='bbox 627 2665 708 2719; x_wconf 81' lang='grc' dir='ltr'>ὄτι</span> <span class='ocrx_word' id='word_1_209' title='bbox 733 2665 894 2727; x_wconf 85' lang='grc' dir='ltr'>αὐτός</span> <span class='ocrx_word' id='word_1_210' title='bbox 943 2665 1090 2717; x_wconf 80' lang='grc' dir='ltr'>ἐστιν</span> <span class='ocrx_word' id='word_1_211' title='bbox 1131 2665 1160 2716; x_wconf 84' lang='grc' dir='ltr'>ὁ</span> <span class='ocrx_word' id='word_1_212' title='bbox 1193 2665 1400 2734; x_wconf 82' lang='grc' dir='ltr'>μέλλων</span> <span class='ocrx_word' id='word_1_213' title='bbox 1435 2666 1602 2736; x_wconf 81' lang='grc' dir='ltr'>αὐτὴν</span> <span class='ocrx_word' id='word_1_214' title='bbox 1627 2665 1878 2734; x_wconf 88' lang='grc' dir='ltr'>άγεσθαι,</span> 
     </span>
    </p>
   </div>
   <div class='ocr_carea' id='block_1_28' title="bbox 193 2749 1908 2825">
    <p class='ocr_par' dir='ltr' id='par_1_28' title="bbox 193 2749 1908 2825">
     <span class='ocr_line' id='line_1_28' title="bbox 193 2749 1908 2825; baseline -0.003 -18"><span class='ocrx_word' id='word_1_215' title='bbox 193 2752 611 2825; x_wconf 77' lang='grc' dir='ltr'>περιεϐάλλετο,</span> <span class='ocrx_word' id='word_1_216' title='bbox 643 2751 801 2821; x_wconf 73' lang='grc' dir='ltr'>φησὶ,</span> <span class='ocrx_word' id='word_1_217' title='bbox 833 2749 891 2803; x_wconf 86' lang='grc' dir='ltr'>τὸ</span> <span class='ocrx_word' id='word_1_218' title='bbox 925 2750 1227 2822; x_wconf 76' lang='grc' dir='ltr'>θέριστρον,</span> <span class='ocrx_word' id='word_1_219' title='bbox 1265 2751 1358 2805; x_wconf 76' lang='grc' dir='ltr'>καὶ</span> <span class='ocrx_word' id='word_1_220' title='bbox 1386 2752 1825 2822; x_wconf 86' lang='grc' dir='ltr'>παραγενόμενος</span> <span class='ocrx_word' id='word_1_221' title='bbox 1854 2751 1908 2802; x_wconf 78' lang='grc' dir='ltr'>δ’</span> 
     </span>
    </p>
   </div>
   <div class='ocr_carea' id='block_1_29' title="bbox 193 2838 1885 2910">
    <p class='ocr_par' dir='ltr' id='par_1_29' title="bbox 193 2838 1885 2910">
     <span class='ocr_line' id='line_1_29' title="bbox 193 2838 1885 2910; baseline -0.001 -16"><span class='ocrx_word' id='word_1_222' title='bbox 193 2844 340 2904; x_wconf 81' lang='grc' dir='ltr'>παῖς</span> <span class='ocrx_word' id='word_1_223' title='bbox 358 2841 657 2910; x_wconf 88' lang='grc' dir='ltr'>διηγήσατο</span> <span class='ocrx_word' id='word_1_224' title='bbox 695 2840 874 2892; x_wconf 89' lang='grc' dir='ltr'>πάντα</span> <span class='ocrx_word' id='word_1_225' title='bbox 903 2839 1041 2909; x_wconf 85' lang='grc' dir='ltr'>μετά</span> <span class='ocrx_word' id='word_1_226' title='bbox 1071 2838 1358 2908; x_wconf 87' lang='grc' dir='ltr'>ἀκριϐείας</span> <span class='ocrx_word' id='word_1_227' title='bbox 1404 2839 1482 2909; x_wconf 80' lang='grc' dir='ltr'>τῷ</span> <span class='ocrx_word' id='word_1_228' title='bbox 1521 2839 1725 2892; x_wconf 79' lang='grc' dir='ltr'>Ἰσαάκ.</span> <span class='ocrx_word' id='word_1_229' title='bbox 1777 2841 1885 2892; x_wconf 86' lang='grc' dir='ltr'>Ἐν-</span> 
     </span>
    </p>
   </div>
   <div class='ocr_carea' id='block_1_30' title="bbox 193 2923 1884 2996">
    <p class='ocr_par' dir='ltr' id='par_1_30' title="bbox 193 2923 1884 2996">
     <span class='ocr_line' id='line_1_30' title="bbox 193 2923 1884 2996; baseline -0.004 -15"><span class='ocrx_word' id='word_1_230' title='bbox 193 2928 382 2981; x_wconf 87' lang='grc' dir='ltr'>ταῦθα</span> <span class='ocrx_word' id='word_1_231' title='bbox 405 2926 596 2979; x_wconf 87' lang='grc' dir='ltr'>σκόπει</span> <span class='ocrx_word' id='word_1_232' title='bbox 650 2942 766 2996; x_wconf 90' lang='grc' dir='ltr'>μοι,</span> <span class='ocrx_word' id='word_1_233' title='bbox 817 2923 1088 2994; x_wconf 85' lang='grc' dir='ltr'>άγαπητὲ,</span> <span class='ocrx_word' id='word_1_234' title='bbox 1120 2923 1237 2986; x_wconf 89' lang='grc' dir='ltr'>πῶς</span> <span class='ocrx_word' id='word_1_235' title='bbox 1269 2923 1503 2994; x_wconf 76' lang='grc' dir='ltr'>οὐδαμοῦ</span> <span class='ocrx_word' id='word_1_236' title='bbox 1536 2924 1604 2976; x_wconf 73' lang='grc' dir='ltr'>τα</span> <span class='ocrx_word' id='word_1_237' title='bbox 1656 2923 1884 2994; x_wconf 83' lang='grc' dir='ltr'>περιττά</span> 
     </span>
    </p>
   </div>
   <div class='ocr_carea' id='block_1_31' title="bbox 194 3009 1884 3083">
    <p class='ocr_par' dir='ltr' id='par_1_31' title="bbox 194 3009 1884 3083">
     <span class='ocr_line' id='line_1_31' title="bbox 194 3009 1884 3083; baseline -0.003 -14"><span class='ocrx_word' id='word_1_238' title='bbox 194 3013 380 3069; x_wconf 80' lang='grc' dir='ltr'>ταῦτα</span> <span class='ocrx_word' id='word_1_239' title='bbox 405 3013 499 3065; x_wconf 84' lang='grc' dir='ltr'>καὶ</span> <span class='ocrx_word' id='word_1_240' title='bbox 522 3012 779 3083; x_wconf 88' lang='grc' dir='ltr'>ἀνόνητα,</span> <span class='ocrx_word' id='word_1_241' title='bbox 809 3009 1046 3081; x_wconf 89' lang='grc' dir='ltr'>οὐδαμοῦ</span> <span class='ocrx_word' id='word_1_242' title='bbox 1075 3011 1269 3080; x_wconf 83' lang='grc' dir='ltr'>πομπὴ</span> <span class='ocrx_word' id='word_1_243' title='bbox 1314 3010 1614 3081; x_wconf 82' lang='grc' dir='ltr'>διαϐολικὴ,</span> <span class='ocrx_word' id='word_1_244' title='bbox 1650 3010 1884 3080; x_wconf 80' lang='grc' dir='ltr'>οὐδαμοῦ</span> 
     </span>
    </p>
   </div>
   <div class='ocr_carea' id='block_1_32' title="bbox 195 3097 1888 3171">
    <p class='ocr_par' dir='ltr' id='par_1_32' title="bbox 195 3097 1888 3171">
     <span class='ocr_line' id='line_1_32' title="bbox 195 3097 1888 3171; baseline -0.002 -15"><span class='ocrx_word' id='word_1_245' title='bbox 195 3101 464 3171; x_wconf 79' lang='grc' dir='ltr'>κύμϐαλα</span> <span class='ocrx_word' id='word_1_246' title='bbox 489 3100 585 3153; x_wconf 72' lang='grc' dir='ltr'>καὶ</span> <span class='ocrx_word' id='word_1_247' title='bbox 623 3099 774 3153; x_wconf 77' lang='grc' dir='ltr'>αὐλοὶ</span> <span class='ocrx_word' id='word_1_248' title='bbox 801 3099 894 3152; x_wconf 77' lang='grc' dir='ltr'>καὶ</span> <span class='ocrx_word' id='word_1_249' title='bbox 921 3101 1153 3168; x_wconf 78' lang='grc' dir='ltr'>χορεῖαι,</span> <span class='ocrx_word' id='word_1_250' title='bbox 1181 3098 1273 3151; x_wconf 74' lang='grc' dir='ltr'>καὶ</span> <span class='ocrx_word' id='word_1_251' title='bbox 1299 3097 1367 3150; x_wconf 81' lang='grc' dir='ltr'>τὰ</span> <span class='ocrx_word' id='word_1_252' title='bbox 1411 3099 1671 3152; x_wconf 78' lang='grc' dir='ltr'>σατανικὰ</span> <span class='ocrx_word' id='word_1_253' title='bbox 1705 3100 1888 3153; x_wconf 82' lang='grc' dir='ltr'>ἐκεῖνα</span> 
     </span>
    </p>
   </div>
   <div class='ocr_carea' id='block_1_33' title="bbox 195 3184 1888 3259">
    <p class='ocr_par' dir='ltr' id='par_1_33' title="bbox 195 3184 1888 3259">
     <span class='ocr_line' id='line_1_33' title="bbox 195 3184 1888 3259; baseline -0.004 -15"><span class='ocrx_word' id='word_1_254' title='bbox 195 3187 508 3259; x_wconf 82' lang='grc' dir='ltr'>συμπόσια,</span> <span class='ocrx_word' id='word_1_255' title='bbox 549 3187 644 3239; x_wconf 80' lang='grc' dir='ltr'>καὶ</span> <span class='ocrx_word' id='word_1_256' title='bbox 670 3187 727 3237; x_wconf 88' lang='grc' dir='ltr'>αί</span> <span class='ocrx_word' id='word_1_257' title='bbox 759 3185 1019 3257; x_wconf 86' lang='grc' dir='ltr'>λοιδορίαι</span> <span class='ocrx_word' id='word_1_258' title='bbox 1068 3185 1124 3237; x_wconf 89' lang='grc' dir='ltr'>αἱ</span> <span class='ocrx_word' id='word_1_259' title='bbox 1171 3184 1353 3255; x_wconf 80' lang='grc' dir='ltr'>πάσης</span> <span class='ocrx_word' id='word_1_260' title='bbox 1383 3185 1772 3256; x_wconf 81' lang='grc' dir='ltr'>ἀσχημοσύνης</span> <span class='ocrx_word' id='word_1_261' title='bbox 1797 3185 1888 3253; x_wconf 83' lang='grc' dir='ltr'>γέ-</span> 
     </span>
    </p>
   </div>
   <div class='ocr_carea' id='block_1_34' title="bbox 197 3271 1886 3346">
    <p class='ocr_par' dir='ltr' id='par_1_34' title="bbox 197 3271 1886 3346">
     <span class='ocr_line' id='line_1_34' title="bbox 197 3271 1886 3346; baseline -0.004 -16"><span class='ocrx_word' id='word_1_262' title='bbox 197 3291 431 3346; x_wconf 82' lang='grc' dir='ltr'>μουσαι,</span> <span class='ocrx_word' id='word_1_263' title='bbox 458 3273 592 3327; x_wconf 78' lang='grc' dir='ltr'>ἀλλά</span> <span class='ocrx_word' id='word_1_264' title='bbox 621 3274 772 3325; x_wconf 78' lang='grc' dir='ltr'>πᾶσα</span> <span class='ocrx_word' id='word_1_265' title='bbox 805 3272 1090 3342; x_wconf 85' lang='grc' dir='ltr'>σεμνότης,</span> <span class='ocrx_word' id='word_1_266' title='bbox 1137 3274 1288 3324; x_wconf 78' lang='grc' dir='ltr'>πᾶσα</span> <span class='ocrx_word' id='word_1_267' title='bbox 1326 3271 1505 3340; x_wconf 82' lang='grc' dir='ltr'>σοφία,</span> <span class='ocrx_word' id='word_1_268' title='bbox 1535 3273 1683 3324; x_wconf 78' lang='grc' dir='ltr'>πᾶσα</span> <span class='ocrx_word' id='word_1_269' title='bbox 1712 3272 1886 3324; x_wconf 83' lang='grc' dir='ltr'>ἐπιεί-</span> 
     </span>
    </p>
   </div>
   <div class='ocr_carea' id='block_1_35' title="bbox 196 3354 1888 3428">
    <p class='ocr_par' dir='ltr' id='par_1_35' title="bbox 196 3354 1888 3428">
     <span class='ocr_line' id='line_1_35' title="bbox 196 3354 1888 3428; baseline -0.003 -12"><span class='ocrx_word' id='word_1_270' title='bbox 196 3380 356 3418; x_wconf 84' lang='grc' dir='ltr'>κεια.</span> <span class='ocrx_word' id='word_1_271' title='bbox 381 3359 645 3428; x_wconf 76' lang='grc' dir='ltr'>Εἱσῆλθε</span> <span class='ocrx_word' id='word_1_272' title='bbox 692 3357 780 3421; x_wconf 83' lang='grc' dir='ltr'>δὲ,</span> <span class='ocrx_word' id='word_1_273' title='bbox 823 3357 1008 3427; x_wconf 81' lang='grc' dir='ltr'>φησὶν,</span> <span class='ocrx_word' id='word_1_274' title='bbox 1051 3357 1258 3411; x_wconf 86' lang='grc' dir='ltr'>Ἰσαὰκ</span> <span class='ocrx_word' id='word_1_275' title='bbox 1307 3360 1397 3423; x_wconf 81' lang='grc' dir='ltr'>είς</span> <span class='ocrx_word' id='word_1_276' title='bbox 1424 3356 1532 3410; x_wconf 83' lang='grc' dir='ltr'>τὸν</span> <span class='ocrx_word' id='word_1_277' title='bbox 1563 3354 1730 3411; x_wconf 80' lang='grc' dir='ltr'><em>οἷκον</em></span> <span class='ocrx_word' id='word_1_278' title='bbox 1775 3357 1888 3426; x_wconf 84' lang='grc' dir='ltr'>τῆς</span> 
     </span>
    </p>
   </div>
   <div class='ocr_carea' id='block_1_36' title="bbox 194 3443 1888 3520">
    <p class='ocr_par' dir='ltr' id='par_1_36' title="bbox 194 3443 1888 3520">
     <span class='ocr_line' id='line_1_36' title="bbox 194 3443 1888 3520; baseline 0 -19"><span class='ocrx_word' id='word_1_279' title='bbox 194 3447 434 3520; x_wconf 79' lang='grc' dir='ltr'>μητρὸς</span> <span class='ocrx_word' id='word_1_280' title='bbox 455 3445 664 3510; x_wconf 84' lang='grc' dir='ltr'>αὐτοῦ,</span> <span class='ocrx_word' id='word_1_281' title='bbox 691 3443 788 3498; x_wconf 79' lang='grc' dir='ltr'>καί</span> <span class='ocrx_word' id='word_1_282' title='bbox 811 3443 990 3497; x_wconf 72' lang='grc' dir='ltr'><em>ἔλαϐε</em></span> <span class='ocrx_word' id='word_1_283' title='bbox 1015 3444 1133 3512; x_wconf 77' lang='grc' dir='ltr'>τὴν</span> <span class='ocrx_word' id='word_1_284' title='bbox 1172 3443 1502 3509; x_wconf 83' lang='grc' dir='ltr'><em>Ῥεϐέκκαν,</em></span> <span class='ocrx_word' id='word_1_285' title='bbox 1529 3445 1626 3499; x_wconf 82' lang='grc' dir='ltr'>καὶ</span> <span class='ocrx_word' id='word_1_286' title='bbox 1651 3445 1888 3514; x_wconf 79' lang='grc' dir='ltr'>ἐγένετο</span> 
     </span>
    </p>
   </div>
   <div class='ocr_carea' id='block_1_37' title="bbox 196 3529 1890 3602">
    <p class='ocr_par' dir='ltr' id='par_1_37' title="bbox 196 3529 1890 3602">
     <span class='ocr_line' id='line_1_37' title="bbox 196 3529 1890 3602; baseline -0.001 -13"><span class='ocrx_word' id='word_1_287' title='bbox 196 3532 372 3599; x_wconf 76' lang='grc' dir='ltr'>αὺτῷ</span> <span class='ocrx_word' id='word_1_288' title='bbox 409 3531 586 3602; x_wconf 80' lang='grc' dir='ltr'>γυνὴ,</span> <span class='ocrx_word' id='word_1_289' title='bbox 627 3531 727 3585; x_wconf 83' lang='grc' dir='ltr'><em>καί</em></span> <span class='ocrx_word' id='word_1_290' title='bbox 773 3529 1091 3600; x_wconf 74' lang='grc' dir='ltr'>ἠγάπησεν</span> <span class='ocrx_word' id='word_1_291' title='bbox 1141 3531 1354 3600; x_wconf 75' lang='grc' dir='ltr'>αὐτὴν,</span> <span class='ocrx_word' id='word_1_292' title='bbox 1413 3533 1510 3586; x_wconf 81' lang='grc' dir='ltr'>καί</span> <span class='ocrx_word' id='word_1_293' title='bbox 1539 3532 1890 3602; x_wconf 80' lang='grc' dir='ltr'><em>παρεκλήθη</em></span> 
     </span>
    </p>
   </div>
   <div class='ocr_carea' id='block_1_38' title="bbox 212 3616 1892 3690">
    <p class='ocr_par' dir='ltr' id='par_1_38' title="bbox 212 3616 1892 3690">
     <span class='ocr_line' id='line_1_38' title="bbox 212 3616 1892 3690; baseline -0.003 -13"><span class='ocrx_word' id='word_1_294' title='bbox 212 3618 434 3678; x_wconf 80' lang='grc' dir='ltr'><em>Ἰσαὰκ</em></span> <span class='ocrx_word' id='word_1_295' title='bbox 467 3617 601 3688; x_wconf 77' lang='grc' dir='ltr'><em>περὶ</em></span> <span class='ocrx_word' id='word_1_296' title='bbox 632 3617 866 3687; x_wconf 75' lang='grc' dir='ltr'>Σάρρας</span> <span class='ocrx_word' id='word_1_297' title='bbox 894 3616 1003 3686; x_wconf 79' lang='grc' dir='ltr'>τῆς</span> <span class='ocrx_word' id='word_1_298' title='bbox 1040 3618 1269 3689; x_wconf 84' lang='grc' dir='ltr'>μητρὸς</span> <span class='ocrx_word' id='word_1_299' title='bbox 1310 3618 1517 3675; x_wconf 86' lang='grc' dir='ltr'>αὐτοῦ.</span> <span class='ocrx_word' id='word_1_300' title='bbox 1558 3618 1776 3689; x_wconf 81' lang='grc' dir='ltr'>Ταύτην</span> <span class='ocrx_word' id='word_1_301' title='bbox 1811 3634 1892 3690; x_wconf 85' lang='grc' dir='ltr'>μι-</span> 
     </span>
    </p>
   </div>
   <div class='ocr_carea' id='block_1_39' title="bbox 199 3703 1890 3778">
    <p class='ocr_par' dir='ltr' id='par_1_39' title="bbox 199 3703 1890 3778">
     <span class='ocr_line' id='line_1_39' title="bbox 199 3703 1890 3778; baseline -0.001 -18"><span class='ocrx_word' id='word_1_302' title='bbox 199 3707 528 3778; x_wconf 88' lang='grc' dir='ltr'>μείσθωσαν</span> <span class='ocrx_word' id='word_1_303' title='bbox 560 3705 617 3758; x_wconf 86' lang='grc' dir='ltr'>αί</span> <span class='ocrx_word' id='word_1_304' title='bbox 645 3706 934 3773; x_wconf 82' lang='grc' dir='ltr'>γυναῖκες’</span> <span class='ocrx_word' id='word_1_305' title='bbox 970 3703 1159 3758; x_wconf 88' lang='grc' dir='ltr'>τοῦτον</span> <span class='ocrx_word' id='word_1_306' title='bbox 1189 3704 1535 3775; x_wconf 79' lang='grc' dir='ltr'>ζηλούτωσαν</span> <span class='ocrx_word' id='word_1_307' title='bbox 1568 3705 1619 3758; x_wconf 86' lang='grc' dir='ltr'>οί</span> <span class='ocrx_word' id='word_1_308' title='bbox 1665 3705 1855 3777; x_wconf 81' lang='grc' dir='ltr'>ἀνδρες</span> <span class='ocrx_word' id='word_1_309' title='bbox 1874 3719 1890 3736; x_wconf 83' lang='lat'><strong><em>°</em></strong></span> 
     </span>
    </p>
   </div>
   <div class='ocr_carea' id='block_1_40' title="bbox 199 3791 1891 3864">
    <p class='ocr_par' dir='ltr' id='par_1_40' title="bbox 199 3791 1891 3864">
     <span class='ocr_line' id='line_1_40' title="bbox 199 3791 1891 3864; baseline -0.002 -16"><span class='ocrx_word' id='word_1_310' title='bbox 199 3793 358 3848; x_wconf 81' lang='grc' dir='ltr'>οὓτω</span> <span class='ocrx_word' id='word_1_311' title='bbox 390 3793 491 3856; x_wconf 81' lang='grc' dir='ltr'>τὰς</span> <span class='ocrx_word' id='word_1_312' title='bbox 518 3793 739 3863; x_wconf 86' lang='grc' dir='ltr'><strong>νύμφας</strong></span> <span class='ocrx_word' id='word_1_313' title='bbox 760 3791 1062 3860; x_wconf 79' lang='grc' dir='ltr'>ἀγαγέσθαι</span> <span class='ocrx_word' id='word_1_314' title='bbox 1097 3791 1566 3856; x_wconf 75' lang='grc' dir='ltr'>σπουδαξέτωσαν.</span> <span class='ocrx_word' id='word_1_315' title='bbox 1593 3793 1750 3856; x_wconf 83' lang='grc' dir='ltr'><strong>Τίνος</strong></span> <span class='ocrx_word' id='word_1_316' title='bbox 1782 3792 1891 3864; x_wconf 83' lang='grc' dir='ltr'>γὰρ</span> 
     </span>
    </p>
   </div>
   <div class='ocr_carea' id='block_1_41' title="bbox 199 3877 1892 3950">
    <p class='ocr_par' dir='ltr' id='par_1_41' title="bbox 199 3877 1892 3950">
     <span class='ocr_line' id='line_1_41' title="bbox 199 3877 1892 3950; baseline -0.003 -15"><span class='ocrx_word' id='word_1_317' title='bbox 199 3883 422 3944; x_wconf 69' lang='grc' dir='ltr'>ἕνεκεν,</span> <span class='ocrx_word' id='word_1_318' title='bbox 459 3879 580 3932; x_wconf 82' lang='grc' dir='ltr'>είπέ</span> <span class='ocrx_word' id='word_1_319' title='bbox 613 3895 723 3948; x_wconf 88' lang='grc' dir='ltr'>μοι,</span> <span class='ocrx_word' id='word_1_320' title='bbox 754 3877 814 3942; x_wconf 80' lang='grc' dir='ltr'>ἐξ</span> <span class='ocrx_word' id='word_1_321' title='bbox 842 3878 1016 3950; x_wconf 82' lang='grc' dir='ltr'>ἀρχῆς</span> <span class='ocrx_word' id='word_1_322' title='bbox 1048 3878 1139 3931; x_wconf 87' lang='grc' dir='ltr'>καί</span> <span class='ocrx_word' id='word_1_323' title='bbox 1179 3880 1244 3931; x_wconf 77' lang='grc' dir='ltr'>ἐκ</span> <span class='ocrx_word' id='word_1_324' title='bbox 1303 3879 1604 3950; x_wconf 81' lang='grc' dir='ltr'>προοιμίων</span> <span class='ocrx_word' id='word_1_325' title='bbox 1659 3879 1892 3949; x_wconf 85' lang='grc' dir='ltr'>κηλίδων</span> 
     </span>
    </p>
   </div>
   <div class='ocr_carea' id='block_1_42' title="bbox 204 3962 1892 4038">
    <p class='ocr_par' dir='ltr' id='par_1_42' title="bbox 204 3962 1892 4038">
     <span class='ocr_line' id='line_1_42' title="bbox 204 3962 1892 4038; baseline -0.003 -16"><span class='ocrx_word' id='word_1_326' title='bbox 204 3966 504 4038; x_wconf 84' lang='grc' dir='ltr'>πληρῶσαι</span> <span class='ocrx_word' id='word_1_327' title='bbox 563 3966 866 4036; x_wconf 77' lang='grc' dir='ltr'>συγχωρεῖς</span> <span class='ocrx_word' id='word_1_328' title='bbox 913 3963 1011 4034; x_wconf 87' lang='grc' dir='ltr'>τῆς</span> <span class='ocrx_word' id='word_1_329' title='bbox 1059 3963 1228 4035; x_wconf 87' lang='grc' dir='ltr'><strong>κόρης</strong></span> <span class='ocrx_word' id='word_1_330' title='bbox 1266 3963 1366 4029; x_wconf 82' lang='grc' dir='ltr'>τὰς</span> <span class='ocrx_word' id='word_1_331' title='bbox 1412 3963 1581 4027; x_wconf 81' lang='grc' dir='ltr'>ἀκοάς</span> <span class='ocrx_word' id='word_1_332' title='bbox 1635 3962 1723 4017; x_wconf 83' lang='grc' dir='ltr'>διὰ</span> <span class='ocrx_word' id='word_1_333' title='bbox 1787 3962 1892 4017; x_wconf 84' lang='grc' dir='ltr'>τῶν</span> 
     </span>
    </p>
   </div>
   <div class='ocr_carea' id='block_1_43' title="bbox 203 4049 1892 4124">
    <p class='ocr_par' dir='ltr' id='par_1_43' title="bbox 203 4049 1892 4124">
     <span class='ocr_line' id='line_1_43' title="bbox 203 4049 1892 4124; baseline -0.009 -12"><span class='ocrx_word' id='word_1_334' title='bbox 203 4052 460 4124; x_wconf 77' lang='grc' dir='ltr'>αἰσχρῶν</span> <span class='ocrx_word' id='word_1_335' title='bbox 512 4052 775 4122; x_wconf 75' lang='grc' dir='ltr'>ᾀσμάτων</span> <span class='ocrx_word' id='word_1_336' title='bbox 803 4090 818 4116; x_wconf 93' lang='grc'>,</span> <span class='ocrx_word' id='word_1_337' title='bbox 848 4049 936 4104; x_wconf 83' lang='grc' dir='ltr'>διὰ</span> <span class='ocrx_word' id='word_1_338' title='bbox 981 4049 1079 4119; x_wconf 83' lang='grc' dir='ltr'>τῆς</span> <span class='ocrx_word' id='word_1_339' title='bbox 1111 4049 1338 4121; x_wconf 81' lang='grc' dir='ltr'>ἀκαίρου</span> <span class='ocrx_word' id='word_1_340' title='bbox 1373 4050 1601 4121; x_wconf 83' lang='grc' dir='ltr'><strong>πομπῆς</strong></span> <span class='ocrx_word' id='word_1_341' title='bbox 1644 4049 1892 4120; x_wconf 80' lang='grc' dir='ltr'>ἐκείνης;</span> 
     </span>
    </p>
   </div>
   <div class='ocr_carea' id='block_1_44' title="bbox 205 4131 1895 4205">
    <p class='ocr_par' dir='ltr' id='par_1_44' title="bbox 205 4131 1895 4205">
     <span class='ocr_line' id='line_1_44' title="bbox 205 4131 1895 4205; baseline -0.005 -12"><span class='ocrx_word' id='word_1_342' title='bbox 205 4139 329 4193; x_wconf 77' lang='grc' dir='ltr'>οὐκ</span> <span class='ocrx_word' id='word_1_343' title='bbox 353 4132 514 4190; x_wconf 71' lang='grc' dir='ltr'>οἶσθα</span> <span class='ocrx_word' id='word_1_344' title='bbox 548 4135 694 4199; x_wconf 80' lang='grc' dir='ltr'>ὅπως</span> <span class='ocrx_word' id='word_1_345' title='bbox 732 4135 766 4204; x_wconf 84' lang='grc' dir='ltr'>ή</span> <span class='ocrx_word' id='word_1_346' title='bbox 797 4131 986 4204; x_wconf 85' lang='grc' dir='ltr'><strong>νεότης</strong></span> <span class='ocrx_word' id='word_1_347' title='bbox 1015 4131 1236 4197; x_wconf 74' lang='grc' dir='ltr'>εὔκολος</span> <span class='ocrx_word' id='word_1_348' title='bbox 1282 4133 1419 4205; x_wconf 80' lang='grc' dir='ltr'>πρὸς</span> <span class='ocrx_word' id='word_1_349' title='bbox 1461 4132 1706 4200; x_wconf 86' lang='grc' dir='ltr'>δλισθον;</span> <span class='ocrx_word' id='word_1_350' title='bbox 1743 4132 1798 4186; x_wconf 90' lang='grc' dir='ltr'>τί</span> <span class='ocrx_word' id='word_1_351' title='bbox 1827 4132 1895 4186; x_wconf 82' lang='grc' dir='ltr'>τά</span> 
     </span>
    </p>
   </div>
   <div class='ocr_carea' id='block_1_45' title="bbox 210 4214 1895 4292">
    <p class='ocr_par' dir='ltr' id='par_1_45' title="bbox 210 4214 1895 4292">
     <span class='ocr_line' id='line_1_45' title="bbox 210 4214 1895 4292; baseline -0.004 -16"><span class='ocrx_word' id='word_1_352' title='bbox 210 4220 394 4292; x_wconf 84' lang='grc' dir='ltr'>σεμνά</span> <span class='ocrx_word' id='word_1_353' title='bbox 419 4217 517 4272; x_wconf 90' lang='grc' dir='ltr'>τοῦ</span> <span class='ocrx_word' id='word_1_354' title='bbox 546 4218 724 4288; x_wconf 83' lang='grc' dir='ltr'>γάμου</span> <span class='ocrx_word' id='word_1_355' title='bbox 775 4215 1148 4286; x_wconf 84' lang='grc' dir='ltr'>ἐκπομπεύεις</span> <span class='ocrx_word' id='word_1_356' title='bbox 1185 4217 1462 4288; x_wconf 77' lang='grc' dir='ltr'>μυστήρια</span> <span class='ocrx_word' id='word_1_357' title='bbox 1487 4233 1503 4282; x_wconf 89' lang='grc'>;</span> <span class='ocrx_word' id='word_1_358' title='bbox 1529 4214 1646 4269; x_wconf 83' lang='grc' dir='ltr'>δέον</span> <span class='ocrx_word' id='word_1_359' title='bbox 1679 4216 1895 4270; x_wconf 73' lang='grc' dir='ltr'>ἅπαντα</span> 
     </span>
    </p>
   </div>
   <div class='ocr_carea' id='block_1_46' title="bbox 208 4298 1898 4371">
    <p class='ocr_par' dir='ltr' id='par_1_46' title="bbox 208 4298 1898 4371">
     <span class='ocr_line' id='line_1_46' title="bbox 208 4298 1898 4371; baseline -0.005 -10"><span class='ocrx_word' id='word_1_360' title='bbox 208 4305 390 4361; x_wconf 84' lang='grc' dir='ltr'>ταῦτα</span> <span class='ocrx_word' id='word_1_361' title='bbox 418 4300 767 4365; x_wconf 76' lang='grc' dir='ltr'>ἀπελαύνειν,</span> <span class='ocrx_word' id='word_1_362' title='bbox 817 4303 912 4353; x_wconf 75' lang='grc' dir='ltr'>καὶ</span> <span class='ocrx_word' id='word_1_363' title='bbox 941 4298 1038 4370; x_wconf 75' lang='grc' dir='ltr'>τὴν</span> <span class='ocrx_word' id='word_1_364' title='bbox 1071 4299 1204 4353; x_wconf 87' lang='grc' dir='ltr'>αίδὼ</span> <span class='ocrx_word' id='word_1_365' title='bbox 1235 4299 1301 4352; x_wconf 82' lang='grc' dir='ltr'>ἐκ</span> <span class='ocrx_word' id='word_1_366' title='bbox 1355 4299 1655 4371; x_wconf 86' lang='grc' dir='ltr'>προοιμίων</span> <span class='ocrx_word' id='word_1_367' title='bbox 1702 4300 1898 4353; x_wconf 83' lang='grc' dir='ltr'>ἐκπαι-</span> 
     </span>
    </p>
   </div>
   <div class='ocr_carea' id='block_1_47' title="bbox 206 4384 1898 4458">
    <p class='ocr_par' dir='ltr' id='par_1_47' title="bbox 206 4384 1898 4458">
     <span class='ocr_line' id='line_1_47' title="bbox 206 4384 1898 4458; baseline -0.003 -13"><span class='ocrx_word' id='word_1_368' title='bbox 206 4389 392 4445; x_wconf 81' lang='grc' dir='ltr'>δεύειν</span> <span class='ocrx_word' id='word_1_369' title='bbox 429 4387 530 4458; x_wconf 82' lang='grc' dir='ltr'>τὴν</span> <span class='ocrx_word' id='word_1_370' title='bbox 555 4386 746 4457; x_wconf 79' lang='grc' dir='ltr'>κόρην,</span> <span class='ocrx_word' id='word_1_371' title='bbox 770 4385 865 4447; x_wconf 73' lang='grc' dir='ltr'>καὶ</span> <span class='ocrx_word' id='word_1_372' title='bbox 898 4385 1083 4456; x_wconf 78' lang='grc' dir='ltr'>ίτρέας</span> <span class='ocrx_word' id='word_1_373' title='bbox 1113 4384 1265 4458; x_wconf 72' lang='grc'>[491]</span> <span class='ocrx_word' id='word_1_374' title='bbox 1289 4385 1475 4439; x_wconf 78' lang='grc' dir='ltr'>καλεῖν</span> <span class='ocrx_word' id='word_1_375' title='bbox 1512 4387 1605 4439; x_wconf 81' lang='grc' dir='ltr'>καὶ</span> <span class='ocrx_word' id='word_1_376' title='bbox 1629 4385 1696 4439; x_wconf 87' lang='grc' dir='ltr'>δι’</span> <span class='ocrx_word' id='word_1_377' title='bbox 1722 4384 1898 4456; x_wconf 81' lang='grc' dir='ltr'>εὐχῶν</span> 
     </span>
    </p>
   </div>
   <div class='ocr_carea' id='block_1_48' title="bbox 209 4468 1896 4540">
    <p class='ocr_par' dir='ltr' id='par_1_48' title="bbox 209 4468 1896 4540">
     <span class='ocr_line' id='line_1_48' title="bbox 209 4468 1896 4540; baseline -0.004 -12"><span class='ocrx_word' id='word_1_378' title='bbox 209 4473 310 4528; x_wconf 73' lang='grc' dir='ltr'>καὶ</span> <span class='ocrx_word' id='word_1_379' title='bbox 333 4468 606 4538; x_wconf 71' lang='grc' dir='ltr'>εὐλογῶν</span> <span class='ocrx_word' id='word_1_380' title='bbox 635 4468 738 4540; x_wconf 76' lang='grc' dir='ltr'>τὴν</span> <span class='ocrx_word' id='word_1_381' title='bbox 761 4468 1015 4537; x_wconf 78' lang='grc' dir='ltr'>ὁμόνοιαν</span> <span class='ocrx_word' id='word_1_382' title='bbox 1056 4468 1152 4522; x_wconf 88' lang='grc' dir='ltr'>τοῦ</span> <span class='ocrx_word' id='word_1_383' title='bbox 1185 4468 1524 4523; x_wconf 89' lang='grc' dir='ltr'>συνοικεσίου</span> <span class='ocrx_word' id='word_1_384' title='bbox 1552 4468 1896 4539; x_wconf 87' lang='grc' dir='ltr'>συσφίγγειν,</span> 
     </span>
    </p>
   </div>
   <div class='ocr_carea' id='block_1_49' title="bbox 211 4549 1900 4623">
    <p class='ocr_par' dir='ltr' id='par_1_49' title="bbox 211 4549 1900 4623">
     <span class='ocr_line' id='line_1_49' title="bbox 211 4549 1900 4623; baseline 0.004 -24"><span class='ocrx_word' id='word_1_385' title='bbox 211 4558 304 4611; x_wconf 74' lang='grc' dir='ltr'>ἵνα</span> <span class='ocrx_word' id='word_1_386' title='bbox 331 4556 433 4610; x_wconf 73' lang='grc' dir='ltr'>καὶ</span> <span class='ocrx_word' id='word_1_387' title='bbox 461 4557 490 4607; x_wconf 79' lang='grc' dir='ltr'>ὸ</span> <span class='ocrx_word' id='word_1_388' title='bbox 511 4552 675 4617; x_wconf 77' lang='grc' dir='ltr'>πόθος</span> <span class='ocrx_word' id='word_1_389' title='bbox 707 4551 804 4605; x_wconf 75' lang='grc' dir='ltr'>τοῦ</span> <span class='ocrx_word' id='word_1_390' title='bbox 831 4551 1065 4622; x_wconf 85' lang='grc' dir='ltr'>νυμφίου</span> <span class='ocrx_word' id='word_1_391' title='bbox 1103 4549 1352 4622; x_wconf 75' lang='grc' dir='ltr'>αὔξηται,</span> <span class='ocrx_word' id='word_1_392' title='bbox 1391 4551 1488 4605; x_wconf 72' lang='grc' dir='ltr'>καὶ</span> <span class='ocrx_word' id='word_1_393' title='bbox 1524 4551 1622 4622; x_wconf 88' lang='grc' dir='ltr'>τῆς</span> <span class='ocrx_word' id='word_1_394' title='bbox 1666 4552 1836 4623; x_wconf 85' lang='grc' dir='ltr'><strong>κόρης</strong></span> <span class='ocrx_word' id='word_1_395' title='bbox 1865 4553 1900 4622; x_wconf 83' lang='grc' dir='ltr'>ή</span> 
     </span>
    </p>
   </div>
   <div class='ocr_carea' id='block_1_50' title="bbox 211 4632 1901 4710">
    <p class='ocr_par' dir='ltr' id='par_1_50' title="bbox 211 4632 1901 4710">
     <span class='ocr_line' id='line_1_50' title="bbox 211 4632 1901 4710; baseline -0.004 -17"><span class='ocrx_word' id='word_1_396' title='bbox 211 4635 549 4710; x_wconf 80' lang='grc' dir='ltr'>σωφροσύνη</span> <span class='ocrx_word' id='word_1_397' title='bbox 579 4635 914 4705; x_wconf 83' lang='grc' dir='ltr'>ἐπιτείνηται</span> <span class='ocrx_word' id='word_1_398' title='bbox 932 4651 947 4667; x_wconf 87' lang='grc'>·</span> <span class='ocrx_word' id='word_1_399' title='bbox 984 4634 1076 4689; x_wconf 74' lang='grc' dir='ltr'>καὶ</span> <span class='ocrx_word' id='word_1_400' title='bbox 1100 4633 1188 4688; x_wconf 83' lang='grc' dir='ltr'>διὰ</span> <span class='ocrx_word' id='word_1_401' title='bbox 1219 4635 1438 4688; x_wconf 88' lang='grc' dir='ltr'>πάντων</span> <span class='ocrx_word' id='word_1_402' title='bbox 1475 4632 1544 4687; x_wconf 74' lang='grc' dir='ltr'>τὰ</span> <span class='ocrx_word' id='word_1_403' title='bbox 1569 4634 1668 4704; x_wconf 88' lang='grc' dir='ltr'>τῆς</span> <span class='ocrx_word' id='word_1_404' title='bbox 1699 4634 1901 4706; x_wconf 87' lang='grc' dir='ltr'>ἀρετῆς</span> 
     </span>
    </p>
   </div>
   <div class='ocr_carea' id='block_1_51' title="bbox 211 4715 1900 4793">
    <p class='ocr_par' dir='ltr' id='par_1_51' title="bbox 211 4715 1900 4793">
     <span class='ocr_line' id='line_1_51' title="bbox 211 4715 1900 4793; baseline -0.004 -17"><span class='ocrx_word' id='word_1_405' title='bbox 211 4722 361 4793; x_wconf 68' lang='grc' dir='ltr'>ἔργα</span> <span class='ocrx_word' id='word_1_406' title='bbox 391 4717 760 4773; x_wconf 86' lang='grc' dir='ltr'>είσελεύσεται</span> <span class='ocrx_word' id='word_1_407' title='bbox 789 4718 868 4780; x_wconf 90' lang='grc' dir='ltr'>είς</span> <span class='ocrx_word' id='word_1_408' title='bbox 891 4717 990 4788; x_wconf 78' lang='grc' dir='ltr'>τὴν</span> <span class='ocrx_word' id='word_1_409' title='bbox 1017 4715 1194 4770; x_wconf 85' lang='grc' dir='ltr'>οίκίαν</span> <span class='ocrx_word' id='word_1_410' title='bbox 1222 4715 1455 4786; x_wconf 75' lang='grc' dir='ltr'>ἐκείνην,</span> <span class='ocrx_word' id='word_1_411' title='bbox 1485 4715 1580 4770; x_wconf 73' lang='grc' dir='ltr'>καὶ</span> <span class='ocrx_word' id='word_1_412' title='bbox 1613 4719 1783 4772; x_wconf 78' lang='grc' dir='ltr'>πᾶσαι</span> <span class='ocrx_word' id='word_1_413' title='bbox 1807 4718 1900 4771; x_wconf 87' lang='grc' dir='ltr'>τοῦ</span> 
     </span>
    </p>
   </div>
   <div class='ocr_carea' id='block_1_52' title="bbox 209 4799 1900 4871">
    <p class='ocr_par' dir='ltr' id='par_1_52' title="bbox 209 4799 1900 4871">
     <span class='ocr_line' id='line_1_52' title="bbox 209 4799 1900 4871; baseline -0.004 -12"><span class='ocrx_word' id='word_1_414' title='bbox 209 4804 472 4859; x_wconf 81' lang='grc' dir='ltr'>διαϐόλου</span> <span class='ocrx_word' id='word_1_415' title='bbox 500 4804 558 4857; x_wconf 83' lang='grc' dir='ltr'>αί</span> <span class='ocrx_word' id='word_1_416' title='bbox 589 4800 828 4871; x_wconf 71' lang='grc' dir='ltr'>μηχαναὶ</span> <span class='ocrx_word' id='word_1_417' title='bbox 865 4799 1110 4854; x_wconf 78' lang='grc' dir='ltr'>ἐκποδὼν</span> <span class='ocrx_word' id='word_1_418' title='bbox 1151 4799 1364 4853; x_wconf 66' lang='grc' dir='ltr'>ἔσονται</span> <span class='ocrx_word' id='word_1_419' title='bbox 1393 4840 1408 4866; x_wconf 93' lang='grc'>,</span> <span class='ocrx_word' id='word_1_420' title='bbox 1453 4801 1547 4854; x_wconf 72' lang='grc' dir='ltr'>καὶ</span> <span class='ocrx_word' id='word_1_421' title='bbox 1578 4800 1731 4854; x_wconf 83' lang='grc' dir='ltr'>αὐτοὶ</span> <span class='ocrx_word' id='word_1_422' title='bbox 1782 4799 1900 4870; x_wconf 85' lang='grc' dir='ltr'>μεθ’</span> 
     </span>
    </p>
   </div>
   <div class='ocr_carea' id='block_1_53' title="bbox 210 4880 1902 4956">
    <p class='ocr_par' dir='ltr' id='par_1_53' title="bbox 210 4880 1902 4956">
     <span class='ocr_line' id='line_1_53' title="bbox 210 4880 1902 4956; baseline -0.002 -18"><span class='ocrx_word' id='word_1_423' title='bbox 210 4883 419 4956; x_wconf 84' lang='grc' dir='ltr'>ήδονῆς</span> <span class='ocrx_word' id='word_1_424' title='bbox 461 4883 553 4936; x_wconf 84' lang='grc' dir='ltr'>τὸν</span> <span class='ocrx_word' id='word_1_425' title='bbox 585 4882 698 4953; x_wconf 84' lang='grc' dir='ltr'>βίον</span> <span class='ocrx_word' id='word_1_426' title='bbox 721 4880 991 4946; x_wconf 79' lang='grc' dir='ltr'>διάξουσιν</span> <span class='ocrx_word' id='word_1_427' title='bbox 1020 4881 1050 4922; x_wconf 74' lang='grc'>1³</span> <span class='ocrx_word' id='word_1_428' title='bbox 1072 4923 1088 4949; x_wconf 91' lang='grc'>,</span> <span class='ocrx_word' id='word_1_429' title='bbox 1147 4880 1254 4935; x_wconf 78' lang='grc' dir='ltr'>ὑπὸ</span> <span class='ocrx_word' id='word_1_430' title='bbox 1283 4882 1383 4953; x_wconf 88' lang='grc' dir='ltr'>τῆς</span> <span class='ocrx_word' id='word_1_431' title='bbox 1426 4881 1522 4935; x_wconf 88' lang='grc' dir='ltr'>τοῦ</span> <span class='ocrx_word' id='word_1_432' title='bbox 1556 4881 1691 4935; x_wconf 84' lang='grc' dir='ltr'>Θεοῦ</span> <span class='ocrx_word' id='word_1_433' title='bbox 1729 4883 1902 4953; x_wconf 81' lang='grc' dir='ltr'><strong>ῥοπῆς</strong></span> 
     </span>
    </p>
   </div>
   <div class='ocr_carea' id='block_1_54' title="bbox 213 4959 1904 5036">
    <p class='ocr_par' dir='ltr' id='par_1_54' title="bbox 213 4959 1904 5036">
     <span class='ocr_line' id='line_1_54' title="bbox 213 4959 1904 5036; baseline -0.002 -17"><span class='ocrx_word' id='word_1_434' title='bbox 213 4963 687 5036; x_wconf 81' lang='grc' dir='ltr'>συγκροτούμενοι</span> <span class='ocrx_word' id='word_1_435' title='bbox 704 4979 718 4993; x_wconf 86' lang='grc'><strong>·</strong></span> <span class='ocrx_word' id='word_1_436' title='bbox 744 4959 813 5036; x_wconf 69' lang='grc' dir='ltr'><strong>ἧς</strong></span> <span class='ocrx_word' id='word_1_437' title='bbox 836 4963 1043 5032; x_wconf 82' lang='grc' dir='ltr'>γένοιτο</span> <span class='ocrx_word' id='word_1_438' title='bbox 1065 4961 1274 5027; x_wconf 81' lang='grc' dir='ltr'>πάντας</span> <span class='ocrx_word' id='word_1_439' title='bbox 1297 4965 1445 5034; x_wconf 77' lang='grc' dir='ltr'>ἡμᾶς</span> <span class='ocrx_word' id='word_1_440' title='bbox 1469 4965 1766 5034; x_wconf 81' lang='grc' dir='ltr'>ἐπιτυχεῖν,</span> <span class='ocrx_word' id='word_1_441' title='bbox 1803 4964 1904 5034; x_wconf 88' lang='grc' dir='ltr'>χά-</span> 
     </span>
    </p>
   </div>
   <div class='ocr_carea' id='block_1_55' title="bbox 215 5043 1902 5117">
    <p class='ocr_par' dir='ltr' id='par_1_55' title="bbox 215 5043 1902 5117">
     <span class='ocr_line' id='line_1_55' title="bbox 215 5043 1902 5117; baseline 0 -19"><span class='ocrx_word' id='word_1_442' title='bbox 215 5063 334 5116; x_wconf 87' lang='grc' dir='ltr'>ριτι</span> <span class='ocrx_word' id='word_1_443' title='bbox 364 5044 461 5099; x_wconf 78' lang='grc' dir='ltr'>καὶ</span> <span class='ocrx_word' id='word_1_444' title='bbox 485 5043 864 5116; x_wconf 77' lang='grc' dir='ltr'>φιλανθρωπίᾳ</span> <span class='ocrx_word' id='word_1_445' title='bbox 890 5043 984 5098; x_wconf 87' lang='grc' dir='ltr'>τοῦ</span> <span class='ocrx_word' id='word_1_446' title='bbox 1009 5043 1214 5117; x_wconf 80' lang='grc' dir='ltr'>Κυρίου</span> <span class='ocrx_word' id='word_1_447' title='bbox 1240 5044 1400 5115; x_wconf 86' lang='grc' dir='ltr'>ήμῶν</span> <span class='ocrx_word' id='word_1_448' title='bbox 1439 5046 1613 5116; x_wconf 81' lang='grc' dir='ltr'><strong>Ἰησοῦ</strong></span> <span class='ocrx_word' id='word_1_449' title='bbox 1643 5045 1902 5116; x_wconf 78' lang='grc' dir='ltr'>Χριστοῦ,</span> 
     </span>
    </p>
   </div>
   <div class='ocr_carea' id='block_1_56' title="bbox 214 5120 1903 5198">
    <p class='ocr_par' dir='ltr' id='par_1_56' title="bbox 214 5120 1903 5198">
     <span class='ocr_line' id='line_1_56' title="bbox 214 5120 1903 5198; baseline 0 -18"><span class='ocrx_word' id='word_1_450' title='bbox 214 5127 344 5197; x_wconf 81' lang='grc' dir='ltr'>μεθ’</span> <span class='ocrx_word' id='word_1_451' title='bbox 371 5120 435 5181; x_wconf 78' lang='grc' dir='ltr'>οὐ</span> <span class='ocrx_word' id='word_1_452' title='bbox 461 5126 541 5198; x_wconf 78' lang='grc' dir='ltr'>τῷ</span> <span class='ocrx_word' id='word_1_453' title='bbox 569 5125 742 5198; x_wconf 81' lang='grc' dir='ltr'>Πατρὶ</span> <span class='ocrx_word' id='word_1_454' title='bbox 774 5125 892 5196; x_wconf 70' lang='grc' dir='ltr'>ἃμα</span> <span class='ocrx_word' id='word_1_455' title='bbox 909 5125 991 5196; x_wconf 84' lang='grc' dir='ltr'>τῷ</span> <span class='ocrx_word' id='word_1_456' title='bbox 1018 5126 1159 5198; x_wconf 83' lang='grc' dir='ltr'>άγίῳ</span> <span class='ocrx_word' id='word_1_457' title='bbox 1187 5126 1466 5197; x_wconf 84' lang='grc' dir='ltr'>Πνεύματι</span> <span class='ocrx_word' id='word_1_458' title='bbox 1491 5127 1620 5192; x_wconf 82' lang='grc' dir='ltr'>δόξα</span> <span class='ocrx_word' id='word_1_459' title='bbox 1637 5168 1651 5192; x_wconf 96' lang='grc'>,</span> <span class='ocrx_word' id='word_1_460' title='bbox 1683 5127 1903 5198; x_wconf 88' lang='grc' dir='ltr'>κράτος,</span> 
     </span>
    </p>
   </div>
   <div class='ocr_carea' id='block_1_57' title="bbox 210 5207 1901 5283">
    <p class='ocr_par' dir='ltr' id='par_1_57' title="bbox 210 5207 1901 5283">
     <span class='ocr_line' id='line_1_57' title="bbox 210 5207 1901 5283; baseline 0.001 -21"><span class='ocrx_word' id='word_1_461' title='bbox 210 5207 380 5280; x_wconf 77' lang='grc' dir='ltr'>τιμὴ,</span> <span class='ocrx_word' id='word_1_462' title='bbox 407 5207 504 5262; x_wconf 88' lang='grc' dir='ltr'>νῦν</span> <span class='ocrx_word' id='word_1_463' title='bbox 526 5209 744 5275; x_wconf 75' lang='grc' dir='ltr'>καὶάεὶ,</span> <span class='ocrx_word' id='word_1_464' title='bbox 771 5208 870 5262; x_wconf 84' lang='grc' dir='ltr'>καὶ</span> <span class='ocrx_word' id='word_1_465' title='bbox 885 5207 965 5272; x_wconf 86' lang='grc' dir='ltr'>είς</span> <span class='ocrx_word' id='word_1_466' title='bbox 979 5209 1107 5272; x_wconf 78' lang='grc' dir='ltr'>τοὺς</span> <span class='ocrx_word' id='word_1_467' title='bbox 1126 5207 1328 5273; x_wconf 87' lang='grc' dir='ltr'>αίῶνας</span> <span class='ocrx_word' id='word_1_468' title='bbox 1344 5208 1454 5263; x_wconf 87' lang='grc' dir='ltr'>τῶν</span> <span class='ocrx_word' id='word_1_469' title='bbox 1465 5208 1694 5265; x_wconf 83' lang='grc' dir='ltr'>αίώνων.</span> <span class='ocrx_word' id='word_1_470' title='bbox 1705 5210 1762 5264; x_wconf 83' lang='grc' dir='ltr'>’Δ</span> <span class='ocrx_word' id='word_1_471' title='bbox 1771 5212 1901 5283; x_wconf 88' lang='grc' dir='ltr'>μήν.</span> 
     </span>
    </p>
   </div>
   <div class='ocr_carea' id='block_1_58' title="bbox 845 5327 1267 5385">
    <p class='ocr_par' dir='ltr' id='par_1_58' title="bbox 845 5327 1267 5385">
     <span class='ocr_line' id='line_1_58' title="bbox 845 5327 1267 5385; baseline 0.002 -1"><span class='ocrx_word' id='word_1_472' title='bbox 845 5328 1092 5385; x_wconf 81' lang='lat' dir='ltr'>OMIAIA</span> <span class='ocrx_word' id='word_1_473' title='bbox 1137 5327 1267 5385; x_wconf 68' lang='grc' dir='ltr'>ΜΘ.</span> 
     </span>
    </p>
   </div>
   <div class='ocr_carea' id='block_1_59' title="bbox 280 5423 1835 5573">
    <p class='ocr_par' dir='ltr' id='par_1_59' title="bbox 280 5423 1835 5573">
     <span class='ocr_line' id='line_1_59' title="bbox 280 5423 1835 5573; baseline -0.001 -84"><span class='ocrx_word' id='word_1_474' title='bbox 280 5427 477 5491; x_wconf 77' lang='grc' dir='ltr'>Αὖται</span> <span class='ocrx_word' id='word_1_475' title='bbox 511 5433 583 5488; x_wconf 78' lang='grc' dir='ltr'>δὲ</span> <span class='ocrx_word' id='word_1_476' title='bbox 623 5439 682 5491; x_wconf 81' lang='grc' dir='ltr'><em>αι</em></span> <span class='ocrx_word' id='word_1_477' title='bbox 733 5423 1272 5573; x_wconf 49' lang='grc' dir='ltr'>πνέσεῗιέρὲἕῇὶν,</span> <span class='ocrx_word' id='word_1_478' title='bbox 1316 5435 1513 5490; x_wconf 81' lang='grc' dir='ltr'><em>Ἰσαὰκ</em></span> <span class='ocrx_word' id='word_1_479' title='bbox 1555 5435 1660 5490; x_wconf 85' lang='grc' dir='ltr'>τοῦ</span> <span class='ocrx_word' id='word_1_480' title='bbox 1700 5435 1835 5489; x_wconf 79' lang='grc' dir='ltr'>υἱοῦ</span> 
     </span>
    </p>
   </div>
   <div class='ocr_carea' id='block_1_60' title="bbox 290 5607 1907 5680">
    <p class='ocr_par' dir='ltr' id='par_1_60' title="bbox 290 5607 1907 5680">
     <span class='ocr_line' id='line_1_60' title="bbox 290 5607 1907 5680; baseline 0 -18"><span class='ocrx_word' id='word_1_481' title='bbox 290 5613 370 5662; x_wconf 80' lang='grc' dir='ltr'>α’.</span> <span class='ocrx_word' id='word_1_482' title='bbox 409 5608 580 5663; x_wconf 85' lang='grc' dir='ltr'>Πάλιν</span> <span class='ocrx_word' id='word_1_483' title='bbox 610 5610 756 5680; x_wconf 77' lang='grc' dir='ltr'>ὑμᾶς</span> <span class='ocrx_word' id='word_1_484' title='bbox 781 5610 874 5662; x_wconf 74' lang='grc' dir='ltr'>ἐπὶ</span> <span class='ocrx_word' id='word_1_485' title='bbox 903 5608 1003 5678; x_wconf 77' lang='grc' dir='ltr'>τήν</span> <span class='ocrx_word' id='word_1_486' title='bbox 1033 5607 1241 5679; x_wconf 79' lang='grc' dir='ltr'>συνήθη</span> <span class='ocrx_word' id='word_1_487' title='bbox 1273 5607 1553 5680; x_wconf 78' lang='grc' dir='ltr'>τράπεζαν</span> <span class='ocrx_word' id='word_1_488' title='bbox 1609 5610 1907 5678; x_wconf 78' lang='grc' dir='ltr'>ἀναγαγεῖν</span> 
     </span>
    </p>
   </div>
   <div class='ocr_carea' id='block_1_61' title="bbox 216 5689 1910 5762">
    <p class='ocr_par' dir='ltr' id='par_1_61' title="bbox 216 5689 1910 5762">
     <span class='ocr_line' id='line_1_61' title="bbox 216 5689 1910 5762; baseline 0.001 -18"><span class='ocrx_word' id='word_1_489' title='bbox 216 5689 492 5762; x_wconf 70' lang='grc' dir='ltr'>βούλομαι</span> <span class='ocrx_word' id='word_1_490' title='bbox 517 5731 532 5755; x_wconf 97' lang='grc'>,</span> <span class='ocrx_word' id='word_1_491' title='bbox 581 5693 676 5744; x_wconf 74' lang='grc' dir='ltr'>καὶ</span> <span class='ocrx_word' id='word_1_492' title='bbox 722 5694 790 5746; x_wconf 79' lang='grc' dir='ltr'>ἐκ</span> <span class='ocrx_word' id='word_1_493' title='bbox 835 5690 942 5744; x_wconf 89' lang='grc' dir='ltr'>τῶν</span> <span class='ocrx_word' id='word_1_494' title='bbox 986 5692 1141 5762; x_wconf 87' lang='grc' dir='ltr'>παρά</span> <span class='ocrx_word' id='word_1_495' title='bbox 1175 5690 1271 5744; x_wconf 83' lang='grc' dir='ltr'>τοῦ</span> <span class='ocrx_word' id='word_1_496' title='bbox 1318 5689 1595 5754; x_wconf 81' lang='grc' dir='ltr'>Μωῦσέως</span> <span class='ocrx_word' id='word_1_497' title='bbox 1648 5693 1910 5762; x_wconf 75' lang='grc' dir='ltr'>ῥημάτων</span> 
     </span>
    </p>
   </div>
   <div class='ocr_carea' id='block_1_62' title="bbox 215 5769 1907 5843">
    <p class='ocr_par' dir='ltr' id='par_1_62' title="bbox 215 5769 1907 5843">
     <span class='ocr_line' id='line_1_62' title="bbox 215 5769 1907 5843; baseline 0.003 -21"><span class='ocrx_word' id='word_1_498' title='bbox 215 5772 325 5841; x_wconf 76' lang='grc' dir='ltr'>τὴν</span> <span class='ocrx_word' id='word_1_499' title='bbox 363 5769 605 5825; x_wconf 69' lang='grc' dir='ltr'>ἑστίασιν</span> <span class='ocrx_word' id='word_1_500' title='bbox 630 5771 759 5842; x_wconf 81' lang='grc' dir='ltr'>ὑμῖν</span> <span class='ocrx_word' id='word_1_501' title='bbox 788 5771 1134 5842; x_wconf 75' lang='grc' dir='ltr'>παραθεῖναι,</span> <span class='ocrx_word' id='word_1_502' title='bbox 1166 5771 1365 5843; x_wconf 80' lang='grc' dir='ltr'>μᾶλλον</span> <span class='ocrx_word' id='word_1_503' title='bbox 1392 5771 1450 5824; x_wconf 76' lang='grc' dir='ltr'>δὲ</span> <span class='ocrx_word' id='word_1_504' title='bbox 1482 5771 1589 5824; x_wconf 88' lang='grc' dir='ltr'>τῶν</span> <span class='ocrx_word' id='word_1_505' title='bbox 1611 5772 1704 5826; x_wconf 89' lang='grc' dir='ltr'>τοῦ</span> <span class='ocrx_word' id='word_1_506' title='bbox 1738 5773 1907 5827; x_wconf 88' lang='grc' dir='ltr'>Πνεύ-</span> 
     </span>
    </p>
   </div>
   <div class='ocr_carea' id='block_1_63' title="bbox 287 5855 1857 5923">
    <p class='ocr_par' dir='ltr' id='par_1_63' title="bbox 287 5855 1857 5923">
     <span class='ocr_line' id='line_1_63' title="bbox 287 5855 1857 5923; baseline 0.008 -19"><span class='ocrx_word' id='word_1_507' title='bbox 287 5855 619 5923; x_wconf 58' lang='grc' dir='ltr'>ἰΧξ-ήμῖν,</span> <span class='ocrx_word' id='word_1_508' title='bbox 645 5857 838 5923; x_wconf 58' lang='lat' dir='ltr'><strong>{qufa</strong></span> <span class='ocrx_word' id='word_1_509' title='bbox 858 5859 1192 5923; x_wconf 49' lang='grc' dir='ltr'>περιεϐάλετοἒ</span> <span class='ocrx_word' id='word_1_510' title='bbox 1231 5921 1241 5923; x_wconf 97' lang='lat'><em>_</em></span> <span class='ocrx_word' id='word_1_511' title='bbox 1273 5920 1283 5923; x_wconf 76' lang='lat'><strong><em>_</em></strong></span> <span class='ocrx_word' id='word_1_512' title='bbox 1357 5921 1367 5923; x_wconf 17' lang='grc' dir='ltr'>μ</span> <span class='ocrx_word' id='word_1_513' title='bbox 1413 5921 1441 5923; x_wconf 96' lang='lat'>__</span> <span class='ocrx_word' id='word_1_514' title='bbox 1629 5919 1672 5923; x_wconf 89' lang='lat'>__</span> <span class='ocrx_word' id='word_1_515' title='bbox 1770 5922 1777 5923; x_wconf 20' lang='grc' dir='ltr'>ί</span> <span class='ocrx_word' id='word_1_516' title='bbox 1856 5887 1857 5890; x_wconf 51' lang='grc' dir='ltr'><strong>π</strong></span> 
     </span>
    </p>
   </div>
   <div class='ocr_carea' id='block_1_64' title="bbox 279 5919 1906 5987">
    <p class='ocr_par' dir='ltr' id='par_1_64' title="bbox 279 5919 1906 5987">
     <span class='ocr_line' id='line_1_64' title="bbox 279 5919 1906 5987; baseline 0.002 -21"><span class='ocrx_word' id='word_1_517' title='bbox 279 5923 318 5966; x_wconf 69' lang='grc' dir='ltr'>δ</span> <span class='ocrx_word' id='word_1_518' title='bbox 347 5919 616 5987; x_wconf 61' lang='grc' dir='ltr'>Διάξουσιν.</span> <span class='ocrx_word' id='word_1_519' title='bbox 657 5919 742 5987; x_wconf 66' lang='grc' dir='ltr'>διε</span> <span class='ocrx_word' id='word_1_520' title='bbox 785 5919 1139 5987; x_wconf 56' lang='grc' dir='ltr'>ηειε’,5ιινὶι.,</span> <span class='ocrx_word' id='word_1_521' title='bbox 1159 5920 1306 5973; x_wconf 74' lang='lat' dir='ltr'>Cois).</span> <span class='ocrx_word' id='word_1_522' title='bbox 1350 5921 1589 5976; x_wconf 75' lang='grc' dir='ltr'>διάεωσιν.</span> <span class='ocrx_word' id='word_1_523' title='bbox 1629 5919 1801 5971; x_wconf 72' lang='lat' dir='ltr'>Morel.</span> <span class='ocrx_word' id='word_1_524' title='bbox 1853 5927 1906 5972; x_wconf 78' lang='lat' dir='ltr'>cl</span> 
     </span>
    </p>
   </div>
   <div class='ocr_carea' id='block_1_65' title="bbox 222 5980 834 6045">
    <p class='ocr_par' dir='ltr' id='par_1_65' title="bbox 222 5980 834 6045">
     <span class='ocr_line' id='line_1_65' title="bbox 222 5980 834 6045; baseline 0 -13"><span class='ocrx_word' id='word_1_525' title='bbox 222 5985 407 6038; x_wconf 72' lang='grc' dir='ltr'>ιοωι.</span> <span class='ocrx_word' id='word_1_526' title='bbox 437 5981 676 6045; x_wconf 64' lang='grc' dir='ltr'>διάγωσιν.</span> <span class='ocrx_word' id='word_1_527' title='bbox 701 5980 834 6032; x_wconf 75' lang='lat' dir='ltr'>Enn.</span> 
     </span>
    </p>
   </div>
   <div class='ocr_carea' id='block_1_66' title="bbox 1238 371 2544 444">
    <p class='ocr_par' dir='ltr' id='par_1_66' title="bbox 1238 371 2544 444">
     <span class='ocr_line' id='line_1_66' title="bbox 1238 371 2544 444; baseline -0.013 1"><span class='ocrx_word' id='word_1_528' title='bbox 1238 417 1240 419; x_wconf 47' lang='grc'>&gt;</span> <span class='ocrx_word' id='word_1_529' title='bbox 1295 388 1358 444; x_wconf 81' lang='grc' dir='ltr'>ΙΝ</span> <span class='ocrx_word' id='word_1_530' title='bbox 1393 384 1548 444; x_wconf 77' lang='lat' dir='ltr'><strong>CAP.</strong></span> <span class='ocrx_word' id='word_1_531' title='bbox 1594 382 1735 439; x_wconf 67' lang='lat' dir='ltr'>XXV</span> <span class='ocrx_word' id='word_1_532' title='bbox 1798 375 2042 434; x_wconf 82' lang='lat' dir='ltr'>GENES.</span> <span class='ocrx_word' id='word_1_533' title='bbox 2082 373 2317 432; x_wconf 79' lang='lat' dir='ltr'>IIOMIL.</span> <span class='ocrx_word' id='word_1_534' title='bbox 2358 371 2544 435; x_wconf 75' lang='lat' dir='ltr'><strong>XLIX.</strong></span> 
     </span>
    </p>
   </div>
   <div class='ocr_carea' id='block_1_67' title="bbox 3455 366 3562 425">
    <p class='ocr_par' dir='ltr' id='par_1_67' title="bbox 3455 366 3562 425">
     <span class='ocr_line' id='line_1_67' title="bbox 3455 366 3562 425; baseline 0.019 -2"><span class='ocrx_word' id='word_1_535' title='bbox 3455 366 3562 425; x_wconf 66' lang='grc' dir='ltr'>ιιι</span> 
     </span>
    </p>
   </div>
   <div class='ocr_carea' id='block_1_68' title="bbox 1971 483 3560 561">
    <p class='ocr_par' dir='ltr' id='par_1_68' title="bbox 1971 483 3560 561">
     <span class='ocr_line' id='line_1_68' title="bbox 1971 483 3560 561; baseline -0.006 -17"><span class='ocrx_word' id='word_1_536' title='bbox 1971 507 2158 561; x_wconf 80' lang='grc' dir='ltr'>ματος.</span> <span class='ocrx_word' id='word_1_537' title='bbox 2213 489 2350 544; x_wconf 83' lang='grc' dir='ltr'>Οὐδὲ</span> <span class='ocrx_word' id='word_1_538' title='bbox 2375 490 2486 558; x_wconf 75' lang='grc' dir='ltr'>γάρ</span> <span class='ocrx_word' id='word_1_539' title='bbox 2517 488 2610 556; x_wconf 78' lang='grc' dir='ltr'>ἀφ’</span> <span class='ocrx_word' id='word_1_540' title='bbox 2665 484 2860 541; x_wconf 85' lang='grc' dir='ltr'>ἐαυτοῦ</span> <span class='ocrx_word' id='word_1_541' title='bbox 2913 485 3156 556; x_wconf 77' lang='grc' dir='ltr'>Μωῦσῆς</span> <span class='ocrx_word' id='word_1_542' title='bbox 3210 483 3383 538; x_wconf 82' lang='grc' dir='ltr'>ταῦτα</span> <span class='ocrx_word' id='word_1_543' title='bbox 3430 483 3560 553; x_wconf 84' lang='grc' dir='ltr'>ήμῐν</span> 
     </span>
    </p>
   </div>
   <div class='ocr_carea' id='block_1_69' title="bbox 1967 566 3558 646">
    <p class='ocr_par' dir='ltr' id='par_1_69' title="bbox 1967 566 3558 646">
     <span class='ocr_line' id='line_1_69' title="bbox 1967 566 3558 646; baseline -0.003 -21"><span class='ocrx_word' id='word_1_544' title='bbox 1967 572 2198 636; x_wconf 79' lang='grc' dir='ltr'>ἐξέθετο,</span> <span class='ocrx_word' id='word_1_545' title='bbox 2232 572 2347 624; x_wconf 81' lang='grc' dir='ltr'>ἀλλ’</span> <span class='ocrx_word' id='word_1_546' title='bbox 2379 573 2483 646; x_wconf 85' lang='grc' dir='ltr'>ὑπὸ</span> <span class='ocrx_word' id='word_1_547' title='bbox 2512 571 2608 624; x_wconf 83' lang='grc' dir='ltr'>τοῦ</span> <span class='ocrx_word' id='word_1_548' title='bbox 2641 571 2797 640; x_wconf 83' lang='grc' dir='ltr'>ἁγίου</span> <span class='ocrx_word' id='word_1_549' title='bbox 2828 572 3150 641; x_wconf 87' lang='grc' dir='ltr'>Πνεύματος</span> <span class='ocrx_word' id='word_1_550' title='bbox 3174 566 3558 640; x_wconf 78' lang='grc' dir='ltr'>ἐνηχούμενος.</span> 
     </span>
    </p>
   </div>
   <div class='ocr_carea' id='block_1_70' title="bbox 1972 650 3559 727">
    <p class='ocr_par' dir='ltr' id='par_1_70' title="bbox 1972 650 3559 727">
     <span class='ocr_line' id='line_1_70' title="bbox 1972 650 3559 727; baseline -0.004 -17"><span class='ocrx_word' id='word_1_551' title='bbox 1972 657 2199 727; x_wconf 85' lang='grc' dir='ltr'>Ἴδωμεν</span> <span class='ocrx_word' id='word_1_552' title='bbox 2223 652 2318 710; x_wconf 81' lang='grc' dir='ltr'>οὖν</span> <span class='ocrx_word' id='word_1_553' title='bbox 2352 656 2404 708; x_wconf 91' lang='grc' dir='ltr'>τί</span> <span class='ocrx_word' id='word_1_554' title='bbox 2438 657 2533 708; x_wconf 72' lang='grc' dir='ltr'>καὶ</span> <span class='ocrx_word' id='word_1_555' title='bbox 2573 656 2814 726; x_wconf 82' lang='grc' dir='ltr'>σήμερον</span> <span class='ocrx_word' id='word_1_556' title='bbox 2849 655 2997 724; x_wconf 77' lang='grc' dir='ltr'>ἡμᾶς</span> <span class='ocrx_word' id='word_1_557' title='bbox 3025 651 3236 716; x_wconf 82' lang='grc' dir='ltr'>διδάξαι</span> <span class='ocrx_word' id='word_1_558' title='bbox 3287 650 3559 720; x_wconf 83' lang='grc' dir='ltr'>βούλεται.</span> 
     </span>
    </p>
   </div>
   <div class='ocr_carea' id='block_1_71' title="bbox 1969 732 3563 811">
    <p class='ocr_par' dir='ltr' id='par_1_71' title="bbox 1969 732 3563 811">
     <span class='ocr_line' id='line_1_71' title="bbox 1969 732 3563 811; baseline -0.006 -18"><span class='ocrx_word' id='word_1_559' title='bbox 1969 741 2103 794; x_wconf 84' lang='grc' dir='ltr'>Οὐδὲ</span> <span class='ocrx_word' id='word_1_560' title='bbox 2127 740 2236 811; x_wconf 81' lang='grc' dir='ltr'>γὰρ</span> <span class='ocrx_word' id='word_1_561' title='bbox 2267 739 2456 802; x_wconf 82' lang='grc' dir='ltr'>ἁπλῶς</span> <span class='ocrx_word' id='word_1_562' title='bbox 2493 738 2614 792; x_wconf 83' lang='grc' dir='ltr'>οὐδὲ</span> <span class='ocrx_word' id='word_1_563' title='bbox 2670 738 2793 807; x_wconf 83' lang='grc' dir='ltr'>είκῆ</span> <span class='ocrx_word' id='word_1_564' title='bbox 2817 738 2945 799; x_wconf 82' lang='grc' dir='ltr'>τούς</span> <span class='ocrx_word' id='word_1_565' title='bbox 2997 735 3147 806; x_wconf 83' lang='grc' dir='ltr'>βίους</span> <span class='ocrx_word' id='word_1_566' title='bbox 3197 735 3328 805; x_wconf 74' lang='grc' dir='ltr'>ἡμῖν</span> <span class='ocrx_word' id='word_1_567' title='bbox 3351 732 3460 786; x_wconf 89' lang='grc' dir='ltr'>τῶν</span> <span class='ocrx_word' id='word_1_568' title='bbox 3484 732 3563 786; x_wconf 80' lang='grc' dir='ltr'>δι-</span> 
     </span>
    </p>
   </div>
   <div class='ocr_carea' id='block_1_72' title="bbox 1971 815 3560 890">
    <p class='ocr_par' dir='ltr' id='par_1_72' title="bbox 1971 815 3560 890">
     <span class='ocr_line' id='line_1_72' title="bbox 1971 815 3560 890; baseline -0.006 -14"><span class='ocrx_word' id='word_1_569' title='bbox 1971 823 2139 878; x_wconf 82' lang='grc' dir='ltr'>καίων</span> <span class='ocrx_word' id='word_1_570' title='bbox 2167 823 2459 886; x_wconf 87' lang='grc' dir='ltr'>ἐκτίθεται,</span> <span class='ocrx_word' id='word_1_571' title='bbox 2484 822 2703 875; x_wconf 83' lang='grc' dir='ltr'>ἀλλ’ἵνα</span> <span class='ocrx_word' id='word_1_572' title='bbox 2729 818 3065 890; x_wconf 80' lang='grc' dir='ltr'>ζηλώσωμεν</span> <span class='ocrx_word' id='word_1_573' title='bbox 3086 817 3293 870; x_wconf 86' lang='grc' dir='ltr'>τούτων</span> <span class='ocrx_word' id='word_1_574' title='bbox 3317 815 3416 886; x_wconf 76' lang='grc' dir='ltr'>τήν</span> <span class='ocrx_word' id='word_1_575' title='bbox 3432 817 3560 886; x_wconf 88' lang='grc' dir='ltr'>ἀρε-</span> 
     </span>
    </p>
   </div>
   <div class='ocr_carea' id='block_1_73' title="bbox 1969 904 3561 982">
    <p class='ocr_par' dir='ltr' id='par_1_73' title="bbox 1969 904 3561 982">
     <span class='ocr_line' id='line_1_73' title="bbox 1969 904 3561 982; baseline -0.005 -18"><span class='ocrx_word' id='word_1_576' title='bbox 1969 911 2089 982; x_wconf 81' lang='grc' dir='ltr'>τὴν,</span> <span class='ocrx_word' id='word_1_577' title='bbox 2118 912 2212 964; x_wconf 69' lang='grc' dir='ltr'>καὶ</span> <span class='ocrx_word' id='word_1_578' title='bbox 2245 911 2480 981; x_wconf 80' lang='grc' dir='ltr'>μιμηταὶ</span> <span class='ocrx_word' id='word_1_579' title='bbox 2535 908 2825 980; x_wconf 85' lang='grc' dir='ltr'>γενώμεθα</span> <span class='ocrx_word' id='word_1_580' title='bbox 2856 909 2966 961; x_wconf 86' lang='grc' dir='ltr'>τῶν</span> <span class='ocrx_word' id='word_1_581' title='bbox 3014 907 3240 968; x_wconf 87' lang='grc' dir='ltr'>ἐκείνοις</span> <span class='ocrx_word' id='word_1_582' title='bbox 3265 904 3561 974; x_wconf 87' lang='grc' dir='ltr'>κατωρθω-</span> 
     </span>
    </p>
   </div>
   <div class='ocr_carea' id='block_1_74' title="bbox 1976 991 3566 1066">
    <p class='ocr_par' dir='ltr' id='par_1_74' title="bbox 1976 991 3566 1066">
     <span class='ocr_line' id='line_1_74' title="bbox 1976 991 3566 1066; baseline -0.005 -18"><span class='ocrx_word' id='word_1_583' title='bbox 1976 996 2171 1066; x_wconf 87' lang='grc' dir='ltr'>μένων.</span> <span class='ocrx_word' id='word_1_584' title='bbox 2209 993 2427 1066; x_wconf 80' lang='grc' dir='ltr'>Ἐπειδὴ</span> <span class='ocrx_word' id='word_1_585' title='bbox 2476 994 2586 1064; x_wconf 82' lang='grc' dir='ltr'>γὰρ</span> <span class='ocrx_word' id='word_1_586' title='bbox 2616 996 2748 1065; x_wconf 82' lang='grc' dir='ltr'>ήμῖν</span> <span class='ocrx_word' id='word_1_587' title='bbox 2801 994 2868 1047; x_wconf 84' lang='grc' dir='ltr'>τὰ</span> <span class='ocrx_word' id='word_1_588' title='bbox 2900 993 3042 1047; x_wconf 85' lang='grc' dir='ltr'>κατά</span> <span class='ocrx_word' id='word_1_589' title='bbox 3088 992 3178 1045; x_wconf 88' lang='grc' dir='ltr'>τὸν</span> <span class='ocrx_word' id='word_1_590' title='bbox 3217 991 3566 1060; x_wconf 89' lang='grc' dir='ltr'>πατριάρχην</span> 
     </span>
    </p>
   </div>
   <div class='ocr_carea' id='block_1_75' title="bbox 1973 1075 3566 1154">
    <p class='ocr_par' dir='ltr' id='par_1_75' title="bbox 1973 1075 3566 1154">
     <span class='ocr_line' id='line_1_75' title="bbox 1973 1075 3566 1154; baseline -0.004 -19"><span class='ocrx_word' id='word_1_591' title='bbox 1973 1081 2218 1153; x_wconf 87' lang='grc' dir='ltr'>ἀκριϐῶς</span> <span class='ocrx_word' id='word_1_592' title='bbox 2276 1081 2700 1154; x_wconf 82' lang='grc' dir='ltr'>διηγησάμενος,</span> <span class='ocrx_word' id='word_1_593' title='bbox 2763 1081 2860 1134; x_wconf 76' lang='grc' dir='ltr'>καὶ</span> <span class='ocrx_word' id='word_1_594' title='bbox 2890 1081 2981 1133; x_wconf 87' lang='grc' dir='ltr'>τὸν</span> <span class='ocrx_word' id='word_1_595' title='bbox 3040 1079 3353 1131; x_wconf 86' lang='grc' dir='ltr'>τελευταῖον</span> <span class='ocrx_word' id='word_1_596' title='bbox 3397 1075 3566 1130; x_wconf 85' lang='grc' dir='ltr'>αὐτοῦ</span> 
     </span>
    </p>
   </div>
   <div class='ocr_carea' id='block_1_76' title="bbox 1975 1159 3568 1234">
    <p class='ocr_par' dir='ltr' id='par_1_76' title="bbox 1975 1159 3568 1234">
     <span class='ocr_line' id='line_1_76' title="bbox 1975 1159 3568 1234; baseline -0.004 -16"><span class='ocrx_word' id='word_1_597' title='bbox 1975 1159 2137 1218; x_wconf 77' lang='grc' dir='ltr'>ἆθλον</span> <span class='ocrx_word' id='word_1_598' title='bbox 2165 1163 2256 1216; x_wconf 88' lang='grc' dir='ltr'>τὸν</span> <span class='ocrx_word' id='word_1_599' title='bbox 2292 1164 2384 1217; x_wconf 69' lang='grc' dir='ltr'>ἐπὶ</span> <span class='ocrx_word' id='word_1_600' title='bbox 2430 1165 2497 1234; x_wconf 78' lang='grc' dir='ltr'>τῇ</span> <span class='ocrx_word' id='word_1_601' title='bbox 2545 1163 2641 1216; x_wconf 88' lang='grc' dir='ltr'>τοῦ</span> <span class='ocrx_word' id='word_1_602' title='bbox 2692 1160 3021 1232; x_wconf 81' lang='grc' dir='ltr'>μονογενοῦς</span> <span class='ocrx_word' id='word_1_603' title='bbox 3074 1163 3296 1231; x_wconf 78' lang='grc' dir='ltr'>σφαγῇ,</span> <span class='ocrx_word' id='word_1_604' title='bbox 3347 1159 3568 1225; x_wconf 77' lang='grc' dir='ltr'>διδάξας</span> 
     </span>
    </p>
   </div>
   <div class='ocr_carea' id='block_1_77' title="bbox 1971 1243 3569 1316">
    <p class='ocr_par' dir='ltr' id='par_1_77' title="bbox 1971 1243 3569 1316">
     <span class='ocr_line' id='line_1_77' title="bbox 1971 1243 3569 1316; baseline -0.003 -16"><span class='ocrx_word' id='word_1_605' title='bbox 1971 1248 2124 1316; x_wconf 77' lang='grc' dir='ltr'>ἡμᾶς</span> <span class='ocrx_word' id='word_1_606' title='bbox 2189 1247 2305 1309; x_wconf 86' lang='grc' dir='ltr'>πῶς</span> <span class='ocrx_word' id='word_1_607' title='bbox 2349 1244 2414 1298; x_wconf 81' lang='grc' dir='ltr'>ἂν</span> <span class='ocrx_word' id='word_1_608' title='bbox 2442 1245 2522 1314; x_wconf 85' lang='grc' dir='ltr'>τῷ</span> <span class='ocrx_word' id='word_1_609' title='bbox 2554 1245 2675 1314; x_wconf 79' lang='grc' dir='ltr'>Θεῷ</span> <span class='ocrx_word' id='word_1_610' title='bbox 2702 1245 2862 1297; x_wconf 72' lang='grc' dir='ltr'>αὐτὸν</span> <span class='ocrx_word' id='word_1_611' title='bbox 2895 1244 3261 1314; x_wconf 80' lang='grc' dir='ltr'>καλλιέρημα,</span> <span class='ocrx_word' id='word_1_612' title='bbox 3298 1244 3346 1295; x_wconf 87' lang='grc' dir='ltr'>εί</span> <span class='ocrx_word' id='word_1_613' title='bbox 3369 1243 3464 1296; x_wconf 78' lang='grc' dir='ltr'>καὶ</span> <span class='ocrx_word' id='word_1_614' title='bbox 3493 1243 3569 1313; x_wconf 76' lang='grc' dir='ltr'>μὴ</span> 
     </span>
    </p>
   </div>
   <div class='ocr_carea' id='block_1_78' title="bbox 1971 1325 3572 1399">
    <p class='ocr_par' dir='ltr' id='par_1_78' title="bbox 1971 1325 3572 1399">
     <span class='ocr_line' id='line_1_78' title="bbox 1971 1325 3572 1399; baseline -0.004 -17"><span class='ocrx_word' id='word_1_615' title='bbox 1971 1329 2122 1399; x_wconf 83' lang='grc' dir='ltr'>αὐτῷ</span> <span class='ocrx_word' id='word_1_616' title='bbox 2156 1328 2322 1398; x_wconf 76' lang='grc' dir='ltr'>ἔργῳ,</span> <span class='ocrx_word' id='word_1_617' title='bbox 2352 1328 2488 1381; x_wconf 82' lang='grc' dir='ltr'>ἀλλὰ</span> <span class='ocrx_word' id='word_1_618' title='bbox 2520 1331 2586 1399; x_wconf 75' lang='grc' dir='ltr'>τῇ</span> <span class='ocrx_word' id='word_1_619' title='bbox 2621 1328 2904 1398; x_wconf 75' lang='grc' dir='ltr'>προθυμίᾳ</span> <span class='ocrx_word' id='word_1_620' title='bbox 2937 1327 3253 1399; x_wconf 78' lang='grc' dir='ltr'>εἰργάσατο,</span> <span class='ocrx_word' id='word_1_621' title='bbox 3288 1325 3444 1387; x_wconf 88' lang='grc' dir='ltr'>τέλος</span> <span class='ocrx_word' id='word_1_622' title='bbox 3471 1327 3572 1376; x_wconf 77' lang='grc' dir='ltr'>ἐπο</span> 
     </span>
    </p>
   </div>
   <div class='ocr_carea' id='block_1_79' title="bbox 1975 1405 3572 1482">
    <p class='ocr_par' dir='ltr' id='par_1_79' title="bbox 1975 1405 3572 1482">
     <span class='ocr_line' id='line_1_79' title="bbox 1975 1405 3572 1482; baseline -0.003 -19"><span class='ocrx_word' id='word_1_623' title='bbox 1975 1410 2171 1482; x_wconf 80' lang='grc' dir='ltr'>έθηκεν</span> <span class='ocrx_word' id='word_1_624' title='bbox 2200 1411 2430 1473; x_wconf 84' lang='grc' dir='ltr'>ἐκείνοις</span> <span class='ocrx_word' id='word_1_625' title='bbox 2459 1412 2576 1472; x_wconf 87' lang='grc' dir='ltr'>τοῖς</span> <span class='ocrx_word' id='word_1_626' title='bbox 2596 1408 2921 1480; x_wconf 87' lang='grc' dir='ltr'>διηγήμασι·</span> <span class='ocrx_word' id='word_1_627' title='bbox 2945 1408 3039 1461; x_wconf 85' lang='grc' dir='ltr'>νῦν</span> <span class='ocrx_word' id='word_1_628' title='bbox 3057 1411 3189 1478; x_wconf 80' lang='grc' dir='ltr'>ἡμῖν</span> <span class='ocrx_word' id='word_1_629' title='bbox 3212 1407 3484 1460; x_wconf 74' lang='grc' dir='ltr'>ἐκτίθεται</span> <span class='ocrx_word' id='word_1_630' title='bbox 3501 1405 3572 1458; x_wconf 64' lang='grc' dir='ltr'>τὰ</span> 
     </span>
    </p>
   </div>
   <div class='ocr_carea' id='block_1_80' title="bbox 1975 1489 3572 1561">
    <p class='ocr_par' dir='ltr' id='par_1_80' title="bbox 1975 1489 3572 1561">
     <span class='ocr_line' id='line_1_80' title="bbox 1975 1489 3572 1561; baseline -0.003 -16"><span class='ocrx_word' id='word_1_631' title='bbox 1975 1492 2116 1546; x_wconf 84' lang='grc' dir='ltr'>κατὰ</span> <span class='ocrx_word' id='word_1_632' title='bbox 2137 1492 2227 1545; x_wconf 81' lang='grc' dir='ltr'>τὸν</span> <span class='ocrx_word' id='word_1_633' title='bbox 2271 1491 2454 1544; x_wconf 84' lang='grc' dir='ltr'>Ἰσαὰκ</span> <span class='ocrx_word' id='word_1_634' title='bbox 2492 1491 2583 1544; x_wconf 83' lang='grc' dir='ltr'>τὸν</span> <span class='ocrx_word' id='word_1_635' title='bbox 2615 1491 2892 1560; x_wconf 71' lang='grc' dir='ltr'>σφαγέντα</span> <span class='ocrx_word' id='word_1_636' title='bbox 2925 1492 3020 1544; x_wconf 77' lang='grc' dir='ltr'>καὶ</span> <span class='ocrx_word' id='word_1_637' title='bbox 3050 1492 3123 1561; x_wconf 80' lang='grc' dir='ltr'>μὴ</span> <span class='ocrx_word' id='word_1_638' title='bbox 3155 1489 3450 1558; x_wconf 77' lang='grc' dir='ltr'>σφαγέντα·</span> <span class='ocrx_word' id='word_1_639' title='bbox 3483 1489 3572 1540; x_wconf 78' lang='grc' dir='ltr'>αί-</span> 
     </span>
    </p>
   </div>
   <div class='ocr_carea' id='block_1_81' title="bbox 1975 1571 3571 1646">
    <p class='ocr_par' dir='ltr' id='par_1_81' title="bbox 1975 1571 3571 1646">
     <span class='ocr_line' id='line_1_81' title="bbox 1975 1571 3571 1646; baseline -0.001 -20"><span class='ocrx_word' id='word_1_640' title='bbox 1975 1575 2200 1644; x_wconf 85' lang='grc' dir='ltr'>νίγματι</span> <span class='ocrx_word' id='word_1_641' title='bbox 2236 1575 2344 1646; x_wconf 80' lang='grc' dir='ltr'>γὰρ</span> <span class='ocrx_word' id='word_1_642' title='bbox 2375 1574 2519 1627; x_wconf 76' lang='grc' dir='ltr'>ἔοικε</span> <span class='ocrx_word' id='word_1_643' title='bbox 2561 1573 2621 1626; x_wconf 84' lang='grc' dir='ltr'>τὸ</span> <span class='ocrx_word' id='word_1_644' title='bbox 2656 1574 2899 1641; x_wconf 89' lang='grc' dir='ltr'>γεγονός.</span> <span class='ocrx_word' id='word_1_645' title='bbox 2931 1574 3197 1626; x_wconf 77' lang='grc' dir='ltr'>Ἄκουσον</span> <span class='ocrx_word' id='word_1_646' title='bbox 3222 1572 3331 1642; x_wconf 76' lang='grc' dir='ltr'>γὰρ</span> <span class='ocrx_word' id='word_1_647' title='bbox 3355 1571 3571 1625; x_wconf 85' lang='grc' dir='ltr'>Παύλου</span> 
     </span>
    </p>
   </div>
   <div class='ocr_carea' id='block_1_82' title="bbox 1975 1653 3574 1724">
    <p class='ocr_par' dir='ltr' id='par_1_82' title="bbox 1975 1653 3574 1724">
     <span class='ocr_line' id='line_1_82' title="bbox 1975 1653 3574 1724; baseline -0.001 -17"><span class='ocrx_word' id='word_1_648' title='bbox 1975 1655 2241 1724; x_wconf 81' lang='grc' dir='ltr'>λέγοντος·</span> <span class='ocrx_word' id='word_1_649' title='bbox 2259 1657 2465 1709; x_wconf 87' lang='grc' dir='ltr'>Πίστει</span> <span class='ocrx_word' id='word_1_650' title='bbox 2491 1655 2912 1723; x_wconf 79' lang='grc' dir='ltr'><em>προσενήνοχε</em></span> <span class='ocrx_word' id='word_1_651' title='bbox 2941 1655 3050 1708; x_wconf 77' lang='grc' dir='ltr'>τὸν</span> <span class='ocrx_word' id='word_1_652' title='bbox 3083 1654 3282 1708; x_wconf 85' lang='grc' dir='ltr'>Ἰσαὰκ</span> <span class='ocrx_word' id='word_1_653' title='bbox 3317 1653 3574 1723; x_wconf 79' lang='grc' dir='ltr'><em>Ἀϐραὰμ</em></span> 
     </span>
    </p>
   </div>
   <div class='ocr_carea' id='block_1_83' title="bbox 1977 1734 3578 1806">
    <p class='ocr_par' dir='ltr' id='par_1_83' title="bbox 1977 1734 3578 1806">
     <span class='ocr_line' id='line_1_83' title="bbox 1977 1734 3578 1806; baseline -0.003 -15"><span class='ocrx_word' id='word_1_654' title='bbox 1977 1738 2412 1806; x_wconf 71' lang='grc' dir='ltr'>πειραζόμενος⁹</span> <span class='ocrx_word' id='word_1_655' title='bbox 2446 1737 2544 1790; x_wconf 79' lang='grc' dir='ltr'>καί</span> <span class='ocrx_word' id='word_1_656' title='bbox 2571 1737 2677 1790; x_wconf 88' lang='grc' dir='ltr'>τὸν</span> <span class='ocrx_word' id='word_1_657' title='bbox 2686 1735 2988 1806; x_wconf 75' lang='grc' dir='ltr'>μονογενῆ</span> <span class='ocrx_word' id='word_1_658' title='bbox 3021 1735 3397 1802; x_wconf 67' lang='grc' dir='ltr'><em>προσέφερεν</em></span> <span class='ocrx_word' id='word_1_659' title='bbox 3416 1737 3448 1787; x_wconf 82' lang='grc' dir='ltr'><em>ὀ</em></span> <span class='ocrx_word' id='word_1_660' title='bbox 3465 1734 3578 1799; x_wconf 84' lang='grc' dir='ltr'>τὰς.</span> 
     </span>
    </p>
   </div>
   <div class='ocr_carea' id='block_1_84' title="bbox 1977 1814 3575 1890">
    <p class='ocr_par' dir='ltr' id='par_1_84' title="bbox 1977 1814 3575 1890">
     <span class='ocr_line' id='line_1_84' title="bbox 1977 1814 3575 1890; baseline -0.003 -16"><span class='ocrx_word' id='word_1_661' title='bbox 1977 1821 2336 1890; x_wconf 73' lang='grc' dir='ltr'>ἐπαγγελίας</span> <span class='ocrx_word' id='word_1_662' title='bbox 2367 1819 2832 1888; x_wconf 78' lang='grc' dir='ltr'>ἀναδεξάμενος.</span> <span class='ocrx_word' id='word_1_663' title='bbox 2855 1814 2990 1872; x_wconf 76' lang='grc' dir='ltr'>Εἶτα</span> <span class='ocrx_word' id='word_1_664' title='bbox 3012 1817 3098 1868; x_wconf 81' lang='grc' dir='ltr'>ἵνα</span> <span class='ocrx_word' id='word_1_665' title='bbox 3131 1815 3392 1886; x_wconf 90' lang='grc' dir='ltr'>μάθωμεν</span> <span class='ocrx_word' id='word_1_666' title='bbox 3415 1817 3575 1886; x_wconf 85' lang='grc' dir='ltr'>ἀκρι-</span> 
     </span>
    </p>
   </div>
   <div class='ocr_carea' id='block_1_85' title="bbox 1979 1898 3576 1968">
    <p class='ocr_par' dir='ltr' id='par_1_85' title="bbox 1979 1898 3576 1968">
     <span class='ocr_line' id='line_1_85' title="bbox 1979 1898 3576 1968; baseline -0.002 -14"><span class='ocrx_word' id='word_1_667' title='bbox 1979 1903 2107 1966; x_wconf 87' lang='grc' dir='ltr'>ϐῶς,</span> <span class='ocrx_word' id='word_1_668' title='bbox 2136 1903 2252 1965; x_wconf 84' lang='grc' dir='ltr'>πῶς</span> <span class='ocrx_word' id='word_1_669' title='bbox 2286 1903 2466 1954; x_wconf 83' lang='grc' dir='ltr'>πίστει</span> <span class='ocrx_word' id='word_1_670' title='bbox 2501 1902 2675 1954; x_wconf 84' lang='grc' dir='ltr'>ταῦτα</span> <span class='ocrx_word' id='word_1_671' title='bbox 2698 1900 2875 1953; x_wconf 88' lang='grc' dir='ltr'>πάντα</span> <span class='ocrx_word' id='word_1_672' title='bbox 2896 1899 3271 1968; x_wconf 84' lang='grc' dir='ltr'>διεπράττετο,</span> <span class='ocrx_word' id='word_1_673' title='bbox 3295 1898 3388 1953; x_wconf 78' lang='grc' dir='ltr'>καὶ</span> <span class='ocrx_word' id='word_1_674' title='bbox 3419 1901 3576 1952; x_wconf 77' lang='grc' dir='ltr'>ἐνανο</span> 
     </span>
    </p>
   </div>
   <div class='ocr_carea' id='block_1_86' title="bbox 1979 1979 3576 2056">
    <p class='ocr_par' dir='ltr' id='par_1_86' title="bbox 1979 1979 3576 2056">
     <span class='ocr_line' id='line_1_86' title="bbox 1979 1979 3576 2056; baseline -0.004 -19"><span class='ocrx_word' id='word_1_675' title='bbox 1979 1986 2069 2038; x_wconf 89' lang='grc' dir='ltr'>τία</span> <span class='ocrx_word' id='word_1_676' title='bbox 2085 1987 2150 2056; x_wconf 74' lang='grc' dir='ltr'>τῇ</span> <span class='ocrx_word' id='word_1_677' title='bbox 2184 1984 2474 2052; x_wconf 79' lang='grc' dir='ltr'>ὑποσχέσει</span> <span class='ocrx_word' id='word_1_678' title='bbox 2501 1982 2643 2053; x_wconf 82' lang='grc' dir='ltr'>ὁρῶν</span> <span class='ocrx_word' id='word_1_679' title='bbox 2661 1985 2729 2036; x_wconf 83' lang='grc' dir='ltr'>τὰ</span> <span class='ocrx_word' id='word_1_680' title='bbox 2761 1980 2854 2034; x_wconf 77' lang='grc' dir='ltr'>ὑπ’</span> <span class='ocrx_word' id='word_1_681' title='bbox 2883 1981 3045 2034; x_wconf 86' lang='grc' dir='ltr'>αὐτοῦ</span> <span class='ocrx_word' id='word_1_682' title='bbox 3072 1980 3321 2050; x_wconf 88' lang='grc' dir='ltr'>γίνεσθαι</span> <span class='ocrx_word' id='word_1_683' title='bbox 3355 1979 3576 2034; x_wconf 87' lang='grc' dir='ltr'>κελευό-</span> 
     </span>
    </p>
   </div>
   <div class='ocr_carea' id='block_1_87' title="bbox 1981 2062 3578 2139">
    <p class='ocr_par' dir='ltr' id='par_1_87' title="bbox 1981 2062 3578 2139">
     <span class='ocr_line' id='line_1_87' title="bbox 1981 2062 3578 2139; baseline -0.003 -18"><span class='ocrx_word' id='word_1_684' title='bbox 1981 2085 2139 2139; x_wconf 89' lang='grc' dir='ltr'>μενα,</span> <span class='ocrx_word' id='word_1_685' title='bbox 2175 2068 2274 2120; x_wconf 91' lang='grc' dir='ltr'>οὐκ</span> <span class='ocrx_word' id='word_1_686' title='bbox 2306 2066 2650 2138; x_wconf 75' lang='grc' dir='ltr'>ἐταράττετο,</span> <span class='ocrx_word' id='word_1_687' title='bbox 2686 2065 2871 2135; x_wconf 84' lang='grc' dir='ltr'>φησίν·</span> <span class='ocrx_word' id='word_1_688' title='bbox 2909 2065 3089 2117; x_wconf 86' lang='grc' dir='ltr'><em>Ὅθεν</em></span> <span class='ocrx_word' id='word_1_689' title='bbox 3121 2062 3312 2118; x_wconf 80' lang='grc' dir='ltr'>αὑτὸν</span> <span class='ocrx_word' id='word_1_690' title='bbox 3352 2063 3450 2117; x_wconf 80' lang='grc' dir='ltr'>καί</span> <span class='ocrx_word' id='word_1_691' title='bbox 3505 2063 3578 2117; x_wconf 84' lang='grc' dir='ltr'>ὲν</span> 
     </span>
    </p>
   </div>
   <div class='ocr_carea' id='block_1_88' title="bbox 1981 2145 3578 2220">
    <p class='ocr_par' dir='ltr' id='par_1_88' title="bbox 1981 2145 3578 2220">
     <span class='ocr_line' id='line_1_88' title="bbox 1981 2145 3578 2220; baseline -0.003 -16"><span class='ocrx_word' id='word_1_692' title='bbox 1981 2149 2292 2220; x_wconf 74' lang='grc' dir='ltr'><em>παραϐολῇ</em></span> <span class='ocrx_word' id='word_1_693' title='bbox 2315 2149 2658 2217; x_wconf 76' lang='grc' dir='ltr'>ἐκομίσατο.</span> <span class='ocrx_word' id='word_1_694' title='bbox 2686 2150 2749 2200; x_wconf 85' lang='grc' dir='ltr'>Τί</span> <span class='ocrx_word' id='word_1_695' title='bbox 2777 2149 2946 2209; x_wconf 83' lang='grc' dir='ltr'>ἐστιν,</span> <span class='ocrx_word' id='word_1_696' title='bbox 2992 2147 3092 2200; x_wconf 83' lang='grc' dir='ltr'><em>Ἐν</em></span> <span class='ocrx_word' id='word_1_697' title='bbox 3113 2145 3578 2214; x_wconf 72' lang='grc' dir='ltr'>παραϐολῇὲκο·</span> 
     </span>
    </p>
   </div>
   <div class='ocr_carea' id='block_1_89' title="bbox 1976 2227 3578 2304">
    <p class='ocr_par' dir='ltr' id='par_1_89' title="bbox 1976 2227 3578 2304">
     <span class='ocr_line' id='line_1_89' title="bbox 1976 2227 3578 2304; baseline -0.002 -17"><span class='ocrx_word' id='word_1_698' title='bbox 1976 2227 2472 2303; x_wconf 79' lang='grc' dir='ltr'>μίσατο;Ἐπειδὴ</span> <span class='ocrx_word' id='word_1_699' title='bbox 2504 2234 2612 2304; x_wconf 82' lang='grc' dir='ltr'>γὰρ</span> <span class='ocrx_word' id='word_1_700' title='bbox 2647 2232 2807 2285; x_wconf 75' lang='grc' dir='ltr'>αὐτὸν</span> <span class='ocrx_word' id='word_1_701' title='bbox 2829 2233 2907 2294; x_wconf 90' lang='grc' dir='ltr'>είς</span> <span class='ocrx_word' id='word_1_702' title='bbox 2942 2229 3133 2282; x_wconf 89' lang='grc' dir='ltr'>θυσίαν</span> <span class='ocrx_word' id='word_1_703' title='bbox 3159 2231 3452 2300; x_wconf 80' lang='grc' dir='ltr'>ἀνήνεγκε,</span> <span class='ocrx_word' id='word_1_704' title='bbox 3481 2229 3578 2283; x_wconf 75' lang='grc' dir='ltr'>καὶ</span> 
     </span>
    </p>
   </div>
   <div class='ocr_carea' id='block_1_90' title="bbox 1982 2310 3579 2386">
    <p class='ocr_par' dir='ltr' id='par_1_90' title="bbox 1982 2310 3579 2386">
     <span class='ocr_line' id='line_1_90' title="bbox 1982 2310 3579 2386; baseline -0.002 -18"><span class='ocrx_word' id='word_1_705' title='bbox 1982 2315 2398 2386; x_wconf 82' lang='grc' dir='ltr'>ἀπηρτισμένην</span> <span class='ocrx_word' id='word_1_706' title='bbox 2426 2317 2526 2384; x_wconf 82' lang='grc' dir='ltr'>τὴν</span> <span class='ocrx_word' id='word_1_707' title='bbox 2569 2314 2796 2384; x_wconf 88' lang='grc' dir='ltr'>γνώμην</span> <span class='ocrx_word' id='word_1_708' title='bbox 2831 2313 3166 2375; x_wconf 84' lang='grc' dir='ltr'>ἐπεδείξατο,</span> <span class='ocrx_word' id='word_1_709' title='bbox 3211 2311 3372 2374; x_wconf 87' lang='grc' dir='ltr'>αὐτός</span> <span class='ocrx_word' id='word_1_710' title='bbox 3393 2327 3458 2379; x_wconf 90' lang='grc' dir='ltr'>γε</span> <span class='ocrx_word' id='word_1_711' title='bbox 3482 2310 3579 2365; x_wconf 84' lang='grc' dir='ltr'>τὸν</span> 
     </span>
    </p>
   </div>
   <div class='ocr_carea' id='block_1_91' title="bbox 1984 2392 3574 2467">
    <p class='ocr_par' dir='ltr' id='par_1_91' title="bbox 1984 2392 3574 2467">
     <span class='ocr_line' id='line_1_91' title="bbox 1984 2392 3574 2467; baseline -0.003 -16"><span class='ocrx_word' id='word_1_712' title='bbox 1984 2398 2244 2466; x_wconf 85' lang='grc' dir='ltr'>στέφανον</span> <span class='ocrx_word' id='word_1_713' title='bbox 2295 2397 2613 2467; x_wconf 84' lang='grc' dir='ltr'>ἀνεδήσατο,</span> <span class='ocrx_word' id='word_1_714' title='bbox 2657 2395 2868 2448; x_wconf 76' lang='grc' dir='ltr'>καὶτὸν</span> <span class='ocrx_word' id='word_1_715' title='bbox 2903 2395 3067 2448; x_wconf 89' lang='grc' dir='ltr'>παῖδα</span> <span class='ocrx_word' id='word_1_716' title='bbox 3109 2392 3290 2446; x_wconf 85' lang='grc' dir='ltr'>λαϐὼν</span> <span class='ocrx_word' id='word_1_717' title='bbox 3322 2393 3574 2465; x_wconf 76' lang='grc' dir='ltr'>ἐπανῄει,</span> 
     </span>
    </p>
   </div>
   <div class='ocr_carea' id='block_1_92' title="bbox 1984 2475 3581 2551">
    <p class='ocr_par' dir='ltr' id='par_1_92' title="bbox 1984 2475 3581 2551">
     <span class='ocr_line' id='line_1_92' title="bbox 1984 2475 3581 2551; baseline -0.001 -18"><span class='ocrx_word' id='word_1_718' title='bbox 1984 2482 2078 2533; x_wconf 65' lang='grc' dir='ltr'>καὶ</span> <span class='ocrx_word' id='word_1_719' title='bbox 2109 2483 2141 2551; x_wconf 84' lang='grc' dir='ltr'>ή</span> <span class='ocrx_word' id='word_1_720' title='bbox 2169 2481 2331 2532; x_wconf 81' lang='grc' dir='ltr'>θυσία</span> <span class='ocrx_word' id='word_1_721' title='bbox 2364 2478 2452 2532; x_wconf 81' lang='grc' dir='ltr'>διὰ</span> <span class='ocrx_word' id='word_1_722' title='bbox 2473 2479 2748 2549; x_wconf 85' lang='grc' dir='ltr'>προϐάτου</span> <span class='ocrx_word' id='word_1_723' title='bbox 2781 2477 3106 2548; x_wconf 80' lang='grc' dir='ltr'>ἐπληροῦτο,</span> <span class='ocrx_word' id='word_1_724' title='bbox 3137 2476 3228 2529; x_wconf 69' lang='grc' dir='ltr'>καὶ</span> <span class='ocrx_word' id='word_1_725' title='bbox 3252 2475 3465 2530; x_wconf 76' lang='grc' dir='ltr'>ἐδείκνυ</span> <span class='ocrx_word' id='word_1_726' title='bbox 3488 2475 3581 2532; x_wconf 68' lang='grc' dir='ltr'>διὰ</span> 
     </span>
    </p>
   </div>
   <div class='ocr_carea' id='block_1_93' title="bbox 1985 2557 3580 2629">
    <p class='ocr_par' dir='ltr' id='par_1_93' title="bbox 1985 2557 3580 2629">
     <span class='ocr_line' id='line_1_93' title="bbox 1985 2557 3580 2629; baseline -0.001 -14"><span class='ocrx_word' id='word_1_727' title='bbox 1985 2564 2201 2617; x_wconf 85' lang='grc' dir='ltr'>πάντων</span> <span class='ocrx_word' id='word_1_728' title='bbox 2235 2562 2263 2614; x_wconf 83' lang='grc' dir='ltr'><strong>ὁ</strong></span> <span class='ocrx_word' id='word_1_729' title='bbox 2295 2561 2402 2614; x_wconf 87' lang='grc' dir='ltr'>τῶν</span> <span class='ocrx_word' id='word_1_730' title='bbox 2436 2561 2571 2613; x_wconf 86' lang='grc' dir='ltr'>ὅλων</span> <span class='ocrx_word' id='word_1_731' title='bbox 2601 2561 2732 2622; x_wconf 87' lang='grc' dir='ltr'>Θεὸς</span> <span class='ocrx_word' id='word_1_732' title='bbox 2765 2560 2864 2628; x_wconf 80' lang='grc' dir='ltr'>τῆς</span> <span class='ocrx_word' id='word_1_733' title='bbox 2923 2559 3130 2622; x_wconf 79' lang='grc' dir='ltr'>οἰκείας</span> <span class='ocrx_word' id='word_1_734' title='bbox 3164 2557 3580 2629; x_wconf 82' lang='grc' dir='ltr'>φιλανθρωπίας</span> 
     </span>
    </p>
   </div>
   <div class='ocr_carea' id='block_1_94' title="bbox 1984 2640 3581 2717">
    <p class='ocr_par' dir='ltr' id='par_1_94' title="bbox 1984 2640 3581 2717">
     <span class='ocr_line' id='line_1_94' title="bbox 1984 2640 3581 2717; baseline -0.003 -19"><span class='ocrx_word' id='word_1_735' title='bbox 1984 2645 2082 2717; x_wconf 83' lang='grc' dir='ltr'>τὴν</span> <span class='ocrx_word' id='word_1_736' title='bbox 2108 2643 2433 2715; x_wconf 76' lang='grc' dir='ltr'>ὑπερϐολὴν,</span> <span class='ocrx_word' id='word_1_737' title='bbox 2461 2645 2553 2696; x_wconf 76' lang='grc' dir='ltr'>καὶ</span> <span class='ocrx_word' id='word_1_738' title='bbox 2580 2643 2662 2696; x_wconf 84' lang='grc' dir='ltr'>ὅτι</span> <span class='ocrx_word' id='word_1_739' title='bbox 2712 2642 2771 2695; x_wconf 79' lang='grc' dir='ltr'>οὐ</span> <span class='ocrx_word' id='word_1_740' title='bbox 2806 2642 3080 2714; x_wconf 74' lang='grc' dir='ltr'>σφαγῆναι</span> <span class='ocrx_word' id='word_1_741' title='bbox 3107 2641 3198 2694; x_wconf 82' lang='grc' dir='ltr'>τὸν</span> <span class='ocrx_word' id='word_1_742' title='bbox 3240 2640 3426 2694; x_wconf 83' lang='grc' dir='ltr'>Ἰσαὰκ</span> <span class='ocrx_word' id='word_1_743' title='bbox 3455 2640 3581 2710; x_wconf 76' lang='grc' dir='ltr'>βου-</span> 
     </span>
    </p>
   </div>
   <div class='ocr_carea' id='block_1_95' title="bbox 1985 2723 3583 2798">
    <p class='ocr_par' dir='ltr' id='par_1_95' title="bbox 1985 2723 3583 2798">
     <span class='ocr_line' id='line_1_95' title="bbox 1985 2723 3583 2798; baseline -0.001 -17"><span class='ocrx_word' id='word_1_744' title='bbox 1985 2729 2210 2798; x_wconf 90' lang='grc' dir='ltr'>λόμενος</span> <span class='ocrx_word' id='word_1_745' title='bbox 2248 2727 2406 2780; x_wconf 85' lang='grc' dir='ltr'>τοῦτο</span> <span class='ocrx_word' id='word_1_746' title='bbox 2435 2728 2749 2792; x_wconf 80' lang='grc' dir='ltr'>ἐπέταττεν,</span> <span class='ocrx_word' id='word_1_747' title='bbox 2768 2725 2904 2780; x_wconf 87' lang='grc' dir='ltr'>ἀλλὰ</span> <span class='ocrx_word' id='word_1_748' title='bbox 2925 2727 3018 2780; x_wconf 89' lang='grc' dir='ltr'>τοῦ</span> <span class='ocrx_word' id='word_1_749' title='bbox 3046 2725 3256 2780; x_wconf 85' lang='grc' dir='ltr'>δικαίου</span> <span class='ocrx_word' id='word_1_750' title='bbox 3285 2723 3583 2796; x_wconf 77' lang='grc' dir='ltr'>γυμνάζων</span> 
     </span>
    </p>
   </div>
   <div class='ocr_carea' id='block_1_96' title="bbox 1985 2807 3582 2883">
    <p class='ocr_par' dir='ltr' id='par_1_96' title="bbox 1985 2807 3582 2883">
     <span class='ocr_line' id='line_1_96' title="bbox 1985 2807 3582 2883; baseline -0.003 -18"><span class='ocrx_word' id='word_1_751' title='bbox 1985 2812 2083 2883; x_wconf 81' lang='grc' dir='ltr'>τὴν</span> <span class='ocrx_word' id='word_1_752' title='bbox 2119 2813 2387 2880; x_wconf 82' lang='grc' dir='ltr'>ὑπακοήν.</span> <span class='ocrx_word' id='word_1_753' title='bbox 2460 2811 2600 2863; x_wconf 82' lang='grc' dir='ltr'>Ἀλλ’</span> <span class='ocrx_word' id='word_1_754' title='bbox 2634 2810 2824 2880; x_wconf 87' lang='grc' dir='ltr'>ῶσπερ</span> <span class='ocrx_word' id='word_1_755' title='bbox 2859 2810 3071 2879; x_wconf 74' lang='grc' dir='ltr'>εἴδομεν</span> <span class='ocrx_word' id='word_1_756' title='bbox 3107 2809 3200 2863; x_wconf 87' lang='grc' dir='ltr'>τοῦ</span> <span class='ocrx_word' id='word_1_757' title='bbox 3237 2807 3582 2880; x_wconf 86' lang='grc' dir='ltr'>πατριάρχου</span> 
     </span>
    </p>
   </div>
   <div class='ocr_carea' id='block_1_97' title="bbox 1986 2890 3585 2966">
    <p class='ocr_par' dir='ltr' id='par_1_97' title="bbox 1986 2890 3585 2966">
     <span class='ocr_line' id='line_1_97' title="bbox 1986 2890 3585 2966; baseline -0.001 -18"><span class='ocrx_word' id='word_1_758' title='bbox 1986 2897 2082 2966; x_wconf 79' lang='grc' dir='ltr'>τὴν</span> <span class='ocrx_word' id='word_1_759' title='bbox 2109 2896 2310 2966; x_wconf 79' lang='grc' dir='ltr'>ἀρετὴν</span> <span class='ocrx_word' id='word_1_760' title='bbox 2335 2894 2424 2948; x_wconf 86' lang='grc' dir='ltr'>διὰ</span> <span class='ocrx_word' id='word_1_761' title='bbox 2454 2894 2672 2946; x_wconf 87' lang='grc' dir='ltr'>πάντων</span> <span class='ocrx_word' id='word_1_762' title='bbox 2701 2893 3048 2962; x_wconf 89' lang='grc' dir='ltr'>λάμπουσαν,</span> <span class='ocrx_word' id='word_1_763' title='bbox 3069 2892 3202 2964; x_wconf 86' lang='grc' dir='ltr'>φέρε</span> <span class='ocrx_word' id='word_1_764' title='bbox 3229 2890 3413 2946; x_wconf 80' lang='grc' dir='ltr'>καὶτὰ</span> <span class='ocrx_word' id='word_1_765' title='bbox 3438 2890 3585 2946; x_wconf 81' lang='grc' dir='ltr'>κατὰ</span> 
     </span>
    </p>
   </div>
   <div class='ocr_carea' id='block_1_98' title="bbox 1987 2973 3584 3046">
    <p class='ocr_par' dir='ltr' id='par_1_98' title="bbox 1987 2973 3584 3046">
     <span class='ocr_line' id='line_1_98' title="bbox 1987 2973 3584 3046; baseline -0.003 -16"><span class='ocrx_word' id='word_1_766' title='bbox 1987 2976 2076 3030; x_wconf 85' lang='grc' dir='ltr'>τὸν</span> <span class='ocrx_word' id='word_1_767' title='bbox 2091 2977 2276 3030; x_wconf 73' lang='grc' dir='ltr'>Ἰσαὰκ</span> <span class='ocrx_word' id='word_1_768' title='bbox 2295 2977 2536 3046; x_wconf 87' lang='grc' dir='ltr'>σήμερον</span> <span class='ocrx_word' id='word_1_769' title='bbox 2566 2977 2646 3038; x_wconf 87' lang='grc' dir='ltr'>είς</span> <span class='ocrx_word' id='word_1_770' title='bbox 2679 2976 2842 3044; x_wconf 83' lang='grc' dir='ltr'>μέσον</span> <span class='ocrx_word' id='word_1_771' title='bbox 2875 2975 3190 3044; x_wconf 86' lang='grc' dir='ltr'>προθέντες,</span> <span class='ocrx_word' id='word_1_772' title='bbox 3216 2975 3416 3044; x_wconf 72' lang='grc' dir='ltr'>ἴδωμεν</span> <span class='ocrx_word' id='word_1_773' title='bbox 3433 2973 3584 3037; x_wconf 83' lang='grc' dir='ltr'>ὅπως</span> 
     </span>
    </p>
   </div>
   <div class='ocr_carea' id='block_1_99' title="bbox 1988 3055 3584 3127">
    <p class='ocr_par' dir='ltr' id='par_1_99' title="bbox 1988 3055 3584 3127">
     <span class='ocr_line' id='line_1_99' title="bbox 1988 3055 3584 3127; baseline -0.003 -15"><span class='ocrx_word' id='word_1_774' title='bbox 1988 3060 2082 3112; x_wconf 74' lang='grc' dir='ltr'>καὶ</span> <span class='ocrx_word' id='word_1_775' title='bbox 2110 3058 2273 3120; x_wconf 87' lang='grc' dir='ltr'>αὐτὸς</span> <span class='ocrx_word' id='word_1_776' title='bbox 2298 3057 2357 3109; x_wconf 90' lang='grc' dir='ltr'>τὸ</span> <span class='ocrx_word' id='word_1_777' title='bbox 2375 3058 2620 3125; x_wconf 79' lang='grc' dir='ltr'>φιλόθεον</span> <span class='ocrx_word' id='word_1_778' title='bbox 2646 3055 2809 3110; x_wconf 88' lang='grc' dir='ltr'>αὐτοῦ</span> <span class='ocrx_word' id='word_1_779' title='bbox 2853 3059 2954 3127; x_wconf 83' lang='grc' dir='ltr'>τῆς</span> <span class='ocrx_word' id='word_1_780' title='bbox 2979 3056 3206 3126; x_wconf 87' lang='grc' dir='ltr'>γνώμης</span> <span class='ocrx_word' id='word_1_781' title='bbox 3239 3055 3332 3108; x_wconf 84' lang='grc' dir='ltr'>διά</span> <span class='ocrx_word' id='word_1_782' title='bbox 3364 3055 3584 3108; x_wconf 88' lang='grc' dir='ltr'>πάντων</span> 
     </span>
    </p>
   </div>
   <div class='ocr_carea' id='block_1_100' title="bbox 1989 3137 3585 3209">
    <p class='ocr_par' dir='ltr' id='par_1_100' title="bbox 1989 3137 3585 3209">
     <span class='ocr_line' id='line_1_100' title="bbox 1989 3137 3585 3209; baseline -0.001 -15"><span class='ocrx_word' id='word_1_783' title='bbox 1989 3140 2376 3195; x_wconf 86' lang='grc' dir='ltr'>ἐπιδείκνυται.</span> <span class='ocrx_word' id='word_1_784' title='bbox 2414 3139 2597 3204; x_wconf 77' lang='grc' dir='ltr'>’Ἄξιον</span> <span class='ocrx_word' id='word_1_785' title='bbox 2617 3141 2673 3192; x_wconf 82' lang='grc' dir='ltr'>δὲ</span> <span class='ocrx_word' id='word_1_786' title='bbox 2705 3141 2799 3192; x_wconf 79' lang='grc' dir='ltr'>καὶ</span> <span class='ocrx_word' id='word_1_787' title='bbox 2828 3140 3006 3192; x_wconf 88' lang='grc' dir='ltr'>αὐτῶν</span> <span class='ocrx_word' id='word_1_788' title='bbox 3029 3139 3337 3192; x_wconf 87' lang='grc' dir='ltr'>ἐπακοῦσαι</span> <span class='ocrx_word' id='word_1_789' title='bbox 3366 3137 3585 3209; x_wconf 72' lang='grc' dir='ltr'>τῶνςῆς</span> 
     </span>
    </p>
   </div>
   <div class='ocr_carea' id='block_1_101' title="bbox 1990 3219 3587 3295">
    <p class='ocr_par' dir='ltr' id='par_1_101' title="bbox 1990 3219 3587 3295">
     <span class='ocr_line' id='line_1_101' title="bbox 1990 3219 3587 3295; baseline -0.001 -19"><span class='ocrx_word' id='word_1_790' title='bbox 1990 3223 2213 3295; x_wconf 85' lang='grc' dir='ltr'>Γραφῆς</span> <span class='ocrx_word' id='word_1_791' title='bbox 2227 3225 2506 3295; x_wconf 72' lang='grc' dir='ltr'>ῥημάτων.</span> <span class='ocrx_word' id='word_1_792' title='bbox 2523 3219 2709 3278; x_wconf 79' lang='grc' dir='ltr'>Αὗται</span> <span class='ocrx_word' id='word_1_793' title='bbox 2721 3222 2788 3275; x_wconf 86' lang='grc' dir='ltr'>δὲ</span> <span class='ocrx_word' id='word_1_794' title='bbox 2803 3225 2862 3276; x_wconf 76' lang='lat' dir='ltr'><strong><em>al</em></strong></span> <span class='ocrx_word' id='word_1_795' title='bbox 2873 3221 3161 3292; x_wconf 78' lang='grc' dir='ltr'>γενέσεις,</span> <span class='ocrx_word' id='word_1_796' title='bbox 3175 3222 3360 3292; x_wconf 77' lang='grc' dir='ltr'>φησὶν,</span> <span class='ocrx_word' id='word_1_797' title='bbox 3378 3221 3587 3274; x_wconf 70' lang='grc' dir='ltr'><em>Ἰσαὰκ</em></span> 
     </span>
    </p>
   </div>
   <div class='ocr_carea' id='block_1_102' title="bbox 1991 3301 3583 3375">
    <p class='ocr_par' dir='ltr' id='par_1_102' title="bbox 1991 3301 3583 3375">
     <span class='ocr_line' id='line_1_102' title="bbox 1991 3301 3583 3375; baseline -0.001 -16"><span class='ocrx_word' id='word_1_798' title='bbox 1991 3307 2097 3361; x_wconf 85' lang='grc' dir='ltr'>τοῦ</span> <span class='ocrx_word' id='word_1_799' title='bbox 2129 3307 2263 3360; x_wconf 86' lang='grc' dir='ltr'>υΙοῦ</span> <span class='ocrx_word' id='word_1_800' title='bbox 2305 3305 2582 3375; x_wconf 82' lang='grc' dir='ltr'>Ἀϐραάμ.</span> <span class='ocrx_word' id='word_1_801' title='bbox 2603 3307 2849 3374; x_wconf 82' lang='grc' dir='ltr'><em>Ἀϐραὰμ</em></span> <span class='ocrx_word' id='word_1_802' title='bbox 2879 3305 3175 3374; x_wconf 74' lang='grc' dir='ltr'>ἐγέννησε</span> <span class='ocrx_word' id='word_1_803' title='bbox 3203 3304 3310 3356; x_wconf 91' lang='grc' dir='ltr'>τὸν</span> <span class='ocrx_word' id='word_1_804' title='bbox 3362 3301 3583 3358; x_wconf 79' lang='grc' dir='ltr'>Ἰσαάκ.</span> 
     </span>
    </p>
   </div>
   <div class='ocr_carea' id='block_1_103' title="bbox 1991 3385 3580 3455">
    <p class='ocr_par' dir='ltr' id='par_1_103' title="bbox 1991 3385 3580 3455">
     <span class='ocr_line' id='line_1_103' title="bbox 1991 3385 3580 3455; baseline -0.003 -13"><span class='ocrx_word' id='word_1_805' title='bbox 1991 3385 2103 3442; x_wconf 84' lang='grc' dir='ltr'>Ἦν</span> <span class='ocrx_word' id='word_1_806' title='bbox 2123 3387 2192 3442; x_wconf 79' lang='grc' dir='ltr'>δὲ</span> <span class='ocrx_word' id='word_1_807' title='bbox 2232 3389 2437 3443; x_wconf 84' lang='grc' dir='ltr'><em>Ἰσαὰκ</em></span> <span class='ocrx_word' id='word_1_808' title='bbox 2458 3387 2608 3441; x_wconf 81' lang='grc' dir='ltr'>ἐτῶν</span> <span class='ocrx_word' id='word_1_809' title='bbox 2630 3386 3099 3455; x_wconf 64' lang='grc' dir='ltr'>τεσσαράκοντα,</span> <span class='ocrx_word' id='word_1_810' title='bbox 3117 3385 3216 3440; x_wconf 87' lang='grc' dir='ltr'>ὅτε</span> <span class='ocrx_word' id='word_1_811' title='bbox 3237 3387 3417 3440; x_wconf 68' lang='grc' dir='ltr'><em>ἔλαϐε</em></span> <span class='ocrx_word' id='word_1_812' title='bbox 3449 3385 3580 3440; x_wconf 79' lang='grc' dir='ltr'>Ῥε-</span> 
     </span>
    </p>
   </div>
   <div class='ocr_carea' id='block_1_104' title="bbox 1992 3468 3589 3540">
    <p class='ocr_par' dir='ltr' id='par_1_104' title="bbox 1992 3468 3589 3540">
     <span class='ocr_line' id='line_1_104' title="bbox 1992 3468 3589 3540; baseline -0.001 -16"><span class='ocrx_word' id='word_1_813' title='bbox 1992 3471 2217 3524; x_wconf 87' lang='grc' dir='ltr'><em>ϐέκκαν</em></span> <span class='ocrx_word' id='word_1_814' title='bbox 2247 3471 2540 3540; x_wconf 71' lang='grc' dir='ltr'>θυγατέρα</span> <span class='ocrx_word' id='word_1_815' title='bbox 2584 3468 2866 3536; x_wconf 83' lang='grc' dir='ltr'><em>Βαθουὴλ</em></span> <span class='ocrx_word' id='word_1_816' title='bbox 2892 3468 2997 3522; x_wconf 84' lang='grc' dir='ltr'>τοῦ</span> <span class='ocrx_word' id='word_1_817' title='bbox 3021 3469 3219 3535; x_wconf 85' lang='grc' dir='ltr'><em>Σύρσυ</em></span> <span class='ocrx_word' id='word_1_818' title='bbox 3246 3469 3314 3522; x_wconf 81' lang='grc' dir='ltr'>ἐκ</span> <span class='ocrx_word' id='word_1_819' title='bbox 3341 3468 3450 3536; x_wconf 84' lang='grc' dir='ltr'>τῆς</span> <span class='ocrx_word' id='word_1_820' title='bbox 3473 3471 3589 3523; x_wconf 83' lang='grc' dir='ltr'>Με-</span> 
     </span>
    </p>
   </div>
   <div class='ocr_carea' id='block_1_105' title="bbox 1991 3552 3585 3625">
    <p class='ocr_par' dir='ltr' id='par_1_105' title="bbox 1991 3552 3585 3625">
     <span class='ocr_line' id='line_1_105' title="bbox 1991 3552 3585 3625; baseline -0.003 -14"><span class='ocrx_word' id='word_1_821' title='bbox 1991 3556 2386 3624; x_wconf 87' lang='grc' dir='ltr'>σοποταμίας,</span> <span class='ocrx_word' id='word_1_822' title='bbox 2407 3553 2559 3625; x_wconf 74' lang='grc'>[492]</span> <span class='ocrx_word' id='word_1_823' title='bbox 2606 3552 2885 3623; x_wconf 72' lang='grc' dir='ltr'><em>ἀδελφὴν</em></span> <span class='ocrx_word' id='word_1_824' title='bbox 2910 3552 2978 3606; x_wconf 81' lang='grc' dir='ltr'>δὲ</span> <span class='ocrx_word' id='word_1_825' title='bbox 3000 3552 3205 3607; x_wconf 82' lang='grc' dir='ltr'><em>Λάϐαν</em></span> <span class='ocrx_word' id='word_1_826' title='bbox 3229 3552 3337 3606; x_wconf 85' lang='grc' dir='ltr'>τοῦ</span> <span class='ocrx_word' id='word_1_827' title='bbox 3366 3553 3585 3622; x_wconf 84' lang='grc' dir='ltr'>Σύρου,</span> 
     </span>
    </p>
   </div>
   <div class='ocr_carea' id='block_1_106' title="bbox 1991 3637 3024 3708">
    <p class='ocr_par' dir='ltr' id='par_1_106' title="bbox 1991 3637 3024 3708">
     <span class='ocr_line' id='line_1_106' title="bbox 1991 3637 3024 3708; baseline -0.008 -14"><span class='ocrx_word' id='word_1_828' title='bbox 1991 3639 2183 3705; x_wconf 74' lang='grc' dir='ltr'><em>ἑαυτῷ</em></span> <span class='ocrx_word' id='word_1_829' title='bbox 2208 3641 2294 3703; x_wconf 85' lang='grc' dir='ltr'>είς</span> <span class='ocrx_word' id='word_1_830' title='bbox 2323 3637 2597 3708; x_wconf 73' lang='grc' dir='ltr'>γυναῖκα.</span> <span class='ocrx_word' id='word_1_831' title='bbox 2997 3667 3024 3686; x_wconf 63' lang='grc' dir='ltr'>ς.</span> 
     </span>
    </p>
   </div>
   <div class='ocr_carea' id='block_1_107' title="bbox 2055 3717 3592 3791">
    <p class='ocr_par' dir='ltr' id='par_1_107' title="bbox 2055 3717 3592 3791">
     <span class='ocr_line' id='line_1_107' title="bbox 2055 3717 3592 3791; baseline -0.002 -16"><span class='ocrx_word' id='word_1_832' title='bbox 2055 3721 2265 3775; x_wconf 73' lang='grc' dir='ltr'>Σκόπει</span> <span class='ocrx_word' id='word_1_833' title='bbox 2321 3737 2435 3791; x_wconf 88' lang='grc' dir='ltr'>μοι,</span> <span class='ocrx_word' id='word_1_834' title='bbox 2490 3720 2777 3789; x_wconf 42' lang='grc' dir='ltr'>ἀγαπητὴ</span> <span class='ocrx_word' id='word_1_835' title='bbox 2835 3719 2934 3790; x_wconf 85' lang='grc' dir='ltr'>τῆς</span> <span class='ocrx_word' id='word_1_836' title='bbox 2995 3717 3144 3781; x_wconf 87' lang='grc' dir='ltr'>θείας</span> <span class='ocrx_word' id='word_1_837' title='bbox 3203 3717 3426 3789; x_wconf 84' lang='grc' dir='ltr'>Γραφῆς</span> <span class='ocrx_word' id='word_1_838' title='bbox 3485 3717 3592 3789; x_wconf 82' lang='grc' dir='ltr'>τὴν</span> 
     </span>
    </p>
   </div>
   <div class='ocr_carea' id='block_1_108' title="bbox 1993 3801 3590 3876">
    <p class='ocr_par' dir='ltr' id='par_1_108' title="bbox 1993 3801 3590 3876">
     <span class='ocr_line' id='line_1_108' title="bbox 1993 3801 3590 3876; baseline -0.003 -17"><span class='ocrx_word' id='word_1_839' title='bbox 1993 3805 2322 3876; x_wconf 85' lang='grc' dir='ltr'>ἀκρίϐειαν,</span> <span class='ocrx_word' id='word_1_840' title='bbox 2385 3804 2533 3865; x_wconf 81' lang='grc' dir='ltr'>ὅπως</span> <span class='ocrx_word' id='word_1_841' title='bbox 2587 3802 2740 3856; x_wconf 84' lang='grc' dir='ltr'>οὐδὲν</span> <span class='ocrx_word' id='word_1_842' title='bbox 2813 3803 3110 3875; x_wconf 88' lang='grc' dir='ltr'>παρέργως</span> <span class='ocrx_word' id='word_1_843' title='bbox 3163 3803 3364 3874; x_wconf 82' lang='grc' dir='ltr'>τίθησι.</span> <span class='ocrx_word' id='word_1_844' title='bbox 3429 3801 3590 3864; x_wconf 88' lang='grc' dir='ltr'>Τίνος</span> 
     </span>
    </p>
   </div>
   <div class='ocr_carea' id='block_1_109' title="bbox 1995 3884 3591 3958">
    <p class='ocr_par' dir='ltr' id='par_1_109' title="bbox 1995 3884 3591 3958">
     <span class='ocr_line' id='line_1_109' title="bbox 1995 3884 3591 3958; baseline -0.003 -18"><span class='ocrx_word' id='word_1_845' title='bbox 1995 3887 2104 3958; x_wconf 87' lang='grc' dir='ltr'>γὰρ</span> <span class='ocrx_word' id='word_1_846' title='bbox 2161 3885 2346 3938; x_wconf 70' lang='grc' dir='ltr'>ἐνεκεν</span> <span class='ocrx_word' id='word_1_847' title='bbox 2405 3887 2537 3955; x_wconf 83' lang='grc' dir='ltr'>ήμίν</span> <span class='ocrx_word' id='word_1_848' title='bbox 2597 3885 2687 3938; x_wconf 74' lang='grc' dir='ltr'>τὸν</span> <span class='ocrx_word' id='word_1_849' title='bbox 2739 3885 2930 3956; x_wconf 89' lang='grc' dir='ltr'>χρόνον</span> <span class='ocrx_word' id='word_1_850' title='bbox 2992 3885 3087 3938; x_wconf 90' lang='grc' dir='ltr'>τοῦ</span> <span class='ocrx_word' id='word_1_851' title='bbox 3148 3886 3337 3938; x_wconf 83' lang='grc' dir='ltr'>Ἰσαὰκ</span> <span class='ocrx_word' id='word_1_852' title='bbox 3396 3884 3591 3954; x_wconf 82' lang='grc' dir='ltr'>ἐπιση-</span> 
     </span>
    </p>
   </div>
   <div class='ocr_carea' id='block_1_110' title="bbox 2001 3963 3590 4042">
    <p class='ocr_par' dir='ltr' id='par_1_110' title="bbox 2001 3963 3590 4042">
     <span class='ocr_line' id='line_1_110' title="bbox 2001 3963 3590 4042; baseline -0.002 -19"><span class='ocrx_word' id='word_1_853' title='bbox 2001 3971 2272 4042; x_wconf 85' lang='grc' dir='ltr'>μαίνεται,</span> <span class='ocrx_word' id='word_1_854' title='bbox 2296 3968 2388 4022; x_wconf 90' lang='grc' dir='ltr'>καί</span> <span class='ocrx_word' id='word_1_855' title='bbox 2423 3963 2724 4039; x_wconf 88' lang='grc' dir='ltr'>φησιν,Ἦν</span> <span class='ocrx_word' id='word_1_856' title='bbox 2759 3968 2827 4022; x_wconf 81' lang='grc' dir='ltr'>δὲ</span> <span class='ocrx_word' id='word_1_857' title='bbox 2859 3966 3245 4023; x_wconf 68' lang='grc' dir='ltr'>Ἰσαὰκὲτῶν</span> <span class='ocrx_word' id='word_1_858' title='bbox 3290 3966 3590 4036; x_wconf 80' lang='grc' dir='ltr'><em>τεσσαρά-</em></span> 
     </span>
    </p>
   </div>
   <div class='ocr_carea' id='block_1_111' title="bbox 1997 4049 3589 4119">
    <p class='ocr_par' dir='ltr' id='par_1_111' title="bbox 1997 4049 3589 4119">
     <span class='ocr_line' id='line_1_111' title="bbox 1997 4049 3589 4119; baseline -0.004 -12"><span class='ocrx_word' id='word_1_859' title='bbox 1997 4068 2200 4115; x_wconf 82' lang='grc' dir='ltr'>κοντα,</span> <span class='ocrx_word' id='word_1_860' title='bbox 2228 4051 2326 4104; x_wconf 83' lang='grc' dir='ltr'>ὅτε</span> <span class='ocrx_word' id='word_1_861' title='bbox 2353 4053 2531 4105; x_wconf 76' lang='grc' dir='ltr'><em>ἔλαϐε</em></span> <span class='ocrx_word' id='word_1_862' title='bbox 2551 4050 2664 4118; x_wconf 83' lang='grc' dir='ltr'>τὴν</span> <span class='ocrx_word' id='word_1_863' title='bbox 2703 4050 3064 4115; x_wconf 83' lang='grc' dir='ltr'><em>Ῥεϐέκκαν;</em></span> <span class='ocrx_word' id='word_1_864' title='bbox 3100 4051 3212 4119; x_wconf 88' lang='grc' dir='ltr'>Οὐχ</span> <span class='ocrx_word' id='word_1_865' title='bbox 3243 4049 3448 4114; x_wconf 81' lang='grc' dir='ltr'>ἁπλῶς,</span> <span class='ocrx_word' id='word_1_866' title='bbox 3467 4049 3589 4102; x_wconf 76' lang='grc' dir='ltr'>οὐδε</span> 
     </span>
    </p>
   </div>
   <div class='ocr_carea' id='block_1_112' title="bbox 1997 4133 3590 4206">
    <p class='ocr_par' dir='ltr' id='par_1_112' title="bbox 1997 4133 3590 4206">
     <span class='ocr_line' id='line_1_112' title="bbox 1997 4133 3590 4206; baseline -0.003 -17"><span class='ocrx_word' id='word_1_867' title='bbox 1997 4135 2142 4206; x_wconf 83' lang='grc' dir='ltr'>είκῆ⁹</span> <span class='ocrx_word' id='word_1_868' title='bbox 2176 4134 2292 4188; x_wconf 82' lang='grc' dir='ltr'>ἀλλ’</span> <span class='ocrx_word' id='word_1_869' title='bbox 2325 4134 2512 4205; x_wconf 81' lang='grc' dir='ltr'>ἐπειδὴ</span> <span class='ocrx_word' id='word_1_870' title='bbox 2563 4134 2746 4204; x_wconf 88' lang='grc' dir='ltr'>μέλλει</span> <span class='ocrx_word' id='word_1_871' title='bbox 2781 4135 2920 4205; x_wconf 89' lang='grc' dir='ltr'>μετά</span> <span class='ocrx_word' id='word_1_872' title='bbox 2943 4135 3119 4188; x_wconf 88' lang='grc' dir='ltr'>ταῦτα</span> <span class='ocrx_word' id='word_1_873' title='bbox 3149 4134 3249 4203; x_wconf 80' lang='grc' dir='ltr'>τῆς</span> <span class='ocrx_word' id='word_1_874' title='bbox 3291 4133 3590 4196; x_wconf 85' lang='grc' dir='ltr'>Ῥεϐέκκας</span> 
     </span>
    </p>
   </div>
   <div class='ocr_carea' id='block_1_113' title="bbox 1998 4216 3592 4291">
    <p class='ocr_par' dir='ltr' id='par_1_113' title="bbox 1998 4216 3592 4291">
     <span class='ocr_line' id='line_1_113' title="bbox 1998 4216 3592 4291; baseline -0.003 -17"><span class='ocrx_word' id='word_1_875' title='bbox 1998 4221 2129 4291; x_wconf 85' lang='grc' dir='ltr'>ήμῖν</span> <span class='ocrx_word' id='word_1_876' title='bbox 2150 4218 2456 4289; x_wconf 81' lang='grc' dir='ltr'>διηγεῖσθαι</span> <span class='ocrx_word' id='word_1_877' title='bbox 2488 4219 2587 4290; x_wconf 82' lang='grc' dir='ltr'>τὴν</span> <span class='ocrx_word' id='word_1_878' title='bbox 2628 4218 2934 4290; x_wconf 91' lang='grc' dir='ltr'>στείρωσιν,</span> <span class='ocrx_word' id='word_1_879' title='bbox 2977 4219 3072 4271; x_wconf 72' lang='grc' dir='ltr'>καὶ</span> <span class='ocrx_word' id='word_1_880' title='bbox 3117 4219 3200 4271; x_wconf 86' lang='grc' dir='ltr'>ὅτι</span> <span class='ocrx_word' id='word_1_881' title='bbox 3223 4217 3283 4282; x_wconf 86' lang='grc' dir='ltr'>ἐξ</span> <span class='ocrx_word' id='word_1_882' title='bbox 3305 4218 3469 4288; x_wconf 87' lang='grc' dir='ltr'>εὐχῆς</span> <span class='ocrx_word' id='word_1_883' title='bbox 3494 4216 3592 4270; x_wconf 88' lang='grc' dir='ltr'>τοῦ</span> 
     </span>
    </p>
   </div>
   <div class='ocr_carea' id='block_1_114' title="bbox 1999 4299 3593 4372">
    <p class='ocr_par' dir='ltr' id='par_1_114' title="bbox 1999 4299 3593 4372">
     <span class='ocr_line' id='line_1_114' title="bbox 1999 4299 3593 4372; baseline -0.003 -15"><span class='ocrx_word' id='word_1_884' title='bbox 1999 4302 2208 4357; x_wconf 90' lang='grc' dir='ltr'>δικαίου</span> <span class='ocrx_word' id='word_1_885' title='bbox 2237 4301 2304 4354; x_wconf 84' lang='grc' dir='ltr'>τὰ</span> <span class='ocrx_word' id='word_1_886' title='bbox 2331 4301 2431 4371; x_wconf 84' lang='grc' dir='ltr'>τῆς</span> <span class='ocrx_word' id='word_1_887' title='bbox 2463 4301 2805 4364; x_wconf 88' lang='grc' dir='ltr'>παιδοποιίας</span> <span class='ocrx_word' id='word_1_888' title='bbox 2831 4301 2966 4372; x_wconf 78' lang='grc' dir='ltr'>αὐτῇ</span> <span class='ocrx_word' id='word_1_889' title='bbox 2991 4301 3204 4369; x_wconf 85' lang='grc' dir='ltr'>γέγονε,</span> <span class='ocrx_word' id='word_1_890' title='bbox 3237 4300 3484 4370; x_wconf 80' lang='grc' dir='ltr'>βούλεται</span> <span class='ocrx_word' id='word_1_891' title='bbox 3511 4299 3593 4353; x_wconf 81' lang='grc' dir='ltr'>δι-</span> 
     </span>
    </p>
   </div>
   <div class='ocr_carea' id='block_1_115' title="bbox 2000 4381 3595 4455">
    <p class='ocr_par' dir='ltr' id='par_1_115' title="bbox 2000 4381 3595 4455">
     <span class='ocr_line' id='line_1_115' title="bbox 2000 4381 3595 4455; baseline -0.001 -17"><span class='ocrx_word' id='word_1_892' title='bbox 2000 4381 2156 4448; x_wconf 87' lang='grc' dir='ltr'>δάξαι</span> <span class='ocrx_word' id='word_1_893' title='bbox 2177 4384 2324 4455; x_wconf 80' lang='grc' dir='ltr'>ἡμᾶς</span> <span class='ocrx_word' id='word_1_894' title='bbox 2356 4383 2416 4436; x_wconf 86' lang='grc' dir='ltr'>τὸ</span> <span class='ocrx_word' id='word_1_895' title='bbox 2452 4383 2683 4454; x_wconf 84' lang='grc' dir='ltr'>μέγεθος</span> <span class='ocrx_word' id='word_1_896' title='bbox 2708 4383 2808 4454; x_wconf 85' lang='grc' dir='ltr'>τῆς</span> <span class='ocrx_word' id='word_1_897' title='bbox 2829 4384 3108 4454; x_wconf 79' lang='grc' dir='ltr'>ὑπομονῆς</span> <span class='ocrx_word' id='word_1_898' title='bbox 3130 4383 3224 4436; x_wconf 87' lang='grc' dir='ltr'>τοῦ</span> <span class='ocrx_word' id='word_1_899' title='bbox 3260 4383 3465 4448; x_wconf 74' lang='grc' dir='ltr'>Ἰσαὰκ,</span> <span class='ocrx_word' id='word_1_900' title='bbox 3497 4383 3595 4436; x_wconf 72' lang='grc' dir='ltr'>καὶ</span> 
     </span>
    </p>
   </div>
   <div class='ocr_carea' id='block_1_116' title="bbox 2003 4467 3596 4539">
    <p class='ocr_par' dir='ltr' id='par_1_116' title="bbox 2003 4467 3596 4539">
     <span class='ocr_line' id='line_1_116' title="bbox 2003 4467 3596 4539; baseline 0 -19"><span class='ocrx_word' id='word_1_901' title='bbox 2003 4469 2240 4539; x_wconf 82' lang='grc' dir='ltr'>σημᾶναι</span> <span class='ocrx_word' id='word_1_902' title='bbox 2270 4467 2361 4520; x_wconf 87' lang='grc' dir='ltr'>τὸν</span> <span class='ocrx_word' id='word_1_903' title='bbox 2391 4468 2583 4537; x_wconf 88' lang='grc' dir='ltr'>χρόνον</span> <span class='ocrx_word' id='word_1_904' title='bbox 2630 4467 2895 4537; x_wconf 88' lang='grc' dir='ltr'>ἀκριϐῶς,</span> <span class='ocrx_word' id='word_1_905' title='bbox 2925 4468 3049 4520; x_wconf 82' lang='grc' dir='ltr'>ὅσον</span> <span class='ocrx_word' id='word_1_906' title='bbox 3079 4467 3138 4519; x_wconf 83' lang='grc' dir='ltr'>ἐν</span> <span class='ocrx_word' id='word_1_907' title='bbox 3171 4467 3402 4539; x_wconf 72' lang='grc' dir='ltr'>ἀπαιδία</span> <span class='ocrx_word' id='word_1_908' title='bbox 3435 4467 3596 4535; x_wconf 84' lang='grc' dir='ltr'>γέγο-</span> 
     </span>
    </p>
   </div>
   <div class='ocr_carea' id='block_1_117' title="bbox 2002 4547 3597 4621">
    <p class='ocr_par' dir='ltr' id='par_1_117' title="bbox 2002 4547 3597 4621">
     <span class='ocr_line' id='line_1_117' title="bbox 2002 4547 3597 4621; baseline -0.001 -17"><span class='ocrx_word' id='word_1_909' title='bbox 2002 4567 2110 4604; x_wconf 77' lang='grc' dir='ltr'>νεν’</span> <span class='ocrx_word' id='word_1_910' title='bbox 2131 4550 2216 4604; x_wconf 85' lang='grc' dir='ltr'>ἵνα</span> <span class='ocrx_word' id='word_1_911' title='bbox 2244 4549 2338 4601; x_wconf 77' lang='grc' dir='ltr'>καὶ</span> <span class='ocrx_word' id='word_1_912' title='bbox 2365 4551 2522 4618; x_wconf 75' lang='grc' dir='ltr'>ἡμεῖς</span> <span class='ocrx_word' id='word_1_913' title='bbox 2557 4547 2844 4619; x_wconf 79' lang='grc' dir='ltr'>ζηλοῦντες</span> <span class='ocrx_word' id='word_1_914' title='bbox 2874 4549 2968 4603; x_wconf 81' lang='grc' dir='ltr'>τὸν</span> <span class='ocrx_word' id='word_1_915' title='bbox 2990 4548 3218 4614; x_wconf 85' lang='grc' dir='ltr'>δίκαιον,</span> <span class='ocrx_word' id='word_1_916' title='bbox 3246 4550 3390 4604; x_wconf 80' lang='grc' dir='ltr'>οὕτω</span> <span class='ocrx_word' id='word_1_917' title='bbox 3420 4567 3597 4621; x_wconf 87' lang='grc' dir='ltr'>προσ-</span> 
     </span>
    </p>
   </div>
   <div class='ocr_carea' id='block_1_118' title="bbox 2002 4631 3596 4705">
    <p class='ocr_par' dir='ltr' id='par_1_118' title="bbox 2002 4631 3596 4705">
     <span class='ocr_line' id='line_1_118' title="bbox 2002 4631 3596 4705; baseline -0.001 -18"><span class='ocrx_word' id='word_1_918' title='bbox 2002 4632 2308 4705; x_wconf 89' lang='grc' dir='ltr'>εδρεύωμεν</span> <span class='ocrx_word' id='word_1_919' title='bbox 2355 4634 2472 4694; x_wconf 83' lang='grc' dir='ltr'>ταῖς</span> <span class='ocrx_word' id='word_1_920' title='bbox 2508 4631 2644 4700; x_wconf 86' lang='grc' dir='ltr'>πρὸς</span> <span class='ocrx_word' id='word_1_921' title='bbox 2672 4631 2762 4684; x_wconf 87' lang='grc' dir='ltr'>τὸν</span> <span class='ocrx_word' id='word_1_922' title='bbox 2792 4631 2924 4685; x_wconf 90' lang='grc' dir='ltr'>Θεὸν</span> <span class='ocrx_word' id='word_1_923' title='bbox 2951 4631 3204 4696; x_wconf 77' lang='grc' dir='ltr'>ἱκεσίαις,</span> <span class='ocrx_word' id='word_1_924' title='bbox 3239 4631 3460 4687; x_wconf 76' lang='grc' dir='ltr'>ἐπειδὰν</span> <span class='ocrx_word' id='word_1_925' title='bbox 3508 4633 3596 4686; x_wconf 74' lang='lat' dir='ltr'>al-</span> 
     </span>
    </p>
   </div>
   <div class='ocr_carea' id='block_1_119' title="bbox 2001 4709 3598 4786">
    <p class='ocr_par' dir='ltr' id='par_1_119' title="bbox 2001 4709 3598 4786">
     <span class='ocr_line' id='line_1_119' title="bbox 2001 4709 3598 4786; baseline 0.001 -19"><span class='ocrx_word' id='word_1_926' title='bbox 2001 4715 2184 4785; x_wconf 84' lang='grc' dir='ltr'>τῶμέν</span> <span class='ocrx_word' id='word_1_927' title='bbox 2213 4731 2265 4766; x_wconf 88' lang='grc' dir='ltr'>τι</span> <span class='ocrx_word' id='word_1_928' title='bbox 2297 4715 2426 4784; x_wconf 86' lang='grc' dir='ltr'>παρ’</span> <span class='ocrx_word' id='word_1_929' title='bbox 2456 4711 2642 4766; x_wconf 85' lang='grc' dir='ltr'>αὐτοῦ.</span> <span class='ocrx_word' id='word_1_930' title='bbox 2675 4714 2736 4766; x_wconf 87' lang='grc' dir='ltr'>Εἰ</span> <span class='ocrx_word' id='word_1_931' title='bbox 2770 4714 2880 4784; x_wconf 73' lang='grc' dir='ltr'>γὰρ</span> <span class='ocrx_word' id='word_1_932' title='bbox 2919 4715 2948 4767; x_wconf 87' lang='grc' dir='ltr'>δ</span> <span class='ocrx_word' id='word_1_933' title='bbox 2985 4714 3194 4779; x_wconf 89' lang='grc' dir='ltr'>δίκαιος</span> <span class='ocrx_word' id='word_1_934' title='bbox 3222 4709 3378 4778; x_wconf 75' lang='grc' dir='ltr'>οὗτος</span> <span class='ocrx_word' id='word_1_935' title='bbox 3405 4715 3598 4786; x_wconf 64' lang='grc' dir='ltr'>ἐνάρε-</span> 
     </span>
    </p>
   </div>
   <div class='ocr_carea' id='block_1_120' title="bbox 2003 4795 3599 4870">
    <p class='ocr_par' dir='ltr' id='par_1_120' title="bbox 2003 4795 3599 4870">
     <span class='ocr_line' id='line_1_120' title="bbox 2003 4795 3599 4870; baseline 0 -18"><span class='ocrx_word' id='word_1_936' title='bbox 2003 4813 2092 4862; x_wconf 90' lang='grc' dir='ltr'>τος</span> <span class='ocrx_word' id='word_1_937' title='bbox 2120 4795 2197 4852; x_wconf 85' lang='grc' dir='ltr'>ῶν</span> <span class='ocrx_word' id='word_1_938' title='bbox 2216 4837 2230 4859; x_wconf 87' lang='grc'>,</span> <span class='ocrx_word' id='word_1_939' title='bbox 2260 4797 2357 4849; x_wconf 78' lang='grc' dir='ltr'>καὶ</span> <span class='ocrx_word' id='word_1_940' title='bbox 2407 4795 2676 4866; x_wconf 86' lang='grc' dir='ltr'>τοσαύτης</span> <span class='ocrx_word' id='word_1_941' title='bbox 2710 4797 2922 4860; x_wconf 86' lang='grc' dir='ltr'>εὐνοίας</span> <span class='ocrx_word' id='word_1_942' title='bbox 2974 4797 3268 4850; x_wconf 75' lang='grc' dir='ltr'>ἀπολαϐων</span> <span class='ocrx_word' id='word_1_943' title='bbox 3314 4798 3466 4870; x_wconf 83' lang='grc' dir='ltr'>παρά</span> <span class='ocrx_word' id='word_1_944' title='bbox 3497 4799 3599 4852; x_wconf 83' lang='grc' dir='ltr'>τοῦ</span> 
     </span>
    </p>
   </div>
   <div class='ocr_carea' id='block_1_121' title="bbox 2003 4878 3595 4952">
    <p class='ocr_par' dir='ltr' id='par_1_121' title="bbox 2003 4878 3595 4952">
     <span class='ocr_line' id='line_1_121' title="bbox 2003 4878 3595 4952; baseline 0.002 -17"><span class='ocrx_word' id='word_1_945' title='bbox 2003 4880 2161 4946; x_wconf 84' lang='grc' dir='ltr'>Θεοῦ,</span> <span class='ocrx_word' id='word_1_946' title='bbox 2189 4878 2461 4951; x_wconf 88' lang='grc' dir='ltr'>τοσαύτην</span> <span class='ocrx_word' id='word_1_947' title='bbox 2485 4881 2829 4935; x_wconf 82' lang='grc' dir='ltr'>ἐπεδείκνυτο</span> <span class='ocrx_word' id='word_1_948' title='bbox 2843 4881 3078 4952; x_wconf 80' lang='grc' dir='ltr'>σπουδὴν</span> <span class='ocrx_word' id='word_1_949' title='bbox 3101 4881 3195 4934; x_wconf 76' lang='grc' dir='ltr'>καὶ</span> <span class='ocrx_word' id='word_1_950' title='bbox 3216 4882 3481 4948; x_wconf 85' lang='grc' dir='ltr'>εὐτονίαν,</span> <span class='ocrx_word' id='word_1_951' title='bbox 3501 4882 3595 4938; x_wconf 83' lang='grc' dir='ltr'>τὸν</span> 
     </span>
    </p>
   </div>
   <div class='ocr_carea' id='block_1_122' title="bbox 2004 4962 3596 5036">
    <p class='ocr_par' dir='ltr' id='par_1_122' title="bbox 2004 4962 3596 5036">
     <span class='ocr_line' id='line_1_122' title="bbox 2004 4962 3596 5036; baseline 0.001 -20"><span class='ocrx_word' id='word_1_952' title='bbox 2004 4963 2135 5016; x_wconf 84' lang='grc' dir='ltr'>Θεὸν</span> <span class='ocrx_word' id='word_1_953' title='bbox 2159 4962 2424 5036; x_wconf 82' lang='grc' dir='ltr'>διηνεκῶς</span> <span class='ocrx_word' id='word_1_954' title='bbox 2452 4963 2805 5034; x_wconf 83' lang='grc' dir='ltr'>παρακαλῶν,</span> <span class='ocrx_word' id='word_1_955' title='bbox 2832 4962 2972 5017; x_wconf 85' lang='grc' dir='ltr'>ῶστε</span> <span class='ocrx_word' id='word_1_956' title='bbox 2992 4962 3150 5016; x_wconf 85' lang='grc' dir='ltr'>λῦσαι</span> <span class='ocrx_word' id='word_1_957' title='bbox 3173 4963 3271 5034; x_wconf 86' lang='grc' dir='ltr'>τῆς</span> <span class='ocrx_word' id='word_1_958' title='bbox 3299 4963 3596 5028; x_wconf 84' lang='grc' dir='ltr'>Ῥεϐέκκας</span> 
     </span>
    </p>
   </div>
   <div class='ocr_carea' id='block_1_123' title="bbox 2005 5043 3602 5120">
    <p class='ocr_par' dir='ltr' id='par_1_123' title="bbox 2005 5043 3602 5120">
     <span class='ocr_line' id='line_1_123' title="bbox 2005 5043 3602 5120; baseline 0 -20"><span class='ocrx_word' id='word_1_959' title='bbox 2005 5045 2104 5117; x_wconf 79' lang='grc' dir='ltr'>τὴν</span> <span class='ocrx_word' id='word_1_960' title='bbox 2131 5046 2436 5117; x_wconf 90' lang='grc' dir='ltr'>στείρωσιν,</span> <span class='ocrx_word' id='word_1_961' title='bbox 2477 5045 2531 5098; x_wconf 87' lang='grc' dir='ltr'>τί</span> <span class='ocrx_word' id='word_1_962' title='bbox 2569 5043 2634 5100; x_wconf 80' lang='grc' dir='ltr'>ἀν</span> <span class='ocrx_word' id='word_1_963' title='bbox 2667 5046 2919 5116; x_wconf 77' lang='grc' dir='ltr'>εἴποιμεν</span> <span class='ocrx_word' id='word_1_964' title='bbox 2957 5047 3120 5118; x_wconf 76' lang='grc' dir='ltr'>ἡμεῖς</span> <span class='ocrx_word' id='word_1_965' title='bbox 3137 5047 3187 5098; x_wconf 92' lang='grc' dir='ltr'>οί</span> <span class='ocrx_word' id='word_1_966' title='bbox 3207 5045 3444 5100; x_wconf 87' lang='grc' dir='ltr'>τοσαῦτα</span> <span class='ocrx_word' id='word_1_967' title='bbox 3465 5065 3602 5120; x_wconf 89' lang='grc' dir='ltr'>φορ-</span> 
     </span>
    </p>
   </div>
   <div class='ocr_carea' id='block_1_124' title="bbox 2005 5128 3600 5202">
    <p class='ocr_par' dir='ltr' id='par_1_124' title="bbox 2005 5128 3600 5202">
     <span class='ocr_line' id='line_1_124' title="bbox 2005 5128 3600 5202; baseline 0.002 -20"><span class='ocrx_word' id='word_1_968' title='bbox 2005 5130 2096 5183; x_wconf 86' lang='grc' dir='ltr'>τία</span> <span class='ocrx_word' id='word_1_969' title='bbox 2145 5129 2560 5202; x_wconf 79' lang='grc' dir='ltr'>ἁμαρτημάτων</span> <span class='ocrx_word' id='word_1_970' title='bbox 2592 5128 2808 5201; x_wconf 73' lang='grc' dir='ltr'>ἔχοντες</span> <span class='ocrx_word' id='word_1_971' title='bbox 2848 5128 3191 5201; x_wconf 88' lang='grc' dir='ltr'>ἐπικείμενα,</span> <span class='ocrx_word' id='word_1_972' title='bbox 3227 5129 3322 5183; x_wconf 80' lang='grc' dir='ltr'>καὶ</span> <span class='ocrx_word' id='word_1_973' title='bbox 3369 5131 3507 5200; x_wconf 68' lang='grc' dir='ltr'>μηδὲ</span> <span class='ocrx_word' id='word_1_974' title='bbox 3539 5129 3600 5185; x_wconf 88' lang='grc' dir='ltr'>τὸ</span> 
     </span>
    </p>
   </div>
   <div class='ocr_carea' id='block_1_125' title="bbox 2009 5211 3601 5284">
    <p class='ocr_par' dir='ltr' id='par_1_125' title="bbox 2009 5211 3601 5284">
     <span class='ocr_line' id='line_1_125' title="bbox 2009 5211 3601 5284; baseline 0.001 -18"><span class='ocrx_word' id='word_1_975' title='bbox 2009 5212 2300 5266; x_wconf 79' lang='grc' dir='ltr'>πολλοστὸν</span> <span class='ocrx_word' id='word_1_976' title='bbox 2331 5211 2426 5265; x_wconf 91' lang='grc' dir='ltr'>τοῦ</span> <span class='ocrx_word' id='word_1_977' title='bbox 2455 5211 2666 5266; x_wconf 87' lang='grc' dir='ltr'>δικαίου</span> <span class='ocrx_word' id='word_1_978' title='bbox 2696 5213 2889 5266; x_wconf 87' lang='grc' dir='ltr'>τούτου</span> <span class='ocrx_word' id='word_1_979' title='bbox 2923 5212 3091 5284; x_wconf 81' lang='grc' dir='ltr'>μέρος</span> <span class='ocrx_word' id='word_1_980' title='bbox 3139 5213 3601 5284; x_wconf 79' lang='grc' dir='ltr'>ἐπιδεικνύμενοι,</span> 
     </span>
    </p>
   </div>
   <div class='ocr_carea' id='block_1_126' title="bbox 2007 5293 3604 5368">
    <p class='ocr_par' dir='ltr' id='par_1_126' title="bbox 2007 5293 3604 5368">
     <span class='ocr_line' id='line_1_126' title="bbox 2007 5293 3604 5368; baseline 0.001 -20"><span class='ocrx_word' id='word_1_981' title='bbox 2007 5295 2142 5348; x_wconf 86' lang='grc' dir='ltr'>ἀλλά</span> <span class='ocrx_word' id='word_1_982' title='bbox 2162 5294 2263 5349; x_wconf 81' lang='grc' dir='ltr'>κάν</span> <span class='ocrx_word' id='word_1_983' title='bbox 2289 5295 2425 5365; x_wconf 85' lang='grc' dir='ltr'>πρὸς</span> <span class='ocrx_word' id='word_1_984' title='bbox 2439 5293 2618 5364; x_wconf 83' lang='grc' dir='ltr'>ὀλίγον</span> <span class='ocrx_word' id='word_1_985' title='bbox 2641 5295 2877 5367; x_wconf 84' lang='grc' dir='ltr'>σπουδήν</span> <span class='ocrx_word' id='word_1_986' title='bbox 2897 5313 3018 5349; x_wconf 89' lang='grc' dir='ltr'>τινα</span> <span class='ocrx_word' id='word_1_987' title='bbox 3039 5293 3455 5366; x_wconf 65' lang='grc' dir='ltr'>ἐπιδειξᾶψεθα,</span> <span class='ocrx_word' id='word_1_988' title='bbox 3472 5299 3604 5368; x_wconf 82' lang='grc' dir='ltr'>νάρ-</span> 
     </span>
    </p>
   </div>
   <div class='ocr_carea' id='block_1_127' title="bbox 2009 5376 3603 5451">
    <p class='ocr_par' dir='ltr' id='par_1_127' title="bbox 2009 5376 3603 5451">
     <span class='ocr_line' id='line_1_127' title="bbox 2009 5376 3603 5451; baseline 0.002 -23"><span class='ocrx_word' id='word_1_989' title='bbox 2009 5377 2214 5440; x_wconf 86' lang='grc' dir='ltr'>κῶντες</span> <span class='ocrx_word' id='word_1_990' title='bbox 2240 5377 2334 5431; x_wconf 76' lang='grc' dir='ltr'>καὶ</span> <span class='ocrx_word' id='word_1_991' title='bbox 2359 5376 2767 5447; x_wconf 84' lang='grc' dir='ltr'>ἀποπηδῶντες,</span> <span class='ocrx_word' id='word_1_992' title='bbox 2798 5380 2847 5432; x_wconf 93' lang='grc' dir='ltr'>εί</span> <span class='ocrx_word' id='word_1_993' title='bbox 2877 5379 2951 5451; x_wconf 78' lang='grc' dir='ltr'>μὴ</span> <span class='ocrx_word' id='word_1_994' title='bbox 2978 5378 3172 5433; x_wconf 77' lang='grc' dir='ltr'>θάττον</span> <span class='ocrx_word' id='word_1_995' title='bbox 3198 5378 3603 5451; x_wconf 86' lang='grc' dir='ltr'>είσακουσθείη-</span> 
     </span>
    </p>
   </div>
   <div class='ocr_carea' id='block_1_128' title="bbox 2012 5457 3605 5534">
    <p class='ocr_par' dir='ltr' id='par_1_128' title="bbox 2012 5457 3605 5534">
     <span class='ocr_line' id='line_1_128' title="bbox 2012 5457 3605 5534; baseline 0.004 -23"><span class='ocrx_word' id='word_1_996' title='bbox 2012 5475 2139 5530; x_wconf 86' lang='grc' dir='ltr'>μεν;</span> <span class='ocrx_word' id='word_1_997' title='bbox 2160 5457 2259 5512; x_wconf 82' lang='grc' dir='ltr'>Διά</span> <span class='ocrx_word' id='word_1_998' title='bbox 2295 5458 2476 5523; x_wconf 89' lang='grc' dir='ltr'>τοῦτο,</span> <span class='ocrx_word' id='word_1_999' title='bbox 2511 5461 2815 5533; x_wconf 80' lang='grc' dir='ltr'>παρακαλῶ</span> <span class='ocrx_word' id='word_1_1000' title='bbox 2833 5502 2848 5526; x_wconf 87' lang='grc'>,</span> <span class='ocrx_word' id='word_1_1001' title='bbox 2873 5464 2938 5516; x_wconf 79' lang='grc' dir='ltr'>ἐκ</span> <span class='ocrx_word' id='word_1_1002' title='bbox 2974 5462 3081 5516; x_wconf 89' lang='grc' dir='ltr'>τῶν</span> <span class='ocrx_word' id='word_1_1003' title='bbox 3106 5461 3187 5533; x_wconf 84' lang='grc' dir='ltr'>τῷ</span> <span class='ocrx_word' id='word_1_1004' title='bbox 3213 5461 3406 5532; x_wconf 87' lang='grc' dir='ltr'>δικαίῳ</span> <span class='ocrx_word' id='word_1_1005' title='bbox 3427 5463 3605 5534; x_wconf 83' lang='grc' dir='ltr'>τούτῳ</span> 
     </span>
    </p>
   </div>
   <div class='ocr_carea' id='block_1_129' title="bbox 2012 5540 3606 5616">
    <p class='ocr_par' dir='ltr' id='par_1_129' title="bbox 2012 5540 3606 5616">
     <span class='ocr_line' id='line_1_129' title="bbox 2012 5540 3606 5616; baseline 0.003 -22"><span class='ocrx_word' id='word_1_1006' title='bbox 2012 5540 2338 5613; x_wconf 88' lang='grc' dir='ltr'>συμϐάντων</span> <span class='ocrx_word' id='word_1_1007' title='bbox 2380 5542 2800 5616; x_wconf 82' lang='grc' dir='ltr'>παιδευόμενοι,</span> <span class='ocrx_word' id='word_1_1008' title='bbox 2841 5545 3114 5615; x_wconf 75' lang='grc' dir='ltr'>μηδέποτε</span> <span class='ocrx_word' id='word_1_1009' title='bbox 3152 5545 3458 5614; x_wconf 85' lang='grc' dir='ltr'>παυώμεθα</span> <span class='ocrx_word' id='word_1_1010' title='bbox 3509 5545 3606 5600; x_wconf 84' lang='grc' dir='ltr'>τὸν</span> 
     </span>
    </p>
   </div>
   <div class='ocr_carea' id='block_1_130' title="bbox 2011 5623 3604 5698">
    <p class='ocr_par' dir='ltr' id='par_1_130' title="bbox 2011 5623 3604 5698">
     <span class='ocr_line' id='line_1_130' title="bbox 2011 5623 3604 5698; baseline 0.001 -21"><span class='ocrx_word' id='word_1_1011' title='bbox 2011 5623 2143 5677; x_wconf 82' lang='grc' dir='ltr'>Θεὸν</span> <span class='ocrx_word' id='word_1_1012' title='bbox 2171 5624 2616 5696; x_wconf 84' lang='grc' dir='ltr'>παρακαλοῦντες</span> <span class='ocrx_word' id='word_1_1013' title='bbox 2643 5626 2784 5697; x_wconf 65' lang='grc' dir='ltr'>ὑπὲρ</span> <span class='ocrx_word' id='word_1_1014' title='bbox 2810 5628 2908 5698; x_wconf 88' lang='grc' dir='ltr'>τῆς</span> <span class='ocrx_word' id='word_1_1015' title='bbox 2945 5628 3346 5698; x_wconf 84' lang='grc' dir='ltr'>συγχωρήσεως</span> <span class='ocrx_word' id='word_1_1016' title='bbox 3386 5627 3497 5683; x_wconf 83' lang='grc' dir='ltr'>τῶν</span> <span class='ocrx_word' id='word_1_1017' title='bbox 3527 5631 3604 5679; x_wconf 57' lang='grc' dir='ltr'>οἱ.</span> 
     </span>
    </p>
   </div>
   <div class='ocr_carea' id='block_1_131' title="bbox 2012 5705 3610 5783">
    <p class='ocr_par' dir='ltr' id='par_1_131' title="bbox 2012 5705 3610 5783">
     <span class='ocr_line' id='line_1_131' title="bbox 2012 5705 3610 5783; baseline 0.001 -23"><span class='ocrx_word' id='word_1_1018' title='bbox 2012 5705 2174 5760; x_wconf 88' lang='grc' dir='ltr'>κείων</span> <span class='ocrx_word' id='word_1_1019' title='bbox 2198 5706 2705 5779; x_wconf 82' lang='grc' dir='ltr'>πλημμελημάτων,</span> <span class='ocrx_word' id='word_1_1020' title='bbox 2728 5709 2864 5764; x_wconf 87' lang='grc' dir='ltr'>ἀλλά</span> <span class='ocrx_word' id='word_1_1021' title='bbox 2885 5710 3094 5783; x_wconf 79' lang='grc' dir='ltr'>θερμὴν</span> <span class='ocrx_word' id='word_1_1022' title='bbox 3114 5710 3209 5764; x_wconf 73' lang='grc' dir='ltr'>καὶ</span> <span class='ocrx_word' id='word_1_1023' title='bbox 3233 5708 3460 5773; x_wconf 79' lang='grc' dir='ltr'>ζέουσαν</span> <span class='ocrx_word' id='word_1_1024' title='bbox 3480 5727 3610 5781; x_wconf 68' lang='grc' dir='ltr'>προσ</span> 
     </span>
    </p>
   </div>
   <div class='ocr_carea' id='block_1_132' title="bbox 2018 5790 3607 5865">
    <p class='ocr_par' dir='ltr' id='par_1_132' title="bbox 2018 5790 3607 5865">
     <span class='ocr_line' id='line_1_132' title="bbox 2018 5790 3607 5865; baseline 0.003 -23"><span class='ocrx_word' id='word_1_1025' title='bbox 2018 5790 2219 5859; x_wconf 88' lang='grc' dir='ltr'>θυμίαν</span> <span class='ocrx_word' id='word_1_1026' title='bbox 2268 5790 2751 5864; x_wconf 75' lang='grc' dir='ltr'>ἐπιδεικνυὼμεθα,</span> <span class='ocrx_word' id='word_1_1027' title='bbox 2791 5793 2882 5846; x_wconf 80' lang='grc' dir='ltr'>καὶ</span> <span class='ocrx_word' id='word_1_1028' title='bbox 2928 5794 3002 5865; x_wconf 82' lang='grc' dir='ltr'>μὴ</span> <span class='ocrx_word' id='word_1_1029' title='bbox 3032 5793 3412 5862; x_wconf 82' lang='grc' dir='ltr'>ἀσχάλλωμεν,</span> <span class='ocrx_word' id='word_1_1030' title='bbox 3468 5793 3607 5864; x_wconf 65' lang='grc' dir='ltr'>μηδὲ</span> 
     </span>
    </p>
   </div>
   <div class='ocr_carea' id='block_1_133' title="bbox 2014 5872 3602 5947">
    <p class='ocr_par' dir='ltr' id='par_1_133' title="bbox 2014 5872 3602 5947">
     <span class='ocr_line' id='line_1_133' title="bbox 2014 5872 3602 5947; baseline 0.007 -24"><span class='ocrx_word' id='word_1_1031' title='bbox 2014 5872 2362 5945; x_wconf 77' lang='grc' dir='ltr'>ὀκνηρότερυι</span> <span class='ocrx_word' id='word_1_1032' title='bbox 2390 5872 2754 5945; x_wconf 72' lang='grc' dir='ltr'>γινώμεθα,εί</span> <span class='ocrx_word' id='word_1_1033' title='bbox 2775 5876 2849 5946; x_wconf 79' lang='grc' dir='ltr'>μὴ</span> <span class='ocrx_word' id='word_1_1034' title='bbox 2871 5876 3064 5929; x_wconf 83' lang='grc' dir='ltr'>θᾶττον</span> <span class='ocrx_word' id='word_1_1035' title='bbox 3091 5874 3602 5947; x_wconf 75' lang='grc' dir='ltr'>είσακουσθείημεν.</span> 
     </span>
    </p>
   </div>
   <div class='ocr_carea' id='block_1_134' title="bbox 2018 5955 3598 6032">
    <p class='ocr_par' dir='ltr' id='par_1_134' title="bbox 2018 5955 3598 6032">
     <span class='ocr_line' id='line_1_134' title="bbox 2018 5955 3598 6032; baseline 0.004 -23"><span class='ocrx_word' id='word_1_1036' title='bbox 2018 5956 2179 6020; x_wconf 84' lang='grc' dir='ltr'>Ἴσως</span> <span class='ocrx_word' id='word_1_1037' title='bbox 2195 5957 2324 6030; x_wconf 87' lang='grc' dir='ltr'>γάρ,</span> <span class='ocrx_word' id='word_1_1038' title='bbox 2354 5956 2484 6022; x_wconf 70' lang='grc' dir='ltr'>ἴσως</span> <span class='ocrx_word' id='word_1_1039' title='bbox 2512 5955 2867 6032; x_wconf 76' lang='grc' dir='ltr'>σοφιζόμενος</span> <span class='ocrx_word' id='word_1_1040' title='bbox 2885 5958 3042 6030; x_wconf 78' lang='grc' dir='ltr'>ήμῶν</span> <span class='ocrx_word' id='word_1_1041' title='bbox 3059 5959 3156 6032; x_wconf 72' lang='grc' dir='ltr'>τὴν</span> <span class='ocrx_word' id='word_1_1042' title='bbox 3177 5959 3399 6031; x_wconf 83' lang='grc' dir='ltr'>διηνεκῆ</span> <span class='ocrx_word' id='word_1_1043' title='bbox 3428 5976 3598 6032; x_wconf 73' lang='grc' dir='ltr'>προσ-</span> 
     </span>
    </p>
   </div>
  </div>
