4178 6328
298 354 400 412 ω.

297 470 340 524 si
367 483 479 523 non
501 465 682 524 statim
703 466 1002 522 audiamur.
1023 461 1285 518 Fortassis
1306 460 1451 516 enim
1476 459 1732 514 Dominus
1757 473 1886 514 con-

295 563 495 613 tinuam
541 568 782 613 nostram
831 554 1169 611 sedulitatem
1219 554 1490 622 sapienter
1518 565 1776 606 exercens
1816 554 1886 603 ita

297 649 676 717 procrastinat,
709 657 769 702 ιιι
798 645 1101 701 mercedem
1123 656 1335 714 quoquc
1363 642 1635 712 patientia:
1661 641 1886 710 recipia—

295 755 412 794 mus
441 757 456 792 :
487 749 544 795 et
573 741 695 810 quia
725 739 837 807 ipse
870 749 1080 806 tempus
1109 737 1209 790 scit
1236 733 1448 803 quando
1469 733 1621 787 nobis
1652 733 1780 788 utile
1807 741 1890 788 est

291 835 507 904 assequi
558 835 699 904 quod
737 833 1044 902 qua-rimus.
1083 832 1265 900 Neque
1293 831 1435 885 enim
1467 845 1564 884 nos
1587 830 1658 884 ita
1692 831 1888 885 scimus

289 926 419 996 quid
459 925 616 980 nobis
641 925 770 979 utile
790 965 804 989 ,
837 934 894 979 ut
924 924 1036 992 ipse
1074 922 1353 977 evidenter
1398 922 1564 984 novit,
1596 921 1688 990 qui
1724 922 1885 974 etiam

287 1017 606 1072 abscondita
638 1017 830 1071 mentis
857 1024 1054 1069 nostra:
1082 1013 1374 1082 cognoscit.
1402 1011 1634 1067 Proinde
1655 1026 1753 1084 par
1780 1021 1884 1077 est,

297 1117 354 1162 ut
385 1108 518 1161 nihil
547 1106 809 1161 curiosius
827 1117 1146 1175 qumramus,
1175 1117 1346 1172 neque
1366 1112 1668 1157 scrutemur
1685 1116 1747 1156 ea
1768 1117 1888 1170 qua:

287 1213 318 1250 a
353 1197 466 1251 Deo
493 1195 839 1266 providentur
865 1212 880 1248 :
908 1192 1003 1247 sed
1031 1192 1168 1262 grati
1193 1190 1478 1245 admodum
1508 1191 1698 1252 simus,
1725 1198 1780 1244 et
1799 1189 1890 1244 ad-

295 1286 834 1356 miremurjustorum
852 1284 1095 1339 virtutes.
1118 1282 1250 1337 Nam
1280 1290 1556 1350 postquam
1580 1281 1710 1335 dixit
1731 1279 1887 1334 nobis

285 1376 469 1430 dii-ina
498 1376 803 1444 Scriptura.
831 1385 962 1444 quot
995 1387 1257 1426 annorum
1287 1370 1448 1425 fuerit
1474 1370 1619 1425 Isaac
1638 1411 1655 1436 ,
1676 1370 1804 1425 dicit
1831 1378 1888 1424 et

284 1467 358 1522 de
387 1468 630 1523 Rebecca
659 1481 825 1521 uxore
854 1466 1000 1534 ejus,
1037 1463 1179 1533 quod
1206 1462 1403 1518 sterilis
1431 1470 1565 1517 erat.
1597 1460 1751 1527 Vide,
1786 1462 1885 1516 ob-

285 1571 469 1621 secro,
497 1556 628 1624 justi
669 1555 970 1624 religiosam
1009 1563 1264 1607 mentem.
1295 1551 1556 1617 Quoniam
1585 1551 1726 1604 enim
1756 1550 1887 1605 vidit

284 1655 539 1700 naturam
559 1645 972 1711 claudicantem,
1003 1642 1068 1697 ad
1096 1650 1298 1696 natura:
1323 1641 1668 1696 Conditorem
1695 1641 1884 1696 confu-

285 1737 386 1806 git,
417 1744 473 1791 et
493 1735 701 1790 vincula
728 1746 934 1790 natura:
965 1734 1207 1802 precibus
1231 1734 1438 1788 solvere
1468 1732 1756 1787 festinavit.
1787 1732 1883 1786 2|.

285 1825 608 1895 Deprecatus
633 1826 765 1879 enim
796 1835 888 1890 est,
917 1824 1106 1893 inquit,
1136 1821 1288 1877 Isaac
1307 1839 1459 1891 super
1481 1821 1703 1875 Rebecca
1729 1837 1886 1875 uxore

286 1932 407 1980 sua,
431 1916 548 1985 quia
568 1913 751 1968 sterilis
777 1922 903 1966 erat.
937 1912 1110 1968 Unum
1139 1913 1241 1965 hoc
1268 1912 1319 1964 in
1349 1911 1534 1981 primis
1561 1925 1739 1980 aperte
1765 1926 1886 1980 pre-

286 2008 423 2060 tium
457 2018 512 2060 ut
551 2020 885 2076 qummtnus,
919 2019 1084 2073 quare
1108 2043 1121 2066 ,
1167 2019 1288 2058 cum
1338 2012 1392 2058 et
1418 2003 1550 2072 ipsa,
1582 2012 1636 2056 et
1661 2003 1743 2056 vir
1769 2003 1885 2070 ejus

286 2097 415 2149 \‘iltt‘
449 2096 644 2150 ruerint
671 2096 903 2156 eximite,
948 2103 1002 2149 et
1029 2093 1187 2148 ambo
1235 2094 1576 2147 continentia:
1622 2092 1879 2157 studiosi,

285 2185 492 2239 sterilis
519 2185 614 2238 fuit
635 2187 658 2234 ‘!
684 2183 797 2238 Non
831 2197 1114 2250 possumus
1151 2196 1374 2251 carpere
1403 2197 1586 2237 eorum
1620 2183 1802 2246 vitam,
1832 2190 1886 2235 et

281 2274 816 2328 dicercsmrilitatem
836 2272 977 2326 illam
999 2281 1337 2340 peccatorum
1361 2285 1520 2325 causa
1543 2272 1882 2326 inunissam‘.

289 2362 357 2416 Et
384 2371 441 2413 ut
465 2363 638 2416 discas
666 2375 778 2416 rem
810 2364 1020 2428 miram,
1051 2375 1156 2415 non
1185 2361 1356 2415 solum
1394 2361 1508 2429 ipsa
1536 2361 1735 2416 sterilis
1764 2360 1881 2427 fuit,

283 2451 382 2505 sed
411 2461 464 2504 et
497 2461 666 2505 mater
690 2452 816 2519 justi
841 2449 1000 2505 Sarra
1027 2468 1042 2502 :
1071 2466 1242 2520 neque
1269 2459 1442 2504 mater
1479 2450 1594 2519 ejus
1624 2451 1758 2516 sola,
1786 2450 1882 2505 sed

279 2551 341 2595 ct
371 2558 536 2595 nurus
559 2584 571 2607 ,
600 2542 802 2596 Rachel
839 2529 971 2595 ιιςῶ
1007 2540 1210 2596 Jacobi.
1243 2541 1378 2608 Quid
1403 2542 1503 2595 sibi
1531 2541 1642 2595 vult
1669 2541 1758 2595 ille
1785 2548 1886 2596 ste-

286 2632 469 2686 riliutn
511 2634 747 2687 chorus?
778 2632 976 2688 Omnes
1000 2632 1158 2702 justi,
1189 2648 1378 2687 omnes
1406 2633 1604 2688 virtute
1635 2633 1879 2702 praediti,

283 2739 530 2780 omnesa
575 2726 682 2779 Deo
714 2725 1077 2780 testimonium
1126 2724 1404 2779 habentes.
1458 2724 1591 2778 Nam
1637 2725 1706 2778 de
1756 2725 1885 2794 ipsis

279 2816 534 2871 dicebat:
569 2815 680 2886 Ego
719 2833 833 2870 sum
860 2816 994 2878 Deus
1021 2816 1277 2870 Abraham
1301 2859 1315 2882 ,
1355 2816 1492 2870 Deus
1537 2818 1709 2883 Isaae,
1745 2815 1884 2870 Deus

285 2906 453 2960 Jacob
498 2905 692 2977 (Exod.
721 2908 776 2960 5.
820 2905 899 2977 6).
929 2907 1121 2960 Beatus
1160 2917 1339 2961 autem
1370 2907 1566 2961 Paulus
1595 2908 1671 2959 ait
1708 2923 1724 2960 :
1758 2905 1884 2960 Ideo

281 3014 387 3050 non
424 2998 752 3067 confunditur
779 2996 948 3060 Deus,
987 3005 1041 3049 ut
1070 3008 1270 3050 vocetur
1304 3013 1477 3052 eorum
1519 2996 1658 3049 Deus
1698 2995 1880 3066 (Ilebr.

281 3091 374 3142 lt.
411 3088 524 3157 16).
573 3089 750 3143 Multae
796 3090 1027 3156 ipSnrum
1073 3089 1255 3142 laudes
1295 3090 1348 3142 in
1384 3088 1555 3153 Novo,
1599 3088 1782 3141 multae
1829 3088 1882 3140 in

283 3180 492 3234 Veteri.
529 3177 772 3248 Undique
813 3179 940 3233 clari
977 3188 1030 3233 et
1071 3179 1314 3245 nobiles,
1347 3187 1400 3233 et
1443 3193 1632 3232 onmes
1672 3178 1883 3233 steriles

281 3270 587 3325 habuerunt
600 3269 1095 3339 uxores,multoque
1111 3278 1349 3337 tempore
1368 3278 1656 3324 caruerunt
1673 3269 1879 3323 liberis.

361 3365 418 3414 2.
467 3361 684 3430 PrOptcr
717 3378 897 3415 causas
925 3377 1139 3414 arcanas
1167 3361 1526 3432 fecunditatem
1557 3363 1708 3414 etiam
1719 3361 1876 3430 justis

288 3466 441 3525 negat
470 3455 649 3521 Deus;
690 3457 972 3525 fecunditas
1000 3456 1245 3509 stcrilium
1287 3463 1487 3523 partum
1526 3455 1737 3524 virginis
1764 3470 1881 3522 pro-

282 3544 390 3596 bat.
409 3575 480 3584 —
499 3545 721 3611 Quando
750 3547 909 3614 igitur
941 3545 1139 3598 videris
1182 3545 1351 3598 virum
1382 3554 1432 3598 et
1465 3546 1744 3598 mulierem
1772 3544 1882 3597 vir--

285 3635 388 3688 tuti
433 3635 663 3701 deditos,
709 3652 895 3691 carere
943 3637 1113 3704 prole,
1161 3635 1375 3704 quando
1422 3635 1618 3688 videris
1667 3635 1780 3703 pios
1824 3640 1880 3687 'et

282 3725 561 3794 religionis
587 3726 851 3780 studiosos
874 3742 977 3779 non
1008 3725 1204 3780 habere
1228 3727 1440 3788 liberos,
1467 3743 1532 3779 ne
1554 3727 1752 3778 tribuas
1781 3726 1882 3780 huc

285 3817 540 3883 peccatis.
595 3817 770 3870 Multa:
800 3818 941 3871 enim
988 3817 1182 3871 divina:
1211 3817 1619 3885 dispensationis
1649 3818 1881 3872 rationes

281 3905 440 3959 nobis
482 3916 605 3960 sunt
661 3921 890 3971 arcanm,
947 3916 1001 3961 ct
1053 3922 1149 3975 pro
1197 3907 1442 3960 omnibus
1481 3908 1679 3975 gratias
1721 3922 1880 3976 agere

279 4007 515 4065 oportet,
547 4012 609 4051 ac
636 3998 781 4052 solos
810 3998 927 4052 illos
959 3999 1185 4050 miseros
1213 3998 1410 4060 dicere,
1445 3999 1530 4065 qui
1581 3998 1631 4049 in
1659 4010 1880 4066 peceato

283 4087 487 4148 vivunt,
518 4102 620 4142 non
644 4103 737 4141 eos
780 4089 969 4157 quibus
996 4087 1086 4141 lilii
1136 4087 1347 4141 desunt.
1396 4088 1602 4156 Quippe
1629 4102 1877 4156 smpenu-

283 4193 438 4232 ruero
466 4178 629 4232 multa
659 4179 797 4232 Dens
827 4180 1025 4232 utiliter
1070 4179 1362 4246 dispensat,
1383 4194 1607 4246 quorum
1638 4193 1733 4232 nos
1755 4193 1880 4232 can-

279 4282 398 4321 sam
431 4268 718 4322 nescimus.
753 4269 1050 4337 Eapropter
1073 4268 1123 4322 in
1153 4268 1397 4322 omnibus
1419 4269 1730 4338 sapientiam
1764 4270 1879 4337 ejus

281 4357 536 4411 admirari
566 4367 798 4428 Oportet,
838 4373 900 4412 ac
941 4359 1242 4428 glorilicare
1289 4358 1609 4413 ineffabilem
1662 4360 1877 4414 miseri-

279 4450 545 4503 cordiam.
574 4449 680 4503 Sed
701 4454 814 4504 lucc
842 4449 1055 4519 quidem
1083 4450 1148 4502 ad
1171 4450 1448 4503 utilitatem
1477 4460 1708 4505 vestram
1735 4451 1875 4505 dicta

279 4551 431 4602 sunt,
457 4540 577 4594 ideo
604 4551 661 4593 ut
684 4540 970 4593 admodum
989 4548 1192 4610 gratam
1211 4541 1538 4594 voluntatem
1557 4542 1872 4608 exhibeatis,

280 4644 459 4698 neque
490 4629 557 4682 tle
597 4629 994 4698 dispensatione
1035 4628 1210 4682 divina
1245 4629 1454 4683 curiose
1485 4630 1826 4684 sciscitcmini
1861 4649 1874 4683 :

277 4735 497 4774 Cansam
550 4729 728 4773 tamen
778 4720 1020 4774 dit-amns
1054 4733 1270 4790 propter
1312 4737 1469 4790 quam
1501 4722 1748 4777 mulieres
1776 4723 1879 4776 illa:

277 4810 498 4864 steriles
543 4809 711 4864 fuere.
755 4811 1008 4879 Quarnam
1060 4813 1218 4881 igitur
1267 4822 1350 4867 est
1398 4815 1597 4868 causa?
1639 4814 1707 4869 Ut
1758 4830 1876 4868 cum

275 4900 484 4955 \ideris
528 4902 786 4970 virginem
834 4912 1073 4957 nostrum
1104 4918 1442 4958 communem
1475 4906 1756 4960 Dominum
1789 4923 1880 4976 pa-

277 4994 534 5057 tientem,
577 5009 643 5046 ne
692 4994 765 5048 sis
806 4994 1131 5050 incredulus.
1174 4998 1376 5052 Exerce
1422 5000 1564 5052 enim
1618 4999 1704 5053 hic
1761 5009 1879 5054 tuos

276 5101 493 5149 sensus,
523 5086 709 5155 inquit,
743 5087 792 5139 in
824 5087 978 5140 vulva
1005 5089 1290 5153 sterilium,
1339 5097 1416 5153 ut,
1464 5105 1584 5143 cum
1618 5089 1873 5145 didiceris

280 5180 498 5245 ligatam
528 5187 580 5232 ot
614 5191 910 5232 emortuam
945 5179 1152 5233 vulvam
1174 5181 1352 5234 divina
1402 5184 1597 5236 \‘irtnte
1634 5183 1701 5237 ad
1757 5199 1878 5253 pro-

279 5268 609 5322 creationem
633 5268 849 5336 aperiri,
875 5269 996 5324 inde
1017 5271 1246 5340 copiosis
1275 5275 1602 5342 argumentis
1619 5275 1873 5344 acceptis,

350 5385 368 5413 ι
403 5381 539 5431 Saril.
568 5391 620 5431 et.
642 5395 770 5431 unus
793 5383 949 5433 codex
975 5385 1045 5433 sic
1081 5384 1294 5435 ederunt
1328 5386 1456 5434 hunc
1480 5385 1637 5434 locum
1665 5400 1675 5433 :
1723 5394 1877 5435 Unum

277 5444 454 5515 hoc..."
480 5456 648 5515 quare,
672 5457 784 5515 cum
799 5451 845 5515 et
864 5445 973 5515 ipsa
991 5453 1036 5496 et
1055 5445 1127 5495 vir
1149 5447 1254 5506 ejus
1272 5447 1381 5497 vine
1403 5447 1582 5515 fuerint
1601 5446 1811 5506 eximite,
1831 5456 1876 5497 et

280 5504 429 5554 multo
449 5504 751 5570 coruinentice
772 5504 1052 5564 studiosi,_et
1076 5504 1186 5570 curn
1207 5521 1302 5570 non
1322 5504 1555 5570 possimus
1579 5521 1779 5569 carpere
1795 5504 1874 5558 co-

279 5579 396 5640 runt
418 5564 1112 5640 ruftgmgteceorutn'pefcatis
1147 5564 1450 5640 sterilitatem
1473 5564 1700 5640 tribuere,
1726 5581 1877 5632 quare

278 5637 443 5678 tamen
466 5625 550 5675 illa
573 5625 718 5685 fuerit
755 5625 934 5678 sterilis
953 5627 978 5679 1’
997 5636 1130 5679 Hunc
1153 5643 1273 5680 vero
1296 5630 1471 5688 locum,
1496 5638 1550 5680 nt
1573 5625 1783 5688 videtur,
1812 5645 1872 5679 ex

279 5687 911 5752 l‘m_bom_ilia_exccrptutn
934 5690 1088 5742 habes
1106 5699 1255 5742 Tomo
1290 5698 1361 5752 ut,
1404 5693 1452 5742 in
1476 5691 1666 5744 liomilia
1690 5699 1756 5743 De
1782 5707 1875 5742 non

279 5765 309 5798 e
319 5767 338 5799 ι
351 5749 574 5813 iugandis
594 5748 795 5799 fratrum
820 5754 1046 5814 peccatis.

1336 341 1404 400 IN
1440 341 1595 400 CAP.
1635 339 1802 397 XXV.
1833 339 2082 398 GENES.
2125 337 2351 396 llOMlL.
2395 337 2582 395 XLIX.

3481 341 3589 402 4ιὸ

2000 474 2106 514 non
2173 457 2451 514 admireris
2495 456 2717 513 audiens
2777 457 3034 530 virginem
3085 461 3355 533 peperisse
3405 480 3418 517 :
3478 463 3588 520 imo

1993 550 2260 604 admirare
2281 559 2336 604 et
2374 549 2712 620 obstupesce,
2753 550 2846 606 sed
2873 566 2941 607 ne
2976 552 3051 606 sis
3094 553 3400 608 incredulus
3424 552 3588 608 mira-

1993 643 2136 698 culo.
2167 640 2391 707 Quando
2418 641 2574 710 igitur
2600 642 2695 697 tibi
2724 641 2852 697 dicit
2887 642 3126 709 Judmus,
3153 644 3439 710 Quomodo
3493 661 3581 717 pe-

1995 735 2130 802 perit
2177 735 2360 803 virgo?
2412 735 2500 789 dic
2547 735 2596 790 ei
2648 752 2662 790 :
2707 735 2991 802 Quomodo
3042 737 3248 806 peperit
3283 738 3482 792 sterilis
3530 748 3588 794 et

1993 825 2213 879 vetula?
2245 826 2356 880 Duo
2379 826 2759 896 impedimenta
2795 836 2921 883 tunc
2951 837 3125 893 erant,
3153 837 3208 884 et
3236 837 3364 883 tetas
3396 829 3586 884 intem-

1993 915 2220 983 pestiva,
2258 924 2313 969 et
2360 924 2546 970 natura
2594 916 2820 970 vitiata:
2855 916 2910 971 in
2955 917 3156 985 virgine
3190 925 3368 972 autem
3421 934 3586 974 unum

1994 1003 2429 1071 impedimentum
2461 1004 2574 1070 fuit,
2604 1006 2746 1075 quod
2790 1021 2896 1062 non
2925 1017 3069 1062 esset
3094 1009 3359 1078 particeps
3388 1025 3588 1064 concu-

1993 1097 2157 1151 bitus.
2188 1099 2396 1154 Sterilis
2425 1099 2584 1168 igitur
2608 1099 2719 1169 jam
2762 1101 2901 1156 viam
2955 1111 3107 1169 parat
3155 1103 3365 1172 virgini.
3421 1105 3486 1158 Et
3529 1114 3588 1160 ut

1992 1189 2130 1242 scias
2190 1198 2405 1257 propter
2453 1189 2554 1244 hoc
2595 1191 2809 1246 steriles
2847 1192 2994 1260 prius
3035 1192 3220 1259 fuisse,
3253 1206 3308 1250 ut
3336 1196 3587 1251 credatur

1990 1278 2308 1346 virginitatis
2353 1289 2534 1346 partus
2561 1296 2576 1334 :
2607 1280 2732 1334 audi
2759 1282 2919 1336 verba
2939 1280 3205 1336 Gabrielis
3226 1283 3294 1336 ad
3314 1281 3582 1352 Virginem

1992 1370 2153 1424 dicta.
2196 1371 2481 1440 Postquam
2533 1371 2675 1426 enim
2732 1373 2878 1427 venit
2925 1382 2980 1427 et
3035 1372 3186 1438 dixit,
3239 1371 3504 1443 Concipies
3534 1374 3589 1428 in

1991 1471 2133 1514 utero
2156 1503 2171 1527 ,
2215 1470 2263 1513 et
2315 1463 2480 1529 paries
2514 1460 2714 1527 lilium,
2745 1471 2792 1515 et
2829 1462 3030 1517 vocabis
3055 1480 3238 1518 nomen
3266 1465 3376 1534 ejus
3403 1463 3587 1518 Iesum

1993 1551 2140 1621 (Luc.
2174 1552 2224 1604 l.
2253 1551 2344 1622 51)
2379 1569 2391 1604 :
2421 1551 2785 1622 obstupefacta
2815 1561 2966 1608 estet
2996 1552 3274 1618 admirata,
3307 1553 3580 1624 dixitque:

1994 1643 2257 1712 Quomodo
2277 1645 2369 1697 erit
2392 1644 2514 1696 milii
2535 1642 2700 1707 istud,
2734 1645 2852 1712 quia
2873 1646 3040 1697 virum
3068 1661 3168 1698 non
3201 1661 3448 1715 cognosco
3473 1643 3583 1716 (Ib.

1991 1750 2038 1787 υ.
2068 1732 2157 1803 54)
2181 1734 2204 1787 ?
2230 1734 2367 1802 Quid
2403 1735 2562 1804 igitur
2588 1735 2849 1803 angelus?
2875 1734 3099 1804 Spiritus
3125 1747 3330 1789 sanctus
3353 1751 3583 1802 superre-

1990 1824 2091 1877 niet
2111 1841 2264 1893 super
2283 1835 2349 1890 te,
2374 1820 3197 1879 etvirtusAltissimiobumbrabit
3225 1823 3313 1878 tibi
3346 1823 3508 1894 (Ibid.
3535 1840 3583 1878 υ.

1989 1913 2103 1982 35).
2133 1913 2207 1967 Ne
2240 1929 2470 1985 quaeras,
2505 1911 2703 1983 inquit,
2740 1922 2945 1968 natura:
2978 1914 3193 1968 modum
3223 1922 3278 1970 et
3306 1914 3584 1980 ordinem,

1989 2003 2202 2072 quando
2249 2019 2411 2072 super
2456 2018 2698 2059 naturam
2743 2015 2868 2058 sunt
2907 2020 3027 2073 quae
3058 2005 3228 2070 fiunt;
3262 2020 3330 2059 ne
3374 2015 3585 2076 spectes

1989 2093 2215 2163 conjugii
2228 2094 2458 2158 dolores,
2474 2094 2686 2164 quando
2702 2094 2873 2163 major
2884 2110 3041 2164 quam
3054 2096 3105 2150 in
3121 2094 3318 2164 nuptiis
3331 2095 3585 2150 natalium

1990 2187 2179 2241 modus
2208 2188 2328 2242 erit.
2354 2187 2419 2240 Et
2440 2187 2691 2255 quomodo
2721 2187 2806 2255 ﬁet
2832 2187 2988 2253 istud,
3021 2188 3210 2258 inquit,
3241 2189 3480 2258 quoniam
3509 2189 3586 2240 vi-

1988 2291 2103 2326 rum
2131 2290 2232 2328 non
2265 2276 2556 2345 cognosco?
2579 2275 2717 2331 Sane
2751 2286 2968 2345 propter
3014 2277 3117 2333 hoc
3145 2278 3280 2342 erit,
3332 2278 3584 2348 quoniam

1989 2367 2159 2418 virum
2191 2381 2294 2419 non
2318 2367 2615 2436 cognoscis.
2646 2366 2780 2420 Nam
2806 2367 2852 2420 si
2881 2381 3235 2436 cognosceres
3261 2369 3453 2432 virum,
3477 2383 3585 2423 non

1990 2457 2181 2510 fuisses
2207 2456 2383 2511 habita
2425 2457 2582 2526 digna
2622 2468 2679 2512 ut
2719 2457 2842 2513 huic
2867 2458 3166 2513 ministerio
3192 2460 3444 2514 servircs.
3475 2458 3585 2513 lta-

1988 2562 2093 2616 que
2115 2562 2176 2600 ea
2205 2547 2273 2602 de
2300 2563 2482 2614 causa,
2511 2563 2613 2617 qua
2641 2549 2874 2616 dubitas,
2901 2565 2960 2603 ea
2986 2550 3096 2619 ipsa
3121 2550 3190 2604 de
3215 2565 3375 2605 causa
3400 2549 3586 2609 crede.

1987 2637 2103 2692 Non
2131 2638 2250 2707 quia
2279 2638 2477 2693 malum
2513 2640 2710 2709 nuptia:
2729 2679 2744 2704 ,
2772 2641 2867 2695 sed
2897 2641 3020 2710 quia
3049 2640 3241 2695 melior
3275 2641 3584 2711 virginitas;

1989 2727 2129 2783 hunc
2148 2738 2325 2783 autem
2356 2730 2652 2800 ingressum
2680 2731 2850 2784 nostri
2873 2730 3111 2785 omnium
3140 2733 3355 2787 Domini
3377 2732 3587 2801 dignio-

1990 2838 2101 2876 rem
2133 2837 2251 2876 esse
2295 2831 2522 2892 oportet,
2555 2838 2712 2892 quam
2755 2836 2997 2878 nostrum
3027 2842 3040 2876 ε
3077 2824 3272 2894 Regius
3299 2826 3442 2880 enim
3490 2824 3587 2880 fuit

1991 2912 2256 2967 introitus.
2288 2913 2578 2984 Oportebat
2619 2922 2674 2967 et
2711 2928 3050 2968 communem
3091 2930 3212 2969 cum
3249 2922 3435 2970 nostro
3471 2914 3588 2984 ejus

1988 3018 2108 3057 esse
2138 3014 2314 3056 ortum
2337 3043 2352 3068 ,
2382 3013 2435 3058 et
2478 3004 2746 3067 diversum
2773 3021 2804 3057 a
2834 3017 3039 3068 nostro,
3072 3016 3127 3060 et
3153 3015 3437 3076 utrumque
3463 3020 3588 3061 eve-

1988 3098 2081 3148 nit.
2118 3095 2185 3148 Et
2232 3096 2500 3164 quomodo
2549 3096 2693 3149 audi.
2739 3095 2872 3148 Nam
2903 3096 2969 3150 de
3001 3107 3152 3150 utero
3191 3097 3440 3166 prodire,
3482 3095 3588 3153 hoc

1987 3202 2270 3242 commune
2313 3188 2587 3242 nobiscum
2618 3196 2736 3242 est:
2766 3187 2968 3258 absque
2998 3189 3218 3252 nuptiali
3247 3199 3425 3243 autem
3455 3203 3589 3244 con-

1986 3293 2170 3347 gressu
2196 3280 2362 3344 nasci,
2388 3294 2547 3348 supra
2575 3290 2810 3333 nostram
2838 3289 2920 3334 est
2944 3282 3225 3350 originem.
3251 3281 3472 3335 [lterum
3496 3296 3588 3352 ge-

1987 3377 2134 3424 stare
2164 3379 2234 3434 te,
2269 3371 2318 3424 id
2351 3381 2555 3425 natura:
2579 3382 2661 3425 est
2684 3372 2962 3437 humanm;
3003 3373 3120 3428 sine
3145 3389 3436 3443 congressu
3471 3383 3589 3428 ute-

1987 3479 2103 3516 rum
2133 3473 2362 3532 gestare,
2389 3463 2438 3516 id
2471 3472 2655 3517 natura
2685 3459 2911 3517 humana
2939 3465 3216 3518 sublimius
3247 3482 3259 3517 :
3293 3473 3422 3520 utet
3449 3481 3590 3535 pra:-

1988 3555 2237 3607 stantiam
2258 3562 2312 3608 et
2328 3554 2758 3607 communionem
2782 3568 2940 3623 quam
2971 3562 3143 3608 tecum
3167 3554 3329 3610 habet
3355 3555 3584 3611 ediscas.

1986 3644 2278 3698 Considera
2309 3653 2488 3698 autem
2519 3653 2714 3712 quanta
2746 3645 3004 3712 sapientia
3031 3645 3144 3699 haec
3176 3646 3309 3700 facta
3340 3647 3466 3711 sint,
3501 3661 3588 3702 nc-

1986 3751 2088 3803 que
2119 3735 2406 3788 eminentia
2432 3734 2603 3789 obfuit
2627 3735 2959 3789 similitudini
2999 3745 3052 3790 et
3075 3735 3316 3789 aflinitati
3340 3737 3456 3808 ejus
3484 3751 3588 3791 no-

1987 3826 2213 3891 biscum,
2239 3843 2412 3896 neque
2444 3836 2622 3880 nostra
2652 3826 2882 3882 aflinitas
2913 3836 2968 3882 et
3005 3827 3300 3881 similitudo
3339 3829 3456 3899 ejus
3485 3829 3584 3883 ob-

1987 3920 2212 3973 scuravit
2238 3919 2608 3973 excellentiam
2634 3935 2648 3984 ;
2678 3919 2770 3973 sed
2802 3919 3054 3988 operibus
3084 3929 3370 3989 utrumque
3399 3929 3582 3975 osten-

1985 4027 2102 4065 sum
2133 4020 2252 4065 est:
2286 4012 2497 4080 aliaque
2527 4011 2763 4079 perfecte
2789 4011 2944 4066 nobis
2965 4012 3156 4065 similia
3190 4013 3396 4078 habuit,
3425 4013 3526 4068 alia
3554 4029 3584 4068 a

1987 4094 2140 4148 nobis
2181 4094 2411 4148 diversa.
2450 4094 2676 4160 Verum,
2716 4102 2772 4146 ut
2799 4094 2944 4158 dixi,
2991 4104 3206 4164 propter
3250 4095 3352 4151 hoc
3376 4096 3587 4151 steriles

1986 4183 2198 4238 fuerunt
2227 4185 2362 4248 istm,
2389 4194 2443 4238 ut
2471 4183 2784 4238 crederetur
2812 4185 3128 4253 virginitatis
3156 4196 3360 4254 partus,
3387 4196 3442 4240 ut
3471 4187 3584 4256 ipsa

1986 4277 2328 4331 induceretur
2356 4277 2420 4330 ad
2467 4277 2623 4330 tidem
2670 4277 3061 4345 promissionis.
3097 4279 3232 4331 Audi
3283 4277 3423 4332 enim
3455 4279 3583 4348 quid

1985 4369 2113 4424 dicit
2141 4371 2361 4440 angelus
2393 4369 2487 4423 Dei
2529 4385 2542 4421 :
2579 4369 2805 4439 Spiritus
2841 4381 3046 4422 sanctus
3071 4371 3229 4422 veniet
3259 4387 3408 4438 super
3437 4379 3500 4434 te,
3537 4380 3586 4424 et

1985 4462 2141 4516 virtus
2168 4463 2415 4516 Altissimi
2452 4461 2762 4515 obumbrabit
2788 4461 2876 4513 tibi
2897 4462 2916 4529 (
2939 4459 3135 4514 Ibidem
3153 4461 3191 4529 ).
3224 4459 3313 4514 Sic
3333 4502 3346 4523 ,
3379 4459 3546 4530 inquit
3569 4502 3583 4525 ,

1985 4556 2184 4623 poteris
2205 4569 2410 4622 parere.
2436 4553 2625 4607 Totum
2648 4553 2958 4621 Operatione
2980 4552 3208 4620 Spiritus
3231 4551 3356 4607 erit.
3380 4551 3456 4607 Ne
3486 4552 3585 4621 igi-

1987 4657 2072 4699 tur
2098 4653 2308 4714 spectes
2335 4646 2384 4698 in
2419 4654 2637 4708 terram,
2666 4660 2697 4698 e
2721 4644 2872 4698 ctelis
2897 4645 3137 4712 Operatio
3165 4645 3326 4698 venit.
3355 4645 3589 4714 Spiritus

1983 4738 2167 4808 gratia:
2210 4745 2295 4791 est
2340 4735 2482 4805 quod
2529 4735 2613 4798 ιιι,
2647 4749 2715 4788 ne
2744 4748 2953 4803 quaaras
2979 4744 3183 4788 natura:
3229 4735 3484 4798 modum,
3521 4752 3589 4790 ne

1985 4831 2276 4885 secundum
2304 4830 2604 4898 nuptiarum
2629 4828 2775 4895 leges
2794 4827 3079 4897 intelligas.
3106 4827 3303 4881 Verum
3331 4829 3584 4897 quoniam

1985 4921 2186 4989 majora
2217 4930 2339 4974 sunt
2378 4920 2539 4975 verba
2572 4920 2706 4986 haec,
2731 4935 2890 4990 quam
2923 4932 2977 4973 ut
3006 4920 3093 4974 illa
3125 4929 3358 4990 caperet,
3391 4919 3502 4973 vult
3529 4929 3583 4975 et

1984 5013 2140 5066 aliam
2172 5013 2218 5068 ei
2245 5013 2482 5081 praebere
2506 5011 3040 5066 demonstrationem.

2055 5105 2106 5159 3.
2149 5104 2230 5158 Tu
2263 5112 2478 5169 autem,
2527 5103 2754 5169 dilecte,
2803 5101 3021 5156 attende
3071 5102 3339 5170 quomodo
3385 5101 3584 5157 sterilis

1986 5196 2139 5249 istam
2165 5195 2484 5249 manuducat
2513 5193 2578 5248 ad
2610 5193 2768 5248 ﬁdem
2799 5201 3002 5262 partus.
3031 5192 3294 5260 Quoniam
3326 5194 3470 5262 prior
3491 5192 3585 5248 de-

1987 5287 2302 5338 monstratio
2341 5284 2509 5353 major
2534 5293 2649 5338 erat
2673 5283 2994 5352 cogitatione
3024 5283 3264 5351 virginis,
3292 5283 3413 5337 audi
3445 5298 3579 5352 quo-

1987 5375 2144 5430 modo
2169 5383 2222 5429 et
2245 5373 2582 5428 humiliorem
2611 5387 2915 5428 sermonem
2943 5372 3153 5438 ali‘erat,
3189 5389 3284 5442 per
3311 5373 3581 5430 scnsibilia

1985 5466 2155 5534 ipsam
2179 5465 2566 5519 manuducens.
2595 5462 2664 5518 Et
2691 5481 2821 5529 ecce,
2851 5465 3043 5534 inquit,
3075 5462 3340 5519 Elisabetli
3366 5474 3582 5535 cognata

1985 5569 2071 5610 tua
2098 5566 2143 5610 et
2164 5557 2276 5628 ipsa
2296 5558 2518 5627 concepit
2539 5557 2706 5625 ﬁlium
2727 5557 2780 5611 in
2806 5566 3055 5610 senectute
3077 5573 3172 5610 sna
3203 5571 3222 5610 .·
3257 5567 3302 5609 et
3327 5558 3408 5609 hic
3434 5573 3580 5611 men-

1983 5651 2052 5702 sis
2073 5659 2244 5703 sextus
2273 5659 2347 5702 est
2372 5650 2416 5703 ei
2436 5664 2549 5719 qua:
2570 5657 2779 5702 vocatur
2803 5648 2990 5702 sterilis
3015 5646 3165 5717 (Luc.
3195 5649 3245 5704 1.
3274 5649 3388 5716 56).
3420 5648 3581 5705 Vides

1989 5753 2043 5798 ut
2067 5743 2265 5799 sterilis
2295 5753 2512 5813 propter
2542 5741 2799 5814 virginem
2845 5741 2898 5798 in
2939 5740 3175 5799 medium
3214 5742 3284 5798 sit
3309 5736 3580 5791 adducta"
