4178 6328
635 377 738 439 δι’)

631 487 878 559 Alioquin
912 485 1062 556 cuius
1097 483 1178 541 rei
1203 482 1374 555 gratia
1401 479 1673 536 retulisset
1709 485 1918 547 partum
1946 480 2206 543 cognatm,

632 577 788 649 cujus
806 578 936 642 item
960 574 1126 645 gratia
1151 569 1394 640 dixisset,
1427 568 1555 636 Quae
1571 577 1778 624 secatur
1799 565 2023 620 sterilis?
2049 564 2214 620 Plane

630 681 727 736 per
752 667 930 730 onmia
951 651 1250 720 deducebat
1270 677 1390 719 eam
1419 661 1486 717 ad
1509 659 1835 716 medendum
1863 653 2210 712 annuntiatio-

632 757 721 809 ni:
745 764 1027 826 pmpterea
1052 763 1106 808 et
1128 764 1336 824 tempus
1360 751 1514 819 dixit,
1540 759 1596 805 et
1615 759 1817 805 natura:
1839 746 2168 803 sterilitatem
2192 759 2205 794 :

631 853 910 914 propterea
959 853 1010 900 et
1041 853 1262 913 tempus
1281 843 1484 898 distulit
1510 839 1895 910 conceptionis.
1925 832 2040 892 Non
2067 836 2209 891 enim

629 935 808 996 statim
834 949 864 987 a
893 934 1155 1005 principio
1192 935 1239 994 ei
1277 934 1644 988 annuntiatum
1664 938 1748 986 est
1767 969 1783 994 ,
1813 928 1908 986 sed
1939 927 2211 998 praeterito

631 1034 869 1094 tempore
889 1028 1155 1092 semestri,
1186 1034 1244 1079 ut
1273 1022 1410 1080 uteri
1437 1022 1645 1076 sarcina
1680 1020 2083 1089 conceptionem
2112 1016 2209 1071 do-

627 1124 793 1171 ceret.
813 1116 879 1170 Et
895 1115 1021 1175 vide,
1038 1123 1235 1186 quanta
1252 1112 1464 1170 Gabriel
1481 1113 1643 1167 utitur
1660 1109 1896 1165 solertia.
1924 1108 2038 1164 Non
2068 1109 2208 1162 enim

630 1209 682 1262 in
703 1192 1010 1270 memoriam
1028 1208 1078 1263 ei
1103 1203 1310 1260 reducit
1331 1204 1412 1261 vel
1431 1203 1668 1270 Sarram,
1690 1199 1771 1257 vel
1790 1201 2102 1266 Rebeccam,
2130 1200 2210 1254 vel

632 1295 940 1361 llacbclens.
965 1281 1143 1368 Quare
1172 1304 1226 1349 et
1249 1308 1410 1365 quam
1438 1293 1509 1346 ob
1525 1305 1740 1347 causam
1763 1293 1786 1343 τ
1806 1290 1936 1346 Nam
1965 1289 2047 1343 ha:
2071 1304 2207 1358 quo-

627 1399 733 1454 que
762 1388 974 1440 fuerunt
989 1384 1222 1449 sterilis,
1244 1393 1297 1439 et
1315 1384 1528 1448 vetulae,
1551 1390 1605 1436 et
1628 1395 1875 1451 maguum
1898 1379 2210 1434 miraculum

629 1475 682 1529 in
710 1475 814 1530 illis
841 1475 936 1530 fuit
962 1493 977 1528 :
1009 1475 1103 1531 sed
1131 1475 1253 1547 quia
1282 1489 1467 1530 omnes
1501 1473 1584 1532 ha:
1615 1474 1949 1529 narrationes
1981 1471 2213 1541 antiqua:

629 1574 815 1633 erant,
858 1565 1072 1621 adducit
1113 1580 1230 1620 eam
1261 1564 1326 1620 ad
1369 1565 1418 1618 id
1449 1563 1586 1634 quod
1617 1577 1786 1638 nuper
1809 1562 2127 1633 contigerat,
2159 1567 2216 1614 ut

632 1658 864 1712 mentem
892 1656 1008 1726 ejus
1022 1655 1093 1711 ad
1121 1655 1446 1723 credendum
1473 1662 1806 1723 provocarat.

711 1746 901 1818 Viginti
925 1748 1071 1800 aeriis
1096 1755 1378 1816 perseveret
1417 1762 1568 1810 orans
1597 1744 1770 1800 Isaac.
1798 1773 1871 1785 —
1889 1742 1992 1799 Sed
2024 1757 2213 1798 neces-

629 1838 830 1907 sarium
857 1846 940 1893 est
969 1846 1025 1890 ut
1053 1836 1448 1897 adinstitutum
1477 1849 1782 1890 sermonem
1811 1833 2094 1890 redeamus
2117 1874 2131 1894 ,
2164 1842 2218 1886 et

631 1927 993 1998 signiﬁcemus
1028 1920 1157 1997 justi
1207 1928 1497 1991 virtutem,
1550 1934 1606 1981 et
1650 1924 1920 1993 quomodo
1970 1924 2218 1994 precibus

633 2006 969 2074 sterilitatem
997 2017 1254 2074 Rebecca
1280 2017 1499 2073 solverit
1519 2056 1534 2082 ,
1568 2025 1622 2071 et
1649 2015 1856 2071 vincula
1897 2024 2097 2069 naturae
2126 2029 2217 2078 su-

632 2108 912 2177 peraverit.
940 2107 1033 2162 9|.
1066 2107 1442 2177 Deprecabatnr
1466 2117 1653 2168 autem,
1682 2107 1843 2171 dicit,
1873 2122 1970 2175 pro
1999 2104 2218 2158 Rebecca

629 2213 784 2251 uxore
809 2215 921 2262 sua,
944 2199 1176 2265 quoniam
1199 2198 1382 2252 sterilis
1407 2206 1513 2250 erat
1530 2238 1544 2260 ,
1568 2205 1616 2250 et
1643 2195 1896 2250 exaudivit
1922 2211 2035 2250 eum
2055 2191 2214 2248 Dens.

631 2286 746 2347 Non
772 2289 890 2357 quia
915 2303 1036 2342 mox
1067 2289 1138 2341 ita
1164 2288 1407 2342 subditur
1425 2297 1479 2342 et
1507 2289 1760 2356 scriptum
1787 2294 1892 2353 est,
1923 2295 2074 2355 putes
2095 2300 2217 2340 eum

630 2394 661 2431 e
691 2377 911 2448 vestigio
948 2387 1002 2432 et
1031 2379 1273 2447 protinus
1305 2384 1645 2446 assequuntum
1680 2390 1801 2432 esse
1834 2376 1973 2444 quod
2002 2376 2220 2445 optabat

631 2477 685 2521 et
710 2467 999 2537 qua-rebat.
1041 2467 1171 2521 Nam
1204 2467 1382 2539 viginti
1414 2467 1567 2522 anuis
1598 2466 1956 2533 perseveravit
1983 2481 2143 2518 orans
2167 2473 2221 2519 et

629 2555 924 2625 deprecans
949 2558 1134 2620 Deum,
1156 2565 1207 2611 et
1235 2565 1358 2612 tunc
1384 2556 1593 2612 tandem
1619 2564 1936 2624 assequutus
1964 2566 2045 2610 εει
2075 2555 2217 2625 quod

632 2646 984 2701 desiderabat.
1014 2647 1079 2702 Et
1116 2645 1255 2702 unde
1280 2647 1509 2702 sciemus
1536 2645 1672 2700 hoc?
1702 2645 1758 2700 Si
1792 2645 2070 2715 diligenter
2098 2660 2217 2714 per-

632 2751 907 2796 curramus
931 2752 1049 2808 qua:
1085 2738 1140 2792 in
1177 2737 1354 2792 divina
1393 2736 1664 2806 Scriptura
1707 2736 2068 2792 continentur.
2099 2736 2216 2790 Non

633 2827 778 2895 enim
801 2837 1009 2898 tempus
1035 2827 1189 2883 nobis
1217 2827 1584 2883 absconditum
1609 2835 1709 2892 est,
1738 2826 1830 2881 sed
1854 2826 2085 2896 signavit
2103 2827 2221 2897 qui-

633 2917 793 2980 dem,
843 2918 1064 2972 latenter
1116 2927 1328 2982 tamen,
1378 2917 1448 2971 ita
1501 2925 1559 2971 ut
1611 2926 1862 2985 provocet
1898 2915 2221 2971 desiderium

633 2991 912 3071 nostrum,
958 3016 1012 3063 et
1038 3007 1103 3061 ad
1148 3008 1359 3078 dignam
1395 3005 1791 3077 inquisitionem
1840 3006 2042 3060 incitet.
2090 3006 2222 3060 Nam

634 3099 771 3153 sicut
810 3099 989 3153 docuit
1027 3113 1125 3154 nos
1167 3113 1427 3153 annorum
1471 3112 1752 3151 numerum
1790 3111 1949 3166 quem
1989 3095 2174 3150 habuit
2203 3097 2220 3127 ³

635 3187 847 3257 quando
879 3189 1173 3244 Rebeccam
1200 3189 1368 3255 duxit,
1401 3189 1469 3243 ita
1499 3199 1551 3243 et
1575 3189 1675 3243 hoc
1697 3187 1851 3242 nobis
1882 3188 2054 3257 palam
2079 3187 2222 3242 fecit.

639 3280 766 3334 Erat
788 3282 950 3345 enim,
977 3282 1166 3352 inquit,
1191 3280 1340 3334 Isaac
1365 3297 1615 3335 annorum
1642 3281 1998 3351 quadraginta,
2021 3282 2226 3350 quando

635 3375 828 3441 accepit
853 3373 1125 3426 Rebeccam
1147 3372 1308 3440 ﬁliam
1333 3370 1602 3425 Batltuelis
1634 3371 1772 3442 Syri.
1834 3371 2068 3426 Didicisti
2098 3372 2223 3428 dili—

636 3471 823 3532 genter
866 3473 1091 3533 tempus.
1125 3461 1325 3517 Deinde
1363 3469 1643 3532 postquam
1685 3462 1860 3516 dixit:
1911 3459 2226 3530 Deprecatus

638 3563 708 3607 est
739 3552 890 3607 Isaac
919 3569 1010 3618 pro
1034 3569 1190 3608 uxore
1215 3570 1329 3619 sua,
1361 3554 1478 3624 quia
1506 3554 1689 3607 sterilis
1719 3563 1845 3618 erat,
1875 3562 1932 3607 ut
1957 3554 2223 3609 discamus

639 3660 896 3700 annorum
945 3659 1244 3711 numerum,
1291 3645 1576 3714 assignavit
1615 3644 1770 3699 nobis
1799 3652 1928 3715 quot
1963 3658 2226 3700 annorum

639 3731 796 3787 fuerit
826 3733 969 3788 Isaac
996 3734 1207 3804 quando
1234 3735 1341 3788 nati
1383 3743 1506 3788 sunt
1541 3735 1589 3788 ei
1623 3734 1714 3788 lilii
1746 3734 1816 3788 de
1843 3733 2103 3789 Rebecca.
2131 3734 2221 3789 26.

643 3822 771 3876 Erat
799 3825 933 3877 enim
960 3823 1112 3876 Isaac
1135 3865 1150 3887 ,
1184 3824 1374 3893 inquit,
1405 3840 1654 3877 annorum
1697 3824 1958 3895 sexaginta
1978 3866 1992 3889 ,
2022 3825 2226 3894 quando

642 3916 831 3985 peperit
862 3914 1103 3968 Rebecca.
1147 3915 1204 3970 Si
1243 3915 1403 3985 igitur
1433 3914 1777 3985 quadraginta
1809 3931 2071 3970 annorum
2110 3929 2227 3971 erat

640 4003 852 4074 quando
881 4004 1021 4059 illam
1050 4004 1237 4070 duxit,
1269 4006 1540 4075 sexaginta
1570 4014 1750 4059 autem
1777 4006 1989 4073 quando
2021 4007 2227 4075 peperit

643 4111 791 4159 uxor,
823 4094 1158 4150 manifestum
1188 4105 1270 4150 est
1298 4111 1421 4150 eum
1455 4096 1609 4150 annis
1636 4095 1822 4164 viginti
1853 4110 2226 4166 perseverasse

644 4195 884 4256 orantem
917 4184 1103 4249 Deum,
1132 4193 1186 4238 et
1215 4193 1423 4239 uterum
1455 4185 1708 4239 Rebecca
1737 4185 1974 4239 inutilem
2002 4200 2229 4254 genera-

646 4275 807 4339 tioni,
859 4273 1105 4330 idoneum
1153 4273 1485 4346 fecisse«(a).
1534 4273 1752 4329 Vidistis
1795 4274 2056 4329 orationis
2097 4275 2222 4341 vim,

645 4362 910 4435 quomodo
958 4373 1014 4420 et
1056 4375 1295 4420 naturam
1340 4365 1508 4434 ipsam
1552 4364 1801 4434 superet?
1849 4364 1999 4419 llunc
2042 4380 2229 4421 omnes

649 4455 946 4519 imitemur,
977 4465 1033 4510 et
1058 4457 1128 4509 ita
1153 4455 1206 4510 iu
1231 4454 1473 4525 precibus
1502 4454 1669 4509 sitnus
1698 4453 1918 4520 assidui,
1943 4455 2231 4527 animoque

649 4547 809 4603 sobrii
836 4558 886 4602 et
913 4547 1140 4602 humiles
1164 4567 1178 4602 :
1211 4546 1590 4616 audiemusque
1613 4546 1834 4601 Paulum
1853 4546 2228 4603 admonentem

653 4651 706 4696 ct
744 4641 1047 4695 dicentem:
1097 4639 1338 4694 Levantes
1377 4649 1578 4692 sanctas
1621 4655 1798 4692 manus
1835 4640 2020 4709 absque
2061 4641 2139 4693 ira
2187 4650 2234 4694 et

636 4729 1084 4801 disceptationibus
1104 4729 1179 4801 (ι.
1206 4729 1337 4784 Tim.
1358 4728 1508 4802 2.8):
1538 4739 1591 4784 et
1615 4729 1921 4786 studeamus
1939 4746 2151 4802 semper
2172 4733 2237 4786 li-

651 4823 822 4877 berari
865 4836 897 4876 a
945 4821 1358 4891 perturbatione,
1401 4830 1459 4876 ut
1501 4835 1655 4877 mens
1698 4821 1766 4875 sit
1806 4821 1859 4875 in
1903 4825 2230 4892 tranquillo,

649 4911 877 4966 maxime
901 4919 1078 4966 autem
1108 4926 1320 4981 precum
1349 4921 1617 4982 tempore,
1651 4911 1866 4981 quando
1888 4913 2052 4967 multa
2082 4915 2234 4970 nobis

648 5013 784 5070 opus
809 5010 892 5055 est
930 5015 961 5054 a
1002 4993 1112 5054 Deo
1136 5000 1478 5070 benignitate.
1512 4999 1643 5055 Nam
1675 5001 1718 5055 si
1761 5015 1862 5057 nos
1892 5001 2089 5057 viderit
2116 5020 2237 5073 prc-

648 5089 757 5145 cari
783 5090 1074 5148 secundum
1092 5091 1237 5161 leges
1262 5093 1330 5146 ab
1350 5105 1410 5147 se
1437 5093 1654 5161 positas,
1680 5093 1862 5149 statim
1889 5093 2042 5151 nobis
2066 5094 2236 5149 dono-

649 5197 771 5237 rum
808 5198 1028 5239 snorum
1073 5182 1370 5253 largitatem
1415 5183 1701 5241 liberaliter
1749 5185 2041 5243 concedet:
2092 5188 2235 5257 quod

652 5272 805 5325 nobis
846 5273 1057 5341 assequi
1111 5272 1286 5342 liceat,
1333 5273 1500 5342 gratia
1548 5283 1604 5328 et
1645 5274 1969 5345 benignitate
2023 5277 2233 5332 Domini

655 5361 819 5416 nostri
844 5360 973 5418 Jcsu
995 5361 1223 5428 Christi,
1250 5378 1370 5418 cum
1395 5377 1501 5434 quo
1531 5364 1669 5419 Patri
1698 5365 1766 5421 sit
1788 5366 1955 5436 gloria
1973 5409 1986 5432 ,
2022 5367 2194 5422 honor
2217 5409 2234 5436 ,

656 5449 937 5521 imperium
959 5493 976 5518 ,
1003 5453 1158 5508 simul
1185 5456 1238 5510 et
1266 5464 1451 5508 sancto
1479 5453 1717 5526 Spiritui,
1746 5473 1885 5513 nunc
1909 5467 1965 5515 et
1982 5473 2194 5530 semper
2215 5499 2233 5529 ,

658 5552 712 5595 et
737 5541 788 5596 in
818 5541 1010 5597 saecula
1037 5542 1373 5600 saeculorum.
1403 5547 1593 5601 Amen.
2207 5531 2216 5536 ’

725 5655 745 5718 ‘_
775 5655 915 5705 Coisl.
938 5657 1136 5716 ordtttt,
1156 5668 1297 5718 quem
1319 5657 1500 5709 habuit.

1402 369 1462 428 S.
1501 365 1776 427 ιοΑΝΜε
1808 355 2283 420 αιιιγεοετοκι
2323 356 2641 417 ARCHIEP.
2680 359 3223 420 CONSTANTINOP.

3808 361 3918 423 ΜΒ

2928 473 3205 530 “Olli.”
3247 473 3309 533 [ι.

2313 603 2554 674 Concepit
2601 614 2771 663 autem
2823 603 3049 663 Rebecca
3068 649 3085 677 ,
3141 617 3195 664 st
3240 604 3565 694 colludunt
3614 609 3818 684 parvuli
3853 610 3918 666 in

2777 698 2871 753 itte
2907 695 3064 769 (Gen.
3089 696 3183 756 25.
3209 695 3300 756 2i.
3329 696 3446 771 2!).

2389 833 2439 888 l.
2472 832 2643 888 Vultis
2667 833 2832 888 etiam
2852 833 3012 888 hodie
3035 848 3369 904 apponamus
3391 834 3599 890 caritati
3630 844 3826 891 vestr:
3851 849 3916 892 ea

2313 937 2434 991 qua:
2459 922 2514 977 in
2538 922 2768 978 lectione
2790 922 3040 978 hesterna
3069 924 3255 978 relicta
3285 925 3448 978 sunt?
3476 925 3556 980 Ad
3579 925 3741 980 tinem
3768 927 3915 980 enim

2315 1013 2610 1082 perducere
2639 1023 2809 1070 totum
2823 1024 3194 1086 argumentum
3218 1017 3588 1086 nequivimus;
3611 1017 3706 1072 sed
3732 1027 3920 1074 osten-

2314 1103 2490 1159 dimus
2528 1120 2626 1174 per
2660 1105 2904 1160 assiduas
2943 1120 3128 1175 preces
3172 1106 3321 1161 Isaac
3367 1107 3605 1179 potuisse
3651 1106 3920 1164 Rebecca

2313 1195 2521 1248 vulvam
2550 1196 2781 1251 ﬁliorum
2806 1197 3138 1266 generationi
3177 1196 3407 1253 reddere
3436 1197 3680 1254 idoneam
3711 1239 3729 1267 ,
3757 1206 3920 1254 uatu-

2314 1300 2534 1355 ramque
2573 1285 2746 1356 ipsam
2774 1287 3019 1343 inutilem
3058 1286 3254 1342 factam
3272 1326 3291 1355 ,
3320 1296 3379 1349 ut
3407 1288 3480 1343 ita
3506 1288 3681 1344 dicam
3699 1328 3727 1355 ,
3751 1304 3917 1359 repa-

2317 1392 2435 1431 rare
2463 1395 2475 1430 :
2505 1377 2620 1432 hare
2643 1378 2820 1434 onmia
2849 1377 2964 1433 beri
2990 1378 3121 1434 satis
3149 1392 3246 1433 vos
3273 1378 3578 1446 docuimus,
3601 1389 3918 1436 monstran-

2319 1478 2398 1523 tes
2436 1483 2701 1524 annorum
2747 1484 3064 1536 numerum,
3096 1471 3326 1541 quibus,
3358 1481 3420 1526 ut
3459 1470 3565 1526 hoc
3605 1472 3924 1542 impetraret

2317 1559 2504 1614 beatus
2533 1560 2644 1626 ille,
2673 1575 2834 1617 orans
2861 1569 2917 1616 et
2941 1562 3239 1630 deprecans
3266 1562 3564 1631 permansit
3591 1579 3607 1617 :
3631 1572 3689 1618 et
3709 1564 3766 1618 in
3792 1578 3918 1620 ser-

2319 1663 2534 1704 monem
2557 1649 2627 1704 de
2647 1650 2917 1706 sterilibus
2935 1652 3160 1722 egressi,
3183 1651 3326 1706 dicta
3345 1652 3496 1706 vobis
3511 1667 3673 1709 causa
3696 1662 3922 1724 pmptcr

2317 1753 2474 1809 quam
2498 1739 2768 1808 justorum
2795 1740 3008 1796 illorum
3036 1755 3234 1797 uxores
3261 1743 3475 1798 steriles
3503 1744 3687 1810 fuere,
3710 1757 3922 1798 sermo-

2276 1896 2278 1899 ,
2318 1843 2442 1883 nem
2464 1831 2685 1885 missum
2713 1831 2956 1886 fecimus.
2988 1830 3178 1902 Opera
3221 1833 3448 1902 pretium
3497 1840 3681 1888 autem
3706 1842 3791 1889 est
3817 1848 3921 1890 nos

2319 1918 2477 1976 hodie
2513 1921 2722 1977 discere
2749 1922 3008 1978 Rebecca:
3053 1923 3356 1994 religiosam
3399 1933 3657 1989 mentem,
3707 1935 3767 1978 nt
3809 1940 3921 1979 non

2318 2011 2497 2065 solum
2521 2011 2675 2066 nobis
2693 2027 2725 2066 a
2748 2013 2944 2068 virtute
2965 2012 3097 2082 justi
3121 2013 3330 2072 lucrum
3354 2013 3597 2077 accedat,
3626 2013 3724 2069 sed
3754 2015 3923 2068 etiam

2318 2113 2383 2155 ex
2412 2101 2633 2156 historia
2656 2117 2775 2172 quae
2800 2101 3100 2158 Rebeccam
3126 2103 3385 2174 respicit,
3411 2103 3479 2158 ad
3522 2104 3927 2158 aemulationem

2321 2204 2611 2260 provocare
2650 2192 2916 2262 possimus
2941 2191 3236 2248 auditores.
3272 2192 3563 2264 Postquam
3590 2193 3732 2249 enim
3778 2193 3927 2248 Dens

2321 2282 2590 2337 exaudivit
2627 2285 2927 2340 orationem
2966 2284 3133 2355 justi,
3159 2284 3251 2339 3|.
3280 2284 3348 2338 Et
3388 2295 3586 2339 uterum
3631 2287 3783 2356 gessit
3811 2284 3922 2340 Re-

2321 2363 2490 2440 ἇδεοα,
2516 2373 2606 2426 22.
2648 2374 3004 2441 colludebant,
3057 2375 3264 2446 inquit,
3298 2375 3441 2443 pueri
3480 2377 3535 2429 in
3577 2392 3674 2442 ea,
3721 2385 3774 2431 et
3803 2390 3927 2433 mtt-

2321 2478 2427 2534 gno
2471 2479 2591 2528 eam
2621 2464 2808 2521 dolore
2851 2466 3174 2522 efﬁciebant.
3221 2465 3362 2547 Qiait
3403 2467 3573 2536 enim,
3601 2468 3806 2538 inquit,
3855 2469 3925 2522 Si

2321 2556 2396 2608 sic
2440 2555 2565 2609 mihi
2609 2557 2839 2624 futurum
2887 2557 2993 2624 sit,
3045 2574 3136 2612 cur
3181 2559 3306 2611 mihi
3351 2558 3494 2612 hoc?
3536 2558 3719 2629 Neque
3767 2560 3922 2614 enim

2326 2659 2462 2699 unus
2523 2655 2640 2701 erat
2696 2648 3031 2714 nasciturus,
3093 2648 3188 2703 sed
3237 2649 3374 2704 duos
3429 2649 3592 2704 simul
3646 2650 3701 2704 in
3766 2659 3925 2705 utero

2323 2751 2520 2807 pueros
2558 2739 2820 2808 gestabat,
2865 2747 2923 2794 et
2960 2754 3029 2794 ex
3071 2740 3312 2809 angustia
3353 2740 3577 2794 multum
3621 2741 3920 2794 cruciatum

2324 2830 2608 2885 sentiebat.
2634 2830 2740 2886 Sed
2783 2831 2872 2887 hic
2909 2831 3049 2898 vide,
3097 2832 3344 2898 obsecro,
3389 2832 3630 2887 mulieris
3669 2834 3926 2902 pietatem

2324 2929 2380 2974 et
2403 2921 2739 2991 religionem.
2769 2921 2886 2977 Non
2915 2922 3060 2976 enim
3088 2923 3228 2978 sicut
3267 2922 3519 2977 mulieres
3566 2924 3770 2987 multm,
3796 2939 3925 2994 qua

2326 3011 2654 3080 negligenter
2693 3012 2892 3075 vivunt,
2945 3011 3105 3066 hodie
3154 3012 3329 3068 facere
3374 3024 3806 3079 consueverunt,
3849 3016 3923 3070 ad

2327 3100 2616 3155 hunianutn
2644 3103 2880 3173 confugit
2915 3101 3245 3170 subsidium,
3277 3118 3384 3158 non
3425 3103 3492 3159 ad
3530 3119 3625 3159 eos
3661 3105 3750 3175 qui
3795 3105 3925 3161 talia

2326 3195 2437 3248 suis
2478 3195 2818 3264 coujccturis,
2853 3211 3068 3267 sumque
3093 3197 3316 3251 rationis
3340 3199 3804 3254 observationibus
3827 3199 3925 3267 ju-

2326 3283 2505 3338 dicare
2548 3287 2768 3351 volunt;
2799 3301 2971 3356 neque
2997 3301 3054 3341 se
3083 3287 3330 3357 exposuit
3362 3286 3665 3357 deceptioni
3689 3289 3925 3356 ciratla-

2328 3387 2523 3440 torum,
2551 3387 2606 3431 et
2631 3392 2814 3432 eorum
2844 3378 2930 3447 qui
2958 3378 3212 3448 pollicere
3239 3379 3439 3435 audent
3462 3396 3580 3451 qua:
3613 3366 3774 3451 supra
3817 3380 3926 3436 hu-

2326 3481 2538 3522 manam
2566 3475 2690 3521 sunt
2730 3476 2976 3522 naturam
3008 3485 3023 3521 :
3046 3468 3139 3524 sed
3163 3469 3319 3535 Abiit,
3346 3468 3535 3540 inquit,
3559 3480 3614 3523 ut
3639 3471 3929 3526 consuleret

2325 3556 2621 3630 Dominum.
2653 3559 2786 3614 Vide
2810 3561 3049 3616 mulieris
3087 3562 3451 3632 sagacitatem.
3484 3562 3745 3630 Quoniam
3789 3563 3929 3619 vidit

2327 3664 2450 3707 cum
2487 3653 2576 3720 qui
2614 3653 2821 3707 vulvam
2861 3653 2978 3723 ejus
3018 3663 3299 3719 reserarat,
3343 3663 3399 3709 et
3446 3656 3536 3726 qui
3579 3656 3929 3713 infecundum

2329 3752 2570 3798 ventrem
2601 3754 2821 3814 repente
2846 3746 2915 3799 ita
2942 3745 3222 3801 fecundum
3251 3744 3520 3812 effecerat,
3557 3755 3766 3802 naturai
3799 3763 3928 3805 esse

2332 3834 2638 3900 Doiuinum,
2668 3837 2918 3906 quoniam
2947 3835 3079 3890 vidit
3098 3837 3233 3890 uteri
3264 3837 3529 3891 sarcinam
3555 3852 3744 3907 magna
3775 3854 3929 3910 qua:-

2328 3925 2451 3980 dam
2480 3928 2811 3996 promittere,
2834 3927 2986 3994 Abiit,
3007 3929 3196 3999 inquit,
3225 3938 3280 3982 ut
3308 3929 3592 3985 consuleret
3624 3929 3925 3988 Dominum.

2329 4016 2466 4082 Quid
2492 4025 2596 4083 est,
2625 4018 2756 4072 Abiit
2783 4027 2838 4072 ut
2882 4019 3160 4074 consuleret
3186 4018 3464 4076 Dominum
3481 4024 3507 4078 ,9
3559 4024 3804 4081 Cucurrit
3858 4029 3931 4085 ad

2333 4123 2512 4163 veram
2541 4110 2840 4177 scientiam,
2872 4121 2925 4166 et
2953 4109 3223 4167 festinavit
3246 4114 3312 4168 ad
3342 4115 3675 4172 sacerdotem
3709 4119 3804 4174 Dei
3819 4121 3926 4176 uii-

2333 4199 2582 4267 nistrum,
2622 4215 2717 4269 per
2733 4216 2899 4272 quem
2931 4201 3158 4258 latenter
3183 4203 3263 4258 rei
3286 4205 3563 4260 scientiam
3589 4206 3802 4264 discere
3824 4225 3930 4265 cu-

2334 4288 2512 4358 piebat
2537 4290 2553 4320 ¹
2585 4308 2598 4344 :
2627 4298 2683 4344 et
2706 4305 2964 4347 enarrans
2980 4293 3157 4348 omnia
3177 4309 3300 4364 quae
3329 4295 3430 4350 sibi
3457 4298 3812 4368 contigerant,
3839 4301 3929 4356 di-

2332 4381 2461 4436 dicit
2483 4381 2765 4452 diligenter
2791 4385 2991 4448 omnia,
3008 4384 3355 4442 misericorde
3377 4387 3486 4442 Deo
3514 4403 3608 4457 per
3631 4392 3932 4450 sacerdotis

2334 4472 2570 4543 linguam
2618 4473 2899 4543 detegente
2934 4473 2985 4528 ei
3024 4475 3202 4529 omnia
3244 4477 3560 4545 manifeste,
3602 4491 3659 4535 et
3695 4483 3932 4538 alacrio-

2334 4579 2448 4619 rem
2477 4580 2595 4620 eam
2623 4565 2896 4622 reddente.
2914 4566 2977 4620 Et
3003 4575 3060 4620 nt
3085 4568 3225 4622 scias
3245 4579 3440 4640 quanta
3467 4579 3594 4627 tunc
3612 4582 3726 4628 erat
3741 4589 3932 4631 sacer-

2336 4655 2517 4711 dotum
2543 4652 2797 4728 dignitas,
2824 4673 3083 4730 nusquam
3114 4659 3244 4715 dicit
3268 4662 3600 4718 sacerdotem
3625 4665 3674 4718 ei
3702 4681 3933 4736 respon-

2337 4750 2500 4814 disse,
2515 4749 2608 4805 sed
2628 4760 2903 4821 postquam
2933 4752 3086 4818 dixit,
3103 4751 3236 4806 Abiit
3253 4761 3309 4807 ut
3323 4756 3607 4808 consuleret
3624 4754 3930 4825 Dominum,

2337 4841 2594 4910 subjecit,
2624 4841 2714 4897 23.
2738 4842 2806 4895 Et
2827 4842 2955 4896 dixit
2987 4840 3239 4897 Dominus
3251 4844 3524 4914 ei,nempe
3553 4861 3648 4916 per
3675 4849 3935 4904 sacerdo-

2339 4941 2466 4999 tem,
2483 4932 2625 4987 Duas
2635 4943 2805 5004 gentes
2815 4935 2868 4988 in
2883 4943 3026 4987 utero
3041 4946 3126 4987 tuo
3141 4936 3383 4989 contines.
3407 4935 3614 4991 Etenim
3628 4947 3682 4992 et
3693 4938 3797 4993 alio
3811 4940 3936 4997 loco

2338 5027 2584 5097 angelum
2607 5036 2759 5081 vocat
2777 5025 3107 5082 sacerdotem
3128 5027 3306 5082 divina
3319 5027 3610 5097 Scriptura,
3642 5031 3940 5090 ostendens

2342 5119 2490 5174 illum
2508 5135 2569 5174 ea
2587 5120 2754 5189 loqui,
2785 5134 2903 5189 quae
2931 5120 3148 5189 inspirat
3168 5135 3231 5175 ac
3245 5123 3482 5192 suggerit
3497 5122 3724 5193 Spiritus
3736 5128 3935 5196 gratia.

2345 5210 2484 5264 Dixit
2513 5211 2673 5281 igitur
2701 5211 2956 5265 Dominus
2980 5212 3030 5266 ei
3058 5227 3157 5282 per
3184 5211 3556 5268 sacerdotem:
3592 5213 3723 5269 Dure
3762 5228 3941 5288 gentes

2341 5301 2394 5355 in
2421 5310 2560 5356 utero
2585 5310 2671 5356 tuo
2693 5310 2832 5369 sunt,
2861 5312 2908 5356 et
2929 5302 3032 5357 duo
3049 5302 3229 5374 populi
3253 5303 3307 5357 in
3320 5313 3489 5359 centre
3511 5313 3598 5360 tuo
3617 5305 3940 5377 dividentur,

2343 5403 2390 5446 et
2415 5393 2632 5463 populus
2657 5394 2846 5465 papula
2875 5394 3164 5465 prastabit,
3218 5404 3267 5450 et
3292 5397 3458 5470 major
3501 5401 3680 5454 seruiet
3725 5401 3941 5457 minori.

2346 5482 2479 5541 Vide
2504 5483 2811 5540 vaticinium
2850 5485 2994 5557 quod
3037 5485 3324 5544 manifeste
3373 5487 3615 5558 prmdicit
3657 5491 3708 5546 ei
3755 5493 3944 5555 oumia

2412 5669 2427 5697 ¹
2623 5673 2682 5735 Δ(ξι
2706 5671 2953 5735 Interpres
2976 5663 3205 5735 vulgatus
3225 5665 3271 5735 in
3297 5664 3510 5715 ultione
3536 5666 3717 5735 ttorelli
3744 5683 3756 5717 :
3788 5671 3942 5735 stre-

726 5713 932 5790 {91““3
942 5713 1289 5790 ,άθὲίοίίηὶδσξιδ
1303 5719 1386 5770 me
1405 5720 1614 5790 hinc-ﬁl
1635 5731 1846 5790 titulun
1869 5739 1893 5774 a
1913 5726 2245 5790 Chrysoaomo
2349 5713 2538 5778 summa
2558 5713 2950 5790 mammam
2975 5713 3375 5788 ocimum.
3399 5713 3944 5790 artissimam

656 5781 922 5839 excerptas
941 5776 990 5827 in
1011 5777 1208 5830 ttmniiia
1231 5783 1297 5830 De
1323 5793 1417 5830 non
1440 5776 1724 5845 evulgandis
1745 5776 1944 5837 fratrum

2353 5789 2597 5841 scientiam
2619 5790 2798 5835 mlrhat
2830 5787 3035 5840 discere.
