4178 6328
284 478 469 533 futura.
499 473 770 531 Salientes
790 473 935 532 enim
965 472 1115 545 pueri
1137 472 1189 527 in
1216 480 1389 538 utero,
1418 481 1473 527 et
1501 470 1867 541 incompositis

282 567 515 641 gestibus
540 581 600 623 se
625 576 929 632 moventes,
948 564 1058 636 jam
1074 566 1253 620 omnia
1272 563 1472 634 liquido
1488 561 1863 637 pmdiccbant:

274 669 335 716 et
362 674 504 715 nunc
526 657 721 715 didicit
742 656 935 712 mulier
956 670 1059 710 non
1084 670 1145 712 se
1164 655 1299 711 duos
1350 655 1522 710 solum
1578 654 1864 723 parituram

282 762 495 822 pueros,
515 748 608 805 sed
628 757 683 803 et
701 748 821 802 illos
845 747 1085 818 ingentes
1125 746 1492 818 propagandos
1522 743 1658 811 fore,
1688 751 1743 799 et
1771 744 1868 794 Ilii-

280 855 466 895 norem
511 838 699 909 majori
722 836 1116 892 dominaturum
1156 851 1298 893 esse.
1340 836 1404 889 Et
1430 822 1641 904 quandb
1683 840 1864 902 postea

279 932 721 1005 appropinquavit
764 941 975 1004 tempus
1018 930 1275 1002 pariendi,
1328 929 1420 984 25.
1467 928 1625 992 Exiit,
1669 924 1860 996 inquit,

278 1025 474 1091 primus
518 1028 692 1094 rufus,
719 1025 865 1096 quasi
909 1024 1076 1095 pellis,
1096 1022 1324 1094 hispidus
1351 1037 1372 1077 :
1399 1032 1447 1075 et
1471 1022 1663 1075 vocavit
1684 1036 1863 1073 nomen

276 1115 412 1183 ejus,
433 1114 592 1170 Esai.
612 1113 682 1169 Et
697 1124 869 1187 postea
885 1115 1004 1170 exiit
1025 1118 1185 1188 frater
1198 1115 1329 1184 ejus,
1349 1123 1395 1170 et
1415 1129 1594 1167 manus
1608 1113 1716 1183 ejus
1735 1128 1866 1165 com—

265 1205 545 1275 prehendit
580 1207 870 1261 calcaneuin
905 1204 1067 1273 Esai‘t,
1093 1218 1141 1259 et
1168 1206 1358 1261 vocavit
1397 1220 1578 1259 nomen
1617 1204 1747 1274 ejus,
1767 1200 1865 1255 Ja-

265 1298 399 1351 tob‘
435 1312 454 1351 :
479 1299 631 1369 quasi
656 1298 763 1366 jam
788 1306 843 1354 et
858 1299 924 1353 ab
940 1299 1088 1354 initio
1111 1306 1373 1353 monstret
1399 1297 1539 1351 Deus
1578 1297 1859 1358 minorem,

272 1389 573 1442 secundum
602 1388 657 1443 id
684 1388 825 1458 quod
864 1388 1062 1445 dictum
1107 1396 1210 1454 est,
1239 1386 1427 1457 majori
1470 1400 1590 1442 esse
1621 1385 1863 1440 domina-

271 1485 474 1532 turum.
508 1478 645 1532 Dicit
679 1479 843 1545 enim,
874 1478 1089 1534 tenebat
1126 1493 1283 1532 manu
1320 1477 1627 1531 calcaneum
1670 1474 1812 1529 Esaia
1843 1489 1862 1527 :

273 1568 329 1623 id
354 1570 499 1639 quod
542 1580 659 1626 erat
695 1571 905 1642 signum
934 1569 1235 1640 superantis
1261 1574 1383 1625 eu’m
1430 1570 1518 1639 qui
1542 1568 1699 1622 fortis
1741 1580 1862 1622 esse

270 1658 573 1715 videbatur.
619 1660 684 1715 Et
730 1659 1010 1716 considera
1049 1659 1284 1715 divinam
1333 1658 1683 1727 Scriptoram,
1728 1671 1862 1728 quo-

272 1750 435 1806 modo
459 1761 682 1821 propter
702 1766 765 1806 ea
787 1765 907 1821 qua:
949 1760 1133 1820 postea
1173 1748 1346 1804 futura
1388 1756 1561 1813 erant,
1584 1748 1695 1819 jam
1725 1762 1860 1817 prm-

270 1841 422 1908 dicit,
450 1849 506 1896 et
528 1842 603 1896 ab
628 1841 779 1896 initio
805 1848 1066 1897 monstrat
1090 1840 1243 1895 nobis
1271 1840 1544 1909 utriusque
1570 1836 1805 1894 studium
1841 1855 1855 1890 :

268 1942 328 1988 et
346 1916 488 2002 quod
527 1932 616 1987 ille
640 1931 853 2002 quidem
878 1930 1144 1986 venationi
1175 1929 1404 1993 deditus,
1430 1929 1515 1984 hic
1537 1944 1666 1984 vero
1696 1929 1858 1983 rusti-

266 2036 370 2078 cus
408 2031 554 2078 esset
597 2022 776 2088 homo,
822 2022 1069 2092 simplex,
1100 2021 1318 2075 domum
1363 2020 1686 2075 inhabitans.
1730 2018 1861 2074 Pro-

270 2122 457 2182 pterea
486 2112 728 2167 Rebecca
764 2112 1014 2182 diligebat
1054 2110 1239 2173 Jacob,
1272 2110 1417 2166 Isaae
1451 2119 1625 2165 autem
1670 2110 1808 2164 Esau
1842 2126 1856 2163 :

265 2200 364 2257 28.
398 2202 652 2268 Quoniam
690 2204 887 2257 uenatio
915 2204 1043 2272 ejus,
1082 2202 1271 2273 inquit,
1299 2202 1439 2255 cibus
1468 2212 1573 2256 erat
1599 2202 1694 2255 illi.
1724 2200 1859 2255 Vide

265 2294 543 2365 quomodo
581 2305 776 2363 pueros
811 2295 1155 2365 distinguant.
1189 2294 1258 2349 Et
1283 2304 1454 2351 mater
1489 2294 1702 2365 quidem
1732 2309 1857 2365 erga

265 2385 442 2442 Iacob
478 2387 737 2456 majorem
784 2386 1087 2443 declarabat
1127 2386 1571 2452 benevolentiam,
1609 2402 1674 2441 eo
1716 2385 1859 2456 quod

259 2477 568 2547 simplicem
593 2478 809 2533 videbat
832 2487 886 2533 et
909 2477 1055 2533 domi
1100 2485 1401 2533 versantem
1436 2494 1448 2530 :
1483 2486 1633 2547 pater
1679 2487 1856 2533 autem

250 2566 525 2638 diligebat
565 2567 726 2632 Esau,
768 2576 876 2622 tum
920 2567 1059 2638 quod
1100 2567 1483 2637 primogenitus
1520 2575 1702 2633 esset,
1745 2576 1857 2623 tum

262 2656 416 2728 quod
446 2659 729 2713 venatione
768 2658 883 2727 ejus
906 2664 1229 2713 vesceretur.
1258 2656 1384 2711 lituo
1408 2657 1619 2727 quidem
1660 2658 1737 2713 illi
1779 2658 1860 2713 fa-

262 2749 487 2805 ciebant
512 2749 807 2804 naturalem
827 2748 1161 2805 dilectionem
1186 2757 1505 2819 sequentes;
1553 2750 1856 2805 vaticinium

262 2848 453 2894 antem
482 2838 734 2909 paulatim
770 2838 1105 2909 implebatur,
1142 2838 1267 2893 illud
1298 2840 1519 2903 scilicet,
1555 2839 1727 2909 Major
1746 2857 1856 2895 ser-

263 2930 374 2984 viet
406 2930 606 2984 minari.
647 2927 781 2984 Vide
814 2929 954 2983 enim
1001 2927 1199 2983 statim.
1224 2926 1313 2984 29.
1344 2926 1509 2994 Coxit,
1558 2929 1857 3000 iuquit,Ja-

259 3023 368 3077 σοὺ
400 3023 672 3076 coctionem
705 3037 726 3076 :
748 3022 879 3075 venit
919 3028 1087 3075 autem
1117 3019 1256 3075 Emi
1292 3036 1561 3091 escainpo
1598 3021 1853 3089 deﬁciens.

258 3112 366 3169 30.
396 3110 465 3166 Et
487 3112 615 3165 dixit
634 3109 776 3165 Emi
801 3110 869 3164 ad
896 3107 1065 3165 Jacob
1090 3124 1111 3163 :
1143 3106 1251 3163 Fac
1276 3126 1355 3164 me
1380 3119 1584 3182 gustare
1607 3109 1671 3165 de
1684 3111 1858 3166 edulio

261 3207 372 3259 hoc
413 3207 548 3275 rufo,
590 3204 712 3274 quia
754 3201 955 3270 deﬁcio.
1001 3200 1279 3271 Propterea
1312 3210 1541 3255 vocatum
1578 3209 1649 3255 est
1678 3218 1859 3257 nomen

256 3297 408 3367 ejus,
438 3294 655 3349 Edom’.
681 3293 771 3348 3i.
803 3291 871 3346 Et
904 3291 1032 3346 dixit
1066 3289 1229 3345 Jacob
1257 3306 1276 3345 :
1304 3291 1387 3345 Da
1414 3293 1538 3345 mihi
1579 3292 1731 3347 ltodie
1754 3294 1860 3365 pri-

196 3400 199 3411 '
259 3386 525 3456 mogenita
550 3394 658 3439 tua.
681 3383 776 3439 Ille
793 3392 971 3437 autem
998 3380 1129 3436 dixit
1152 3397 1168 3435 :
1196 3380 1332 3448 Quid
1362 3382 1489 3435 mihi
1530 3382 1675 3437 hisce
1702 3398 1856 3453 opus,

257 3492 398 3533 cum
418 3491 562 3533 mors
570 3476 681 3546 jam
702 3491 788 3531 me
808 3473 1038 3541 invadat,
1056 3472 1158 3528 nisi
1175 3487 1432 3544 accepero
1450 3474 1626 3528 cibum
1650 3476 1720 3545 (υ.
1739 3476 1860 3544 32)?

260 3569 427 3624 Alius
446 3576 621 3622 autem
645 3568 1005 3636 juramentum
1029 3563 1290 3635 exigebat,
1318 3571 1377 3618 ut
1402 3564 1608 3619 stabilis
1631 3566 1679 3620 ei
1706 3565 1861 3620 ﬁeret

248 3662 371 3716 illa
398 3660 690 3715 concessio.
715 3658 808 3714 55.
834 3654 906 3711 Et
920 3656 1135 3726 juraoit,
1169 3656 1359 3725 inquit,
1390 3653 1546 3709 Esau.
1582 3720 1585 3723 ἤ

349 3749 404 3804 2.
437 3749 574 3805 Ecce
610 3761 752 3803 nunc
783 3747 873 3803 hic
900 3748 1140 3803 inversus
1162 3755 1245 3800 est
1278 3744 1430 3812 ordo,
1458 3754 1513 3800 et
1537 3745 1859 3817 primogeni-

261 3856 415 3901 tum
440 3841 668 3913 dignitas
693 3840 905 3895 transiit
925 3824 1000 3893 ad
1024 3853 1147 3893 eum
1173 3838 1265 3908 qui
1300 3837 1495 3893 virtute
1522 3838 1683 3892 animi
1724 3853 1860 3909 pra:-

254 3934 531 4006 fulgebat.
556 3932 627 3987 Et
654 3931 898 3998 uendidit,
941 3930 1135 4001 inquit,
1166 3928 1307 3984 Esau
1352 3929 1686 3999 primogenita
1713 3944 1732 3981 :
1758 3929 1861 3983 hoc

250 4035 398 4093 ω,
440 4024 674 4082 vendidit
690 4022 795 4079 cibi
836 4021 1003 4093 gratia
1032 4019 1341 4090 dignitatem
1370 4035 1401 4072 a
1428 4027 1613 4074 natura
1642 4018 1740 4075 sibi
1765 4018 1860 4074 da.

257 4127 393 4174 tam
424 4134 437 4169 :
465 4115 582 4170 ideo
603 4122 659 4170 et
684 4111 955 4176 subdidit,
988 4111 1078 4167 54.
1110 4107 1177 4163 Et
1213 4110 1531 4180 parvipendit
1564 4106 1705 4163 Esau
1747 4110 1858 4181 pri-

249 4208 568 4280 congenitis;
605 4203 757 4277 quasi
794 4203 997 4263 diceret
1027 4220 1043 4257 :
1072 4201 1312 4272 ingratus
1349 4208 1463 4255 erat
1503 4214 1568 4255 ac
1609 4200 1859 4271 indignus

250 4314 370 4363 ea,
395 4312 550 4369 quam
578 4296 682 4351 sibi
719 4302 908 4349 natura
951 4290 1194 4356 dederat,
1220 4290 1497 4361 dignitate.
1523 4290 1637 4345 Hoc
1678 4299 1857 4345 autem

254 4398 453 4447 totum
476 4396 574 4449 est,
606 4396 666 4440 ut
685 4384 827 4440 illius
867 4382 1327 4438 demonstraretur
1356 4381 1590 4451 ingratus
1623 4380 1854 4447 animus,

246 4492 329 4539 et
364 4479 457 4535 Dei
480 4478 747 4533 oraculum
786 4474 1187 4544 adimpleretur.

352 4568 567 4624 Herulis
591 4565 838 4638 epilogus.
869 4563 943 4618 De
983 4569 1270 4633 contemptu
1314 4561 1617 4615 divitiarum.
1643 4590 1713 4602 __.
1733 4560 1857 4616 time

251 4658 555 4717 audientes
597 4657 863 4711 discamus
902 4669 1191 4723 numquam
1238 4651 1507 4721 negligere
1534 4651 1671 4705 dona
1697 4667 1724 4703 a
1750 4652 1858 4706 Deo

252 4750 438 4808 nobis
462 4749 599 4813 data,
633 4761 805 4816 neque
825 4754 1039 4815 propter
1079 4758 1236 4812 parva
1262 4752 1317 4795 et
1338 4742 1459 4794 vilia
1506 4756 1694 4811 magna
1740 4757 1859 4810 per-

253 4846 431 4900 dere.
448 4842 618 4905 Quare
643 4840 808 4904 enim,
831 4838 916 4892 dic
936 4836 1083 4901 mihi,
1104 4839 1374 4905 preposito
1396 4848 1560 4903 regno
1580 4835 1852 4900 mulorum,

251 4934 542 5004 bonisque
568 4932 670 4986 illis
699 4930 1071 4993 ineil'abilibus,
1091 4928 1160 4982 ita
1193 4928 1243 4981 in
1272 4926 1574 4981 divitiarum
1594 4926 1855 4996 cupidita-

250 5040 393 5087 tem
421 5024 727 5087 insanimus,
758 5030 814 5075 et
842 5030 1233 5086 momentanen,
1256 5034 1375 5089 qum
1396 5033 1537 5087 sa‘pc
1559 5035 1663 5072 non
1691 5033 1857 5088 usque

246 5118 339 5176 ad
362 5129 633 5184 vesperam
656 5118 983 5182 permanent,
1010 5112 1276 5179 perpetuis
1296 5125 1609 5184 semperque
1636 5112 1853 5165 duratu-

248 5213 351 5267 εἰς
400 5203 859 5278 praeterimusiEt
885 5201 1010 5273 quid
1052 5202 1152 5256 hac
1198 5203 1426 5256 amentia
1462 5203 1696 5256 deterius
1734 5218 1853 5260 esse

324 5325 348 5355 ι
385 5320 521 5378 Haec,
566 5328 612 5383 et
652 5318 843 5371 vocavit
881 5334 1050 5371 nomen
1090 5321 1195 5383 ejus
1237 5318 1391 5367 Jacob
1428 5321 1545 5382 (καὶ
1571 5319 1779 5383 iudicas
1805 5320 1861 5369 τὸ

241 5387 427 5443 Evoti:
464 5382 609 5431 αὐτοῦ
669 5383 911 5441 Ἰακώϐ),
962 5380 1143 5431 desunt
1185 5384 1235 5428 iu
1285 5380 1517 5443 Savil.‘t'_t
1568 5380 1862 5439 quibusdam

243 5441 647 5506 manuscriptls;
668 5447 720 5493 in
737 5444 885 5494 Coisl.
910 5452 1087 5506 autem;
1104 5444 1440 5502 reperiuntur.
1466 5441 1539 5490 Ob
1563 5444 1687 5506 hanc
1707 5445 1861 5502 ipsam

242 5519 470 5580 causam
506 5504 654 5580 modo
687 5504 1034 5580 supplevimus
1075 5504 1373 5580 hasuvoccs,
1406 5510 1451 5553 et
1476 5504 1659 5552 vorarit
1691 5517 1864 5554 nomen

242 5567 380 5635 ejus
408 5568 545 5618 Eszui.
572 5566 725 5636 (ὶτιίδιἱ
748 5564 801 5613 ei
832 5564 985 5613 Biblia
1008 5567 1228 5673 sagunti.
1433 5624 1441 5633 ,
1585 5623 1597 5632 ,

328 5634 355 5662 ί
389 5630 514 5687 Haec,
544 5644 590 5680 et
612 5630 745 5678 dixit
775 5626 901 5676 Esau
1029 5628 1063 5673 E
1102 5624 1406 5689 on_t,_de§unt
1431 5636 1477 5671 tn
1509 5622 1665 5689 ﬁnis].
1690 5626 1743 5689 e_t
1771 5620 1862 5689 Sa-

250 5661 358 5745 vii.
502 5668 514 5687 ’
529 5661 592 5741 Si:
986 5661 1095 5734 ἀ’ἷῖ
1433 5661 1665 5741 "ittl‘tl‘tt'tti;
1692 5661 1866 5745 71-035},

249 5756 399 5822 quod
422 5755 677 5820 expressit
701 5753 967 5812 interpres.

1332 357 1399 414 IN
1436 357 1590 413 CAP.
1632 353 1796 413 XXV.
1837 353 2082 413 GENES.
2126 353 2356 412 liOMlL.
2398 356 2463 410 L.

3459 367 3565 421 ιδο

1975 468 2175 537 possit?
2222 468 2434 540 quando
2473 477 2527 524 et
2575 469 2678 525 illis
2729 469 2998 542 privamur
3023 473 3091 529 ob
3118 475 3341 531 nimium
3372 479 3422 532 in
3450 478 3564 536 luce

1973 574 2234 623 amorem,
2262 570 2316 616 et
2342 577 2629 633 numquam
2680 563 2762 617 his
2788 563 2889 619 frui
2931 581 3062 636 pure
3100 583 3403 638 possumus.
3434 574 3564 640 Qum

1975 650 2135 716 enim,
2165 666 2366 719 quaeso,
2395 654 2590 707 utilitas
2632 670 2942 725 magnarum
2987 656 3331 716 facultatum?
3355 665 3437 718 An
3464 680 3562 720 ne-

1971 739 2119 794 scitis
2146 744 2505 798 accessionem
2549 747 2829 801 multarum
2866 750 3210 817 pecuniarum
3240 754 3369 809 nihil
3416 758 3560 813 aliud

1973 828 2126 917 nobis
2168 830 2380 897 afferre,
2410 850 2567 903 quam
2607 851 2853 892 curarunt
2872 840 3222 910 incrementa,
3253 848 3561 917 occupatio-

1973 914 2067 977 nes
2097 925 2309 991 mcntis,
2333 936 2388 981 et
2416 928 2657 998 vigilias?
2686 930 2800 985 Non
2844 932 3033 988 videtis
3064 934 3162 990 hos
3200 914 3438 994 omnium
3467 957 3564 1010 po-

1974 1014 2256 1101 tissimum,
2312 1028 2368 1070 ut
2411 1020 2481 1071 ita
2520 1018 2714 1089 dicam,
2759 1036 2947 1078 servos
2987 1030 3364 1098 csse,,quibus
3411 1033 3561 1101 plura

1970 1100 2242 1191 afﬂuunt,
2278 1115 2334 1161 et
2377 1109 2613 1177 quotidie
2669 1113 2883 1167 umbras
2941 1115 3083 1183 ipsas
3139 1118 3380 1191 timent?
3414 1100 3563 1177 inde

1969 1194 2112 1249 enim
2148 1209 2438 1254 nascuntur
2476 1200 2681 1256 insidia:
2701 1244 2716 1270 ,
2742 1205 3054 1275 invidentia,
3086 1190 3265 1264 odium
3295 1228 3477 1282 grave,
3506 1215 3563 1270 et

1969 1284 2247 1374 innumera
2287 1289 2388 1343 alia
2435 1293 2594 1346 mala.
2631 1295 2694 1348 Et
2722 1310 2864 1365 saepe
2911 1299 3061 1354 vides
3107 1318 3233 1356 eum
3270 1306 3359 1374 qni
3398 1304 3559 1362 habet

1969 1373 2154 1429 decem
2191 1378 2351 1433 millia
2398 1381 2735 1457 talentaauri
2781 1390 3073 1455 recondita,
3103 1373 3316 1449 beatum
3364 1413 3562 1454 vocare

1968 1480 2089 1519 cum
2135 1469 2225 1538 qui
2267 1469 2320 1523 in
2363 1472 2572 1527 officina
2616 1487 2886 1545 operatur,
2922 1492 2974 1535 et
2999 1496 3065 1536 ex
3093 1484 3272 1541 labore
3301 1500 3559 1545 manuum

1964 1556 2147 1612 cibum
2195 1570 2366 1629 parat.
2412 1565 2593 1630 Qualis
2640 1568 2799 1637 igitur
2848 1572 3114 1642 voluptas,
3151 1586 3244 1632 aut
3285 1581 3443 1650 quale
3475 1583 3557 1638 lu-

1966 1661 2138 1717 crum,
2154 1654 2366 1722 quando
2389 1668 2562 1726 neque
2589 1660 2669 1713 his
2692 1662 3001 1730 fruimur,et
3029 1678 3245 1739 propter
3266 1674 3403 1729 hanc
3426 1691 3558 1731 cou-

1964 1746 2348 1810 cupiscontiam
2374 1747 2535 1801 etiam
2563 1752 2853 1819 majoribus
2879 1758 3181 1824 privamur?
3205 1764 3340 1827 Quid
3378 1775 3557 1821 autem

1965 1831 2086 1926 dico
2108 1835 2419 1905 majoribus,
2444 1841 2656 1909 quando
2683 1858 2802 1898 eum
2827 1847 2979 1902 malis
3002 1867 3068 1919 qn
3088 1867 3117 1903 e
3138 1852 3222 1907 hic
3244 1871 3339 1909 nos
3359 1870 3554 1926 appre-

1964 1922 2221 2014 hendunt,
2251 1937 2355 1983 eta
2383 1930 2539 1986 bouis
2586 1950 2704 2003 qua:
2752 1939 2823 1992 ibi
2867 1950 2991 1994 sunt
3035 1944 3348 2014 excidimus,
3487 1953 3554 2005 ad

1964 2013 2261 2084 gehennam
2282 2020 2451 2088 ipsam
2471 2024 2762 2081 mittimur?
2786 2029 2847 2083 Et
2880 2034 3113 2089 nonduin
3137 2037 3255 2091 dico
3279 2013 3553 2099 innumera

1966 2118 2323 2203 peccata-qua:
2354 2112 2480 2168 hinc
2506 2117 2846 2192 colliguntur,
2878 2123 3052 2190 dolos,
3070 2128 3383 2198 calumnias,
3408 2136 3554 2203 rapi-

1964 2212 2062 2251 nas
2089 2209 2141 2254 et
2172 2200 2403 2258 fraudes.
2454 2205 2648 2262 Verum
2689 2212 2896 2267 etiamsi
2924 2216 3043 2283 quis
3070 2219 3137 2270 ab
3163 2221 3409 2278 omnibus
3448 2200 3553 2278 illis

1966 2286 2136 2383 liber,
2176 2290 2244 2346 id.
2272 2293 2413 2361 quod
2456 2309 2717 2366 perquam
2756 2300 2972 2357 difﬁcile
3015 2315 3068 2358 et
3113 2322 3322 2374 rarum,
3362 2312 3553 2383 opibus

1962 2380 2217 2450 abundet,
2247 2392 2301 2438 et
2333 2386 2444 2454 ipse
2490 2388 2638 2442 solus
2665 2391 2744 2445 eis
2774 2401 2972 2460 utatur,
3006 2406 3059 2449 ct
3084 2412 3177 2452 eas
3202 2415 3325 2454 cum
3362 2380 3430 2457 iis
3461 2406 3551 2475 qui

1963 2485 2097 2541 opus
2140 2473 2339 2529 habent
2381 2491 2488 2531 non
2533 2479 2677 2550 large
2704 2487 3092 2552 communicet,
3125 2504 3246 2544 eum
3289 2473 3552 2562 gehennae

1964 2562 2101 2633 ignis
2129 2567 2375 2637 excipiet.
2405 2569 2555 2636 Quod
2582 2588 2680 2627 nos
2704 2574 2987 2632 manifeste
3025 2579 3183 2635 docet
3220 2585 3473 2653 parabole
3495 2588 3551 2643 in

1963 2658 2253 2732 Evangelio
2297 2665 2486 2732 pesita,
2532 2682 2656 2721 cum
2699 2672 2881 2725 statuit
2906 2673 3038 2727 alios
3064 2675 3340 2745 adextris,
3370 2681 3551 2738 aliosa

1962 2754 2192 2811 sinistris
2224 2773 2237 2809 :
2274 2756 2480 2827 illisque
2502 2759 2638 2814 dixit
2664 2774 3020 2832 praeparatum
3049 2782 3170 2824 esse
3198 2783 3422 2841 regnum
3446 2789 3554 2829 ctu-

1962 2844 2136 2900 lornm
2161 2846 2231 2901 ob
2255 2863 2436 2903 curam
2477 2852 2659 2920 egenis
2690 2854 2982 2923 impensam
3011 2875 3023 2909 :
3067 2856 3239 2915 Venite
3277 2864 3442 2930 enim,
3466 2864 3551 2919 iu-

1963 2936 2093 3004 quit,
2124 2936 2368 2991 benedicti
2390 2937 2564 2995 Patris
2588 2943 2704 3009 mei,
2732 2945 2783 2997 in
2812 2945 3137 3004 hereditatem
3177 2955 3390 3023 accipite
3416 2971 3553 3025 prc-

1964 3030 2350 3117 paratumoobis
2375 3047 2582 3102 regnum
2600 3033 2662 3086 ab
2685 3036 2877 3107 origine
2896 3040 3070 3092 mundi
3096 3041 3303 3111 (Hdt/1.
3324 3043 3415 3099 25.
3434 3048 3549 3117 54).

1962 3115 2069 3172 Cur
2086 3127 2141 3173 et
2177 3136 2280 3191 qua
2317 3122 2387 3177 de
2428 3125 2627 3179 causa?
2665 3124 2868 3181 Esurivi
2903 3130 3056 3196 enim,
3092 3144 3140 3186 et
3180 3134 3387 3191 dedistis
3427 3115 3551 3193 milii

1963 3204 2222 3267 comedere
2266 3212 2424 3284 (lbid.
2464 3232 2511 3268 υ.
2560 3217 2672 3287 55).
2709 3216 2805 3272 His
2845 3234 2972 3275 vero
3020 3222 3192 3292 ignem
3241 3235 3548 3285 internum:

1964 3300 2091 3355 dicit
2108 3302 2252 3356 enim
2276 3323 2289 3358 :
2316 3302 2605 3359 Disceditea
2617 3323 2715 3371 me,
2732 3308 3017 3377 maledicti,
3031 3313 3086 3367 in
3102 3313 3273 3383 ignem
3282 3326 3547 3386 internum,

1962 3394 2047 3461 qui
2071 3404 2388 3463 preparatus
2412 3404 2485 3448 est
2514 3394 2715 3451 diabolo
2745 3407 2790 3449 et
2816 3402 3009 3469 angelis
3036 3407 3147 3469 ejus
3169 3404 3329 3474 (Ibid.
3357 3424 3405 3461 υ.
3433 3410 3549 3479 Η).

1964 3482 2210 3553 Magnum
2239 3487 2385 3540 verbi
2425 3488 2639 3556 pondus
2666 3506 2679 3541 :
2708 3492 2946 3545 omnium
2990 3493 3245 3551 Dominus
3272 3510 3327 3553 et
3352 3502 3551 3557 Condi-

1964 3582 2047 3629 tor
2066 3575 2221 3629 dicitI
2246 3592 2261 3628 :
2284 3574 2505 3643 Esuriui,
2525 3587 2570 3630 et
2604 3594 2704 3632 non
2720 3581 2925 3635 dedistis
2952 3584 3076 3637 mihi
3104 3590 3361 3643 comedere
3384 3592 3548 3663 (Ibid.

1964 3680 2011 3719 υ.
2056 3664 2171 3736 42).
2217 3666 2382 3757 Cujus
2421 3668 2656 3724 animam
2703 3686 2807 3725 non
2855 3676 3143 3731 movebunt
3186 3678 3302 3735 tunc
3346 3686 3506 3740 verba
3532 3732 3544 3755 ,

1962 3759 2169 3813 etiamsi
2199 3759 2403 3828 lapidea
2433 3761 2534 3814 sit?
2558 3761 2809 3817 Dominus
2853 3773 2973 3820 tuus
3013 3769 3257 3825 esuriens
3294 3772 3550 3831 obambu-

1962 3848 2056 3915 lat,
2084 3857 2139 3903 et
2164 3860 2217 3903 tu
2233 3864 2292 3904 es
2314 3850 2367 3904 in
2396 3850 2639 3907 deliciis:
2668 3869 2841 3924 neque
2871 3856 2972 3911 hoc
2992 3860 3185 3925 solum,
3209 3865 3301 3918 sed
3332 3865 3384 3917 in
3412 3866 3551 3921 deli-

1962 3940 2060 3994 ciis
2106 3940 2275 4010 ipsum
2305 3942 2567 4010 despicis;
2601 3947 2809 3998 tametsi
2853 3961 2957 4001 non
2988 3952 3213 4006 multum
3251 3954 3319 4008 sit
3349 3958 3493 4026 quod
3517 3973 3549 4012 a

1964 4041 2015 4087 te
2047 4034 2209 4103 petit;
2244 4048 2435 4103 nempe
2461 4048 2651 4103 panem
2668 4038 2859 4103 solum,
2875 4054 2980 4109 quo
3001 4040 3197 4097 famem
3224 4050 3391 4114 possit
3416 4051 3547 4104 sub-

1964 4123 2161 4179 levare.
2192 4124 2258 4178 Et
2284 4124 2398 4195 ipse
2421 4126 2638 4196 quidem
2665 4128 2859 4198 frigore
2900 4133 3171 4201 rigesccns
3200 4138 3510 4195 obambulat
3530 4182 3546 4206 .

1964 4224 2019 4270 tu
2049 4227 2227 4270 autem
2256 4217 2442 4272 sericis
2465 4218 2681 4274 indutus
2708 4236 2773 4275 ne
2800 4224 3020 4292 respicis
3046 4226 3292 4294 quidem,
3348 4233 3548 4289 nullam

1961 4310 2485 4364 eommiserationem
2512 4320 2624 4380 pra:
2669 4321 2720 4365 te
2757 4312 2884 4378 fers,
2914 4316 3009 4369 sed
3058 4318 3550 4381 immisericorditer

1965 4401 2221 4469 prattcris.
2245 4399 2311 4454 Et
2325 4414 2427 4469 qua
2441 4402 2592 4455 venia
2610 4413 2733 4456 sunt
2756 4403 2869 4457 hac
2885 4404 3040 4475 digna
3058 4407 3172 4463 iNe
3184 4410 3341 4480 igitur
3356 4414 3425 4467 sit
3447 4414 3551 4474 hoc

1963 4490 2201 4547 studium
2218 4502 2476 4557 nostrum,
2531 4503 2587 4545 ut
2614 4494 2810 4548 multas
2854 4497 3127 4565 quibusvis
3169 4503 3374 4559 artibus
3418 4522 3551 4577 Opes

1961 4586 2334 4653 conquiramus
2367 4602 2379 4637 :
2408 4585 2501 4638 sed
2531 4585 2655 4639 illud
2690 4589 2739 4639 in
2760 4602 2923 4658 scepo
2947 4589 3255 4658 habeamus,
3279 4600 3551 4665 quomodo

1964 4686 2012 4731 ct
2045 4678 2155 4727 hmo
2187 4677 2321 4729 bene
2351 4676 2718 4745 disponamus,
2765 4689 2821 4731 ct
2866 4680 3048 4747 egenis
3095 4686 3551 4745 consulamuszet

1963 4784 2030 4823 ne
2057 4768 2251 4822 abillis
2277 4768 2585 4823 excidemus
2623 4786 2744 4839 qua:
2787 4783 3016 4839 semper
3043 4787 3294 4843 manent,
3334 4782 3388 4832 e't
3427 4797 3548 4849 qua:

1963 4860 2164 4915 nullam
2189 4859 2476 4914 admittunt
2501 4860 2922 4915 vicissitudinem
2937 4879 2998 4916 ac
3014 4868 3383 4923 mutationem.
3403 4872 3481 4938 Qu
3491 4889 3551 4925 o-

1964 4954 2101 5008 circa
2133 4953 2274 5007 diem
2294 4953 2483 5007 mortis
2511 4964 2706 5007 nostra:
2738 4956 3000 5011 incertum
3025 4974 3144 5013 esse
3172 4962 3336 5015 voluit
3369 4964 3553 5018 Domi-

1962 5062 2095 5109 nus,
2130 5057 2185 5099 ut
2214 5062 2310 5100 nos
2341 5057 2663 5116 praepararet
2690 5048 2755 5100 ad
2785 5048 3089 5105 continuam
3124 5054 3467 5111 sobrietatem
3494 5069 3547 5112 et

1960 5136 2304 5208 vigilantiam,
2321 5148 2372 5190 et
2394 5138 2463 5191 ita
2482 5138 2649 5205 magis
2666 5137 2730 5190 ad
2754 5139 2960 5191 virtutis
2980 5142 3211 5195 studium
3233 5158 3332 5197 nos
3354 5159 3543 5213 provo-

1959 5241 2124 5284 caret.
2157 5229 2292 5283 Dicit
2315 5230 2495 5284 enim:
2537 5228 2772 5299 Yigilnte,
2803 5231 2922 5298 quia
2960 5232 3162 5286 nescitis
3203 5250 3361 5305 neque
3385 5237 3538 5300 diem,

1961 5335 2117 5387 neque
2139 5319 2316 5372 horam
2334 5317 2543 5389 (Matth.
2560 5317 2650 5374 25.
2676 5320 2782 5389 15).
2804 5320 2959 5388 Atqui
2984 5336 3079 5375 nos
3097 5323 3251 5389 plane
3269 5324 3538 5379 diversum

1960 5425 2261 5479 operantur.
2290 5421 2343 5464 et
2366 5409 2662 5464 dormimus
2690 5425 2878 5465 somno
2904 5414 3142 5481 graviore
3168 5429 3325 5484 quam
3356 5418 3425 5470 sit
3448 5433 3541 5472 na-

1962 5502 2145 5555 turalis
2173 5502 2280 5554 ille.
2310 5500 2441 5555 Nam
2467 5506 2553 5568 qui
2579 5503 2802 5556 naturali
2834 5518 3022 5557 somno
3047 5508 3293 5576 quiescit,
3320 5524 3417 5561 nec
3447 5510 3534 5562 bo-

2024 5721 2038 5749 ¹
2076 5716 2238 5777 OoisL,
2263 5716 2471 5767 euntium
2496 5717 2739 5775 conditor,
2764 5717 2973 5767 omnium
2999 5718 3212 5782 largitor
3236 5715 3378 5769 dicit.
