  <div class='ocr_page' id='page_1' title='image "/cluster/home/n/w/nwhite01/storage/ocr_20150623/54/pst.000005712533/079.png"; bbox 0 0 4178 6328; ppageno 0'>
   <div class='ocr_carea' id='block_1_1' title="bbox 681 389 777 443">
    <p class='ocr_par' dir='ltr' id='par_1_1' title="bbox 681 389 777 443">
     <span class='ocr_line' id='line_1_1' title="bbox 681 389 777 443; baseline 0 0"><span class='ocrx_word' id='word_1_1' title='bbox 681 389 777 443; x_wconf 64' lang='grc' dir='ltr'><strong>ιω</strong></span> 
     </span>
    </p>
   </div>
   <div class='ocr_carea' id='block_1_2' title="bbox 678 484 2238 566">
    <p class='ocr_par' dir='ltr' id='par_1_2' title="bbox 678 484 2238 566">
     <span class='ocr_line' id='line_1_2' title="bbox 678 484 2238 566; baseline -0.017 -9"><span class='ocrx_word' id='word_1_2' title='bbox 678 516 827 566; x_wconf 90' lang='lat' dir='ltr'><strong>num,</strong></span> <span class='ocrx_word' id='word_1_3' title='bbox 859 514 952 554; x_wconf 90' lang='lat' dir='ltr'><strong>nec</strong></span> <span class='ocrx_word' id='word_1_4' title='bbox 983 496 1177 551; x_wconf 77' lang='lat' dir='ltr'><strong>malum</strong></span> <span class='ocrx_word' id='word_1_5' title='bbox 1207 499 1454 559; x_wconf 78' lang='lat' dir='ltr'><strong>operatur</strong></span> <span class='ocrx_word' id='word_1_6' title='bbox 1483 509 1496 544; x_wconf 93' lang='lat'>:</span> <span class='ocrx_word' id='word_1_7' title='bbox 1538 504 1635 544; x_wconf 89' lang='lat' dir='ltr'><strong>nos</strong></span> <span class='ocrx_word' id='word_1_8' title='bbox 1682 496 1855 541; x_wconf 88' lang='lat' dir='ltr'><strong>autem</strong></span> <span class='ocrx_word' id='word_1_9' title='bbox 1898 484 2006 538; x_wconf 85' lang='lat' dir='ltr'><strong>alio</strong></span> <span class='ocrx_word' id='word_1_10' title='bbox 2052 496 2238 544; x_wconf 67' lang='lat' dir='ltr'><strong>somno</strong></span> 
     </span>
    </p>
   </div>
   <div class='ocr_carea' id='block_1_3' title="bbox 663 568 2240 648">
    <p class='ocr_par' dir='ltr' id='par_1_3' title="bbox 663 568 2240 648">
     <span class='ocr_line' id='line_1_3' title="bbox 663 568 2240 648; baseline -0.013 -6"><span class='ocrx_word' id='word_1_11' title='bbox 663 589 994 648; x_wconf 80' lang='lat' dir='ltr'><strong>dormimus,</strong></span> <span class='ocrx_word' id='word_1_12' title='bbox 1027 568 1349 638; x_wconf 83' lang='lat' dir='ltr'><strong>dormientes</strong></span> <span class='ocrx_word' id='word_1_13' title='bbox 1377 579 1444 634; x_wconf 89' lang='lat' dir='ltr'><strong>ad</strong></span> <span class='ocrx_word' id='word_1_14' title='bbox 1466 578 1696 643; x_wconf 84' lang='lat' dir='ltr'><strong>virtutis,</strong></span> <span class='ocrx_word' id='word_1_15' title='bbox 1725 575 2005 644; x_wconf 76' lang='lat' dir='ltr'><strong>vigilantes</strong></span> <span class='ocrx_word' id='word_1_16' title='bbox 2029 570 2095 626; x_wconf 89' lang='lat' dir='ltr'><strong>ad</strong></span> <span class='ocrx_word' id='word_1_17' title='bbox 2124 585 2240 624; x_wconf 87' lang='lat' dir='ltr'><strong>ma-</strong></span> 
     </span>
    </p>
   </div>
   <div class='ocr_carea' id='block_1_4' title="bbox 657 661 2244 748">
    <p class='ocr_par' dir='ltr' id='par_1_4' title="bbox 657 661 2244 748">
     <span class='ocr_line' id='line_1_4' title="bbox 657 661 2244 748; baseline -0.013 -13"><span class='ocrx_word' id='word_1_18' title='bbox 657 681 802 735; x_wconf 80' lang='lat' dir='ltr'><strong>litia:</strong></span> <span class='ocrx_word' id='word_1_19' title='bbox 817 693 1005 748; x_wconf 79' lang='lat' dir='ltr'><strong>opera,</strong></span> <span class='ocrx_word' id='word_1_20' title='bbox 1032 663 1231 730; x_wconf 75' lang='lat' dir='ltr'><strong>strenui</strong></span> <span class='ocrx_word' id='word_1_21' title='bbox 1260 674 1312 728; x_wconf 86' lang='lat' dir='ltr'><strong>in</strong></span> <span class='ocrx_word' id='word_1_22' title='bbox 1346 672 1515 735; x_wconf 89' lang='lat' dir='ltr'><strong>malis,</strong></span> <span class='ocrx_word' id='word_1_23' title='bbox 1548 665 1758 725; x_wconf 83' lang='lat' dir='ltr'><strong>desides</strong></span> <span class='ocrx_word' id='word_1_24' title='bbox 1782 669 1832 721; x_wconf 90' lang='lat' dir='ltr'><strong>in</strong></span> <span class='ocrx_word' id='word_1_25' title='bbox 1863 664 2014 720; x_wconf 89' lang='lat' dir='ltr'><strong>bonis</strong></span> <span class='ocrx_word' id='word_1_26' title='bbox 2042 681 2056 717; x_wconf 94' lang='lat'><strong>:</strong></span> <span class='ocrx_word' id='word_1_27' title='bbox 2087 661 2244 730; x_wconf 88' lang='lat' dir='ltr'><strong>idque</strong></span> 
     </span>
    </p>
   </div>
   <div class='ocr_carea' id='block_1_5' title="bbox 676 755 2244 836">
    <p class='ocr_par' dir='ltr' id='par_1_5' title="bbox 676 755 2244 836">
     <span class='ocr_line' id='line_1_5' title="bbox 676 755 2244 836; baseline -0.014 -9"><span class='ocrx_word' id='word_1_28' title='bbox 676 772 901 830; x_wconf 76' lang='lat' dir='ltr'><strong>facimus</strong></span> <span class='ocrx_word' id='word_1_29' title='bbox 920 769 1162 822; x_wconf 88' lang='lat' dir='ltr'><strong>videntes</strong></span> <span class='ocrx_word' id='word_1_30' title='bbox 1185 765 1419 836; x_wconf 85' lang='lat' dir='ltr'><strong>quotidie</strong></span> <span class='ocrx_word' id='word_1_31' title='bbox 1447 763 1638 818; x_wconf 88' lang='lat' dir='ltr'><strong>multos</strong></span> <span class='ocrx_word' id='word_1_32' title='bbox 1662 759 1783 812; x_wconf 92' lang='lat' dir='ltr'><strong>hinc</strong></span> <span class='ocrx_word' id='word_1_33' title='bbox 1801 755 2244 822; x_wconf 87' lang='lat' dir='ltr'><strong>abduci,magnas</strong></span> 
     </span>
    </p>
   </div>
   <div class='ocr_carea' id='block_1_6' title="bbox 676 845 2244 926">
    <p class='ocr_par' dir='ltr' id='par_1_6' title="bbox 676 845 2244 926">
     <span class='ocr_line' id='line_1_6' title="bbox 676 845 2244 926; baseline -0.014 -7"><span class='ocrx_word' id='word_1_34' title='bbox 676 874 853 919; x_wconf 87' lang='lat' dir='ltr'><strong>autem</strong></span> <span class='ocrx_word' id='word_1_35' title='bbox 878 862 1098 917; x_wconf 86' lang='lat' dir='ltr'><strong>aliorum</strong></span> <span class='ocrx_word' id='word_1_36' title='bbox 1120 874 1237 913; x_wconf 87' lang='lat' dir='ltr'><strong>esse</strong></span> <span class='ocrx_word' id='word_1_37' title='bbox 1266 861 1314 911; x_wconf 91' lang='lat' dir='ltr'><strong>in</strong></span> <span class='ocrx_word' id='word_1_38' title='bbox 1346 853 1589 926; x_wconf 64' lang='lat' dir='ltr'><strong>praesenti</strong></span> <span class='ocrx_word' id='word_1_39' title='bbox 1618 851 1722 904; x_wconf 85' lang='lat' dir='ltr'><strong>vita</strong></span> <span class='ocrx_word' id='word_1_40' title='bbox 1746 845 2166 904; x_wconf 77' lang='lat' dir='ltr'><strong>vicissitudines:</strong></span> <span class='ocrx_word' id='word_1_41' title='bbox 2187 850 2244 897; x_wconf 86' lang='lat' dir='ltr'><strong>et</strong></span> 
     </span>
    </p>
   </div>
   <div class='ocr_carea' id='block_1_7' title="bbox 677 940 2243 1025">
    <p class='ocr_par' dir='ltr' id='par_1_7' title="bbox 677 940 2243 1025">
     <span class='ocr_line' id='line_1_7' title="bbox 677 940 2243 1025; baseline -0.013 -16"><span class='ocrx_word' id='word_1_42' title='bbox 677 969 845 1025; x_wconf 85' lang='lat' dir='ltr'><strong>neque</strong></span> <span class='ocrx_word' id='word_1_43' title='bbox 859 963 999 1008; x_wconf 87' lang='lat' dir='ltr'><strong>tanta</strong></span> <span class='ocrx_word' id='word_1_44' title='bbox 1015 965 1190 1006; x_wconf 89' lang='lat' dir='ltr'><strong>rerum</strong></span> <span class='ocrx_word' id='word_1_45' title='bbox 1211 945 1584 1015; x_wconf 71' lang='lat' dir='ltr'><strong>intequahilitas</strong></span> <span class='ocrx_word' id='word_1_46' title='bbox 1597 942 1660 996; x_wconf 87' lang='lat' dir='ltr'><strong>ad</strong></span> <span class='ocrx_word' id='word_1_47' title='bbox 1679 940 1884 995; x_wconf 88' lang='lat' dir='ltr'><strong>virtutis</strong></span> <span class='ocrx_word' id='word_1_48' title='bbox 1899 950 2132 991; x_wconf 87' lang='lat' dir='ltr'><strong>amorem</strong></span> <span class='ocrx_word' id='word_1_49' title='bbox 2147 947 2243 989; x_wconf 85' lang='lat' dir='ltr'><strong>nos</strong></span> 
     </span>
    </p>
   </div>
   <div class='ocr_carea' id='block_1_8' title="bbox 675 1028 2244 1111">
    <p class='ocr_par' dir='ltr' id='par_1_8' title="bbox 675 1028 2244 1111">
     <span class='ocr_line' id='line_1_8' title="bbox 675 1028 2244 1111; baseline -0.013 -13"><span class='ocrx_word' id='word_1_50' title='bbox 675 1044 938 1100; x_wconf 73' lang='lat' dir='ltr'><strong>adducere</strong></span> <span class='ocrx_word' id='word_1_51' title='bbox 978 1048 1165 1111; x_wconf 87' lang='lat' dir='ltr'><strong>potest,</strong></span> <span class='ocrx_word' id='word_1_52' title='bbox 1190 1052 1358 1109; x_wconf 84' lang='lat' dir='ltr'><strong>neque</strong></span> <span class='ocrx_word' id='word_1_53' title='bbox 1378 1033 1623 1105; x_wconf 80' lang='lat' dir='ltr'><strong>disponit</strong></span> <span class='ocrx_word' id='word_1_54' title='bbox 1651 1037 1710 1086; x_wconf 91' lang='lat' dir='ltr'><strong>ut</strong></span> <span class='ocrx_word' id='word_1_55' title='bbox 1731 1028 2084 1099; x_wconf 88' lang='lat' dir='ltr'><strong>despiciamus</strong></span> <span class='ocrx_word' id='word_1_56' title='bbox 2107 1039 2244 1093; x_wconf 69' lang='lat' dir='ltr'><strong>prae-</strong></span> 
     </span>
    </p>
   </div>
   <div class='ocr_carea' id='block_1_9' title="bbox 676 1114 2242 1201">
    <p class='ocr_par' dir='ltr' id='par_1_9' title="bbox 676 1114 2242 1201">
     <span class='ocr_line' id='line_1_9' title="bbox 676 1114 2242 1201; baseline -0.013 -13"><span class='ocrx_word' id='word_1_57' title='bbox 676 1136 872 1201; x_wconf 86' lang='lat' dir='ltr'><strong>sentia,</strong></span> <span class='ocrx_word' id='word_1_58' title='bbox 886 1143 938 1188; x_wconf 92' lang='lat' dir='ltr'><strong>ct</strong></span> <span class='ocrx_word' id='word_1_59' title='bbox 952 1114 1312 1186; x_wconf 87' lang='lat' dir='ltr'><strong>desideremus</strong></span> <span class='ocrx_word' id='word_1_60' title='bbox 1347 1125 1538 1188; x_wconf 85' lang='lat' dir='ltr'><strong>futura,</strong></span> <span class='ocrx_word' id='word_1_61' title='bbox 1558 1119 2000 1193; x_wconf 56' lang='lat' dir='ltr'><strong>pravfcramnsqne</strong></span> <span class='ocrx_word' id='word_1_62' title='bbox 2020 1114 2242 1170; x_wconf 86' lang='lat' dir='ltr'><strong>somniis</strong></span> 
     </span>
    </p>
   </div>
   <div class='ocr_carea' id='block_1_10' title="bbox 664 1203 2241 1279">
    <p class='ocr_par' dir='ltr' id='par_1_10' title="bbox 664 1203 2241 1279">
     <span class='ocr_line' id='line_1_10' title="bbox 664 1203 2241 1279; baseline -0.015 1"><span class='ocrx_word' id='word_1_63' title='bbox 664 1234 729 1279; x_wconf 78' lang='lat' dir='ltr'><strong>et</strong></span> <span class='ocrx_word' id='word_1_64' title='bbox 751 1225 947 1278; x_wconf 72' lang='lat' dir='ltr'><strong>umbra:</strong></span> <span class='ocrx_word' id='word_1_65' title='bbox 969 1221 1264 1275; x_wconf 80' lang='lat' dir='ltr'><strong>veritatem.</strong></span> <span class='ocrx_word' id='word_1_66' title='bbox 1293 1215 1407 1270; x_wconf 81' lang='lat' dir='ltr'><strong>Non</strong></span> <span class='ocrx_word' id='word_1_67' title='bbox 1433 1214 1570 1267; x_wconf 85' lang='lat' dir='ltr'><strong>enim</strong></span> <span class='ocrx_word' id='word_1_68' title='bbox 1595 1208 1840 1266; x_wconf 82' lang='lat' dir='ltr'><strong>dill‘erunt</strong></span> <span class='ocrx_word' id='word_1_69' title='bbox 1866 1205 2144 1278; x_wconf 75' lang='lat' dir='ltr'><strong>pnesentia</strong></span> <span class='ocrx_word' id='word_1_70' title='bbox 2173 1203 2241 1256; x_wconf 87' lang='lat' dir='ltr'><strong>ab</strong></span> 
     </span>
    </p>
   </div>
   <div class='ocr_carea' id='block_1_11' title="bbox 677 1302 2242 1370">
    <p class='ocr_par' dir='ltr' id='par_1_11' title="bbox 677 1302 2242 1370">
     <span class='ocr_line' id='line_1_11' title="bbox 677 1302 2242 1370; baseline -0.012 -2"><span class='ocrx_word' id='word_1_71' title='bbox 677 1315 878 1370; x_wconf 86' lang='lat' dir='ltr'><strong>umbris</strong></span> <span class='ocrx_word' id='word_1_72' title='bbox 915 1323 969 1367; x_wconf 89' lang='lat' dir='ltr'><strong>et</strong></span> <span class='ocrx_word' id='word_1_73' title='bbox 996 1311 1235 1366; x_wconf 87' lang='lat' dir='ltr'><strong>somniis.</strong></span> <span class='ocrx_word' id='word_1_74' title='bbox 1282 1306 1508 1362; x_wconf 84' lang='lat' dir='ltr'><strong>Proinde</strong></span> <span class='ocrx_word' id='word_1_75' title='bbox 1561 1319 1628 1359; x_wconf 90' lang='lat' dir='ltr'><strong>ne</strong></span> <span class='ocrx_word' id='word_1_76' title='bbox 1657 1302 1978 1370; x_wconf 73' lang='lat' dir='ltr'><strong>decipiemus</strong></span> <span class='ocrx_word' id='word_1_77' title='bbox 2011 1305 2242 1352; x_wconf 86' lang='lat' dir='ltr'><strong>nosmet-</strong></span> 
     </span>
    </p>
   </div>
   <div class='ocr_carea' id='block_1_12' title="bbox 676 1389 2242 1475">
    <p class='ocr_par' dir='ltr' id='par_1_12' title="bbox 676 1389 2242 1475">
     <span class='ocr_line' id='line_1_12' title="bbox 676 1389 2242 1475; baseline -0.011 -18"><span class='ocrx_word' id='word_1_78' title='bbox 676 1405 838 1475; x_wconf 86' lang='lat' dir='ltr'><strong>ipsos,</strong></span> <span class='ocrx_word' id='word_1_79' title='bbox 858 1416 1030 1473; x_wconf 88' lang='lat' dir='ltr'><strong>neque</strong></span> <span class='ocrx_word' id='word_1_80' title='bbox 1044 1409 1310 1457; x_wconf 84' lang='lat' dir='ltr'><strong>sectemur</strong></span> <span class='ocrx_word' id='word_1_81' title='bbox 1329 1397 1538 1452; x_wconf 83' lang='lat' dir='ltr'><strong>umbras</strong></span> <span class='ocrx_word' id='word_1_82' title='bbox 1556 1412 1570 1448; x_wconf 90' lang='lat'><strong>:</strong></span> <span class='ocrx_word' id='word_1_83' title='bbox 1588 1392 1681 1449; x_wconf 86' lang='lat' dir='ltr'><strong>sed</strong></span> <span class='ocrx_word' id='word_1_84' title='bbox 1699 1392 1779 1448; x_wconf 85' lang='lat' dir='ltr'><strong>vel</strong></span> <span class='ocrx_word' id='word_1_85' title='bbox 1795 1404 1914 1446; x_wconf 90' lang='lat' dir='ltr'><strong>sero</strong></span> <span class='ocrx_word' id='word_1_86' title='bbox 1931 1389 2142 1444; x_wconf 78' lang='lat' dir='ltr'><strong>tandem</strong></span> <span class='ocrx_word' id='word_1_87' title='bbox 2159 1401 2242 1441; x_wconf 84' lang='lat' dir='ltr'><strong>sa—</strong></span> 
     </span>
    </p>
   </div>
   <div class='ocr_carea' id='block_1_13' title="bbox 679 1481 2242 1554">
    <p class='ocr_par' dir='ltr' id='par_1_13' title="bbox 679 1481 2242 1554">
     <span class='ocr_line' id='line_1_13' title="bbox 679 1481 2242 1554; baseline -0.013 -5"><span class='ocrx_word' id='word_1_88' title='bbox 679 1498 799 1550; x_wconf 89' lang='lat' dir='ltr'><strong>lutis</strong></span> <span class='ocrx_word' id='word_1_89' title='bbox 813 1504 1006 1550; x_wconf 67' lang='lat' dir='ltr'><strong>nostra:</strong></span> <span class='ocrx_word' id='word_1_90' title='bbox 1026 1507 1206 1548; x_wconf 88' lang='lat' dir='ltr'><strong>curam</strong></span> <span class='ocrx_word' id='word_1_91' title='bbox 1226 1490 1534 1550; x_wconf 80' lang='lat' dir='ltr'><strong>habeamus,</strong></span> <span class='ocrx_word' id='word_1_92' title='bbox 1552 1496 1602 1540; x_wconf 87' lang='lat' dir='ltr'><strong>et</strong></span> <span class='ocrx_word' id='word_1_93' title='bbox 1615 1498 1742 1554; x_wconf 86' lang='lat' dir='ltr'><strong>opes</strong></span> <span class='ocrx_word' id='word_1_94' title='bbox 1759 1481 2110 1551; x_wconf 82' lang='lat' dir='ltr'><strong>indigentibus</strong></span> <span class='ocrx_word' id='word_1_95' title='bbox 2121 1494 2242 1533; x_wconf 83' lang='lat' dir='ltr'><strong>cva-</strong></span> 
     </span>
    </p>
   </div>
   <div class='ocr_carea' id='block_1_14' title="bbox 676 1567 2238 1655">
    <p class='ocr_par' dir='ltr' id='par_1_14' title="bbox 676 1567 2238 1655">
     <span class='ocr_line' id='line_1_14' title="bbox 676 1567 2238 1655; baseline -0.013 -13"><span class='ocrx_word' id='word_1_96' title='bbox 676 1600 919 1649; x_wconf 88' lang='lat' dir='ltr'><strong>cuemns,</strong></span> <span class='ocrx_word' id='word_1_97' title='bbox 966 1594 1022 1638; x_wconf 90' lang='lat' dir='ltr'><strong>nt</strong></span> <span class='ocrx_word' id='word_1_98' title='bbox 1062 1599 1159 1655; x_wconf 90' lang='lat' dir='ltr'><strong>pro</strong></span> <span class='ocrx_word' id='word_1_99' title='bbox 1207 1581 1312 1635; x_wconf 88' lang='lat' dir='ltr'><strong>illis</strong></span> <span class='ocrx_word' id='word_1_100' title='bbox 1354 1577 1882 1634; x_wconf 81' lang='lat' dir='ltr'><strong>remunerationema</strong></span> <span class='ocrx_word' id='word_1_101' title='bbox 1912 1567 2238 1626; x_wconf 79' lang='lat' dir='ltr'><strong>misericordi</strong></span> 
     </span>
    </p>
   </div>
   <div class='ocr_carea' id='block_1_15' title="bbox 681 1655 2239 1743">
    <p class='ocr_par' dir='ltr' id='par_1_15' title="bbox 681 1655 2239 1743">
     <span class='ocr_line' id='line_1_15' title="bbox 681 1655 2239 1743; baseline -0.013 -13"><span class='ocrx_word' id='word_1_102' title='bbox 681 1677 790 1730; x_wconf 91' lang='lat' dir='ltr'><strong>Deo</strong></span> <span class='ocrx_word' id='word_1_103' title='bbox 833 1676 1074 1743; x_wconf 82' lang='lat' dir='ltr'><strong>accipere</strong></span> <span class='ocrx_word' id='word_1_104' title='bbox 1121 1683 1419 1725; x_wconf 89' lang='lat' dir='ltr'><strong>mereamur</strong></span> <span class='ocrx_word' id='word_1_105' title='bbox 1458 1684 1470 1719; x_wconf 92' lang='lat'><strong>:</strong></span> <span class='ocrx_word' id='word_1_106' title='bbox 1512 1680 1613 1735; x_wconf 88' lang='lat' dir='ltr'><strong>qua</strong></span> <span class='ocrx_word' id='word_1_107' title='bbox 1656 1663 1808 1719; x_wconf 84' lang='lat' dir='ltr'><strong>nobis</strong></span> <span class='ocrx_word' id='word_1_108' title='bbox 1850 1660 2093 1714; x_wconf 90' lang='lat' dir='ltr'><strong>omnibus</strong></span> <span class='ocrx_word' id='word_1_109' title='bbox 2139 1655 2239 1711; x_wconf 84' lang='lat' dir='ltr'><strong>frui</strong></span> 
     </span>
    </p>
   </div>
   <div class='ocr_carea' id='block_1_16' title="bbox 673 1747 2240 1834">
    <p class='ocr_par' dir='ltr' id='par_1_16' title="bbox 673 1747 2240 1834">
     <span class='ocr_line' id='line_1_16' title="bbox 673 1747 2240 1834; baseline -0.013 -12"><span class='ocrx_word' id='word_1_110' title='bbox 673 1767 1014 1829; x_wconf 83' lang='lat' dir='ltr'><strong>concedatur,</strong></span> <span class='ocrx_word' id='word_1_111' title='bbox 1040 1763 1205 1834; x_wconf 85' lang='lat' dir='ltr'><strong>gratia</strong></span> <span class='ocrx_word' id='word_1_112' title='bbox 1249 1769 1306 1816; x_wconf 90' lang='lat' dir='ltr'><strong>et</strong></span> <span class='ocrx_word' id='word_1_113' title='bbox 1349 1755 1775 1813; x_wconf 84' lang='lat' dir='ltr'><strong>miserationibus</strong></span> <span class='ocrx_word' id='word_1_114' title='bbox 1821 1750 2029 1806; x_wconf 88' lang='lat' dir='ltr'><strong>Domini</strong></span> <span class='ocrx_word' id='word_1_115' title='bbox 2074 1747 2240 1803; x_wconf 85' lang='lat' dir='ltr'><strong>nostri</strong></span> 
     </span>
    </p>
   </div>
   <div class='ocr_carea' id='block_1_17' title="bbox 671 1837 2242 1926">
    <p class='ocr_par' dir='ltr' id='par_1_17' title="bbox 671 1837 2242 1926">
     <span class='ocr_line' id='line_1_17' title="bbox 671 1837 2242 1926; baseline -0.013 -14"><span class='ocrx_word' id='word_1_116' title='bbox 671 1855 797 1912; x_wconf 78' lang='lat' dir='ltr'><strong>Jesu</strong></span> <span class='ocrx_word' id='word_1_117' title='bbox 823 1853 1036 1918; x_wconf 83' lang='lat' dir='ltr'><strong>Christi,</strong></span> <span class='ocrx_word' id='word_1_118' title='bbox 1060 1867 1179 1926; x_wconf 87' lang='lat' dir='ltr'><strong>cum</strong></span> <span class='ocrx_word' id='word_1_119' title='bbox 1209 1865 1313 1920; x_wconf 84' lang='lat' dir='ltr'><strong>quo</strong></span> <span class='ocrx_word' id='word_1_120' title='bbox 1343 1848 1484 1902; x_wconf 83' lang='lat' dir='ltr'><strong>Patri</strong></span> <span class='ocrx_word' id='word_1_121' title='bbox 1506 1855 1560 1900; x_wconf 91' lang='lat' dir='ltr'><strong>et</strong></span> <span class='ocrx_word' id='word_1_122' title='bbox 1587 1843 1801 1914; x_wconf 79' lang='lat' dir='ltr'><strong>Spiritui</strong></span> <span class='ocrx_word' id='word_1_123' title='bbox 1828 1849 2012 1896; x_wconf 86' lang='lat' dir='ltr'><strong>sancto</strong></span> <span class='ocrx_word' id='word_1_124' title='bbox 2040 1839 2108 1893; x_wconf 85' lang='lat' dir='ltr'><strong>sit</strong></span> <span class='ocrx_word' id='word_1_125' title='bbox 2135 1837 2242 1907; x_wconf 85' lang='lat' dir='ltr'><strong>glo-</strong></span> 
     </span>
    </p>
   </div>
   <div class='ocr_carea' id='block_1_18' title="bbox 675 1927 2240 2015">
    <p class='ocr_par' dir='ltr' id='par_1_18' title="bbox 675 1927 2240 2015">
     <span class='ocr_line' id='line_1_18' title="bbox 675 1927 2240 2015; baseline -0.013 -14"><span class='ocrx_word' id='word_1_126' title='bbox 675 1948 773 2013; x_wconf 84' lang='lat' dir='ltr'><strong>ria,</strong></span> <span class='ocrx_word' id='word_1_127' title='bbox 805 1945 1104 2015; x_wconf 86' lang='lat' dir='ltr'><strong>imperium,</strong></span> <span class='ocrx_word' id='word_1_128' title='bbox 1143 1943 1329 2003; x_wconf 84' lang='lat' dir='ltr'><strong>honor,</strong></span> <span class='ocrx_word' id='word_1_129' title='bbox 1377 1952 1516 1992; x_wconf 87' lang='lat' dir='ltr'><strong>nunc</strong></span> <span class='ocrx_word' id='word_1_130' title='bbox 1551 1946 1601 1990; x_wconf 91' lang='lat' dir='ltr'><strong>et</strong></span> <span class='ocrx_word' id='word_1_131' title='bbox 1629 1949 1858 2005; x_wconf 85' lang='lat' dir='ltr'><strong>semper,</strong></span> <span class='ocrx_word' id='word_1_132' title='bbox 1891 1941 1943 1988; x_wconf 89' lang='lat' dir='ltr'><strong>et</strong></span> <span class='ocrx_word' id='word_1_133' title='bbox 1972 1933 2022 1985; x_wconf 90' lang='lat' dir='ltr'><strong>in</strong></span> <span class='ocrx_word' id='word_1_134' title='bbox 2049 1927 2240 1984; x_wconf 74' lang='lat' dir='ltr'><strong>smcula</strong></span> 
     </span>
    </p>
   </div>
   <div class='ocr_carea' id='block_1_19' title="bbox 675 2033 1230 2090">
    <p class='ocr_par' dir='ltr' id='par_1_19' title="bbox 675 2033 1230 2090">
     <span class='ocr_line' id='line_1_19' title="bbox 675 2033 1230 2090; baseline -0.011 -2"><span class='ocrx_word' id='word_1_135' title='bbox 675 2036 1011 2090; x_wconf 68' lang='lat' dir='ltr'><strong>smculorum.</strong></span> <span class='ocrx_word' id='word_1_136' title='bbox 1042 2033 1230 2087; x_wconf 82' lang='lat' dir='ltr'><strong>Amen.</strong></span> 
     </span>
    </p>
   </div>
   <div class='ocr_carea' id='block_1_20' title="bbox 1249 2155 1640 2218">
    <p class='ocr_par' dir='ltr' id='par_1_20' title="bbox 1249 2155 1640 2218">
     <span class='ocr_line' id='line_1_20' title="bbox 1249 2155 1640 2218; baseline -0.02 -2"><span class='ocrx_word' id='word_1_137' title='bbox 1249 2157 1527 2218; x_wconf 80' lang='lat' dir='ltr'><strong>HOMILIA</strong></span> <span class='ocrx_word' id='word_1_138' title='bbox 1557 2155 1640 2211; x_wconf 74' lang='grc' dir='ltr'><strong>ιι.</strong></span> 
     </span>
    </p>
   </div>
   <div class='ocr_carea' id='block_1_21' title="bbox 672 2282 2239 2365">
    <p class='ocr_par' dir='ltr' id='par_1_21' title="bbox 672 2282 2239 2365">
     <span class='ocr_line' id='line_1_21' title="bbox 672 2282 2239 2365; baseline -0.012 -13"><span class='ocrx_word' id='word_1_139' title='bbox 672 2299 834 2354; x_wconf 74' lang='lat' dir='ltr'><strong>Facta</strong></span> <span class='ocrx_word' id='word_1_140' title='bbox 877 2308 949 2352; x_wconf 81' lang='lat' dir='ltr'><strong>est</strong></span> <span class='ocrx_word' id='word_1_141' title='bbox 1000 2305 1164 2351; x_wconf 77' lang='lat' dir='ltr'><strong>autem</strong></span> <span class='ocrx_word' id='word_1_142' title='bbox 1206 2299 1365 2365; x_wconf 66' lang='lat' dir='ltr'><strong>[ornes</strong></span> <span class='ocrx_word' id='word_1_143' title='bbox 1406 2308 1554 2362; x_wconf 78' lang='lat' dir='ltr'><strong>super</strong></span> <span class='ocrx_word' id='word_1_144' title='bbox 1602 2299 1802 2349; x_wconf 70' lang='lat' dir='ltr'><strong>terram,</strong></span> <span class='ocrx_word' id='word_1_145' title='bbox 1833 2285 2012 2356; x_wconf 69' lang='lat' dir='ltr'><strong>pra&#39;ter</strong></span> <span class='ocrx_word' id='word_1_146' title='bbox 2055 2282 2239 2351; x_wconf 60' lang='lat' dir='ltr'><strong>fanum</strong></span> 
     </span>
    </p>
   </div>
   <div class='ocr_carea' id='block_1_22' title="bbox 701 2372 2203 2458">
    <p class='ocr_par' dir='ltr' id='par_1_22' title="bbox 701 2372 2203 2458">
     <span class='ocr_line' id='line_1_22' title="bbox 701 2372 2203 2458; baseline -0.012 -16"><span class='ocrx_word' id='word_1_147' title='bbox 701 2391 937 2458; x_wconf 76' lang='lat' dir='ltr'><strong>priorem,</strong></span> <span class='ocrx_word' id='word_1_148' title='bbox 964 2401 1074 2450; x_wconf 68' lang='lat' dir='ltr'><strong>quis</strong></span> <span class='ocrx_word' id='word_1_149' title='bbox 1100 2386 1263 2453; x_wconf 65' lang='lat' dir='ltr'><strong>(una!</strong></span> <span class='ocrx_word' id='word_1_150' title='bbox 1287 2391 1508 2451; x_wconf 71' lang='lat' dir='ltr'><strong>(carpare</strong></span> <span class='ocrx_word' id='word_1_151' title='bbox 1538 2379 1788 2432; x_wconf 76' lang='lat' dir='ltr'><strong>Abraham</strong></span> <span class='ocrx_word' id='word_1_152' title='bbox 1819 2374 1967 2448; x_wconf 79' lang='lat' dir='ltr'><strong>(Gen.</strong></span> <span class='ocrx_word' id='word_1_153' title='bbox 1996 2372 2089 2428; x_wconf 75' lang='lat'><strong>26.</strong></span> <span class='ocrx_word' id='word_1_154' title='bbox 2125 2372 2203 2444; x_wconf 80' lang='grc'><strong>1).</strong></span> 
     </span>
    </p>
   </div>
   <div class='ocr_carea' id='block_1_23' title="bbox 746 2508 2241 2585">
    <p class='ocr_par' dir='ltr' id='par_1_23' title="bbox 746 2508 2241 2585">
     <span class='ocr_line' id='line_1_23' title="bbox 746 2508 2241 2585; baseline -0.009 -13"><span class='ocrx_word' id='word_1_155' title='bbox 746 2520 792 2572; x_wconf 89' lang='lat' dir='ltr'><strong>l.</strong></span> <span class='ocrx_word' id='word_1_156' title='bbox 824 2518 1017 2571; x_wconf 87' lang='lat' dir='ltr'><strong>lterum</strong></span> <span class='ocrx_word' id='word_1_157' title='bbox 1045 2531 1110 2570; x_wconf 79' lang='lat' dir='ltr'><strong>ex</strong></span> <span class='ocrx_word' id='word_1_158' title='bbox 1141 2516 1205 2569; x_wconf 91' lang='lat' dir='ltr'><strong>iis</strong></span> <span class='ocrx_word' id='word_1_159' title='bbox 1233 2529 1350 2585; x_wconf 66' lang='lat' dir='ltr'><strong>quae</strong></span> <span class='ocrx_word' id='word_1_160' title='bbox 1377 2527 1544 2581; x_wconf 81' lang='lat' dir='ltr'><strong>nuper</strong></span> <span class='ocrx_word' id='word_1_161' title='bbox 1571 2510 1799 2565; x_wconf 74' lang='lat' dir='ltr'><strong>diximus</strong></span> <span class='ocrx_word' id='word_1_162' title='bbox 1826 2508 2120 2563; x_wconf 86' lang='lat' dir='ltr'><strong>doctrinam</strong></span> <span class='ocrx_word' id='word_1_163' title='bbox 2148 2516 2241 2558; x_wconf 89' lang='lat' dir='ltr'><strong>vo-</strong></span> 
     </span>
    </p>
   </div>
   <div class='ocr_carea' id='block_1_24' title="bbox 666 2599 2234 2673">
    <p class='ocr_par' dir='ltr' id='par_1_24' title="bbox 666 2599 2234 2673">
     <span class='ocr_line' id='line_1_24' title="bbox 666 2599 2234 2673; baseline -0.01 -9"><span class='ocrx_word' id='word_1_164' title='bbox 666 2610 750 2664; x_wconf 87' lang='lat' dir='ltr'><strong>bis</strong></span> <span class='ocrx_word' id='word_1_165' title='bbox 774 2609 992 2663; x_wconf 78' lang='lat' dir='ltr'><strong>all&#39;eram</strong></span> <span class='ocrx_word' id='word_1_166' title='bbox 1021 2626 1035 2660; x_wconf 77' lang='grc' dir='ltr'>ε</span> <span class='ocrx_word' id='word_1_167' title='bbox 1063 2616 1122 2662; x_wconf 89' lang='lat' dir='ltr'><strong>ut</strong></span> <span class='ocrx_word' id='word_1_168' title='bbox 1149 2616 1325 2659; x_wconf 90' lang='lat' dir='ltr'><strong>autem</strong></span> <span class='ocrx_word' id='word_1_169' title='bbox 1354 2603 1552 2673; x_wconf 88' lang='lat' dir='ltr'><strong>liquido</strong></span> <span class='ocrx_word' id='word_1_170' title='bbox 1597 2602 1772 2656; x_wconf 81' lang='lat' dir='ltr'><strong>sciatis</strong></span> <span class='ocrx_word' id='word_1_171' title='bbox 1805 2599 1890 2654; x_wconf 89' lang='lat' dir='ltr'><strong>ubi</strong></span> <span class='ocrx_word' id='word_1_172' title='bbox 1921 2611 2088 2667; x_wconf 88' lang='lat' dir='ltr'><strong>nuper</strong></span> <span class='ocrx_word' id='word_1_173' title='bbox 2116 2609 2234 2649; x_wconf 81' lang='lat' dir='ltr'><strong>ser-</strong></span> 
     </span>
    </p>
   </div>
   <div class='ocr_carea' id='block_1_25' title="bbox 673 2685 2240 2756">
    <p class='ocr_par' dir='ltr' id='par_1_25' title="bbox 673 2685 2240 2756">
     <span class='ocr_line' id='line_1_25' title="bbox 673 2685 2240 2756; baseline -0.008 -3"><span class='ocrx_word' id='word_1_174' title='bbox 673 2712 883 2754; x_wconf 84' lang='lat' dir='ltr'><strong>monem</strong></span> <span class='ocrx_word' id='word_1_175' title='bbox 911 2700 1127 2751; x_wconf 86' lang='lat' dir='ltr'><strong>missum</strong></span> <span class='ocrx_word' id='word_1_176' title='bbox 1155 2694 1454 2756; x_wconf 84' lang='lat' dir='ltr'><strong>fecerimus.</strong></span> <span class='ocrx_word' id='word_1_177' title='bbox 1473 2701 1527 2748; x_wconf 87' lang='lat' dir='ltr'><strong>et</strong></span> <span class='ocrx_word' id='word_1_178' title='bbox 1552 2691 1688 2746; x_wconf 89' lang='lat' dir='ltr'><strong>ttnde</strong></span> <span class='ocrx_word' id='word_1_179' title='bbox 1710 2689 1870 2745; x_wconf 57' lang='lat' dir='ltr'><strong>hndie</strong></span> <span class='ocrx_word' id='word_1_180' title='bbox 1889 2685 2240 2743; x_wconf 72' lang='lat' dir='ltr'><strong>resumendus</strong></span> 
     </span>
    </p>
   </div>
   <div class='ocr_carea' id='block_1_26' title="bbox 669 2778 2239 2859">
    <p class='ocr_par' dir='ltr' id='par_1_26' title="bbox 669 2778 2239 2859">
     <span class='ocr_line' id='line_1_26' title="bbox 669 2778 2239 2859; baseline -0.008 -14"><span class='ocrx_word' id='word_1_181' title='bbox 669 2789 758 2856; x_wconf 83' lang='lat' dir='ltr'><strong>sit,</strong></span> <span class='ocrx_word' id='word_1_182' title='bbox 785 2803 849 2844; x_wconf 87' lang='lat' dir='ltr'><strong>ea</strong></span> <span class='ocrx_word' id='word_1_183' title='bbox 876 2804 993 2859; x_wconf 77' lang='lat' dir='ltr'><strong>qua:</strong></span> <span class='ocrx_word' id='word_1_184' title='bbox 1022 2801 1177 2856; x_wconf 84' lang='lat' dir='ltr'><strong>supra</strong></span> <span class='ocrx_word' id='word_1_185' title='bbox 1215 2785 1354 2839; x_wconf 91' lang='lat' dir='ltr'><strong>dicta</strong></span> <span class='ocrx_word' id='word_1_186' title='bbox 1397 2791 1538 2848; x_wconf 86' lang='lat' dir='ltr'><strong>sunt,</strong></span> <span class='ocrx_word' id='word_1_187' title='bbox 1568 2790 1759 2836; x_wconf 74' lang='lat' dir='ltr'><strong>vestra:</strong></span> <span class='ocrx_word' id='word_1_188' title='bbox 1784 2779 1988 2834; x_wconf 82' lang='lat' dir='ltr'><strong>caritati</strong></span> <span class='ocrx_word' id='word_1_189' title='bbox 2037 2778 2088 2832; x_wconf 93' lang='lat' dir='ltr'><strong>in</strong></span> <span class='ocrx_word' id='word_1_190' title='bbox 2121 2791 2239 2833; x_wconf 82' lang='lat' dir='ltr'><strong>me-</strong></span> 
     </span>
    </p>
   </div>
   <div class='ocr_carea' id='block_1_27' title="bbox 669 2867 2236 2946">
    <p class='ocr_par' dir='ltr' id='par_1_27' title="bbox 669 2867 2236 2946">
     <span class='ocr_line' id='line_1_27' title="bbox 669 2867 2236 2946; baseline -0.008 -12"><span class='ocrx_word' id='word_1_191' title='bbox 669 2878 890 2934; x_wconf 88' lang='lat' dir='ltr'><strong>moriam</strong></span> <span class='ocrx_word' id='word_1_192' title='bbox 921 2875 1120 2933; x_wconf 86' lang='lat' dir='ltr'><strong>referre</strong></span> <span class='ocrx_word' id='word_1_193' title='bbox 1159 2889 1336 2946; x_wconf 69' lang='lat' dir='ltr'><strong>opera:</strong></span> <span class='ocrx_word' id='word_1_194' title='bbox 1365 2872 1589 2942; x_wconf 88' lang='lat' dir='ltr'><strong>pretium</strong></span> <span class='ocrx_word' id='word_1_195' title='bbox 1631 2870 1806 2926; x_wconf 86' lang='lat' dir='ltr'><strong>fuerit.</strong></span> <span class='ocrx_word' id='word_1_196' title='bbox 1838 2867 2070 2924; x_wconf 88' lang='lat' dir='ltr'><strong>Tametsi</strong></span> <span class='ocrx_word' id='word_1_197' title='bbox 2097 2867 2236 2922; x_wconf 91' lang='lat' dir='ltr'><strong>enim</strong></span> 
     </span>
    </p>
   </div>
   <div class='ocr_carea' id='block_1_28' title="bbox 669 2958 2238 3039">
    <p class='ocr_par' dir='ltr' id='par_1_28' title="bbox 669 2958 2238 3039">
     <span class='ocr_line' id='line_1_28' title="bbox 669 2958 2238 3039; baseline -0.004 -19"><span class='ocrx_word' id='word_1_198' title='bbox 669 2983 784 3035; x_wconf 84' lang='lat' dir='ltr'><strong>vos,</strong></span> <span class='ocrx_word' id='word_1_199' title='bbox 813 2969 934 3039; x_wconf 87' lang='lat' dir='ltr'><strong>quia</strong></span> <span class='ocrx_word' id='word_1_200' title='bbox 961 2967 1139 3022; x_wconf 89' lang='lat' dir='ltr'><strong>multis</strong></span> <span class='ocrx_word' id='word_1_201' title='bbox 1159 2967 1304 3021; x_wconf 83' lang='lat' dir='ltr'><strong>euris</strong></span> <span class='ocrx_word' id='word_1_202' title='bbox 1325 2962 1700 3028; x_wconf 80' lang='lat' dir='ltr'><strong>distrahimini,</strong></span> <span class='ocrx_word' id='word_1_203' title='bbox 1724 2976 1906 3016; x_wconf 89' lang='lat' dir='ltr'><strong>eorum</strong></span> <span class='ocrx_word' id='word_1_204' title='bbox 1933 2958 2068 3015; x_wconf 89' lang='lat' dir='ltr'><strong>forte</strong></span> <span class='ocrx_word' id='word_1_205' title='bbox 2088 2959 2238 3014; x_wconf 85' lang='lat' dir='ltr'><strong>obliti</strong></span> 
     </span>
    </p>
   </div>
   <div class='ocr_carea' id='block_1_29' title="bbox 669 3049 2238 3123">
    <p class='ocr_par' dir='ltr' id='par_1_29' title="bbox 669 3049 2238 3123">
     <span class='ocr_line' id='line_1_29' title="bbox 669 3049 2238 3123; baseline -0.008 -9"><span class='ocrx_word' id='word_1_206' title='bbox 669 3062 820 3123; x_wconf 85' lang='lat' dir='ltr'><strong>estis,</strong></span> <span class='ocrx_word' id='word_1_207' title='bbox 851 3058 945 3113; x_wconf 87' lang='lat' dir='ltr'><strong>sed</strong></span> <span class='ocrx_word' id='word_1_208' title='bbox 994 3071 1170 3113; x_wconf 81' lang='lat' dir='ltr'><strong>meum</strong></span> <span class='ocrx_word' id='word_1_209' title='bbox 1199 3065 1281 3111; x_wconf 79' lang='lat' dir='ltr'><strong>est</strong></span> <span class='ocrx_word' id='word_1_210' title='bbox 1308 3063 1364 3108; x_wconf 92' lang='lat' dir='ltr'><strong>ut</strong></span> <span class='ocrx_word' id='word_1_211' title='bbox 1391 3055 1442 3107; x_wconf 89' lang='lat' dir='ltr'><strong>in</strong></span> <span class='ocrx_word' id='word_1_212' title='bbox 1473 3053 1781 3108; x_wconf 88' lang='lat' dir='ltr'><strong>memoriam</strong></span> <span class='ocrx_word' id='word_1_213' title='bbox 1809 3050 1957 3107; x_wconf 87' lang='lat' dir='ltr'><strong>vobis</strong></span> <span class='ocrx_word' id='word_1_214' title='bbox 1989 3049 2238 3105; x_wconf 87' lang='lat' dir='ltr'><strong>reducam</strong></span> 
     </span>
    </p>
   </div>
   <div class='ocr_carea' id='block_1_30' title="bbox 669 3139 2239 3217">
    <p class='ocr_par' dir='ltr' id='par_1_30' title="bbox 669 3139 2239 3217">
     <span class='ocr_line' id='line_1_30' title="bbox 669 3139 2239 3217; baseline -0.005 -14"><span class='ocrx_word' id='word_1_215' title='bbox 669 3163 752 3214; x_wconf 90' lang='lat' dir='ltr'><strong>ea,</strong></span> <span class='ocrx_word' id='word_1_216' title='bbox 784 3162 890 3217; x_wconf 90' lang='lat' dir='ltr'><strong>quo</strong></span> <span class='ocrx_word' id='word_1_217' title='bbox 932 3162 1108 3202; x_wconf 82' lang='lat' dir='ltr'><strong>sermo</strong></span> <span class='ocrx_word' id='word_1_218' title='bbox 1135 3145 1292 3201; x_wconf 86' lang='lat' dir='ltr'><strong>hodie</strong></span> <span class='ocrx_word' id='word_1_219' title='bbox 1320 3141 1574 3199; x_wconf 87' lang='lat' dir='ltr'><strong>dicendus</strong></span> <span class='ocrx_word' id='word_1_220' title='bbox 1601 3140 1931 3197; x_wconf 80' lang='lat' dir='ltr'><strong>manifestior</strong></span> <span class='ocrx_word' id='word_1_221' title='bbox 1959 3139 2113 3194; x_wconf 88' lang='lat' dir='ltr'><strong>vobis</strong></span> <span class='ocrx_word' id='word_1_222' title='bbox 2149 3139 2239 3195; x_wconf 80' lang='lat' dir='ltr'><strong>sit.</strong></span> 
     </span>
    </p>
   </div>
   <div class='ocr_carea' id='block_1_31' title="bbox 670 3233 2236 3303">
    <p class='ocr_par' dir='ltr' id='par_1_31' title="bbox 670 3233 2236 3303">
     <span class='ocr_line' id='line_1_31' title="bbox 670 3233 2236 3303; baseline -0.008 -8"><span class='ocrx_word' id='word_1_223' title='bbox 670 3238 829 3295; x_wconf 82' lang='lat' dir='ltr'><strong>Scitis</strong></span> <span class='ocrx_word' id='word_1_224' title='bbox 858 3237 998 3292; x_wconf 87' lang='lat' dir='ltr'><strong>enim</strong></span> <span class='ocrx_word' id='word_1_225' title='bbox 1025 3250 1126 3291; x_wconf 90' lang='lat' dir='ltr'><strong>nos</strong></span> <span class='ocrx_word' id='word_1_226' title='bbox 1153 3249 1322 3303; x_wconf 88' lang='lat' dir='ltr'><strong>nuper</strong></span> <span class='ocrx_word' id='word_1_227' title='bbox 1353 3233 1604 3297; x_wconf 68' lang='lat' dir='ltr'><strong>Rebecca:</strong></span> <span class='ocrx_word' id='word_1_228' title='bbox 1631 3233 1880 3303; x_wconf 84' lang='lat' dir='ltr'><strong>pietatem</strong></span> <span class='ocrx_word' id='word_1_229' title='bbox 1908 3237 2236 3294; x_wconf 86' lang='lat' dir='ltr'><strong>enarrantes,</strong></span> 
     </span>
    </p>
   </div>
   <div class='ocr_carea' id='block_1_32' title="bbox 672 3322 2241 3388">
    <p class='ocr_par' dir='ltr' id='par_1_32' title="bbox 672 3322 2241 3388">
     <span class='ocr_line' id='line_1_32' title="bbox 672 3322 2241 3388; baseline -0.006 -6"><span class='ocrx_word' id='word_1_230' title='bbox 672 3327 795 3382; x_wconf 91' lang='lat' dir='ltr'><strong>inde</strong></span> <span class='ocrx_word' id='word_1_231' title='bbox 830 3326 897 3382; x_wconf 88' lang='lat' dir='ltr'><strong>ad</strong></span> <span class='ocrx_word' id='word_1_232' title='bbox 944 3326 1083 3380; x_wconf 78' lang='lat' dir='ltr'><strong>Esau</strong></span> <span class='ocrx_word' id='word_1_233' title='bbox 1111 3333 1164 3380; x_wconf 89' lang='lat' dir='ltr'><strong>ct</strong></span> <span class='ocrx_word' id='word_1_234' title='bbox 1205 3323 1367 3379; x_wconf 84' lang='lat' dir='ltr'><strong>Jacob</strong></span> <span class='ocrx_word' id='word_1_235' title='bbox 1402 3322 1705 3388; x_wconf 86' lang='lat' dir='ltr'><strong>devenisse,</strong></span> <span class='ocrx_word' id='word_1_236' title='bbox 1737 3322 1820 3376; x_wconf 88' lang='lat' dir='ltr'><strong>ubi</strong></span> <span class='ocrx_word' id='word_1_237' title='bbox 1853 3329 2118 3374; x_wconf 89' lang='lat' dir='ltr'><strong>narratum</strong></span> <span class='ocrx_word' id='word_1_238' title='bbox 2158 3325 2241 3372; x_wconf 86' lang='lat' dir='ltr'><strong>est</strong></span> 
     </span>
    </p>
   </div>
   <div class='ocr_carea' id='block_1_33' title="bbox 672 3408 2240 3485">
    <p class='ocr_par' dir='ltr' id='par_1_33' title="bbox 672 3408 2240 3485">
     <span class='ocr_line' id='line_1_33' title="bbox 672 3408 2240 3485; baseline -0.006 -13"><span class='ocrx_word' id='word_1_239' title='bbox 672 3417 812 3473; x_wconf 71' lang='lat' dir='ltr'><strong>Esau</strong></span> <span class='ocrx_word' id='word_1_240' title='bbox 842 3414 1208 3485; x_wconf 88' lang='lat' dir='ltr'><strong>primogenita,</strong></span> <span class='ocrx_word' id='word_1_241' title='bbox 1252 3422 1308 3466; x_wconf 89' lang='lat' dir='ltr'><strong>ut</strong></span> <span class='ocrx_word' id='word_1_242' title='bbox 1346 3412 1465 3467; x_wconf 86' lang='lat' dir='ltr'><strong>cibo</strong></span> <span class='ocrx_word' id='word_1_243' title='bbox 1496 3411 1783 3473; x_wconf 83' lang='lat' dir='ltr'><strong>frueretur,</strong></span> <span class='ocrx_word' id='word_1_244' title='bbox 1811 3410 2011 3465; x_wconf 76' lang='lat' dir='ltr'><strong>Jacoho</strong></span> <span class='ocrx_word' id='word_1_245' title='bbox 2049 3408 2240 3463; x_wconf 84' lang='lat' dir='ltr'><strong>vendi-</strong></span> 
     </span>
    </p>
   </div>
   <div class='ocr_carea' id='block_1_34' title="bbox 671 3498 2241 3574">
    <p class='ocr_par' dir='ltr' id='par_1_34' title="bbox 671 3498 2241 3574">
     <span class='ocr_line' id='line_1_34' title="bbox 671 3498 2241 3574; baseline -0.006 -13"><span class='ocrx_word' id='word_1_246' title='bbox 671 3507 830 3571; x_wconf 88' lang='lat' dir='ltr'><strong>disse,</strong></span> <span class='ocrx_word' id='word_1_247' title='bbox 848 3516 902 3561; x_wconf 89' lang='lat' dir='ltr'><strong>et</strong></span> <span class='ocrx_word' id='word_1_248' title='bbox 923 3511 1135 3574; x_wconf 87' lang='lat' dir='ltr'><strong>propter</strong></span> <span class='ocrx_word' id='word_1_249' title='bbox 1155 3503 1257 3557; x_wconf 91' lang='lat' dir='ltr'><strong>eihi</strong></span> <span class='ocrx_word' id='word_1_250' title='bbox 1284 3500 1619 3570; x_wconf 88' lang='lat' dir='ltr'><strong>cupiditatem</strong></span> <span class='ocrx_word' id='word_1_251' title='bbox 1645 3499 1984 3569; x_wconf 85' lang='lat' dir='ltr'><strong>semetipsum</strong></span> <span class='ocrx_word' id='word_1_252' title='bbox 2013 3513 2112 3553; x_wconf 89' lang='lat' dir='ltr'><strong>suo</strong></span> <span class='ocrx_word' id='word_1_253' title='bbox 2142 3498 2241 3551; x_wconf 86' lang='lat' dir='ltr'><strong>ho-</strong></span> 
     </span>
    </p>
   </div>
   <div class='ocr_carea' id='block_1_35' title="bbox 671 3587 2242 3664">
    <p class='ocr_par' dir='ltr' id='par_1_35' title="bbox 671 3587 2242 3664">
     <span class='ocr_line' id='line_1_35' title="bbox 671 3587 2242 3664; baseline -0.006 -13"><span class='ocrx_word' id='word_1_254' title='bbox 671 3611 801 3651; x_wconf 88' lang='lat' dir='ltr'><strong>nore</strong></span> <span class='ocrx_word' id='word_1_255' title='bbox 847 3595 1098 3664; x_wconf 76' lang='lat' dir='ltr'><strong>privasse.</strong></span> <span class='ocrx_word' id='word_1_256' title='bbox 1132 3592 1244 3648; x_wconf 82' lang='lat' dir='ltr'><strong>Hoc</strong></span> <span class='ocrx_word' id='word_1_257' title='bbox 1287 3601 1463 3647; x_wconf 88' lang='lat' dir='ltr'><strong>autem</strong></span> <span class='ocrx_word' id='word_1_258' title='bbox 1505 3605 1608 3645; x_wconf 92' lang='lat' dir='ltr'><strong>non</strong></span> <span class='ocrx_word' id='word_1_259' title='bbox 1654 3599 1856 3644; x_wconf 80' lang='lat' dir='ltr'><strong>temere</strong></span> <span class='ocrx_word' id='word_1_260' title='bbox 1901 3587 2119 3654; x_wconf 83' lang='lat' dir='ltr'><strong>factum,</strong></span> <span class='ocrx_word' id='word_1_261' title='bbox 2148 3587 2242 3642; x_wconf 87' lang='lat' dir='ltr'><strong>sed</strong></span> 
     </span>
    </p>
   </div>
   <div class='ocr_carea' id='block_1_36' title="bbox 673 3681 2240 3759">
    <p class='ocr_par' dir='ltr' id='par_1_36' title="bbox 673 3681 2240 3759">
     <span class='ocr_line' id='line_1_36' title="bbox 673 3681 2240 3759; baseline -0.005 -17"><span class='ocrx_word' id='word_1_262' title='bbox 673 3696 728 3742; x_wconf 92' lang='lat' dir='ltr'><strong>nt</strong></span> <span class='ocrx_word' id='word_1_263' title='bbox 768 3687 1043 3759; x_wconf 85' lang='lat' dir='ltr'><strong>prophetia</strong></span> <span class='ocrx_word' id='word_1_264' title='bbox 1086 3685 1465 3753; x_wconf 86' lang='lat' dir='ltr'><strong>compleretur,</strong></span> <span class='ocrx_word' id='word_1_265' title='bbox 1501 3698 1619 3752; x_wconf 73' lang='lat' dir='ltr'><strong>qua:</strong></span> <span class='ocrx_word' id='word_1_266' title='bbox 1655 3681 1784 3736; x_wconf 81' lang='lat' dir='ltr'><strong>dicit</strong></span> <span class='ocrx_word' id='word_1_267' title='bbox 1816 3697 1830 3734; x_wconf 89' lang='lat'><strong>:</strong></span> <span class='ocrx_word' id='word_1_268' title='bbox 1859 3681 2018 3734; x_wconf 84' lang='lat' dir='ltr'><strong>Jacob</strong></span> <span class='ocrx_word' id='word_1_269' title='bbox 2046 3681 2202 3734; x_wconf 71' lang='lat' dir='ltr'><strong>dilexi</strong></span> <span class='ocrx_word' id='word_1_270' title='bbox 2225 3721 2240 3744; x_wconf 94' lang='lat'><strong>,</strong></span> 
     </span>
    </p>
   </div>
   <div class='ocr_carea' id='block_1_37' title="bbox 677 3769 2243 3843">
    <p class='ocr_par' dir='ltr' id='par_1_37' title="bbox 677 3769 2243 3843">
     <span class='ocr_line' id='line_1_37' title="bbox 677 3769 2243 3843; baseline -0.006 -12"><span class='ocrx_word' id='word_1_271' title='bbox 677 3777 816 3832; x_wconf 73' lang='lat' dir='ltr'><strong>Emit</strong></span> <span class='ocrx_word' id='word_1_272' title='bbox 838 3788 1004 3829; x_wconf 83' lang='lat' dir='ltr'><strong>autem</strong></span> <span class='ocrx_word' id='word_1_273' title='bbox 1046 3776 1161 3828; x_wconf 85' lang='lat' dir='ltr'><strong>odio</strong></span> <span class='ocrx_word' id='word_1_274' title='bbox 1190 3773 1341 3827; x_wconf 80' lang='lat' dir='ltr'><strong>habui</strong></span> <span class='ocrx_word' id='word_1_275' title='bbox 1385 3771 1634 3843; x_wconf 78' lang='lat' dir='ltr'><strong>(Malach.</strong></span> <span class='ocrx_word' id='word_1_276' title='bbox 1681 3773 1730 3825; x_wconf 84' lang='lat' dir='ltr'><strong>l.</strong></span> <span class='ocrx_word' id='word_1_277' title='bbox 1773 3770 1825 3823; x_wconf 77' lang='grc'><strong>2.</strong></span> <span class='ocrx_word' id='word_1_278' title='bbox 1857 3771 1932 3839; x_wconf 85' lang='lat'><strong>&#39;5).</strong></span> <span class='ocrx_word' id='word_1_279' title='bbox 1964 3769 2094 3823; x_wconf 83' lang='lat' dir='ltr'><strong>Nam</strong></span> <span class='ocrx_word' id='word_1_280' title='bbox 2120 3784 2243 3824; x_wconf 89' lang='lat' dir='ltr'><strong>cum</strong></span> 
     </span>
    </p>
   </div>
   <div class='ocr_carea' id='block_1_38' title="bbox 670 3860 2247 3934">
    <p class='ocr_par' dir='ltr' id='par_1_38' title="bbox 670 3860 2247 3934">
     <span class='ocr_line' id='line_1_38' title="bbox 670 3860 2247 3934; baseline -0.007 -10"><span class='ocrx_word' id='word_1_281' title='bbox 670 3871 816 3926; x_wconf 84' lang='lat' dir='ltr'><strong>Deus</strong></span> <span class='ocrx_word' id='word_1_282' title='bbox 843 3868 1136 3922; x_wconf 89' lang='lat' dir='ltr'><strong>futurorum</strong></span> <span class='ocrx_word' id='word_1_283' title='bbox 1165 3865 1230 3920; x_wconf 92' lang='lat' dir='ltr'><strong>sit</strong></span> <span class='ocrx_word' id='word_1_284' title='bbox 1260 3866 1534 3934; x_wconf 77' lang='lat' dir='ltr'><strong>prrescius,</strong></span> <span class='ocrx_word' id='word_1_285' title='bbox 1565 3862 1803 3931; x_wconf 63' lang='lat' dir='ltr'><strong>praedixit</strong></span> <span class='ocrx_word' id='word_1_286' title='bbox 1831 3870 1885 3917; x_wconf 90' lang='lat' dir='ltr'><strong>et</strong></span> <span class='ocrx_word' id='word_1_287' title='bbox 1913 3860 2050 3915; x_wconf 92' lang='lat' dir='ltr'><strong>illius</strong></span> <span class='ocrx_word' id='word_1_288' title='bbox 2080 3861 2247 3915; x_wconf 89' lang='lat' dir='ltr'><strong>virtu-</strong></span> 
     </span>
    </p>
   </div>
   <div class='ocr_carea' id='block_1_39' title="bbox 677 3953 2247 4028">
    <p class='ocr_par' dir='ltr' id='par_1_39' title="bbox 677 3953 2247 4028">
     <span class='ocr_line' id='line_1_39' title="bbox 677 3953 2247 4028; baseline -0.007 -14"><span class='ocrx_word' id='word_1_289' title='bbox 677 3970 805 4028; x_wconf 88' lang='lat' dir='ltr'><strong>tem,</strong></span> <span class='ocrx_word' id='word_1_290' title='bbox 835 3967 888 4014; x_wconf 92' lang='lat' dir='ltr'><strong>et</strong></span> <span class='ocrx_word' id='word_1_291' title='bbox 913 3957 1068 4026; x_wconf 89' lang='lat' dir='ltr'><strong>hujus</strong></span> <span class='ocrx_word' id='word_1_292' title='bbox 1103 3955 1263 4009; x_wconf 90' lang='lat' dir='ltr'><strong>animi</strong></span> <span class='ocrx_word' id='word_1_293' title='bbox 1289 3953 1595 4022; x_wconf 72' lang='lat' dir='ltr'><strong>nequitiam.</strong></span> <span class='ocrx_word' id='word_1_294' title='bbox 1638 3954 1890 4019; x_wconf 73' lang='lat' dir='ltr'><strong>Quantam</strong></span> <span class='ocrx_word' id='word_1_295' title='bbox 1920 3959 2096 4006; x_wconf 87' lang='lat' dir='ltr'><strong>autem</strong></span> <span class='ocrx_word' id='word_1_296' title='bbox 2123 3957 2247 4004; x_wconf 86' lang='lat' dir='ltr'><strong>sunt</strong></span> 
     </span>
    </p>
   </div>
   <div class='ocr_carea' id='block_1_40' title="bbox 676 4045 2244 4120">
    <p class='ocr_par' dir='ltr' id='par_1_40' title="bbox 676 4045 2244 4120">
     <span class='ocr_line' id='line_1_40' title="bbox 676 4045 2244 4120; baseline -0.006 -14"><span class='ocrx_word' id='word_1_297' title='bbox 676 4049 778 4106; x_wconf 75' lang='lat' dir='ltr'><strong>illa:</strong></span> <span class='ocrx_word' id='word_1_298' title='bbox 825 4046 1291 4120; x_wconf 74' lang='lat' dir='ltr'><strong>primogenitum?</strong></span> <span class='ocrx_word' id='word_1_299' title='bbox 1330 4045 1511 4114; x_wconf 84' lang='lat' dir='ltr'><strong>igitur,</strong></span> <span class='ocrx_word' id='word_1_300' title='bbox 1560 4045 1681 4114; x_wconf 85' lang='lat' dir='ltr'><strong>quia</strong></span> <span class='ocrx_word' id='word_1_301' title='bbox 1725 4053 1851 4098; x_wconf 91' lang='lat' dir='ltr'><strong>tunc</strong></span> <span class='ocrx_word' id='word_1_302' title='bbox 1891 4052 2097 4111; x_wconf 85' lang='lat' dir='ltr'><strong>tempus</strong></span> <span class='ocrx_word' id='word_1_303' title='bbox 2138 4056 2244 4096; x_wconf 90' lang='lat' dir='ltr'><strong>non</strong></span> 
     </span>
    </p>
   </div>
   <div class='ocr_carea' id='block_1_41' title="bbox 682 4133 2250 4211">
    <p class='ocr_par' dir='ltr' id='par_1_41' title="bbox 682 4133 2250 4211">
     <span class='ocr_line' id='line_1_41' title="bbox 682 4133 2250 4211; baseline -0.003 -21"><span class='ocrx_word' id='word_1_304' title='bbox 682 4138 1020 4211; x_wconf 76' lang='lat' dir='ltr'><strong>permittebat</strong></span> <span class='ocrx_word' id='word_1_305' title='bbox 1058 4137 1264 4192; x_wconf 84' lang='lat' dir='ltr'><strong>caritati</strong></span> <span class='ocrx_word' id='word_1_306' title='bbox 1291 4144 1480 4189; x_wconf 64' lang='lat' dir='ltr'><strong>vestrae</strong></span> <span class='ocrx_word' id='word_1_307' title='bbox 1523 4133 1720 4198; x_wconf 89' lang='lat' dir='ltr'><strong>dicere,</strong></span> <span class='ocrx_word' id='word_1_308' title='bbox 1748 4147 1888 4187; x_wconf 89' lang='lat' dir='ltr'><strong>nunc</strong></span> <span class='ocrx_word' id='word_1_309' title='bbox 1910 4145 2130 4187; x_wconf 87' lang='lat' dir='ltr'><strong>necesse</strong></span> <span class='ocrx_word' id='word_1_310' title='bbox 2166 4140 2250 4186; x_wconf 89' lang='lat' dir='ltr'><strong>est</strong></span> 
     </span>
    </p>
   </div>
   <div class='ocr_carea' id='block_1_42' title="bbox 681 4222 2250 4296">
    <p class='ocr_par' dir='ltr' id='par_1_42' title="bbox 681 4222 2250 4296">
     <span class='ocr_line' id='line_1_42' title="bbox 681 4222 2250 4296; baseline -0.006 -11"><span class='ocrx_word' id='word_1_311' title='bbox 681 4241 734 4285; x_wconf 93' lang='lat' dir='ltr'><strong>ut</strong></span> <span class='ocrx_word' id='word_1_312' title='bbox 757 4231 994 4284; x_wconf 90' lang='lat' dir='ltr'><strong>doceam.</strong></span> <span class='ocrx_word' id='word_1_313' title='bbox 1025 4226 1177 4296; x_wconf 82' lang='lat' dir='ltr'><strong>Apud</strong></span> <span class='ocrx_word' id='word_1_314' title='bbox 1215 4233 1424 4281; x_wconf 89' lang='lat' dir='ltr'><strong>veteres</strong></span> <span class='ocrx_word' id='word_1_315' title='bbox 1449 4237 1687 4279; x_wconf 87' lang='lat' dir='ltr'><strong>summus</strong></span> <span class='ocrx_word' id='word_1_316' title='bbox 1717 4223 1887 4277; x_wconf 86' lang='lat' dir='ltr'><strong>honor</strong></span> <span class='ocrx_word' id='word_1_317' title='bbox 1908 4232 2021 4277; x_wconf 89' lang='lat' dir='ltr'><strong>erat</strong></span> <span class='ocrx_word' id='word_1_318' title='bbox 2049 4222 2250 4292; x_wconf 89' lang='lat' dir='ltr'><strong>primo-</strong></span> 
     </span>
    </p>
   </div>
   <div class='ocr_carea' id='block_1_43' title="bbox 679 4315 2247 4391">
    <p class='ocr_par' dir='ltr' id='par_1_43' title="bbox 679 4315 2247 4391">
     <span class='ocr_line' id='line_1_43' title="bbox 679 4315 2247 4391; baseline -0.005 -15"><span class='ocrx_word' id='word_1_319' title='bbox 679 4322 978 4391; x_wconf 73' lang='lat' dir='ltr'><strong>genitum:</strong></span> <span class='ocrx_word' id='word_1_320' title='bbox 1010 4318 1132 4374; x_wconf 90' lang='lat' dir='ltr'><strong>hinc</strong></span> <span class='ocrx_word' id='word_1_321' title='bbox 1174 4328 1349 4372; x_wconf 88' lang='lat' dir='ltr'><strong>autem</strong></span> <span class='ocrx_word' id='word_1_322' title='bbox 1399 4315 1616 4370; x_wconf 86' lang='lat' dir='ltr'><strong>honoris</strong></span> <span class='ocrx_word' id='word_1_323' title='bbox 1661 4330 1874 4371; x_wconf 83' lang='lat' dir='ltr'><strong>causam</strong></span> <span class='ocrx_word' id='word_1_324' title='bbox 1911 4326 1966 4370; x_wconf 91' lang='lat' dir='ltr'><strong>et</strong></span> <span class='ocrx_word' id='word_1_325' title='bbox 1993 4315 2247 4384; x_wconf 75' lang='lat' dir='ltr'><strong>originem</strong></span> 
     </span>
    </p>
   </div>
   <div class='ocr_carea' id='block_1_44' title="bbox 685 4408 2252 4480">
    <p class='ocr_par' dir='ltr' id='par_1_44' title="bbox 685 4408 2252 4480">
     <span class='ocr_line' id='line_1_44' title="bbox 685 4408 2252 4480; baseline -0.005 -10"><span class='ocrx_word' id='word_1_326' title='bbox 685 4418 886 4471; x_wconf 89' lang='lat' dir='ltr'><strong>habuit.</strong></span> <span class='ocrx_word' id='word_1_327' title='bbox 914 4413 1044 4470; x_wconf 88' lang='lat' dir='ltr'><strong>Cum</strong></span> <span class='ocrx_word' id='word_1_328' title='bbox 1091 4414 1229 4469; x_wconf 92' lang='lat' dir='ltr'><strong>Deus</strong></span> <span class='ocrx_word' id='word_1_329' title='bbox 1257 4411 1613 4467; x_wconf 86' lang='lat' dir='ltr'><strong>lsraelitarum</strong></span> <span class='ocrx_word' id='word_1_330' title='bbox 1639 4419 1852 4480; x_wconf 89' lang='lat' dir='ltr'><strong>gentem</strong></span> <span class='ocrx_word' id='word_1_331' title='bbox 1896 4408 1965 4464; x_wconf 90' lang='lat' dir='ltr'><strong>ab</strong></span> <span class='ocrx_word' id='word_1_332' title='bbox 1998 4408 2252 4479; x_wconf 67' lang='lat' dir='ltr'><strong>Egyptio</strong></span> 
     </span>
    </p>
   </div>
   <div class='ocr_carea' id='block_1_45' title="bbox 683 4497 2250 4570">
    <p class='ocr_par' dir='ltr' id='par_1_45' title="bbox 683 4497 2250 4570">
     <span class='ocr_line' id='line_1_45' title="bbox 683 4497 2250 4570; baseline -0.006 -10"><span class='ocrx_word' id='word_1_333' title='bbox 683 4508 929 4569; x_wconf 86' lang='lat' dir='ltr'><strong>liberare,</strong></span> <span class='ocrx_word' id='word_1_334' title='bbox 954 4514 1007 4559; x_wconf 91' lang='lat' dir='ltr'><strong>et</strong></span> <span class='ocrx_word' id='word_1_335' title='bbox 1050 4503 1338 4558; x_wconf 88' lang='lat' dir='ltr'><strong>secundum</strong></span> <span class='ocrx_word' id='word_1_336' title='bbox 1387 4502 1789 4570; x_wconf 87' lang='lat' dir='ltr'><strong>promissionem</strong></span> <span class='ocrx_word' id='word_1_337' title='bbox 1822 4499 2138 4568; x_wconf 81' lang='lat' dir='ltr'><strong>patriarchae</strong></span> <span class='ocrx_word' id='word_1_338' title='bbox 2170 4497 2250 4552; x_wconf 84' lang='lat' dir='ltr'><strong>fa-</strong></span> 
     </span>
    </p>
   </div>
   <div class='ocr_carea' id='block_1_46' title="bbox 683 4589 2255 4667">
    <p class='ocr_par' dir='ltr' id='par_1_46' title="bbox 683 4589 2255 4667">
     <span class='ocr_line' id='line_1_46' title="bbox 683 4589 2255 4667; baseline -0.007 -13"><span class='ocrx_word' id='word_1_339' title='bbox 683 4610 822 4654; x_wconf 88' lang='lat' dir='ltr'><strong>ctam</strong></span> <span class='ocrx_word' id='word_1_340' title='bbox 847 4611 876 4651; x_wconf 88' lang='lat' dir='ltr'><strong>a</strong></span> <span class='ocrx_word' id='word_1_341' title='bbox 901 4595 1176 4667; x_wconf 83' lang='lat' dir='ltr'><strong>tyrannide</strong></span> <span class='ocrx_word' id='word_1_342' title='bbox 1202 4593 1490 4647; x_wconf 82' lang='lat' dir='ltr'><strong>Pharaonis</strong></span> <span class='ocrx_word' id='word_1_343' title='bbox 1515 4593 1722 4661; x_wconf 86' lang='lat' dir='ltr'><strong>eripere</strong></span> <span class='ocrx_word' id='word_1_344' title='bbox 1743 4590 1924 4654; x_wconf 82' lang='lat' dir='ltr'><strong>vellet,</strong></span> <span class='ocrx_word' id='word_1_345' title='bbox 1945 4589 2255 4643; x_wconf 76' lang='lat' dir='ltr'><strong>obluctante</strong></span> 
     </span>
    </p>
   </div>
   <div class='ocr_carea' id='block_1_47' title="bbox 689 4679 2256 4752">
    <p class='ocr_par' dir='ltr' id='par_1_47' title="bbox 689 4679 2256 4752">
     <span class='ocr_line' id='line_1_47' title="bbox 689 4679 2256 4752; baseline -0.006 -10"><span class='ocrx_word' id='word_1_346' title='bbox 689 4702 739 4742; x_wconf 76' lang='lat' dir='ltr'><strong>et</strong></span> <span class='ocrx_word' id='word_1_347' title='bbox 771 4689 1007 4742; x_wconf 86' lang='lat' dir='ltr'><strong>detinere</strong></span> <span class='ocrx_word' id='word_1_348' title='bbox 1037 4686 1246 4739; x_wconf 89' lang='lat' dir='ltr'><strong>volente</strong></span> <span class='ocrx_word' id='word_1_349' title='bbox 1267 4693 1388 4737; x_wconf 90' lang='lat' dir='ltr'><strong>tunc</strong></span> <span class='ocrx_word' id='word_1_350' title='bbox 1414 4681 1666 4752; x_wconf 69' lang='lat' dir='ltr'><strong>Egyptio</strong></span> <span class='ocrx_word' id='word_1_351' title='bbox 1698 4698 1711 4732; x_wconf 87' lang='lat'><strong>:</strong></span> <span class='ocrx_word' id='word_1_352' title='bbox 1742 4688 1858 4748; x_wconf 89' lang='lat' dir='ltr'><strong>post</strong></span> <span class='ocrx_word' id='word_1_353' title='bbox 1879 4679 2048 4732; x_wconf 88' lang='lat' dir='ltr'><strong>varias</strong></span> <span class='ocrx_word' id='word_1_354' title='bbox 2078 4679 2256 4749; x_wconf 79' lang='lat' dir='ltr'><strong>plagas</strong></span> 
     </span>
    </p>
   </div>
   <div class='ocr_carea' id='block_1_48' title="bbox 686 4769 2257 4845">
    <p class='ocr_par' dir='ltr' id='par_1_48' title="bbox 686 4769 2257 4845">
     <span class='ocr_line' id='line_1_48' title="bbox 686 4769 2257 4845; baseline -0.006 -13"><span class='ocrx_word' id='word_1_355' title='bbox 686 4781 845 4832; x_wconf 73' lang='lat' dir='ltr'><strong>etiam</strong></span> <span class='ocrx_word' id='word_1_356' title='bbox 923 4776 1060 4832; x_wconf 86' lang='lat' dir='ltr'><strong>hanc</strong></span> <span class='ocrx_word' id='word_1_357' title='bbox 1113 4784 1430 4845; x_wconf 88' lang='lat' dir='ltr'><strong>postremam</strong></span> <span class='ocrx_word' id='word_1_358' title='bbox 1475 4778 1553 4827; x_wconf 88' lang='lat' dir='ltr'><strong>eis</strong></span> <span class='ocrx_word' id='word_1_359' title='bbox 1609 4772 1827 4829; x_wconf 81' lang='lat' dir='ltr'><strong>intulit:</strong></span> <span class='ocrx_word' id='word_1_360' title='bbox 1887 4769 1998 4825; x_wconf 87' lang='lat' dir='ltr'><strong>fere</strong></span> <span class='ocrx_word' id='word_1_361' title='bbox 2062 4785 2257 4839; x_wconf 82' lang='lat' dir='ltr'><strong>cogens</strong></span> 
     </span>
    </p>
   </div>
   <div class='ocr_carea' id='block_1_49' title="bbox 698 4858 2256 4938">
    <p class='ocr_par' dir='ltr' id='par_1_49' title="bbox 698 4858 2256 4938">
     <span class='ocr_line' id='line_1_49' title="bbox 698 4858 2256 4938; baseline -0.005 -17"><span class='ocrx_word' id='word_1_362' title='bbox 698 4866 964 4938; x_wconf 62' lang='lat' dir='ltr'><strong>ngyttllOS</strong></span> <span class='ocrx_word' id='word_1_363' title='bbox 992 4874 1051 4920; x_wconf 89' lang='lat' dir='ltr'><strong>ut</strong></span> <span class='ocrx_word' id='word_1_364' title='bbox 1097 4865 1206 4919; x_wconf 88' lang='lat' dir='ltr'><strong>suis</strong></span> <span class='ocrx_word' id='word_1_365' title='bbox 1236 4864 1478 4917; x_wconf 88' lang='lat' dir='ltr'><strong>manibus</strong></span> <span class='ocrx_word' id='word_1_366' title='bbox 1517 4860 1859 4916; x_wconf 79' lang='lat' dir='ltr'><strong>extruderent</strong></span> <span class='ocrx_word' id='word_1_367' title='bbox 1903 4858 2256 4914; x_wconf 87' lang='lat' dir='ltr'><strong>lsraélitarum</strong></span> 
     </span>
    </p>
   </div>
   <div class='ocr_carea' id='block_1_50' title="bbox 694 4950 2255 5031">
    <p class='ocr_par' dir='ltr' id='par_1_50' title="bbox 694 4950 2255 5031">
     <span class='ocr_line' id='line_1_50' title="bbox 694 4950 2255 5031; baseline -0.005 -19"><span class='ocrx_word' id='word_1_368' title='bbox 694 4975 859 5031; x_wconf 78' lang='lat' dir='ltr'><strong>genus</strong></span> <span class='ocrx_word' id='word_1_369' title='bbox 904 4957 1095 5020; x_wconf 78' lang='lat' dir='ltr'><strong>(Exod.</strong></span> <span class='ocrx_word' id='word_1_370' title='bbox 1140 4955 1248 5023; x_wconf 69' lang='lat'><strong>19.).</strong></span> <span class='ocrx_word' id='word_1_371' title='bbox 1299 4955 1427 5008; x_wconf 88' lang='lat' dir='ltr'><strong>Nam</strong></span> <span class='ocrx_word' id='word_1_372' title='bbox 1477 4953 1632 5008; x_wconf 88' lang='lat' dir='ltr'><strong>simul</strong></span> <span class='ocrx_word' id='word_1_373' title='bbox 1663 4952 1836 5006; x_wconf 88' lang='lat' dir='ltr'><strong>omnia</strong></span> <span class='ocrx_word' id='word_1_374' title='bbox 1886 4950 2255 5022; x_wconf 65' lang='lat' dir='ltr'><strong>Egyptiorum</strong></span> 
     </span>
    </p>
   </div>
   <div class='ocr_carea' id='block_1_51' title="bbox 693 5040 2258 5120">
    <p class='ocr_par' dir='ltr' id='par_1_51' title="bbox 693 5040 2258 5120">
     <span class='ocr_line' id='line_1_51' title="bbox 693 5040 2258 5120; baseline -0.003 -22"><span class='ocrx_word' id='word_1_375' title='bbox 693 5047 1036 5120; x_wconf 79' lang='lat' dir='ltr'><strong>primogenita</strong></span> <span class='ocrx_word' id='word_1_376' title='bbox 1064 5044 1228 5100; x_wconf 88' lang='lat' dir='ltr'><strong>occidi</strong></span> <span class='ocrx_word' id='word_1_377' title='bbox 1255 5043 1411 5112; x_wconf 86' lang='lat' dir='ltr'><strong>jussit</strong></span> <span class='ocrx_word' id='word_1_378' title='bbox 1442 5040 1514 5111; x_wconf 86' lang='lat' dir='ltr'><strong>(a)</strong></span> <span class='ocrx_word' id='word_1_379' title='bbox 1541 5058 1554 5095; x_wconf 93' lang='lat'>:</span> <span class='ocrx_word' id='word_1_380' title='bbox 1584 5041 1911 5111; x_wconf 87' lang='lat' dir='ltr'><strong>vidissesque</strong></span> <span class='ocrx_word' id='word_1_381' title='bbox 1940 5043 1989 5094; x_wconf 92' lang='lat' dir='ltr'><strong>in</strong></span> <span class='ocrx_word' id='word_1_382' title='bbox 2039 5041 2258 5110; x_wconf 81' lang='lat' dir='ltr'><strong>singulis</strong></span> 
     </span>
    </p>
   </div>
   <div class='ocr_carea' id='block_1_52' title="bbox 750 5259 2263 5329">
    <p class='ocr_par' dir='ltr' id='par_1_52' title="bbox 750 5259 2263 5329">
     <span class='ocr_line' id='line_1_52' title="bbox 750 5259 2263 5329; baseline -0.004 -12"><span class='ocrx_word' id='word_1_383' title='bbox 750 5268 822 5329; x_wconf 82' lang='lat' dir='ltr'><strong>(rt)</strong></span> <span class='ocrx_word' id='word_1_384' title='bbox 856 5268 940 5315; x_wconf 81' lang='lat' dir='ltr'><strong>Hic</strong></span> <span class='ocrx_word' id='word_1_385' title='bbox 962 5264 1150 5322; x_wconf 82' lang='lat' dir='ltr'><strong>videtur</strong></span> <span class='ocrx_word' id='word_1_386' title='bbox 1171 5263 1426 5329; x_wconf 71' lang='lat' dir='ltr'><strong>pugnantia</strong></span> <span class='ocrx_word' id='word_1_387' title='bbox 1453 5261 1580 5323; x_wconf 90' lang='lat' dir='ltr'><strong>loqui</strong></span> <span class='ocrx_word' id='word_1_388' title='bbox 1618 5259 1988 5329; x_wconf 78' lang='lat' dir='ltr'><strong>Chrysostomus,</strong></span> <span class='ocrx_word' id='word_1_389' title='bbox 2013 5273 2120 5309; x_wconf 91' lang='lat' dir='ltr'><strong>cum</strong></span> <span class='ocrx_word' id='word_1_390' title='bbox 2140 5261 2263 5329; x_wconf 69' lang='lat' dir='ltr'><strong>juris</strong></span> 
     </span>
    </p>
   </div>
   <div class='ocr_carea' id='block_1_53' title="bbox 693 5320 2264 5390">
    <p class='ocr_par' dir='ltr' id='par_1_53' title="bbox 693 5320 2264 5390">
     <span class='ocr_line' id='line_1_53' title="bbox 693 5320 2264 5390; baseline -0.003 -16"><span class='ocrx_word' id='word_1_391' title='bbox 693 5320 1080 5390; x_wconf 68' lang='lat' dir='ltr'><strong>primogenitum</strong></span> <span class='ocrx_word' id='word_1_392' title='bbox 1119 5320 1299 5390; x_wconf 63' lang='grc' dir='ltr'><strong>ςικὲθιᾷν,</strong></span> <span class='ocrx_word' id='word_1_393' title='bbox 1325 5323 1371 5372; x_wconf 87' lang='lat' dir='ltr'><strong>id</strong></span> <span class='ocrx_word' id='word_1_394' title='bbox 1418 5320 1726 5390; x_wconf 69' lang='lat' dir='ltr'><strong>est,&#39;cans_ani</strong></span> <span class='ocrx_word' id='word_1_395' title='bbox 1751 5329 1803 5390; x_wconf 76' lang='lat' dir='ltr'><strong>et</strong></span> <span class='ocrx_word' id='word_1_396' title='bbox 1823 5321 2079 5390; x_wconf 72' lang='lat' dir='ltr'><strong>originem,</strong></span> <span class='ocrx_word' id='word_1_397' title='bbox 2107 5320 2264 5370; x_wconf 76' lang='lat' dir='ltr'><strong>refert</strong></span> 
     </span>
    </p>
   </div>
   <div class='ocr_carea' id='block_1_54' title="bbox 692 5379 2263 5449">
    <p class='ocr_par' dir='ltr' id='par_1_54' title="bbox 692 5379 2263 5449">
     <span class='ocr_line' id='line_1_54' title="bbox 692 5379 2263 5449; baseline -0.003 -13"><span class='ocrx_word' id='word_1_398' title='bbox 692 5379 748 5437; x_wconf 68' lang='lat' dir='ltr'><strong>&#39;atl</strong></span> <span class='ocrx_word' id='word_1_399' title='bbox 775 5379 1156 5438; x_wconf 60' lang='lat' dir='ltr'><strong>intErnecionem</strong></span> <span class='ocrx_word' id='word_1_400' title='bbox 1172 5379 1600 5449; x_wconf 78' lang='lat' dir='ltr'><strong>primogenitorum</strong></span> <span class='ocrx_word' id='word_1_401' title='bbox 1616 5381 1818 5449; x_wconf 53' lang='grc' dir='ltr'>Ερμῆ,</span> <span class='ocrx_word' id='word_1_402' title='bbox 1838 5379 1974 5430; x_wconf 76' lang='lat' dir='ltr'><strong>annis</strong></span> <span class='ocrx_word' id='word_1_403' title='bbox 1992 5379 2102 5449; x_wconf 77' lang='lat' dir='ltr'><strong>plus</strong></span> <span class='ocrx_word' id='word_1_404' title='bbox 2120 5395 2263 5449; x_wconf 82' lang='lat' dir='ltr'><strong>quam</strong></span> 
     </span>
    </p>
   </div>
   <div class='ocr_carea' id='block_1_55' title="bbox 694 5443 2264 5510">
    <p class='ocr_par' dir='ltr' id='par_1_55' title="bbox 694 5443 2264 5510">
     <span class='ocr_line' id='line_1_55' title="bbox 694 5443 2264 5510; baseline -0.004 -14"><span class='ocrx_word' id='word_1_405' title='bbox 694 5451 926 5499; x_wconf 80' lang='lat' dir='ltr'><strong>trecentis</strong></span> <span class='ocrx_word' id='word_1_406' title='bbox 940 5457 1046 5510; x_wconf 71' lang='lat' dir='ltr'><strong>post</strong></span> <span class='ocrx_word' id='word_1_407' title='bbox 1059 5443 1218 5510; x_wconf 80' lang='lat' dir='ltr'><strong>ortum</strong></span> <span class='ocrx_word' id='word_1_408' title='bbox 1236 5443 1353 5495; x_wconf 68' lang='lat' dir='ltr'><strong>Fsaii</strong></span> <span class='ocrx_word' id='word_1_409' title='bbox 1378 5453 1428 5510; x_wconf 63' lang='lat' dir='ltr'><strong>rt</strong></span> <span class='ocrx_word' id='word_1_410' title='bbox 1445 5443 1604 5493; x_wconf 85' lang='lat' dir='ltr'><strong>Jacobi</strong></span> <span class='ocrx_word' id='word_1_411' title='bbox 1631 5443 1724 5510; x_wconf 74' lang='lat' dir='ltr'><strong>:de</strong></span> <span class='ocrx_word' id='word_1_412' title='bbox 1748 5455 1952 5505; x_wconf 84' lang='lat' dir='ltr'><strong>quorum</strong></span> <span class='ocrx_word' id='word_1_413' title='bbox 1974 5443 2264 5510; x_wconf 69' lang='lat' dir='ltr'><strong>primogeni-</strong></span> 
     </span>
    </p>
   </div>
   <div class='ocr_carea' id='block_1_56' title="bbox 696 5505 2265 5571">
    <p class='ocr_par' dir='ltr' id='par_1_56' title="bbox 696 5505 2265 5571">
     <span class='ocr_line' id='line_1_56' title="bbox 696 5505 2265 5571; baseline -0.004 -13"><span class='ocrx_word' id='word_1_414' title='bbox 696 5517 799 5558; x_wconf 84' lang='lat' dir='ltr'><strong>tura</strong></span> <span class='ocrx_word' id='word_1_415' title='bbox 819 5505 954 5571; x_wconf 77' lang='lat' dir='ltr'><strong>etde</strong></span> <span class='ocrx_word' id='word_1_416' title='bbox 972 5509 1082 5571; x_wconf 82' lang='lat' dir='ltr'><strong>jure</strong></span> <span class='ocrx_word' id='word_1_417' title='bbox 1101 5507 1229 5571; x_wconf 78' lang='lat' dir='ltr'><strong>illam</strong></span> <span class='ocrx_word' id='word_1_418' title='bbox 1267 5508 1527 5556; x_wconf 83' lang='lat' dir='ltr'><strong>comitante</strong></span> <span class='ocrx_word' id='word_1_419' title='bbox 1553 5505 1753 5571; x_wconf 71' lang='lat' dir='ltr'><strong>qurestio</strong></span> <span class='ocrx_word' id='word_1_420' title='bbox 1777 5510 1869 5553; x_wconf 84' lang='lat' dir='ltr'><strong>est.</strong></span> <span class='ocrx_word' id='word_1_421' title='bbox 1912 5505 2001 5571; x_wconf 76' lang='lat' dir='ltr'><strong>Sed</strong></span> <span class='ocrx_word' id='word_1_422' title='bbox 2027 5505 2155 5571; x_wconf 82' lang='lat' dir='ltr'><strong>bene</strong></span> <span class='ocrx_word' id='word_1_423' title='bbox 2181 5505 2265 5552; x_wconf 85' lang='lat' dir='ltr'><strong>ad-</strong></span> 
     </span>
    </p>
   </div>
   <div class='ocr_carea' id='block_1_57' title="bbox 701 5565 2267 5632">
    <p class='ocr_par' dir='ltr' id='par_1_57' title="bbox 701 5565 2267 5632">
     <span class='ocr_line' id='line_1_57' title="bbox 701 5565 2267 5632; baseline -0.004 -13"><span class='ocrx_word' id='word_1_424' title='bbox 701 5574 843 5632; x_wconf 77' lang='lat' dir='ltr'><strong>vertit</strong></span> <span class='ocrx_word' id='word_1_425' title='bbox 866 5569 947 5632; x_wconf 80' lang='lat' dir='ltr'><strong>ille</strong></span> <span class='ocrx_word' id='word_1_426' title='bbox 970 5565 1138 5632; x_wconf 72' lang='lat' dir='ltr'><strong>postea</strong></span> <span class='ocrx_word' id='word_1_427' title='bbox 1163 5568 1207 5617; x_wconf 89' lang='lat' dir='ltr'><strong>id</strong></span> <span class='ocrx_word' id='word_1_428' title='bbox 1244 5581 1338 5616; x_wconf 90' lang='lat' dir='ltr'><strong>non</strong></span> <span class='ocrx_word' id='word_1_429' title='bbox 1371 5579 1513 5632; x_wconf 77' lang='lat' dir='ltr'><strong>posse</strong></span> <span class='ocrx_word' id='word_1_430' title='bbox 1537 5565 1794 5632; x_wconf 72' lang='lat' dir='ltr'><strong>quadrare,</strong></span> <span class='ocrx_word' id='word_1_431' title='bbox 1816 5577 1925 5632; x_wconf 79' lang='lat' dir='ltr'><strong>cum</strong></span> <span class='ocrx_word' id='word_1_432' title='bbox 1948 5565 2086 5632; x_wconf 73' lang='lat' dir='ltr'><strong>dicit,</strong></span> <span class='ocrx_word' id='word_1_433' title='bbox 2106 5579 2267 5632; x_wconf 83' lang='lat' dir='ltr'><strong>qnam-</strong></span> 
     </span>
    </p>
   </div>
   <div class='ocr_carea' id='block_1_58' title="bbox 699 5627 2268 5693">
    <p class='ocr_par' dir='ltr' id='par_1_58' title="bbox 699 5627 2268 5693">
     <span class='ocr_line' id='line_1_58' title="bbox 699 5627 2268 5693; baseline -0.001 -18"><span class='ocrx_word' id='word_1_434' title='bbox 699 5633 774 5680; x_wconf 85' lang='lat' dir='ltr'><strong>vis</strong></span> <span class='ocrx_word' id='word_1_435' title='bbox 795 5627 1032 5693; x_wconf 73' lang='lat' dir='ltr'><strong>legislat&#39;io</strong></span> <span class='ocrx_word' id='word_1_436' title='bbox 1053 5629 1133 5693; x_wconf 79' lang='lat' dir='ltr'><strong>illa</strong></span> <span class='ocrx_word' id='word_1_437' title='bbox 1147 5627 1456 5693; x_wconf 64' lang='lat' dir='ltr'><strong>Hebraeorum</strong></span> <span class='ocrx_word' id='word_1_438' title='bbox 1473 5627 1537 5676; x_wconf 86' lang='lat' dir='ltr'><strong>de</strong></span> <span class='ocrx_word' id='word_1_439' title='bbox 1564 5627 1892 5688; x_wconf 77' lang='lat' dir='ltr'><strong>primogenitis</strong></span> <span class='ocrx_word' id='word_1_440' title='bbox 1899 5628 2146 5693; x_wconf 78' lang='lat' dir='ltr'><strong>posterior</strong></span> <span class='ocrx_word' id='word_1_441' title='bbox 2164 5630 2268 5693; x_wconf 57' lang='lat' dir='ltr'><strong>tite-</strong></span> 
     </span>
    </p>
   </div>
   <div class='ocr_carea' id='block_1_59' title="bbox 698 5687 2268 5762">
    <p class='ocr_par' dir='ltr' id='par_1_59' title="bbox 698 5687 2268 5762">
     <span class='ocr_line' id='line_1_59' title="bbox 698 5687 2268 5762; baseline -0.001 -24"><span class='ocrx_word' id='word_1_442' title='bbox 698 5687 873 5762; x_wconf 74' lang='lat' dir='ltr'><strong>rit,_jn§</strong></span> <span class='ocrx_word' id='word_1_443' title='bbox 893 5700 1052 5740; x_wconf 86' lang='lat' dir='ltr'><strong>tamen</strong></span> <span class='ocrx_word' id='word_1_444' title='bbox 1085 5691 1278 5762; x_wconf 74' lang='lat' dir='ltr'><strong>aliquod</strong></span> <span class='ocrx_word' id='word_1_445' title='bbox 1301 5692 1690 5762; x_wconf 72' lang='lat' dir='ltr'><strong>pritttogcnttura:</strong></span> <span class='ocrx_word' id='word_1_446' title='bbox 1725 5694 1864 5762; x_wconf 70' lang='lat' dir='ltr'><strong>antea</strong></span> <span class='ocrx_word' id='word_1_447' title='bbox 1895 5687 2061 5735; x_wconf 81' lang='lat' dir='ltr'><strong>fuisse.</strong></span> <span class='ocrx_word' id='word_1_448' title='bbox 2090 5693 2140 5734; x_wconf 84' lang='lat' dir='ltr'><strong>Et</strong></span> <span class='ocrx_word' id='word_1_449' title='bbox 2164 5688 2268 5758; x_wconf 32' lang='lat' dir='ltr'><strong>.hac</strong></span> 
     </span>
    </p>
   </div>
   <div class='ocr_carea' id='block_1_60' title="bbox 697 5750 2263 5815">
    <p class='ocr_par' dir='ltr' id='par_1_60' title="bbox 697 5750 2263 5815">
     <span class='ocr_line' id='line_1_60' title="bbox 697 5750 2263 5815; baseline -0.001 -14"><span class='ocrx_word' id='word_1_450' title='bbox 697 5750 886 5802; x_wconf 75' lang='lat' dir='ltr'><strong>totiene</strong></span> <span class='ocrx_word' id='word_1_451' title='bbox 908 5764 1016 5815; x_wconf 48' lang='lat' dir='ltr'><strong>quat</strong></span> <span class='ocrx_word' id='word_1_452' title='bbox 1040 5765 1133 5802; x_wconf 87' lang='lat' dir='ltr'><strong>non</strong></span> <span class='ocrx_word' id='word_1_453' title='bbox 1157 5750 1391 5814; x_wconf 70' lang='lat' dir='ltr'><strong>quadrare</strong></span> <span class='ocrx_word' id='word_1_454' title='bbox 1427 5750 1732 5812; x_wconf 86' lang='lat' dir='ltr'><strong>videbantur,</strong></span> <span class='ocrx_word' id='word_1_455' title='bbox 1768 5755 2028 5811; x_wconf 84' lang='lat' dir='ltr'><strong>utcumque</strong></span> <span class='ocrx_word' id='word_1_456' title='bbox 2053 5751 2263 5812; x_wconf 58' lang='lat' dir='ltr'><strong>corrigit.</strong></span> 
     </span>
    </p>
   </div>
   <div class='ocr_carea' id='block_1_61' title="bbox 1215 5999 1252 6040">
    <p class='ocr_par' dir='ltr' id='par_1_61' title="bbox 1215 5999 1252 6040">
     <span class='ocr_line' id='line_1_61' title="bbox 1215 5999 1252 6040; baseline 0 0"><span class='ocrx_word' id='word_1_457' title='bbox 1215 5999 1252 6040; x_wconf 85' lang='lat'><strong><em>/</em></strong></span> 
     </span>
    </p>
   </div>
   <div class='ocr_carea' id='block_1_62' title="bbox 1425 357 3229 430">
    <p class='ocr_par' dir='ltr' id='par_1_62' title="bbox 1425 357 3229 430">
     <span class='ocr_line' id='line_1_62' title="bbox 1425 357 3229 430; baseline -0.01 0"><span class='ocrx_word' id='word_1_458' title='bbox 1425 377 1485 430; x_wconf 87' lang='lat' dir='ltr'><strong>S.</strong></span> <span class='ocrx_word' id='word_1_459' title='bbox 1524 369 1798 429; x_wconf 75' lang='lat' dir='ltr'><strong>JOANNIS</strong></span> <span class='ocrx_word' id='word_1_460' title='bbox 1833 357 2302 424; x_wconf 72' lang='lat' dir='ltr'><strong>CIIRYSOSTOMI</strong></span> <span class='ocrx_word' id='word_1_461' title='bbox 2343 359 2654 414; x_wconf 65' lang='lat' dir='ltr'><strong>ARCIIIEP.</strong></span> <span class='ocrx_word' id='word_1_462' title='bbox 2697 357 3229 414; x_wconf 70' lang='lat' dir='ltr'><strong>CONSTANTIN&#39;OI‘.</strong></span> 
     </span>
    </p>
   </div>
   <div class='ocr_carea' id='block_1_63' title="bbox 3822 355 3932 410">
    <p class='ocr_par' dir='ltr' id='par_1_63' title="bbox 3822 355 3932 410">
     <span class='ocr_line' id='line_1_63' title="bbox 3822 355 3932 410; baseline 0 0"><span class='ocrx_word' id='word_1_463' title='bbox 3822 355 3932 410; x_wconf 56' lang='lat'><strong>15?.</strong></span> 
     </span>
    </p>
   </div>
   <div class='ocr_carea' id='block_1_64' title="bbox 2351 473 3936 546">
    <p class='ocr_par' dir='ltr' id='par_1_64' title="bbox 2351 473 3936 546">
     <span class='ocr_line' id='line_1_64' title="bbox 2351 473 3936 546; baseline -0.002 -17"><span class='ocrx_word' id='word_1_464' title='bbox 2351 476 2597 532; x_wconf 83' lang='lat' dir='ltr'><strong>dotnibns</strong></span> <span class='ocrx_word' id='word_1_465' title='bbox 2622 476 2847 545; x_wconf 86' lang='lat' dir='ltr'><strong>ejulatus</strong></span> <span class='ocrx_word' id='word_1_466' title='bbox 2873 485 2928 530; x_wconf 90' lang='lat' dir='ltr'><strong>et</strong></span> <span class='ocrx_word' id='word_1_467' title='bbox 2957 476 3256 546; x_wconf 81' lang='lat' dir='ltr'><strong>laeryntas;</strong></span> <span class='ocrx_word' id='word_1_468' title='bbox 3285 487 3456 544; x_wconf 86' lang='lat' dir='ltr'><strong>neque</strong></span> <span class='ocrx_word' id='word_1_469' title='bbox 3481 473 3558 528; x_wconf 88' lang='lat' dir='ltr'><strong>sic</strong></span> <span class='ocrx_word' id='word_1_470' title='bbox 3586 474 3841 543; x_wconf 79' lang='lat' dir='ltr'><strong>putabant</strong></span> <span class='ocrx_word' id='word_1_471' title='bbox 3872 474 3936 527; x_wconf 75' lang='lat' dir='ltr'><strong>fi-</strong></span> 
     </span>
    </p>
   </div>
   <div class='ocr_carea' id='block_1_65' title="bbox 2349 563 3935 639">
    <p class='ocr_par' dir='ltr' id='par_1_65' title="bbox 2349 563 3935 639">
     <span class='ocr_line' id='line_1_65' title="bbox 2349 563 3935 639; baseline -0.002 -19"><span class='ocrx_word' id='word_1_472' title='bbox 2349 569 2446 622; x_wconf 89' lang='lat' dir='ltr'><strong>niri</strong></span> <span class='ocrx_word' id='word_1_473' title='bbox 2476 568 2707 639; x_wconf 81' lang='lat' dir='ltr'><strong>plagam,</strong></span> <span class='ocrx_word' id='word_1_474' title='bbox 2735 566 2825 622; x_wconf 64' lang='lat' dir='ltr'><strong>sed</strong></span> <span class='ocrx_word' id='word_1_475' title='bbox 2872 565 3014 620; x_wconf 92' lang='lat' dir='ltr'><strong>illine</strong></span> <span class='ocrx_word' id='word_1_476' title='bbox 3057 567 3215 620; x_wconf 88' lang='lat' dir='ltr'><strong>etiam</strong></span> <span class='ocrx_word' id='word_1_477' title='bbox 3264 563 3640 634; x_wconf 72' lang='lat' dir='ltr'><strong>exspectabant</strong></span> <span class='ocrx_word' id='word_1_478' title='bbox 3683 573 3739 618; x_wconf 93' lang='lat' dir='ltr'><strong>ut</strong></span> <span class='ocrx_word' id='word_1_479' title='bbox 3783 578 3935 617; x_wconf 82' lang='lat' dir='ltr'><strong>mors</strong></span> 
     </span>
    </p>
   </div>
   <div class='ocr_carea' id='block_1_66' title="bbox 2347 653 3936 730">
    <p class='ocr_par' dir='ltr' id='par_1_66' title="bbox 2347 653 3936 730">
     <span class='ocr_line' id='line_1_66' title="bbox 2347 653 3936 730; baseline -0.006 -16"><span class='ocrx_word' id='word_1_480' title='bbox 2347 673 2452 730; x_wconf 87' lang='lat' dir='ltr'><strong>qna</strong></span> <span class='ocrx_word' id='word_1_481' title='bbox 2483 667 2720 728; x_wconf 65' lang='lat' dir='ltr'><strong>eruperat</strong></span> <span class='ocrx_word' id='word_1_482' title='bbox 2762 672 3006 728; x_wconf 80' lang='lat' dir='ltr'><strong>pergens,</strong></span> <span class='ocrx_word' id='word_1_483' title='bbox 3052 655 3118 710; x_wconf 88' lang='lat' dir='ltr'><strong>ad</strong></span> <span class='ocrx_word' id='word_1_484' title='bbox 3159 669 3347 730; x_wconf 81' lang='lat' dir='ltr'><strong>omnes</strong></span> <span class='ocrx_word' id='word_1_485' title='bbox 3396 654 3714 724; x_wconf 85' lang='lat' dir='ltr'><strong>perveniret.</strong></span> <span class='ocrx_word' id='word_1_486' title='bbox 3748 653 3936 724; x_wconf 83' lang='lat' dir='ltr'><strong>Itaque</strong></span> 
     </span>
    </p>
   </div>
   <div class='ocr_carea' id='block_1_67' title="bbox 2345 747 3936 821">
    <p class='ocr_par' dir='ltr' id='par_1_67' title="bbox 2345 747 3936 821">
     <span class='ocr_line' id='line_1_67' title="bbox 2345 747 3936 821; baseline -0.005 -15"><span class='ocrx_word' id='word_1_487' title='bbox 2345 753 2466 813; x_wconf 83' lang='lat' dir='ltr'><strong>quia</strong></span> <span class='ocrx_word' id='word_1_488' title='bbox 2497 751 2549 806; x_wconf 88' lang='lat' dir='ltr'><strong>in</strong></span> <span class='ocrx_word' id='word_1_489' title='bbox 2593 749 2824 821; x_wconf 66' lang='lat' dir='ltr'><strong>Egypto</strong></span> <span class='ocrx_word' id='word_1_490' title='bbox 2854 765 2954 805; x_wconf 82' lang='lat' dir='ltr'><strong>una</strong></span> <span class='ocrx_word' id='word_1_491' title='bbox 2997 747 3233 803; x_wconf 90' lang='lat' dir='ltr'><strong>omnium</strong></span> <span class='ocrx_word' id='word_1_492' title='bbox 3265 747 3732 817; x_wconf 78' lang='lat' dir='ltr'><strong>primogenitarum</strong></span> <span class='ocrx_word' id='word_1_493' title='bbox 3781 760 3936 799; x_wconf 85' lang='lat' dir='ltr'><strong>mors</strong></span> 
     </span>
    </p>
   </div>
   <div class='ocr_carea' id='block_1_68' title="bbox 2349 839 3935 910">
    <p class='ocr_par' dir='ltr' id='par_1_68' title="bbox 2349 839 3935 910">
     <span class='ocr_line' id='line_1_68' title="bbox 2349 839 3935 910; baseline -0.004 -13"><span class='ocrx_word' id='word_1_494' title='bbox 2349 843 2464 910; x_wconf 81' lang='lat' dir='ltr'><strong>fuit,</strong></span> <span class='ocrx_word' id='word_1_495' title='bbox 2488 842 2736 898; x_wconf 60' lang='lat' dir='ltr'><strong>Israelita:</strong></span> <span class='ocrx_word' id='word_1_496' title='bbox 2761 851 2934 896; x_wconf 86' lang='lat' dir='ltr'><strong>autem</strong></span> <span class='ocrx_word' id='word_1_497' title='bbox 2956 842 3130 896; x_wconf 86' lang='lat' dir='ltr'><strong>divina</strong></span> <span class='ocrx_word' id='word_1_498' title='bbox 3159 839 3277 895; x_wconf 85' lang='lat' dir='ltr'><strong>freti</strong></span> <span class='ocrx_word' id='word_1_499' title='bbox 3302 842 3490 910; x_wconf 80' lang='lat' dir='ltr'><strong>gratia,</strong></span> <span class='ocrx_word' id='word_1_500' title='bbox 3515 839 3663 894; x_wconf 68' lang='lat' dir='ltr'><strong>illaesi</strong></span> <span class='ocrx_word' id='word_1_501' title='bbox 3680 852 3935 908; x_wconf 79' lang='lat' dir='ltr'><strong>perman-</strong></span> 
     </span>
    </p>
   </div>
   <div class='ocr_carea' id='block_1_69' title="bbox 2345 929 3931 1002">
    <p class='ocr_par' dir='ltr' id='par_1_69' title="bbox 2345 929 3931 1002">
     <span class='ocr_line' id='line_1_69' title="bbox 2345 929 3931 1002; baseline -0.004 -14"><span class='ocrx_word' id='word_1_502' title='bbox 2345 943 2529 988; x_wconf 87' lang='lat' dir='ltr'><strong>serunt</strong></span> <span class='ocrx_word' id='word_1_503' title='bbox 2560 950 2573 987; x_wconf 94' lang='lat'>:</span> <span class='ocrx_word' id='word_1_504' title='bbox 2603 948 2698 1002; x_wconf 87' lang='lat' dir='ltr'><strong>per</strong></span> <span class='ocrx_word' id='word_1_505' title='bbox 2727 933 2827 987; x_wconf 88' lang='lat' dir='ltr'><strong>hoc</strong></span> <span class='ocrx_word' id='word_1_506' title='bbox 2848 932 3010 988; x_wconf 88' lang='lat' dir='ltr'><strong>etiam</strong></span> <span class='ocrx_word' id='word_1_507' title='bbox 3040 930 3327 987; x_wconf 88' lang='lat' dir='ltr'><strong>ostendens</strong></span> <span class='ocrx_word' id='word_1_508' title='bbox 3354 930 3589 984; x_wconf 89' lang='lat' dir='ltr'><strong>omnium</strong></span> <span class='ocrx_word' id='word_1_509' title='bbox 3615 929 3753 984; x_wconf 88' lang='lat' dir='ltr'><strong>Deus</strong></span> <span class='ocrx_word' id='word_1_510' title='bbox 3771 942 3931 983; x_wconf 84' lang='lat' dir='ltr'><strong>suam</strong></span> 
     </span>
    </p>
   </div>
   <div class='ocr_carea' id='block_1_70' title="bbox 2346 1019 3934 1092">
    <p class='ocr_par' dir='ltr' id='par_1_70' title="bbox 2346 1019 3934 1092">
     <span class='ocr_line' id='line_1_70' title="bbox 2346 1019 3934 1092; baseline -0.006 -15"><span class='ocrx_word' id='word_1_511' title='bbox 2346 1037 2467 1092; x_wconf 86' lang='lat' dir='ltr'><strong>erga</strong></span> <span class='ocrx_word' id='word_1_512' title='bbox 2501 1021 2621 1078; x_wconf 82' lang='lat' dir='ltr'><strong>illos</strong></span> <span class='ocrx_word' id='word_1_513' title='bbox 2665 1021 3114 1084; x_wconf 88' lang='lat' dir='ltr'><strong>benevolentiam,</strong></span> <span class='ocrx_word' id='word_1_514' title='bbox 3159 1020 3440 1090; x_wconf 86' lang='lat' dir='ltr'><strong>imperavit</strong></span> <span class='ocrx_word' id='word_1_515' title='bbox 3464 1019 3520 1073; x_wconf 87' lang='lat' dir='ltr'><strong>in</strong></span> <span class='ocrx_word' id='word_1_516' title='bbox 3568 1028 3839 1088; x_wconf 86' lang='lat' dir='ltr'><strong>posterum</strong></span> <span class='ocrx_word' id='word_1_517' title='bbox 3873 1025 3934 1070; x_wconf 85' lang='lat' dir='ltr'><strong>ut</strong></span> 
     </span>
    </p>
   </div>
   <div class='ocr_carea' id='block_1_71' title="bbox 2347 1107 3939 1182">
    <p class='ocr_par' dir='ltr' id='par_1_71' title="bbox 2347 1107 3939 1182">
     <span class='ocr_line' id='line_1_71' title="bbox 2347 1107 3939 1182; baseline -0.001 -16"><span class='ocrx_word' id='word_1_518' title='bbox 2347 1122 2562 1182; x_wconf 89' lang='lat' dir='ltr'><strong>propter</strong></span> <span class='ocrx_word' id='word_1_519' title='bbox 2592 1112 3013 1167; x_wconf 87' lang='lat' dir='ltr'><strong>interfectionem</strong></span> <span class='ocrx_word' id='word_1_520' title='bbox 3043 1111 3514 1182; x_wconf 90' lang='lat' dir='ltr'><strong>primogenitorum</strong></span> <span class='ocrx_word' id='word_1_521' title='bbox 3541 1108 3781 1180; x_wconf 68' lang='lat' dir='ltr'><strong>Egypti,</strong></span> <span class='ocrx_word' id='word_1_522' title='bbox 3818 1107 3939 1179; x_wconf 72' lang='lat' dir='ltr'><strong>pri-</strong></span> 
     </span>
    </p>
   </div>
   <div class='ocr_carea' id='block_1_72' title="bbox 2347 1199 3936 1275">
    <p class='ocr_par' dir='ltr' id='par_1_72' title="bbox 2347 1199 3936 1275">
     <span class='ocr_line' id='line_1_72' title="bbox 2347 1199 3936 1275; baseline -0.004 -17"><span class='ocrx_word' id='word_1_523' title='bbox 2347 1204 2597 1275; x_wconf 85' lang='lat' dir='ltr'><strong>mogeniti</strong></span> <span class='ocrx_word' id='word_1_524' title='bbox 2626 1202 2929 1259; x_wconf 64' lang='lat' dir='ltr'><strong>Judaeorum</strong></span> <span class='ocrx_word' id='word_1_525' title='bbox 2978 1203 3130 1274; x_wconf 90' lang='lat' dir='ltr'><strong>pueri</strong></span> <span class='ocrx_word' id='word_1_526' title='bbox 3173 1202 3274 1258; x_wconf 85' lang='lat' dir='ltr'><strong>sibi</strong></span> <span class='ocrx_word' id='word_1_527' title='bbox 3315 1201 3656 1257; x_wconf 78' lang='lat' dir='ltr'><strong>otferrentur.</strong></span> <span class='ocrx_word' id='word_1_528' title='bbox 3693 1199 3829 1253; x_wconf 81' lang='lat' dir='ltr'><strong>[line</strong></span> <span class='ocrx_word' id='word_1_529' title='bbox 3876 1207 3936 1253; x_wconf 87' lang='lat' dir='ltr'><strong>et</strong></span> 
     </span>
    </p>
   </div>
   <div class='ocr_carea' id='block_1_73' title="bbox 2346 1287 3936 1363">
    <p class='ocr_par' dir='ltr' id='par_1_73' title="bbox 2346 1287 3936 1363">
     <span class='ocr_line' id='line_1_73' title="bbox 2346 1287 3936 1363; baseline -0.005 -14"><span class='ocrx_word' id='word_1_530' title='bbox 2346 1297 2515 1352; x_wconf 75' lang='lat' dir='ltr'><strong>tribus</strong></span> <span class='ocrx_word' id='word_1_531' title='bbox 2562 1295 2688 1352; x_wconf 85' lang='lat' dir='ltr'><strong>Levi</strong></span> <span class='ocrx_word' id='word_1_532' title='bbox 2721 1297 2771 1349; x_wconf 89' lang='lat' dir='ltr'><strong>in</strong></span> <span class='ocrx_word' id='word_1_533' title='bbox 2821 1293 3174 1352; x_wconf 86' lang='lat' dir='ltr'><strong>sacerdotium</strong></span> <span class='ocrx_word' id='word_1_534' title='bbox 3200 1300 3476 1363; x_wconf 81' lang='lat' dir='ltr'><strong>segregata</strong></span> <span class='ocrx_word' id='word_1_535' title='bbox 3522 1296 3626 1356; x_wconf 86' lang='lat' dir='ltr'><strong>est,</strong></span> <span class='ocrx_word' id='word_1_536' title='bbox 3650 1297 3705 1344; x_wconf 89' lang='lat' dir='ltr'><strong>et</strong></span> <span class='ocrx_word' id='word_1_537' title='bbox 3742 1302 3810 1343; x_wconf 76' lang='lat' dir='ltr'><strong>ex</strong></span> <span class='ocrx_word' id='word_1_538' title='bbox 3837 1287 3936 1343; x_wconf 88' lang='lat' dir='ltr'><strong>illo</strong></span> 
     </span>
    </p>
   </div>
   <div class='ocr_carea' id='block_1_74' title="bbox 2346 1377 3932 1456">
    <p class='ocr_par' dir='ltr' id='par_1_74' title="bbox 2346 1377 3932 1456">
     <span class='ocr_line' id='line_1_74' title="bbox 2346 1377 3932 1456; baseline -0.005 -15"><span class='ocrx_word' id='word_1_539' title='bbox 2346 1402 2449 1441; x_wconf 90' lang='lat' dir='ltr'><strong>non</strong></span> <span class='ocrx_word' id='word_1_540' title='bbox 2479 1387 2648 1441; x_wconf 87' lang='lat' dir='ltr'><strong>solum</strong></span> <span class='ocrx_word' id='word_1_541' title='bbox 2674 1385 3020 1456; x_wconf 69' lang='lat' dir='ltr'><strong>primogenita</strong></span> <span class='ocrx_word' id='word_1_542' title='bbox 3045 1383 3316 1439; x_wconf 85' lang='lat' dir='ltr'><strong>hominum</strong></span> <span class='ocrx_word' id='word_1_543' title='bbox 3337 1382 3512 1437; x_wconf 82' lang='lat' dir='ltr'><strong>oblata</strong></span> <span class='ocrx_word' id='word_1_544' title='bbox 3532 1390 3654 1436; x_wconf 90' lang='lat' dir='ltr'><strong>sunt</strong></span> <span class='ocrx_word' id='word_1_545' title='bbox 3674 1379 3808 1446; x_wconf 86' lang='lat' dir='ltr'><strong>Deo,</strong></span> <span class='ocrx_word' id='word_1_546' title='bbox 3832 1377 3932 1433; x_wconf 85' lang='lat' dir='ltr'><strong>sed</strong></span> 
     </span>
    </p>
   </div>
   <div class='ocr_carea' id='block_1_75' title="bbox 2344 1472 3934 1540">
    <p class='ocr_par' dir='ltr' id='par_1_75' title="bbox 2344 1472 3934 1540">
     <span class='ocr_line' id='line_1_75' title="bbox 2344 1472 3934 1540; baseline -0.006 -9"><span class='ocrx_word' id='word_1_547' title='bbox 2344 1487 2398 1531; x_wconf 88' lang='lat' dir='ltr'><strong>et</strong></span> <span class='ocrx_word' id='word_1_548' title='bbox 2440 1477 2739 1540; x_wconf 74' lang='lat' dir='ltr'><strong>brutornm,</strong></span> <span class='ocrx_word' id='word_1_549' title='bbox 2782 1485 2835 1530; x_wconf 88' lang='lat' dir='ltr'><strong>et</strong></span> <span class='ocrx_word' id='word_1_550' title='bbox 2886 1476 2936 1529; x_wconf 92' lang='lat' dir='ltr'><strong>in</strong></span> <span class='ocrx_word' id='word_1_551' title='bbox 2984 1475 3293 1530; x_wconf 85' lang='lat' dir='ltr'><strong>universum</strong></span> <span class='ocrx_word' id='word_1_552' title='bbox 3323 1473 3583 1528; x_wconf 89' lang='lat' dir='ltr'><strong>omnium.</strong></span> <span class='ocrx_word' id='word_1_553' title='bbox 3614 1472 3679 1525; x_wconf 81' lang='lat' dir='ltr'><strong>Et</strong></span> <span class='ocrx_word' id='word_1_554' title='bbox 3727 1482 3934 1538; x_wconf 73' lang='lat' dir='ltr'><strong>pmo-</strong></span> 
     </span>
    </p>
   </div>
   <div class='ocr_carea' id='block_1_76' title="bbox 2346 1559 3932 1639">
    <p class='ocr_par' dir='ltr' id='par_1_76' title="bbox 2346 1559 3932 1639">
     <span class='ocr_line' id='line_1_76' title="bbox 2346 1559 3932 1639; baseline -0.006 -15"><span class='ocrx_word' id='word_1_555' title='bbox 2346 1582 2491 1639; x_wconf 90' lang='lat' dir='ltr'><strong>ptum</strong></span> <span class='ocrx_word' id='word_1_556' title='bbox 2540 1579 2673 1634; x_wconf 86' lang='lat' dir='ltr'><strong>erat,</strong></span> <span class='ocrx_word' id='word_1_557' title='bbox 2707 1583 2804 1638; x_wconf 91' lang='lat' dir='ltr'><strong>pro</strong></span> <span class='ocrx_word' id='word_1_558' title='bbox 2853 1567 3156 1623; x_wconf 87' lang='lat' dir='ltr'><strong>hominibus</strong></span> <span class='ocrx_word' id='word_1_559' title='bbox 3195 1575 3252 1622; x_wconf 90' lang='lat' dir='ltr'><strong>et</strong></span> <span class='ocrx_word' id='word_1_560' title='bbox 3279 1563 3567 1619; x_wconf 87' lang='lat' dir='ltr'><strong>immundis</strong></span> <span class='ocrx_word' id='word_1_561' title='bbox 3608 1559 3932 1616; x_wconf 82' lang='lat' dir='ltr'><strong>animalibus</strong></span> 
     </span>
    </p>
   </div>
   <div class='ocr_carea' id='block_1_77' title="bbox 2348 1649 3933 1730">
    <p class='ocr_par' dir='ltr' id='par_1_77' title="bbox 2348 1649 3933 1730">
     <span class='ocr_line' id='line_1_77' title="bbox 2348 1649 3933 1730; baseline -0.006 -16"><span class='ocrx_word' id='word_1_562' title='bbox 2348 1661 2571 1730; x_wconf 90' lang='lat' dir='ltr'><strong>pretium</strong></span> <span class='ocrx_word' id='word_1_563' title='bbox 2618 1657 2866 1729; x_wconf 88' lang='lat' dir='ltr'><strong>dependi.</strong></span> <span class='ocrx_word' id='word_1_564' title='bbox 2908 1657 3162 1725; x_wconf 84' lang='lat' dir='ltr'><strong>Quamvis</strong></span> <span class='ocrx_word' id='word_1_565' title='bbox 3202 1665 3379 1710; x_wconf 87' lang='lat' dir='ltr'><strong>autem</strong></span> <span class='ocrx_word' id='word_1_566' title='bbox 3422 1652 3688 1723; x_wconf 87' lang='lat' dir='ltr'><strong>legislatio</strong></span> <span class='ocrx_word' id='word_1_567' title='bbox 3715 1650 3834 1705; x_wconf 67' lang='lat' dir='ltr'><strong>haec</strong></span> <span class='ocrx_word' id='word_1_568' title='bbox 3861 1649 3933 1704; x_wconf 87' lang='lat' dir='ltr'><strong>de</strong></span> 
     </span>
    </p>
   </div>
   <div class='ocr_carea' id='block_1_78' title="bbox 2346 1741 3929 1820">
    <p class='ocr_par' dir='ltr' id='par_1_78' title="bbox 2346 1741 3929 1820">
     <span class='ocr_line' id='line_1_78' title="bbox 2346 1741 3929 1820; baseline -0.006 -18"><span class='ocrx_word' id='word_1_569' title='bbox 2346 1749 2712 1820; x_wconf 83' lang='lat' dir='ltr'><strong>primogenitis</strong></span> <span class='ocrx_word' id='word_1_570' title='bbox 2775 1748 3040 1817; x_wconf 85' lang='lat' dir='ltr'><strong>posterior</strong></span> <span class='ocrx_word' id='word_1_571' title='bbox 3092 1745 3252 1801; x_wconf 88' lang='lat' dir='ltr'><strong>fuerit</strong></span> <span class='ocrx_word' id='word_1_572' title='bbox 3285 1753 3556 1799; x_wconf 88' lang='lat' dir='ltr'><strong>:attamen</strong></span> <span class='ocrx_word' id='word_1_573' title='bbox 3605 1741 3716 1812; x_wconf 80' lang='lat' dir='ltr'><strong>jam</strong></span> <span class='ocrx_word' id='word_1_574' title='bbox 3765 1754 3929 1809; x_wconf 83' lang='lat' dir='ltr'><strong>supra</strong></span> 
     </span>
    </p>
   </div>
   <div class='ocr_carea' id='block_1_79' title="bbox 2346 1828 3931 1905">
    <p class='ocr_par' dir='ltr' id='par_1_79' title="bbox 2346 1828 3931 1905">
     <span class='ocr_line' id='line_1_79' title="bbox 2346 1828 3931 1905; baseline -0.008 -12"><span class='ocrx_word' id='word_1_575' title='bbox 2346 1848 2401 1893; x_wconf 90' lang='lat' dir='ltr'><strong>et</strong></span> <span class='ocrx_word' id='word_1_576' title='bbox 2444 1839 2571 1892; x_wconf 93' lang='lat' dir='ltr'><strong>olim</strong></span> <span class='ocrx_word' id='word_1_577' title='bbox 2613 1836 2931 1891; x_wconf 88' lang='lat' dir='ltr'><strong>videbantur</strong></span> <span class='ocrx_word' id='word_1_578' title='bbox 2973 1834 3184 1905; x_wconf 89' lang='lat' dir='ltr'><strong>aliquod</strong></span> <span class='ocrx_word' id='word_1_579' title='bbox 3214 1833 3412 1888; x_wconf 85' lang='lat' dir='ltr'><strong>habere</strong></span> <span class='ocrx_word' id='word_1_580' title='bbox 3451 1831 3809 1901; x_wconf 77' lang='lat' dir='ltr'><strong>privilegium,</strong></span> <span class='ocrx_word' id='word_1_581' title='bbox 3837 1828 3931 1898; x_wconf 90' lang='lat' dir='ltr'><strong>qui</strong></span> 
     </span>
    </p>
   </div>
   <div class='ocr_carea' id='block_1_80' title="bbox 2348 1913 4021 1995">
    <p class='ocr_par' dir='ltr' id='par_1_80' title="bbox 2348 1913 4021 1995">
     <span class='ocr_line' id='line_1_80' title="bbox 2348 1913 4021 1995; baseline -0.005 -17"><span class='ocrx_word' id='word_1_582' title='bbox 2348 1929 2559 1983; x_wconf 78' lang='lat' dir='ltr'><strong>vulvam</strong></span> <span class='ocrx_word' id='word_1_583' title='bbox 2605 1926 2789 1981; x_wconf 85' lang='lat' dir='ltr'><strong>matris</strong></span> <span class='ocrx_word' id='word_1_584' title='bbox 2837 1925 3065 1995; x_wconf 90' lang='lat' dir='ltr'><strong>primum</strong></span> <span class='ocrx_word' id='word_1_585' title='bbox 3114 1921 3511 1991; x_wconf 78' lang='lat' dir='ltr'><strong>adaperiebant.</strong></span> <span class='ocrx_word' id='word_1_586' title='bbox 3560 1920 3707 1974; x_wconf 84' lang='lat' dir='ltr'><strong>lianc</strong></span> <span class='ocrx_word' id='word_1_587' title='bbox 3768 1918 3932 1988; x_wconf 89' lang='lat' dir='ltr'><strong>igitur</strong></span> <span class='ocrx_word' id='word_1_588' title='bbox 4019 1913 4021 1915; x_wconf 76' lang='grc'><strong>’</strong></span> 
     </span>
    </p>
   </div>
   <div class='ocr_carea' id='block_1_81' title="bbox 2344 2012 3928 2090">
    <p class='ocr_par' dir='ltr' id='par_1_81' title="bbox 2344 2012 3928 2090">
     <span class='ocr_line' id='line_1_81' title="bbox 2344 2012 3928 2090; baseline -0.008 -16"><span class='ocrx_word' id='word_1_589' title='bbox 2344 2021 2693 2090; x_wconf 84' lang='lat' dir='ltr'><strong>dignitatern,</strong></span> <span class='ocrx_word' id='word_1_590' title='bbox 2739 2032 2897 2088; x_wconf 87' lang='lat' dir='ltr'><strong>quam</strong></span> <span class='ocrx_word' id='word_1_591' title='bbox 2937 2031 2966 2070; x_wconf 85' lang='lat' dir='ltr'><strong>a</strong></span> <span class='ocrx_word' id='word_1_592' title='bbox 2995 2025 3179 2071; x_wconf 89' lang='lat' dir='ltr'><strong>natura</strong></span> <span class='ocrx_word' id='word_1_593' title='bbox 3227 2013 3457 2069; x_wconf 87' lang='lat' dir='ltr'><strong>habebat</strong></span> <span class='ocrx_word' id='word_1_594' title='bbox 3500 2012 3658 2072; x_wconf 75' lang='lat' dir='ltr'><strong>Esat&#39;t,</strong></span> <span class='ocrx_word' id='word_1_595' title='bbox 3711 2017 3928 2078; x_wconf 76' lang='lat' dir='ltr'><strong>propter</strong></span> 
     </span>
    </p>
   </div>
   <div class='ocr_carea' id='block_1_82' title="bbox 2344 2101 3931 2181">
    <p class='ocr_par' dir='ltr' id='par_1_82' title="bbox 2344 2101 3931 2181">
     <span class='ocr_line' id='line_1_82' title="bbox 2344 2101 3931 2181; baseline -0.008 -15"><span class='ocrx_word' id='word_1_596' title='bbox 2344 2109 2810 2181; x_wconf 81' lang='lat' dir='ltr'><strong>intemperantiam</strong></span> <span class='ocrx_word' id='word_1_597' title='bbox 2857 2123 3008 2164; x_wconf 87' lang='lat' dir='ltr'><strong>suam</strong></span> <span class='ocrx_word' id='word_1_598' title='bbox 3046 2105 3317 2161; x_wconf 87' lang='lat' dir='ltr'><strong>transtulit</strong></span> <span class='ocrx_word' id='word_1_599' title='bbox 3355 2105 3407 2158; x_wconf 91' lang='lat' dir='ltr'><strong>in</strong></span> <span class='ocrx_word' id='word_1_600' title='bbox 3454 2104 3689 2156; x_wconf 81' lang='lat' dir='ltr'><strong>fratrem.</strong></span> <span class='ocrx_word' id='word_1_601' title='bbox 3727 2101 3793 2156; x_wconf 82' lang='lat' dir='ltr'><strong>Et</strong></span> <span class='ocrx_word' id='word_1_602' title='bbox 3838 2101 3931 2154; x_wconf 88' lang='lat' dir='ltr'><strong>ille</strong></span> 
     </span>
    </p>
   </div>
   <div class='ocr_carea' id='block_1_83' title="bbox 2344 2191 3928 2271">
    <p class='ocr_par' dir='ltr' id='par_1_83' title="bbox 2344 2191 3928 2271">
     <span class='ocr_line' id='line_1_83' title="bbox 2344 2191 3928 2271; baseline -0.007 -18"><span class='ocrx_word' id='word_1_603' title='bbox 2344 2201 2555 2271; x_wconf 86' lang='lat' dir='ltr'><strong>quidem</strong></span> <span class='ocrx_word' id='word_1_604' title='bbox 2603 2198 2833 2270; x_wconf 89' lang='lat' dir='ltr'><strong>perdidit</strong></span> <span class='ocrx_word' id='word_1_605' title='bbox 2873 2196 3015 2268; x_wconf 90' lang='lat' dir='ltr'><strong>quod</strong></span> <span class='ocrx_word' id='word_1_606' title='bbox 3040 2213 3070 2250; x_wconf 93' lang='lat' dir='ltr'><strong>a</strong></span> <span class='ocrx_word' id='word_1_607' title='bbox 3099 2205 3288 2252; x_wconf 87' lang='lat' dir='ltr'><strong>natura</strong></span> <span class='ocrx_word' id='word_1_608' title='bbox 3332 2192 3596 2248; x_wconf 87' lang='lat' dir='ltr'><strong>habebat:</strong></span> <span class='ocrx_word' id='word_1_609' title='bbox 3625 2191 3711 2246; x_wconf 91' lang='lat' dir='ltr'><strong>hic</strong></span> <span class='ocrx_word' id='word_1_610' title='bbox 3748 2200 3928 2244; x_wconf 86' lang='lat' dir='ltr'><strong>autem</strong></span> 
     </span>
    </p>
   </div>
   <div class='ocr_carea' id='block_1_84' title="bbox 2343 2281 3933 2361">
    <p class='ocr_par' dir='ltr' id='par_1_84' title="bbox 2343 2281 3933 2361">
     <span class='ocr_line' id='line_1_84' title="bbox 2343 2281 3933 2361; baseline -0.008 -14"><span class='ocrx_word' id='word_1_611' title='bbox 2343 2303 2397 2347; x_wconf 92' lang='lat' dir='ltr'><strong>et</strong></span> <span class='ocrx_word' id='word_1_612' title='bbox 2428 2291 2570 2361; x_wconf 88' lang='lat' dir='ltr'><strong>quod</strong></span> <span class='ocrx_word' id='word_1_613' title='bbox 2613 2306 2716 2345; x_wconf 91' lang='lat' dir='ltr'><strong>non</strong></span> <span class='ocrx_word' id='word_1_614' title='bbox 2746 2289 2977 2345; x_wconf 85' lang='lat' dir='ltr'><strong>habebat</strong></span> <span class='ocrx_word' id='word_1_615' title='bbox 3001 2303 3030 2342; x_wconf 89' lang='lat' dir='ltr'><strong>a</strong></span> <span class='ocrx_word' id='word_1_616' title='bbox 3059 2297 3267 2349; x_wconf 89' lang='lat' dir='ltr'><strong>natura,</strong></span> <span class='ocrx_word' id='word_1_617' title='bbox 3298 2284 3519 2354; x_wconf 78' lang='lat' dir='ltr'><strong>accepit.</strong></span> <span class='ocrx_word' id='word_1_618' title='bbox 3565 2282 3632 2336; x_wconf 84' lang='lat' dir='ltr'><strong>Et</strong></span> <span class='ocrx_word' id='word_1_619' title='bbox 3662 2281 3784 2351; x_wconf 82' lang='lat' dir='ltr'><strong>quia</strong></span> <span class='ocrx_word' id='word_1_620' title='bbox 3813 2281 3933 2334; x_wconf 75' lang='lat' dir='ltr'><strong>lucc</strong></span> 
     </span>
    </p>
   </div>
   <div class='ocr_carea' id='block_1_85' title="bbox 2345 2369 4000 2451">
    <p class='ocr_par' dir='ltr' id='par_1_85' title="bbox 2345 2369 4000 2451">
     <span class='ocr_line' id='line_1_85' title="bbox 2345 2369 4000 2451; baseline -0.008 -15"><span class='ocrx_word' id='word_1_621' title='bbox 2345 2393 2498 2438; x_wconf 86' lang='lat' dir='ltr'><strong>antea</strong></span> <span class='ocrx_word' id='word_1_622' title='bbox 2529 2382 2747 2437; x_wconf 88' lang='lat' dir='ltr'><strong>oraculo</strong></span> <span class='ocrx_word' id='word_1_623' title='bbox 2786 2381 3046 2451; x_wconf 90' lang='lat' dir='ltr'><strong>promissa</strong></span> <span class='ocrx_word' id='word_1_624' title='bbox 3095 2384 3266 2443; x_wconf 84' lang='lat' dir='ltr'><strong>erant,</strong></span> <span class='ocrx_word' id='word_1_625' title='bbox 3296 2375 3418 2430; x_wconf 87' lang='lat' dir='ltr'><strong>ideo</strong></span> <span class='ocrx_word' id='word_1_626' title='bbox 3448 2373 3708 2434; x_wconf 79' lang='lat' dir='ltr'><strong>Rebecca,</strong></span> <span class='ocrx_word' id='word_1_627' title='bbox 3740 2369 3929 2439; x_wconf 83' lang='lat' dir='ltr'><strong>appcl-</strong></span> <span class='ocrx_word' id='word_1_628' title='bbox 3987 2433 4000 2450; x_wconf 32' lang='grc' dir='ltr'><strong>ε</strong></span> 
     </span>
    </p>
   </div>
   <div class='ocr_carea' id='block_1_86' title="bbox 2343 2461 3931 2537">
    <p class='ocr_par' dir='ltr' id='par_1_86' title="bbox 2343 2461 3931 2537">
     <span class='ocr_line' id='line_1_86' title="bbox 2343 2461 3931 2537; baseline -0.011 -7"><span class='ocrx_word' id='word_1_629' title='bbox 2343 2475 2542 2530; x_wconf 82' lang='lat' dir='ltr'><strong>latione</strong></span> <span class='ocrx_word' id='word_1_630' title='bbox 2570 2474 2618 2528; x_wconf 91' lang='lat' dir='ltr'><strong>ei</strong></span> <span class='ocrx_word' id='word_1_631' title='bbox 2647 2473 2831 2537; x_wconf 88' lang='lat' dir='ltr'><strong>indita,</strong></span> <span class='ocrx_word' id='word_1_632' title='bbox 2876 2471 3042 2527; x_wconf 70' lang='lat' dir='ltr'><strong>Iacob</strong></span> <span class='ocrx_word' id='word_1_633' title='bbox 3082 2484 3206 2525; x_wconf 88' lang='lat' dir='ltr'><strong>eum</strong></span> <span class='ocrx_word' id='word_1_634' title='bbox 3254 2465 3463 2521; x_wconf 86' lang='lat' dir='ltr'><strong>vocavit</strong></span> <span class='ocrx_word' id='word_1_635' title='bbox 3492 2462 3670 2534; x_wconf 88' lang='lat' dir='ltr'><strong>:qnod</strong></span> <span class='ocrx_word' id='word_1_636' title='bbox 3721 2461 3931 2515; x_wconf 83' lang='lat' dir='ltr'><strong>scilicet</strong></span> 
     </span>
    </p>
   </div>
   <div class='ocr_carea' id='block_1_87' title="bbox 2344 2552 3929 2637">
    <p class='ocr_par' dir='ltr' id='par_1_87' title="bbox 2344 2552 3929 2637">
     <span class='ocr_line' id='line_1_87' title="bbox 2344 2552 3929 2637; baseline -0.012 -14"><span class='ocrx_word' id='word_1_637' title='bbox 2344 2565 2828 2637; x_wconf 84' lang='lat' dir='ltr'><strong>supplantationem</strong></span> <span class='ocrx_word' id='word_1_638' title='bbox 2880 2559 3216 2630; x_wconf 83' lang='lat' dir='ltr'><strong>interpretari</strong></span> <span class='ocrx_word' id='word_1_639' title='bbox 3273 2567 3446 2627; x_wconf 89' lang='lat' dir='ltr'><strong>potes,</strong></span> <span class='ocrx_word' id='word_1_640' title='bbox 3502 2555 3638 2609; x_wconf 89' lang='lat' dir='ltr'><strong>sicut</strong></span> <span class='ocrx_word' id='word_1_641' title='bbox 3681 2562 3736 2608; x_wconf 89' lang='lat' dir='ltr'><strong>et</strong></span> <span class='ocrx_word' id='word_1_642' title='bbox 3782 2552 3929 2606; x_wconf 73' lang='lat' dir='ltr'><strong>Esau</strong></span> 
     </span>
    </p>
   </div>
   <div class='ocr_carea' id='block_1_88' title="bbox 2344 2641 3932 2727">
    <p class='ocr_par' dir='ltr' id='par_1_88' title="bbox 2344 2641 3932 2727">
     <span class='ocr_line' id='line_1_88' title="bbox 2344 2641 3932 2727; baseline -0.011 -16"><span class='ocrx_word' id='word_1_643' title='bbox 2344 2665 2462 2727; x_wconf 83' lang='lat' dir='ltr'><strong>post</strong></span> <span class='ocrx_word' id='word_1_644' title='bbox 2488 2656 2650 2724; x_wconf 79' lang='lat' dir='ltr'><strong>patris</strong></span> <span class='ocrx_word' id='word_1_645' title='bbox 2676 2651 3074 2708; x_wconf 84' lang='lat' dir='ltr'><strong>benedictioncs</strong></span> <span class='ocrx_word' id='word_1_646' title='bbox 3117 2647 3319 2718; x_wconf 86' lang='lat' dir='ltr'><strong>ejulans</strong></span> <span class='ocrx_word' id='word_1_647' title='bbox 3345 2645 3575 2710; x_wconf 84' lang='lat' dir='ltr'><strong>dicebat,</strong></span> <span class='ocrx_word' id='word_1_648' title='bbox 3605 2641 3754 2697; x_wconf 81' lang='lat' dir='ltr'><strong>Juste</strong></span> <span class='ocrx_word' id='word_1_649' title='bbox 3780 2656 3932 2694; x_wconf 75' lang='lat' dir='ltr'><strong>vore-</strong></span> 
     </span>
    </p>
   </div>
   <div class='ocr_carea' id='block_1_89' title="bbox 2343 2730 3932 2812">
    <p class='ocr_par' dir='ltr' id='par_1_89' title="bbox 2343 2730 3932 2812">
     <span class='ocr_line' id='line_1_89' title="bbox 2343 2730 3932 2812; baseline -0.011 -13"><span class='ocrx_word' id='word_1_650' title='bbox 2343 2755 2450 2800; x_wconf 77' lang='lat' dir='ltr'><strong>tum</strong></span> <span class='ocrx_word' id='word_1_651' title='bbox 2477 2755 2551 2800; x_wconf 77' lang='lat' dir='ltr'><strong>est</strong></span> <span class='ocrx_word' id='word_1_652' title='bbox 2587 2759 2770 2798; x_wconf 79' lang='lat' dir='ltr'><strong>nomen</strong></span> <span class='ocrx_word' id='word_1_653' title='bbox 2797 2742 2907 2812; x_wconf 76' lang='lat' dir='ltr'><strong>ejus</strong></span> <span class='ocrx_word' id='word_1_654' title='bbox 2941 2739 3102 2794; x_wconf 70' lang='lat' dir='ltr'><strong>Iacob</strong></span> <span class='ocrx_word' id='word_1_655' title='bbox 3132 2755 3152 2792; x_wconf 92' lang='lat'><strong><em>:</em></strong></span> <span class='ocrx_word' id='word_1_656' title='bbox 3176 2736 3517 2808; x_wconf 77' lang='lat' dir='ltr'><strong>supplantavit</strong></span> <span class='ocrx_word' id='word_1_657' title='bbox 3546 2734 3677 2788; x_wconf 81' lang='lat' dir='ltr'><strong>enim</strong></span> <span class='ocrx_word' id='word_1_658' title='bbox 3710 2747 3789 2785; x_wconf 82' lang='lat' dir='ltr'><strong>me</strong></span> <span class='ocrx_word' id='word_1_659' title='bbox 3812 2730 3932 2801; x_wconf 79' lang='lat' dir='ltr'><strong>jam</strong></span> 
     </span>
    </p>
   </div>
   <div class='ocr_carea' id='block_1_90' title="bbox 2339 2819 3992 2905">
    <p class='ocr_par' dir='ltr' id='par_1_90' title="bbox 2339 2819 3992 2905">
     <span class='ocr_line' id='line_1_90' title="bbox 2339 2819 3992 2905; baseline -0.01 -12"><span class='ocrx_word' id='word_1_660' title='bbox 2339 2835 2581 2901; x_wconf 74' lang='lat' dir='ltr'><strong>secundo,</strong></span> <span class='ocrx_word' id='word_1_661' title='bbox 2611 2844 2659 2890; x_wconf 82' lang='lat' dir='ltr'><strong>et</strong></span> <span class='ocrx_word' id='word_1_662' title='bbox 2704 2833 3037 2905; x_wconf 73' lang='lat' dir='ltr'><strong>primogenita</strong></span> <span class='ocrx_word' id='word_1_663' title='bbox 3080 2847 3189 2884; x_wconf 78' lang='lat' dir='ltr'><strong>mea</strong></span> <span class='ocrx_word' id='word_1_664' title='bbox 3217 2829 3428 2899; x_wconf 79' lang='lat' dir='ltr'><strong>accepit,</strong></span> <span class='ocrx_word' id='word_1_665' title='bbox 3461 2837 3507 2881; x_wconf 77' lang='lat' dir='ltr'><strong>et</strong></span> <span class='ocrx_word' id='word_1_666' title='bbox 3550 2843 3682 2879; x_wconf 83' lang='lat' dir='ltr'><strong>nunc</strong></span> <span class='ocrx_word' id='word_1_667' title='bbox 3718 2823 3930 2878; x_wconf 78' lang='lat' dir='ltr'><strong>benedi-</strong></span> <span class='ocrx_word' id='word_1_668' title='bbox 3983 2819 3992 2838; x_wconf 92' lang='lat'>&#39;</span> 
     </span>
    </p>
   </div>
   <div class='ocr_carea' id='block_1_91' title="bbox 2341 2920 3194 2992">
    <p class='ocr_par' dir='ltr' id='par_1_91' title="bbox 2341 2920 3194 2992">
     <span class='ocr_line' id='line_1_91' title="bbox 2341 2920 3194 2992; baseline -0.008 -11"><span class='ocrx_word' id='word_1_669' title='bbox 2341 2928 2553 2981; x_wconf 66' lang='lat' dir='ltr'><strong>stionem</strong></span> <span class='ocrx_word' id='word_1_670' title='bbox 2582 2940 2742 2979; x_wconf 75' lang='lat' dir='ltr'><strong>meum</strong></span> <span class='ocrx_word' id='word_1_671' title='bbox 2785 2923 2935 2992; x_wconf 76' lang='lat' dir='ltr'><strong>(Gen.</strong></span> <span class='ocrx_word' id='word_1_672' title='bbox 2961 2922 3051 2976; x_wconf 75' lang='lat'><strong>27.</strong></span> <span class='ocrx_word' id='word_1_673' title='bbox 3082 2920 3194 2990; x_wconf 70' lang='lat'><strong>36).</strong></span> 
     </span>
    </p>
   </div>
   <div class='ocr_carea' id='block_1_92' title="bbox 2420 3007 3933 3083">
    <p class='ocr_par' dir='ltr' id='par_1_92' title="bbox 2420 3007 3933 3083">
     <span class='ocr_line' id='line_1_92' title="bbox 2420 3007 3933 3083; baseline -0.009 -13"><span class='ocrx_word' id='word_1_674' title='bbox 2420 3014 2698 3070; x_wconf 70' lang='lat' dir='ltr'><strong>Nominatus</strong></span> <span class='ocrx_word' id='word_1_675' title='bbox 2727 3014 3044 3083; x_wconf 76' lang='lat' dir='ltr'><strong>propriorum</strong></span> <span class='ocrx_word' id='word_1_676' title='bbox 3064 3010 3316 3076; x_wconf 82' lang='lat' dir='ltr'><strong>impositio</strong></span> <span class='ocrx_word' id='word_1_677' title='bbox 3335 3037 3424 3062; x_wconf 91' lang='lat'><strong>.—</strong></span> <span class='ocrx_word' id='word_1_678' title='bbox 3442 3007 3571 3062; x_wconf 73' lang='lat' dir='ltr'><strong>Vide</strong></span> <span class='ocrx_word' id='word_1_679' title='bbox 3597 3017 3788 3075; x_wconf 85' lang='lat' dir='ltr'><strong>quanta</strong></span> <span class='ocrx_word' id='word_1_680' title='bbox 3811 3012 3933 3059; x_wconf 77' lang='lat' dir='ltr'><strong>erat</strong></span> 
     </span>
    </p>
   </div>
   <div class='ocr_carea' id='block_1_93' title="bbox 2343 3093 3931 3178">
    <p class='ocr_par' dir='ltr' id='par_1_93' title="bbox 2343 3093 3931 3178">
     <span class='ocr_line' id='line_1_93' title="bbox 2343 3093 3931 3178; baseline -0.009 -16"><span class='ocrx_word' id='word_1_681' title='bbox 2343 3109 2642 3178; x_wconf 87' lang='lat' dir='ltr'><strong>priscorum</strong></span> <span class='ocrx_word' id='word_1_682' title='bbox 2693 3104 2992 3176; x_wconf 89' lang='lat' dir='ltr'><strong>prudentia,</strong></span> <span class='ocrx_word' id='word_1_683' title='bbox 3047 3102 3131 3156; x_wconf 89' lang='lat' dir='ltr'><strong>vel</strong></span> <span class='ocrx_word' id='word_1_684' title='bbox 3175 3100 3368 3170; x_wconf 86' lang='lat' dir='ltr'><strong>potius,</strong></span> <span class='ocrx_word' id='word_1_685' title='bbox 3401 3107 3594 3168; x_wconf 87' lang='lat' dir='ltr'><strong>quanta</strong></span> <span class='ocrx_word' id='word_1_686' title='bbox 3645 3095 3804 3150; x_wconf 89' lang='lat' dir='ltr'><strong>fuerit</strong></span> <span class='ocrx_word' id='word_1_687' title='bbox 3833 3093 3931 3149; x_wconf 84' lang='lat' dir='ltr'><strong>Dei</strong></span> 
     </span>
    </p>
   </div>
   <div class='ocr_carea' id='block_1_94' title="bbox 2343 3185 3929 3267">
    <p class='ocr_par' dir='ltr' id='par_1_94' title="bbox 2343 3185 3929 3267">
     <span class='ocr_line' id='line_1_94' title="bbox 2343 3185 3929 3267; baseline -0.01 -14"><span class='ocrx_word' id='word_1_688' title='bbox 2343 3196 2626 3267; x_wconf 85' lang='lat' dir='ltr'><strong>sapientia,</strong></span> <span class='ocrx_word' id='word_1_689' title='bbox 2675 3209 2779 3263; x_wconf 85' lang='lat' dir='ltr'><strong>qua</strong></span> <span class='ocrx_word' id='word_1_690' title='bbox 2823 3191 3060 3248; x_wconf 74' lang='lat' dir='ltr'><strong>olfecerit</strong></span> <span class='ocrx_word' id='word_1_691' title='bbox 3090 3200 3146 3245; x_wconf 91' lang='lat' dir='ltr'><strong>ut</strong></span> <span class='ocrx_word' id='word_1_692' title='bbox 3186 3201 3239 3245; x_wconf 88' lang='lat' dir='ltr'><strong>et</strong></span> <span class='ocrx_word' id='word_1_693' title='bbox 3267 3190 3516 3244; x_wconf 86' lang='lat' dir='ltr'><strong>mulieres</strong></span> <span class='ocrx_word' id='word_1_694' title='bbox 3547 3187 3682 3242; x_wconf 76' lang='lat' dir='ltr'><strong>Italis</strong></span> <span class='ocrx_word' id='word_1_695' title='bbox 3712 3185 3929 3238; x_wconf 83' lang='lat' dir='ltr'><strong>notniua</strong></span> 
     </span>
    </p>
   </div>
   <div class='ocr_carea' id='block_1_95' title="bbox 2345 3274 3932 3348">
    <p class='ocr_par' dir='ltr' id='par_1_95' title="bbox 2345 3274 3932 3348">
     <span class='ocr_line' id='line_1_95' title="bbox 2345 3274 3932 3348; baseline -0.008 -7"><span class='ocrx_word' id='word_1_696' title='bbox 2345 3301 2449 3341; x_wconf 90' lang='lat' dir='ltr'><strong>non</strong></span> <span class='ocrx_word' id='word_1_697' title='bbox 2475 3293 2676 3340; x_wconf 87' lang='lat' dir='ltr'><strong>temere</strong></span> <span class='ocrx_word' id='word_1_698' title='bbox 2703 3298 2801 3338; x_wconf 85' lang='lat' dir='ltr'><strong>nec</strong></span> <span class='ocrx_word' id='word_1_699' title='bbox 2827 3281 3045 3337; x_wconf 88' lang='lat' dir='ltr'><strong>fortuito</strong></span> <span class='ocrx_word' id='word_1_700' title='bbox 3085 3284 3437 3348; x_wconf 89' lang='lat' dir='ltr'><strong>imponerent,</strong></span> <span class='ocrx_word' id='word_1_701' title='bbox 3470 3277 3564 3332; x_wconf 90' lang='lat' dir='ltr'><strong>scd</strong></span> <span class='ocrx_word' id='word_1_702' title='bbox 3594 3275 3807 3331; x_wconf 80' lang='lat' dir='ltr'><strong>nomina</strong></span> <span class='ocrx_word' id='word_1_703' title='bbox 3831 3274 3932 3329; x_wconf 70' lang='lat' dir='ltr'><strong>th-</strong></span> 
     </span>
    </p>
   </div>
   <div class='ocr_carea' id='block_1_96' title="bbox 2344 3368 3934 3444">
    <p class='ocr_par' dir='ltr' id='par_1_96' title="bbox 2344 3368 3934 3444">
     <span class='ocr_line' id='line_1_96' title="bbox 2344 3368 3934 3444; baseline -0.005 -14"><span class='ocrx_word' id='word_1_704' title='bbox 2344 3387 2484 3441; x_wconf 90' lang='lat' dir='ltr'><strong>rent,</strong></span> <span class='ocrx_word' id='word_1_705' title='bbox 2512 3390 2630 3444; x_wconf 65' lang='lat' dir='ltr'><strong>quae</strong></span> <span class='ocrx_word' id='word_1_706' title='bbox 2671 3374 2790 3429; x_wconf 85' lang='lat' dir='ltr'><strong>Illiis</strong></span> <span class='ocrx_word' id='word_1_707' title='bbox 2818 3382 2998 3429; x_wconf 85' lang='lat' dir='ltr'><strong>essent</strong></span> <span class='ocrx_word' id='word_1_708' title='bbox 3043 3373 3338 3427; x_wconf 58' lang='lat' dir='ltr'><strong>futurorum</strong></span> <span class='ocrx_word' id='word_1_709' title='bbox 3383 3368 3672 3440; x_wconf 69' lang='lat' dir='ltr'><strong>praedii-tio.</strong></span> <span class='ocrx_word' id='word_1_710' title='bbox 3704 3368 3770 3422; x_wconf 85' lang='lat' dir='ltr'><strong>Et</strong></span> <span class='ocrx_word' id='word_1_711' title='bbox 3806 3381 3934 3422; x_wconf 87' lang='lat' dir='ltr'><strong>raro</strong></span> 
     </span>
    </p>
   </div>
   <div class='ocr_carea' id='block_1_97' title="bbox 2344 3459 3932 3536">
    <p class='ocr_par' dir='ltr' id='par_1_97' title="bbox 2344 3459 3932 3536">
     <span class='ocr_line' id='line_1_97' title="bbox 2344 3459 3932 3536; baseline -0.005 -14"><span class='ocrx_word' id='word_1_712' title='bbox 2344 3466 2584 3524; x_wconf 83' lang='lat' dir='ltr'><strong>invenies</strong></span> <span class='ocrx_word' id='word_1_713' title='bbox 2608 3465 2799 3522; x_wconf 90' lang='lat' dir='ltr'><strong>eodem</strong></span> <span class='ocrx_word' id='word_1_714' title='bbox 2830 3480 2936 3536; x_wconf 90' lang='lat' dir='ltr'><strong>quo</strong></span> <span class='ocrx_word' id='word_1_715' title='bbox 2980 3473 3158 3534; x_wconf 85' lang='lat' dir='ltr'><strong>patres</strong></span> <span class='ocrx_word' id='word_1_716' title='bbox 3209 3461 3423 3518; x_wconf 88' lang='lat' dir='ltr'><strong>nomine</strong></span> <span class='ocrx_word' id='word_1_717' title='bbox 3464 3460 3720 3530; x_wconf 86' lang='lat' dir='ltr'><strong>appellari</strong></span> <span class='ocrx_word' id='word_1_718' title='bbox 3751 3459 3893 3514; x_wconf 81' lang='lat' dir='ltr'><strong>ﬁlios</strong></span> <span class='ocrx_word' id='word_1_719' title='bbox 3915 3500 3932 3524; x_wconf 94' lang='lat'><strong>,</strong></span> 
     </span>
    </p>
   </div>
   <div class='ocr_carea' id='block_1_98' title="bbox 2345 3553 3935 3626">
    <p class='ocr_par' dir='ltr' id='par_1_98' title="bbox 2345 3553 3935 3626">
     <span class='ocr_line' id='line_1_98' title="bbox 2345 3553 3935 3626; baseline -0.003 -13"><span class='ocrx_word' id='word_1_720' title='bbox 2345 3559 2425 3614; x_wconf 89' lang='lat' dir='ltr'><strong>vel</strong></span> <span class='ocrx_word' id='word_1_721' title='bbox 2453 3558 2591 3614; x_wconf 90' lang='lat' dir='ltr'><strong>forte</strong></span> <span class='ocrx_word' id='word_1_722' title='bbox 2614 3571 2873 3626; x_wconf 85' lang='lat' dir='ltr'><strong>nusquam</strong></span> <span class='ocrx_word' id='word_1_723' title='bbox 2909 3574 2922 3610; x_wconf 91' lang='lat'><strong>:</strong></span> <span class='ocrx_word' id='word_1_724' title='bbox 2954 3555 3045 3611; x_wconf 87' lang='lat' dir='ltr'><strong>sed</strong></span> <span class='ocrx_word' id='word_1_725' title='bbox 3074 3555 3187 3610; x_wconf 87' lang='lat' dir='ltr'><strong>sive</strong></span> <span class='ocrx_word' id='word_1_726' title='bbox 3213 3563 3383 3609; x_wconf 85' lang='lat' dir='ltr'><strong>mater</strong></span> <span class='ocrx_word' id='word_1_727' title='bbox 3412 3553 3528 3608; x_wconf 87' lang='lat' dir='ltr'><strong>sive</strong></span> <span class='ocrx_word' id='word_1_728' title='bbox 3559 3563 3706 3622; x_wconf 89' lang='lat' dir='ltr'><strong>pater</strong></span> <span class='ocrx_word' id='word_1_729' title='bbox 3735 3566 3935 3608; x_wconf 86' lang='lat' dir='ltr'><strong>nomen</strong></span> 
     </span>
    </p>
   </div>
   <div class='ocr_carea' id='block_1_99' title="bbox 2349 3645 3934 3720">
    <p class='ocr_par' dir='ltr' id='par_1_99' title="bbox 2349 3645 3934 3720">
     <span class='ocr_line' id='line_1_99' title="bbox 2349 3645 3934 3720; baseline -0.003 -16"><span class='ocrx_word' id='word_1_730' title='bbox 2349 3652 2458 3706; x_wconf 86' lang='lat' dir='ltr'><strong>tilio</strong></span> <span class='ocrx_word' id='word_1_731' title='bbox 2487 3650 2830 3720; x_wconf 86' lang='lat' dir='ltr'><strong>impositurus</strong></span> <span class='ocrx_word' id='word_1_732' title='bbox 2855 3657 2992 3713; x_wconf 85' lang='lat' dir='ltr'><strong>erat,</strong></span> <span class='ocrx_word' id='word_1_733' title='bbox 3023 3663 3201 3703; x_wconf 69' lang='lat' dir='ltr'><strong>rarum</strong></span> <span class='ocrx_word' id='word_1_734' title='bbox 3226 3645 3492 3717; x_wconf 87' lang='lat' dir='ltr'><strong>quoddam</strong></span> <span class='ocrx_word' id='word_1_735' title='bbox 3521 3655 3575 3699; x_wconf 90' lang='lat' dir='ltr'><strong>et</strong></span> <span class='ocrx_word' id='word_1_736' title='bbox 3601 3661 3794 3700; x_wconf 90' lang='lat' dir='ltr'><strong>novum</strong></span> <span class='ocrx_word' id='word_1_737' title='bbox 3824 3645 3934 3699; x_wconf 82' lang='lat' dir='ltr'><strong>im-</strong></span> 
     </span>
    </p>
   </div>
   <div class='ocr_carea' id='block_1_100' title="bbox 2347 3737 3933 3811">
    <p class='ocr_par' dir='ltr' id='par_1_100' title="bbox 2347 3737 3933 3811">
     <span class='ocr_line' id='line_1_100' title="bbox 2347 3737 3933 3811; baseline -0.001 -20"><span class='ocrx_word' id='word_1_738' title='bbox 2347 3742 2598 3811; x_wconf 82' lang='lat' dir='ltr'><strong>ponebat,</strong></span> <span class='ocrx_word' id='word_1_739' title='bbox 2631 3751 2688 3796; x_wconf 88' lang='lat' dir='ltr'><strong>ttt</strong></span> <span class='ocrx_word' id='word_1_740' title='bbox 2734 3755 2828 3808; x_wconf 90' lang='lat' dir='ltr'><strong>per</strong></span> <span class='ocrx_word' id='word_1_741' title='bbox 2876 3739 3001 3794; x_wconf 91' lang='lat' dir='ltr'><strong>illud</strong></span> <span class='ocrx_word' id='word_1_742' title='bbox 3031 3739 3204 3808; x_wconf 84' lang='lat' dir='ltr'><strong>aliqua</strong></span> <span class='ocrx_word' id='word_1_743' title='bbox 3257 3737 3428 3791; x_wconf 88' lang='lat' dir='ltr'><strong>futura</strong></span> <span class='ocrx_word' id='word_1_744' title='bbox 3471 3737 3933 3806; x_wconf 66' lang='lat' dir='ltr'><strong>praesignilicarct.</strong></span> 
     </span>
    </p>
   </div>
   <div class='ocr_carea' id='block_1_101' title="bbox 2349 3824 3938 3890">
    <p class='ocr_par' dir='ltr' id='par_1_101' title="bbox 2349 3824 3938 3890">
     <span class='ocr_line' id='line_1_101' title="bbox 2349 3824 3938 3890; baseline -0.003 -5"><span class='ocrx_word' id='word_1_745' title='bbox 2349 3832 2423 3886; x_wconf 81' lang='lat' dir='ltr'><strong>Ita</strong></span> <span class='ocrx_word' id='word_1_746' title='bbox 2449 3841 2502 3886; x_wconf 89' lang='lat' dir='ltr'><strong>et</strong></span> <span class='ocrx_word' id='word_1_747' title='bbox 2530 3830 2759 3886; x_wconf 84' lang='lat' dir='ltr'><strong>Lamech</strong></span> <span class='ocrx_word' id='word_1_748' title='bbox 2800 3829 2963 3883; x_wconf 84' lang='lat' dir='ltr'><strong>tilium</strong></span> <span class='ocrx_word' id='word_1_749' title='bbox 3009 3829 3216 3883; x_wconf 85' lang='lat' dir='ltr'><strong>vocavit</strong></span> <span class='ocrx_word' id='word_1_750' title='bbox 3262 3826 3395 3890; x_wconf 82' lang='lat' dir='ltr'><strong>Noe,</strong></span> <span class='ocrx_word' id='word_1_751' title='bbox 3440 3827 3667 3881; x_wconf 86' lang='lat' dir='ltr'><strong>dicens:</strong></span> <span class='ocrx_word' id='word_1_752' title='bbox 3703 3824 3802 3879; x_wconf 80' lang='lat' dir='ltr'><strong>llic</strong></span> <span class='ocrx_word' id='word_1_753' title='bbox 3840 3841 3938 3880; x_wconf 80' lang='lat' dir='ltr'><strong>nos</strong></span> 
     </span>
    </p>
   </div>
   <div class='ocr_carea' id='block_1_102' title="bbox 2349 3918 3938 3993">
    <p class='ocr_par' dir='ltr' id='par_1_102' title="bbox 2349 3918 3938 3993">
     <span class='ocr_line' id='line_1_102' title="bbox 2349 3918 3938 3993; baseline -0.001 -18"><span class='ocrx_word' id='word_1_754' title='bbox 2349 3924 2656 3993; x_wconf 79' lang='lat' dir='ltr'><strong>requiescere</strong></span> <span class='ocrx_word' id='word_1_755' title='bbox 2698 3922 2847 3991; x_wconf 71' lang='lat' dir='ltr'><strong>faciet</strong></span> <span class='ocrx_word' id='word_1_756' title='bbox 2879 3919 3030 3989; x_wconf 83' lang='lat' dir='ltr'><strong>(Gen.</strong></span> <span class='ocrx_word' id='word_1_757' title='bbox 3057 3920 3110 3976; x_wconf 77' lang='lat'><strong>5.</strong></span> <span class='ocrx_word' id='word_1_758' title='bbox 3139 3919 3257 3989; x_wconf 72' lang='lat'><strong>29).</strong></span> <span class='ocrx_word' id='word_1_759' title='bbox 3293 3918 3365 3972; x_wconf 88' lang='lat' dir='ltr'><strong>Ita</strong></span> <span class='ocrx_word' id='word_1_760' title='bbox 3407 3919 3451 3972; x_wconf 86' lang='lat' dir='ltr'><strong>si</strong></span> <span class='ocrx_word' id='word_1_761' title='bbox 3478 3919 3682 3988; x_wconf 86' lang='lat' dir='ltr'><strong>singula</strong></span> <span class='ocrx_word' id='word_1_762' title='bbox 3715 3918 3938 3974; x_wconf 84' lang='lat' dir='ltr'><strong>nomina</strong></span> 
     </span>
    </p>
   </div>
   <div class='ocr_carea' id='block_1_103' title="bbox 2349 4011 3938 4078">
    <p class='ocr_par' dir='ltr' id='par_1_103' title="bbox 2349 4011 3938 4078">
     <span class='ocr_line' id='line_1_103' title="bbox 2349 4011 3938 4078; baseline -0.002 -10"><span class='ocrx_word' id='word_1_763' title='bbox 2349 4015 2621 4078; x_wconf 79' lang='lat' dir='ltr'><strong>scrttteris,</strong></span> <span class='ocrx_word' id='word_1_764' title='bbox 2651 4014 2871 4067; x_wconf 86' lang='lat' dir='ltr'><strong>omnino</strong></span> <span class='ocrx_word' id='word_1_765' title='bbox 2901 4012 2954 4066; x_wconf 91' lang='lat' dir='ltr'><strong>in</strong></span> <span class='ocrx_word' id='word_1_766' title='bbox 3001 4012 3246 4066; x_wconf 87' lang='lat' dir='ltr'><strong>omnibus</strong></span> <span class='ocrx_word' id='word_1_767' title='bbox 3269 4011 3510 4066; x_wconf 83' lang='lat' dir='ltr'><strong>invenies</strong></span> <span class='ocrx_word' id='word_1_768' title='bbox 3557 4011 3755 4078; x_wconf 78' lang='lat' dir='ltr'><strong>aliquid</strong></span> <span class='ocrx_word' id='word_1_769' title='bbox 3800 4011 3938 4066; x_wconf 84' lang='lat' dir='ltr'><strong>insi-</strong></span> 
     </span>
    </p>
   </div>
   <div class='ocr_carea' id='block_1_104' title="bbox 2353 4101 3940 4172">
    <p class='ocr_par' dir='ltr' id='par_1_104' title="bbox 2353 4101 3940 4172">
     <span class='ocr_line' id='line_1_104' title="bbox 2353 4101 3940 4172; baseline 0 -14"><span class='ocrx_word' id='word_1_770' title='bbox 2353 4107 2505 4159; x_wconf 85' lang='lat' dir='ltr'><strong>nuari</strong></span> <span class='ocrx_word' id='word_1_771' title='bbox 2539 4121 2553 4158; x_wconf 91' lang='lat'>:</span> <span class='ocrx_word' id='word_1_772' title='bbox 2586 4121 2689 4159; x_wconf 91' lang='lat' dir='ltr'><strong>non</strong></span> <span class='ocrx_word' id='word_1_773' title='bbox 2720 4104 2855 4159; x_wconf 86' lang='lat' dir='ltr'><strong>sicut</strong></span> <span class='ocrx_word' id='word_1_774' title='bbox 2879 4117 3018 4158; x_wconf 89' lang='lat' dir='ltr'><strong>nunc</strong></span> <span class='ocrx_word' id='word_1_775' title='bbox 3043 4101 3260 4168; x_wconf 85' lang='lat' dir='ltr'><strong>faciunt,</strong></span> <span class='ocrx_word' id='word_1_776' title='bbox 3292 4102 3381 4172; x_wconf 90' lang='lat' dir='ltr'><strong>qui</strong></span> <span class='ocrx_word' id='word_1_777' title='bbox 3408 4111 3608 4157; x_wconf 86' lang='lat' dir='ltr'><strong>temere</strong></span> <span class='ocrx_word' id='word_1_778' title='bbox 3636 4110 3689 4155; x_wconf 86' lang='lat' dir='ltr'><strong>et</strong></span> <span class='ocrx_word' id='word_1_779' title='bbox 3717 4112 3768 4155; x_wconf 92' lang='lat' dir='ltr'><strong>ut</strong></span> <span class='ocrx_word' id='word_1_780' title='bbox 3797 4101 3940 4158; x_wconf 85' lang='lat' dir='ltr'><strong>forte</strong></span> 
     </span>
    </p>
   </div>
   <div class='ocr_carea' id='block_1_105' title="bbox 2351 4191 3941 4264">
    <p class='ocr_par' dir='ltr' id='par_1_105' title="bbox 2351 4191 3941 4264">
     <span class='ocr_line' id='line_1_105' title="bbox 2351 4191 3941 4264; baseline -0.001 -16"><span class='ocrx_word' id='word_1_781' title='bbox 2351 4195 2546 4260; x_wconf 83' lang='lat' dir='ltr'><strong>evenit,</strong></span> <span class='ocrx_word' id='word_1_782' title='bbox 2578 4210 2606 4247; x_wconf 88' lang='lat' dir='ltr'><strong>a</strong></span> <span class='ocrx_word' id='word_1_783' title='bbox 2624 4192 2941 4264; x_wconf 87' lang='lat' dir='ltr'><strong>parentibus</strong></span> <span class='ocrx_word' id='word_1_784' title='bbox 2969 4193 3312 4262; x_wconf 86' lang='lat' dir='ltr'><strong>agnominare</strong></span> <span class='ocrx_word' id='word_1_785' title='bbox 3340 4191 3516 4246; x_wconf 87' lang='lat' dir='ltr'><strong>solent</strong></span> <span class='ocrx_word' id='word_1_786' title='bbox 3545 4210 3560 4246; x_wconf 89' lang='lat'>:</span> <span class='ocrx_word' id='word_1_787' title='bbox 3590 4192 3684 4247; x_wconf 75' lang='lat' dir='ltr'><strong>sed</strong></span> <span class='ocrx_word' id='word_1_788' title='bbox 3715 4193 3941 4252; x_wconf 85' lang='lat' dir='ltr'><strong>omnino</strong></span> 
     </span>
    </p>
   </div>
   <div class='ocr_carea' id='block_1_106' title="bbox 2342 4281 3942 4354">
    <p class='ocr_par' dir='ltr' id='par_1_106' title="bbox 2342 4281 3942 4354">
     <span class='ocr_line' id='line_1_106' title="bbox 2342 4281 3942 4354; baseline -0.001 -16"><span class='ocrx_word' id='word_1_789' title='bbox 2342 4286 2476 4338; x_wconf 82' lang='lat' dir='ltr'><strong>‘illuc</strong></span> <span class='ocrx_word' id='word_1_790' title='bbox 2503 4284 2829 4354; x_wconf 79' lang='lat' dir='ltr'><strong>Spectabant,</strong></span> <span class='ocrx_word' id='word_1_791' title='bbox 2857 4292 2916 4338; x_wconf 88' lang='lat' dir='ltr'><strong>ut</strong></span> <span class='ocrx_word' id='word_1_792' title='bbox 2940 4291 3247 4352; x_wconf 85' lang='lat' dir='ltr'><strong>perpetuam</strong></span> <span class='ocrx_word' id='word_1_793' title='bbox 3275 4281 3584 4337; x_wconf 86' lang='lat' dir='ltr'><strong>memoriam</strong></span> <span class='ocrx_word' id='word_1_794' title='bbox 3628 4297 3725 4352; x_wconf 85' lang='lat' dir='ltr'><strong>per</strong></span> <span class='ocrx_word' id='word_1_795' title='bbox 3747 4283 3942 4353; x_wconf 82' lang='lat' dir='ltr'><strong>appel-</strong></span> 
     </span>
    </p>
   </div>
   <div class='ocr_carea' id='block_1_107' title="bbox 2357 4373 3946 4434">
    <p class='ocr_par' dir='ltr' id='par_1_107' title="bbox 2357 4373 3946 4434">
     <span class='ocr_line' id='line_1_107' title="bbox 2357 4373 3946 4434; baseline -0.002 0"><span class='ocrx_word' id='word_1_796' title='bbox 2357 4380 2606 4434; x_wconf 85' lang='lat' dir='ltr'><strong>lationem</strong></span> <span class='ocrx_word' id='word_1_797' title='bbox 2627 4378 2770 4432; x_wconf 89' lang='lat' dir='ltr'><strong>illam</strong></span> <span class='ocrx_word' id='word_1_798' title='bbox 2790 4375 2911 4431; x_wconf 82' lang='lat' dir='ltr'><strong>liliis</strong></span> <span class='ocrx_word' id='word_1_799' title='bbox 2927 4375 3190 4430; x_wconf 87' lang='lat' dir='ltr'><strong>inderent.</strong></span> <span class='ocrx_word' id='word_1_800' title='bbox 3210 4373 3473 4429; x_wconf 61' lang='lat' dir='ltr'><strong>Caeterum</strong></span> <span class='ocrx_word' id='word_1_801' title='bbox 3492 4374 3766 4429; x_wconf 84' lang='lat' dir='ltr'><strong>videamus</strong></span> <span class='ocrx_word' id='word_1_802' title='bbox 3797 4391 3946 4432; x_wconf 82' lang='lat' dir='ltr'><strong>nunc</strong></span> 
     </span>
    </p>
   </div>
   <div class='ocr_carea' id='block_1_108' title="bbox 2355 4464 3946 4537">
    <p class='ocr_par' dir='ltr' id='par_1_108' title="bbox 2355 4464 3946 4537">
     <span class='ocr_line' id='line_1_108' title="bbox 2355 4464 3946 4537; baseline 0.001 -16"><span class='ocrx_word' id='word_1_803' title='bbox 2355 4477 2474 4537; x_wconf 87' lang='lat' dir='ltr'><strong>post</strong></span> <span class='ocrx_word' id='word_1_804' title='bbox 2503 4466 2929 4537; x_wconf 72' lang='lat' dir='ltr'><strong>primogenitum</strong></span> <span class='ocrx_word' id='word_1_805' title='bbox 2950 4464 3554 4535; x_wconf 88' lang='lat' dir='ltr'><strong>permutationem,quid</strong></span> <span class='ocrx_word' id='word_1_806' title='bbox 3572 4464 3763 4520; x_wconf 89' lang='lat' dir='ltr'><strong>iterum</strong></span> <span class='ocrx_word' id='word_1_807' title='bbox 3785 4466 3946 4522; x_wconf 85' lang='lat' dir='ltr'><strong>nobis</strong></span> 
     </span>
    </p>
   </div>
   <div class='ocr_carea' id='block_1_109' title="bbox 2359 4555 3948 4625">
    <p class='ocr_par' dir='ltr' id='par_1_109' title="bbox 2359 4555 3948 4625">
     <span class='ocr_line' id='line_1_109' title="bbox 2359 4555 3948 4625; baseline -0.003 -13"><span class='ocrx_word' id='word_1_808' title='bbox 2359 4567 2537 4612; x_wconf 86' lang='lat' dir='ltr'><strong>narret</strong></span> <span class='ocrx_word' id='word_1_809' title='bbox 2579 4557 2764 4611; x_wconf 87' lang='lat' dir='ltr'><strong>beatus</strong></span> <span class='ocrx_word' id='word_1_810' title='bbox 2793 4555 2965 4610; x_wconf 76' lang='lat' dir='ltr'><strong>Moses</strong></span> <span class='ocrx_word' id='word_1_811' title='bbox 2993 4555 3070 4610; x_wconf 81' lang='lat' dir='ltr'><strong>&#39;de</strong></span> <span class='ocrx_word' id='word_1_812' title='bbox 3119 4564 3267 4624; x_wconf 88' lang='lat' dir='ltr'><strong>patre</strong></span> <span class='ocrx_word' id='word_1_813' title='bbox 3313 4555 3542 4620; x_wconf 89' lang='lat' dir='ltr'><strong>illorum,</strong></span> <span class='ocrx_word' id='word_1_814' title='bbox 3572 4565 3628 4610; x_wconf 89' lang='lat' dir='ltr'><strong>et</strong></span> <span class='ocrx_word' id='word_1_815' title='bbox 3669 4557 3948 4625; x_wconf 81' lang='lat' dir='ltr'><strong>quomodo</strong></span> 
     </span>
    </p>
   </div>
   <div class='ocr_carea' id='block_1_110' title="bbox 2359 4643 3944 4714">
    <p class='ocr_par' dir='ltr' id='par_1_110' title="bbox 2359 4643 3944 4714">
     <span class='ocr_line' id='line_1_110' title="bbox 2359 4643 3944 4714; baseline 0 -14"><span class='ocrx_word' id='word_1_816' title='bbox 2359 4647 2492 4701; x_wconf 73' lang='lat' dir='ltr'><strong>sicut</strong></span> <span class='ocrx_word' id='word_1_817' title='bbox 2515 4645 2593 4707; x_wconf 81' lang='lat' dir='ltr'><strong>de</strong></span> <span class='ocrx_word' id='word_1_818' title='bbox 2623 4643 2920 4714; x_wconf 83' lang='lat' dir='ltr'><strong>patriarcha</strong></span> <span class='ocrx_word' id='word_1_819' title='bbox 2939 4643 3138 4698; x_wconf 86' lang='lat' dir='ltr'><strong>dictum</strong></span> <span class='ocrx_word' id='word_1_820' title='bbox 3166 4651 3265 4706; x_wconf 87' lang='lat' dir='ltr'><strong>est,</strong></span> <span class='ocrx_word' id='word_1_821' title='bbox 3301 4643 3370 4696; x_wconf 90' lang='lat' dir='ltr'><strong>ita</strong></span> <span class='ocrx_word' id='word_1_822' title='bbox 3394 4651 3449 4698; x_wconf 90' lang='lat' dir='ltr'><strong>et</strong></span> <span class='ocrx_word' id='word_1_823' title='bbox 3473 4643 3539 4697; x_wconf 90' lang='lat' dir='ltr'><strong>de</strong></span> <span class='ocrx_word' id='word_1_824' title='bbox 3564 4643 3665 4698; x_wconf 88' lang='lat' dir='ltr'><strong>hoc</strong></span> <span class='ocrx_word' id='word_1_825' title='bbox 3689 4644 3944 4713; x_wconf 79' lang='lat' dir='ltr'><strong>legimus,</strong></span> 
     </span>
    </p>
   </div>
   <div class='ocr_carea' id='block_1_111' title="bbox 2359 4735 3947 4807">
    <p class='ocr_par' dir='ltr' id='par_1_111' title="bbox 2359 4735 3947 4807">
     <span class='ocr_line' id='line_1_111' title="bbox 2359 4735 3947 4807; baseline 0 -15"><span class='ocrx_word' id='word_1_826' title='bbox 2359 4753 2478 4793; x_wconf 89' lang='lat' dir='ltr'><strong>cum</strong></span> <span class='ocrx_word' id='word_1_827' title='bbox 2512 4737 2650 4791; x_wconf 83' lang='lat' dir='ltr'><strong>fame</strong></span> <span class='ocrx_word' id='word_1_828' title='bbox 2677 4739 2954 4807; x_wconf 90' lang='lat' dir='ltr'><strong>ingruente</strong></span> <span class='ocrx_word' id='word_1_829' title='bbox 2978 4735 3196 4789; x_wconf 87' lang='lat' dir='ltr'><strong>multam</strong></span> <span class='ocrx_word' id='word_1_830' title='bbox 3228 4735 3318 4790; x_wconf 87' lang='lat' dir='ltr'><strong>Dei</strong></span> <span class='ocrx_word' id='word_1_831' title='bbox 3347 4749 3528 4789; x_wconf 89' lang='lat' dir='ltr'><strong>curam</strong></span> <span class='ocrx_word' id='word_1_832' title='bbox 3555 4735 3807 4801; x_wconf 83' lang='lat' dir='ltr'><strong>sensisse,</strong></span> <span class='ocrx_word' id='word_1_833' title='bbox 3830 4745 3947 4792; x_wconf 86' lang='lat' dir='ltr'><strong>tum</strong></span> 
     </span>
    </p>
   </div>
   <div class='ocr_carea' id='block_1_112' title="bbox 2360 4825 3950 4898">
    <p class='ocr_par' dir='ltr' id='par_1_112' title="bbox 2360 4825 3950 4898">
     <span class='ocr_line' id='line_1_112' title="bbox 2360 4825 3950 4898; baseline 0.001 -17"><span class='ocrx_word' id='word_1_834' title='bbox 2360 4837 2575 4898; x_wconf 88' lang='lat' dir='ltr'><strong>propter</strong></span> <span class='ocrx_word' id='word_1_835' title='bbox 2604 4829 2851 4882; x_wconf 84' lang='lat' dir='ltr'><strong>virtutem</strong></span> <span class='ocrx_word' id='word_1_836' title='bbox 2881 4825 3145 4896; x_wconf 87' lang='lat' dir='ltr'><strong>pr0priam</strong></span> <span class='ocrx_word' id='word_1_837' title='bbox 3167 4867 3181 4892; x_wconf 91' lang='lat'><strong>,</strong></span> <span class='ocrx_word' id='word_1_838' title='bbox 3215 4835 3324 4879; x_wconf 90' lang='lat' dir='ltr'><strong>tum</strong></span> <span class='ocrx_word' id='word_1_839' title='bbox 3370 4835 3588 4894; x_wconf 87' lang='lat' dir='ltr'><strong>propter</strong></span> <span class='ocrx_word' id='word_1_840' title='bbox 3633 4827 3950 4894; x_wconf 84' lang='lat' dir='ltr'><strong>promissio-</strong></span> 
     </span>
    </p>
   </div>
   <div class='ocr_carea' id='block_1_113' title="bbox 2362 4916 3951 4990">
    <p class='ocr_par' dir='ltr' id='par_1_113' title="bbox 2362 4916 3951 4990">
     <span class='ocr_line' id='line_1_113' title="bbox 2362 4916 3951 4990; baseline 0 -16"><span class='ocrx_word' id='word_1_841' title='bbox 2362 4936 2486 4984; x_wconf 84' lang='lat' dir='ltr'><strong>nem</strong></span> <span class='ocrx_word' id='word_1_842' title='bbox 2511 4919 2825 4989; x_wconf 74' lang='lat' dir='ltr'><strong>patriarcha:</strong></span> <span class='ocrx_word' id='word_1_843' title='bbox 2856 4917 3064 4974; x_wconf 81' lang='lat' dir='ltr'><strong>factam.</strong></span> <span class='ocrx_word' id='word_1_844' title='bbox 3097 4919 3148 4972; x_wconf 78' lang='lat' dir='ltr'><strong>i.</strong></span> <span class='ocrx_word' id='word_1_845' title='bbox 3185 4916 3346 4970; x_wconf 85' lang='lat' dir='ltr'><strong>Facta</strong></span> <span class='ocrx_word' id='word_1_846' title='bbox 3384 4929 3460 4972; x_wconf 84' lang='lat' dir='ltr'><strong>est</strong></span> <span class='ocrx_word' id='word_1_847' title='bbox 3482 4929 3648 4977; x_wconf 81' lang='lat' dir='ltr'><strong>autem</strong></span> <span class='ocrx_word' id='word_1_848' title='bbox 3676 4922 3836 4990; x_wconf 78' lang='lat' dir='ltr'><strong>fontes</strong></span> <span class='ocrx_word' id='word_1_849' title='bbox 3861 4938 3951 4974; x_wconf 85' lang='lat' dir='ltr'><strong>su-</strong></span> 
     </span>
    </p>
   </div>
   <div class='ocr_carea' id='block_1_114' title="bbox 2363 5009 3953 5078">
    <p class='ocr_par' dir='ltr' id='par_1_114' title="bbox 2363 5009 3953 5078">
     <span class='ocr_line' id='line_1_114' title="bbox 2363 5009 3953 5078; baseline 0 -15"><span class='ocrx_word' id='word_1_850' title='bbox 2363 5027 2450 5078; x_wconf 84' lang='lat' dir='ltr'><strong>pcr</strong></span> <span class='ocrx_word' id='word_1_851' title='bbox 2475 5023 2677 5068; x_wconf 84' lang='lat' dir='ltr'><strong>terram,</strong></span> <span class='ocrx_word' id='word_1_852' title='bbox 2710 5017 2893 5077; x_wconf 62' lang='lat' dir='ltr'><strong>praeter</strong></span> <span class='ocrx_word' id='word_1_853' title='bbox 2920 5009 3103 5076; x_wconf 80' lang='lat' dir='ltr'><strong>famem</strong></span> <span class='ocrx_word' id='word_1_854' title='bbox 3130 5009 3369 5078; x_wconf 76' lang='lat' dir='ltr'><strong>priorem,</strong></span> <span class='ocrx_word' id='word_1_855' title='bbox 3397 5025 3510 5078; x_wconf 69' lang='lat' dir='ltr'><strong>qua</strong></span> <span class='ocrx_word' id='word_1_856' title='bbox 3535 5009 3699 5075; x_wconf 78' lang='lat' dir='ltr'><strong>fuerat</strong></span> <span class='ocrx_word' id='word_1_857' title='bbox 3725 5021 3953 5078; x_wconf 80' lang='lat' dir='ltr'><strong>tempore</strong></span> 
     </span>
    </p>
   </div>
   <div class='ocr_carea' id='block_1_115' title="bbox 2364 5097 3954 5170">
    <p class='ocr_par' dir='ltr' id='par_1_115' title="bbox 2364 5097 3954 5170">
     <span class='ocr_line' id='line_1_115' title="bbox 2364 5097 3954 5170; baseline 0 -16"><span class='ocrx_word' id='word_1_858' title='bbox 2364 5101 2578 5154; x_wconf 75' lang='lat' dir='ltr'><strong>Abrahaz</strong></span> <span class='ocrx_word' id='word_1_859' title='bbox 2607 5099 2756 5166; x_wconf 86' lang='lat' dir='ltr'><strong>(Cap.</strong></span> <span class='ocrx_word' id='word_1_860' title='bbox 2783 5098 2895 5170; x_wconf 73' lang='grc'><strong>26).</strong></span> <span class='ocrx_word' id='word_1_861' title='bbox 2924 5097 2993 5155; x_wconf 87' lang='lat' dir='ltr'><strong>Ut</strong></span> <span class='ocrx_word' id='word_1_862' title='bbox 3023 5115 3090 5153; x_wconf 87' lang='lat' dir='ltr'><strong>ne</strong></span> <span class='ocrx_word' id='word_1_863' title='bbox 3119 5108 3269 5168; x_wconf 84' lang='lat' dir='ltr'><strong>putes</strong></span> <span class='ocrx_word' id='word_1_864' title='bbox 3299 5100 3365 5152; x_wconf 91' lang='lat' dir='ltr'><strong>de</strong></span> <span class='ocrx_word' id='word_1_865' title='bbox 3406 5101 3490 5152; x_wconf 88' lang='lat' dir='ltr'><strong>illa</strong></span> <span class='ocrx_word' id='word_1_866' title='bbox 3536 5098 3676 5155; x_wconf 77' lang='lat' dir='ltr'><strong>fante</strong></span> <span class='ocrx_word' id='word_1_867' title='bbox 3712 5115 3836 5154; x_wconf 86' lang='lat' dir='ltr'><strong>eunt</strong></span> <span class='ocrx_word' id='word_1_868' title='bbox 3869 5103 3954 5154; x_wconf 87' lang='lat' dir='ltr'><strong>di-</strong></span> 
     </span>
    </p>
   </div>
   <div class='ocr_carea' id='block_1_116' title="bbox 2365 5189 3953 5262">
    <p class='ocr_par' dir='ltr' id='par_1_116' title="bbox 2365 5189 3953 5262">
     <span class='ocr_line' id='line_1_116' title="bbox 2365 5189 3953 5262; baseline 0 -16"><span class='ocrx_word' id='word_1_869' title='bbox 2365 5207 2501 5256; x_wconf 83' lang='lat' dir='ltr'><strong>cere,</strong></span> <span class='ocrx_word' id='word_1_870' title='bbox 2528 5199 2802 5259; x_wconf 85' lang='lat' dir='ltr'><strong>propterea</strong></span> <span class='ocrx_word' id='word_1_871' title='bbox 2833 5190 3066 5244; x_wconf 89' lang='lat' dir='ltr'><strong>subdidit</strong></span> <span class='ocrx_word' id='word_1_872' title='bbox 3090 5208 3103 5243; x_wconf 90' lang='lat'><strong>:</strong></span> <span class='ocrx_word' id='word_1_873' title='bbox 3123 5189 3316 5244; x_wconf 74' lang='lat' dir='ltr'><strong>Prmcr</strong></span> <span class='ocrx_word' id='word_1_874' title='bbox 3343 5194 3525 5261; x_wconf 77' lang='lat' dir='ltr'><strong>famem</strong></span> <span class='ocrx_word' id='word_1_875' title='bbox 3552 5208 3666 5262; x_wconf 72' lang='lat' dir='ltr'><strong>qua</strong></span> <span class='ocrx_word' id='word_1_876' title='bbox 3692 5201 3798 5246; x_wconf 80' lang='lat' dir='ltr'><strong>erat</strong></span> <span class='ocrx_word' id='word_1_877' title='bbox 3816 5201 3953 5247; x_wconf 84' lang='lat' dir='ltr'><strong>tem-</strong></span> 
     </span>
    </p>
   </div>
   <div class='ocr_carea' id='block_1_117' title="bbox 2368 5282 3951 5353">
    <p class='ocr_par' dir='ltr' id='par_1_117' title="bbox 2368 5282 3951 5353">
     <span class='ocr_line' id='line_1_117' title="bbox 2368 5282 3951 5353; baseline 0.003 -17"><span class='ocrx_word' id='word_1_878' title='bbox 2368 5300 2486 5352; x_wconf 81' lang='lat' dir='ltr'><strong>pore</strong></span> <span class='ocrx_word' id='word_1_879' title='bbox 2515 5283 2834 5353; x_wconf 68' lang='lat' dir='ltr'><strong>patriarchae,</strong></span> <span class='ocrx_word' id='word_1_880' title='bbox 2868 5283 3015 5351; x_wconf 91' lang='lat' dir='ltr'><strong>quasi</strong></span> <span class='ocrx_word' id='word_1_881' title='bbox 3059 5282 3288 5347; x_wconf 52' lang='lat' dir='ltr'><strong>diceret,</strong></span> <span class='ocrx_word' id='word_1_882' title='bbox 3317 5285 3418 5337; x_wconf 86' lang='lat' dir='ltr'><strong>alia</strong></span> <span class='ocrx_word' id='word_1_883' title='bbox 3460 5285 3649 5337; x_wconf 84' lang='lat' dir='ltr'><strong>similis</strong></span> <span class='ocrx_word' id='word_1_884' title='bbox 3678 5301 3817 5340; x_wconf 89' lang='lat' dir='ltr'><strong>nunc</strong></span> <span class='ocrx_word' id='word_1_885' title='bbox 3845 5286 3951 5342; x_wconf 83' lang='lat' dir='ltr'><strong>ite—</strong></span> 
     </span>
    </p>
   </div>
   <div class='ocr_carea' id='block_1_118' title="bbox 2370 5373 3957 5444">
    <p class='ocr_par' dir='ltr' id='par_1_118' title="bbox 2370 5373 3957 5444">
     <span class='ocr_line' id='line_1_118' title="bbox 2370 5373 3957 5444; baseline 0.005 -17"><span class='ocrx_word' id='word_1_886' title='bbox 2370 5390 2481 5427; x_wconf 89' lang='lat' dir='ltr'><strong>rum</strong></span> <span class='ocrx_word' id='word_1_887' title='bbox 2514 5373 2680 5429; x_wconf 86' lang='lat' dir='ltr'><strong>fames</strong></span> <span class='ocrx_word' id='word_1_888' title='bbox 2706 5374 2850 5427; x_wconf 89' lang='lat' dir='ltr'><strong>venit</strong></span> <span class='ocrx_word' id='word_1_889' title='bbox 2890 5388 3049 5441; x_wconf 89' lang='lat' dir='ltr'><strong>super</strong></span> <span class='ocrx_word' id='word_1_890' title='bbox 3095 5383 3288 5427; x_wconf 89' lang='lat' dir='ltr'><strong>terram</strong></span> <span class='ocrx_word' id='word_1_891' title='bbox 3319 5384 3554 5442; x_wconf 88' lang='lat' dir='ltr'><strong>tempore</strong></span> <span class='ocrx_word' id='word_1_892' title='bbox 3583 5375 3747 5439; x_wconf 87' lang='lat' dir='ltr'><strong>Isaac,</strong></span> <span class='ocrx_word' id='word_1_893' title='bbox 3776 5379 3957 5444; x_wconf 84' lang='lat' dir='ltr'><strong>qualis</strong></span> 
     </span>
    </p>
   </div>
   <div class='ocr_carea' id='block_1_119' title="bbox 2361 5463 3956 5538">
    <p class='ocr_par' dir='ltr' id='par_1_119' title="bbox 2361 5463 3956 5538">
     <span class='ocr_line' id='line_1_119' title="bbox 2361 5463 3956 5538; baseline 0.004 -21"><span class='ocrx_word' id='word_1_894' title='bbox 2361 5475 2484 5520; x_wconf 89' lang='lat' dir='ltr'><strong>.erat</strong></span> <span class='ocrx_word' id='word_1_895' title='bbox 2529 5474 2770 5532; x_wconf 88' lang='lat' dir='ltr'><strong>tempore</strong></span> <span class='ocrx_word' id='word_1_896' title='bbox 2831 5463 2992 5532; x_wconf 86' lang='lat' dir='ltr'><strong>patris</strong></span> <span class='ocrx_word' id='word_1_897' title='bbox 3043 5464 3199 5518; x_wconf 90' lang='lat' dir='ltr'><strong>illius.</strong></span> <span class='ocrx_word' id='word_1_898' title='bbox 3250 5464 3681 5520; x_wconf 81' lang='lat' dir='ltr'><strong>Necessariorutn</strong></span> <span class='ocrx_word' id='word_1_899' title='bbox 3729 5471 3956 5538; x_wconf 52' lang='lat' dir='ltr'><strong>[saturio</strong></span> 
     </span>
    </p>
   </div>
   <div class='ocr_carea' id='block_1_120' title="bbox 2373 5556 3958 5628">
    <p class='ocr_par' dir='ltr' id='par_1_120' title="bbox 2373 5556 3958 5628">
     <span class='ocr_line' id='line_1_120' title="bbox 2373 5556 3958 5628; baseline 0.003 -16"><span class='ocrx_word' id='word_1_900' title='bbox 2373 5572 2560 5612; x_wconf 90' lang='lat' dir='ltr'><strong>omnes</strong></span> <span class='ocrx_word' id='word_1_901' title='bbox 2589 5557 2640 5610; x_wconf 91' lang='lat' dir='ltr'><strong>in</strong></span> <span class='ocrx_word' id='word_1_902' title='bbox 2669 5570 2928 5609; x_wconf 89' lang='lat' dir='ltr'><strong>summam</strong></span> <span class='ocrx_word' id='word_1_903' title='bbox 2958 5556 3251 5626; x_wconf 83' lang='lat' dir='ltr'><strong>angustiam</strong></span> <span class='ocrx_word' id='word_1_904' title='bbox 3278 5557 3625 5611; x_wconf 88' lang='lat' dir='ltr'><strong>concludebat</strong></span> <span class='ocrx_word' id='word_1_905' title='bbox 3654 5576 3666 5612; x_wconf 92' lang='lat'><strong>:</strong></span> <span class='ocrx_word' id='word_1_906' title='bbox 3700 5573 3865 5628; x_wconf 86' lang='lat' dir='ltr'><strong>atque</strong></span> <span class='ocrx_word' id='word_1_907' title='bbox 3891 5577 3958 5617; x_wconf 78' lang='lat' dir='ltr'><strong>ex</strong></span> 
     </span>
    </p>
   </div>
   <div class='ocr_carea' id='block_1_121' title="bbox 2375 5646 3959 5720">
    <p class='ocr_par' dir='ltr' id='par_1_121' title="bbox 2375 5646 3959 5720">
     <span class='ocr_line' id='line_1_121' title="bbox 2375 5646 3959 5720; baseline 0.003 -18"><span class='ocrx_word' id='word_1_908' title='bbox 2375 5651 2484 5704; x_wconf 86' lang='lat' dir='ltr'><strong>suis</strong></span> <span class='ocrx_word' id='word_1_909' title='bbox 2512 5649 2740 5720; x_wconf 87' lang='lat' dir='ltr'><strong>migrare</strong></span> <span class='ocrx_word' id='word_1_910' title='bbox 2769 5658 2820 5701; x_wconf 88' lang='lat' dir='ltr'><strong>et</strong></span> <span class='ocrx_word' id='word_1_911' title='bbox 2847 5647 2911 5700; x_wconf 85' lang='lat' dir='ltr'><strong>nd</strong></span> <span class='ocrx_word' id='word_1_912' title='bbox 2942 5646 3029 5700; x_wconf 88' lang='lat' dir='ltr'><strong>illa</strong></span> <span class='ocrx_word' id='word_1_913' title='bbox 3063 5649 3174 5701; x_wconf 90' lang='lat' dir='ltr'><strong>loca</strong></span> <span class='ocrx_word' id='word_1_914' title='bbox 3209 5648 3435 5702; x_wconf 88' lang='lat' dir='ltr'><strong>transire</strong></span> <span class='ocrx_word' id='word_1_915' title='bbox 3461 5652 3701 5719; x_wconf 86' lang='lat' dir='ltr'><strong>cogehat.</strong></span> <span class='ocrx_word' id='word_1_916' title='bbox 3730 5652 3816 5705; x_wconf 88' lang='lat' dir='ltr'><strong>ubi</strong></span> <span class='ocrx_word' id='word_1_917' title='bbox 3868 5667 3959 5708; x_wconf 84' lang='lat' dir='ltr'><strong>re-</strong></span> 
     </span>
    </p>
   </div>
   <div class='ocr_carea' id='block_1_122' title="bbox 2379 5737 3960 5808">
    <p class='ocr_par' dir='ltr' id='par_1_122' title="bbox 2379 5737 3960 5808">
     <span class='ocr_line' id='line_1_122' title="bbox 2379 5737 3960 5808; baseline 0.003 -14"><span class='ocrx_word' id='word_1_918' title='bbox 2379 5756 2491 5794; x_wconf 87' lang='lat' dir='ltr'><strong>rum</strong></span> <span class='ocrx_word' id='word_1_919' title='bbox 2537 5752 2952 5793; x_wconf 82' lang='lat' dir='ltr'><strong>necessariarum</strong></span> <span class='ocrx_word' id='word_1_920' title='bbox 3002 5737 3209 5808; x_wconf 75' lang='lat' dir='ltr'><strong>cepiam</strong></span> <span class='ocrx_word' id='word_1_921' title='bbox 3258 5739 3574 5793; x_wconf 66' lang='lat' dir='ltr'><strong>invenirent.</strong></span> <span class='ocrx_word' id='word_1_922' title='bbox 3632 5739 3783 5796; x_wconf 81' lang='lat' dir='ltr'><strong>Unde</strong></span> <span class='ocrx_word' id='word_1_923' title='bbox 3835 5759 3960 5799; x_wconf 82' lang='lat' dir='ltr'><strong>eum</strong></span> 
     </span>
    </p>
   </div>
  </div>
