4178 6328
226 436 323 494 ιω

223 552 395 621 justus
434 544 526 601 ille
571 542 768 596 famem
799 537 1021 597 videret,
1052 530 1319 601 Profectus
1362 533 1457 590 est,
1506 518 1693 590 inquit,
1743 514 1812 570 ed

227 606 508 695 :Abimeleclt
535 634 591 688 in
618 630 832 687 Geram.
862 626 941 681 Eo
971 623 1112 679 enim
1139 629 1193 675 et
1221 616 1487 675 Abraham
1518 617 1636 681 post
1685 606 1809 662 red-

228 730 360 782 itum
386 739 542 779 suum
568 737 636 778 ex
673 718 905 788 [Egypto
947 720 1184 768 venerat.
1212 703 1512 763 Verisimile
1544 708 1720 755 autem
1761 708 1808 750 et

236 819 380 874 hunc
411 822 694 887 propterea
724 810 854 865 illuc
880 804 1096 869 abiisse,
1126 798 1269 871 quod
1297 795 1420 853 inde
1446 796 1498 850 in
1524 790 1813 887 Egyptum

231 880 561 990 contendere
588 901 783 964 vellet;
810 906 867 954 et
903 894 1047 967 quod
1075 893 1177 947 hoc
1202 891 1275 944 ita
1298 888 1389 951 sit,
1414 884 1533 940 audi
1578 880 1790 947 Scripta

231 970 645 1052 rauidiccntcm
683 992 702 1023 ί
734 1007 748 1044 :
777 988 833 1043 2.
873 986 1019 1041 Visus
1043 992 1115 1037 est
1142 982 1284 1037 enim
1312 979 1378 1042 ei,
1425 975 1613 1045 inquit,
1646 970 1814 1031 Deus,

238 1098 284 1140 et
328 1084 462 1138 dixit
489 1097 508 1136 :
536 1079 627 1135 Ne
644 1077 912 1133 descendas
936 1074 989 1128 in
1010 1070 1319 1143 Egyptum.
1348 1064 1484 1121 Nolo
1512 1072 1583 1127 te,
1615 1056 1782 1126 inquit
1801 1096 1816 1119 ,

244 1176 459 1243 longam
503 1170 647 1225 illam
686 1170 827 1222 viam
855 1162 1143 1235 proﬁcisci,
1173 1158 1265 1214 sed
1313 1156 1398 1210 hic
1427 1165 1643 1208 manere
1680 1146 1818 1202 volo.

240 1237 427 1332 Neque
455 1258 703 1330 permitto
728 1264 782 1311 ut
809 1253 1104 1324 angustiam
1132 1246 1443 1318 experiaris,
1469 1242 1562 1297 sed
1591 1237 1820 1310 promis-

238 1330 446 1407 sionem
470 1349 607 1419 patri
632 1356 725 1401 tuo
750 1345 943 1399 factam
965 1339 1219 1412 implebo,
1242 1345 1296 1392 et
1322 1350 1439 1405 qua
1462 1333 1536 1388 illi
1566 1330 1823 1403 promissa

239 1450 389 1505 sunt,
420 1439 474 1493 in
523 1447 577 1493 te
623 1436 869 1493 evenient
900 1452 915 1489 :
944 1441 1000 1488 et
1045 1441 1101 1485 tu
1147 1425 1549 1500 promissiones,
1599 1436 1717 1492 qua:
1749 1419 1827 1473 illi

239 1531 400 1588 facta
425 1539 568 1591 sunt,
599 1544 659 1584 re
700 1528 813 1598 ipsa
839 1525 1084 1595 accipies.
1133 1520 1218 1575 Ne
1259 1518 1529 1574 descendas
1555 1517 1610 1570 in
1650 1513 1823 1583 Egy-

242 1632 383 1693 ptum
408 1636 427 1674 :
458 1621 625 1673 habita
653 1627 817 1671 autem
858 1616 909 1669 in
956 1626 1091 1669 terra
1139 1628 1301 1683 quam
1342 1610 1431 1664 tibi
1473 1609 1665 1671 dixero,
1695 1605 1749 1659 5.
1778 1613 1831 1657 et

244 1711 536 1782 peregrinus
561 1718 663 1764 esto
690 1709 744 1762 in
769 1694 901 1761 terra
921 1707 1036 1759 hac.

318 1802 376 1858 2.
405 1799 606 1857 Deinde
634 1808 692 1853 ut
718 1812 788 1852 ne
818 1804 967 1866 putet
990 1794 1187 1864 justus,
1217 1792 1382 1855 Deum
1423 1788 1527 1844 hoc
1569 1787 1831 1856 imperare

245 1891 400 1963 quasi
427 1892 694 1946 volentem
723 1902 845 1942 eum
875 1885 1027 1940 famis
1052 1882 1346 1952 angustiam
1367 1878 1617 1949 experiri,
1643 1884 1699 1930 et
1727 1890 1833 1929 non

252 1980 567 2051 permittere
594 1977 643 2031 ei
671 1974 951 2031 transitum
977 1973 1031 2027 in
1059 1970 1368 2041 IEg'yptum,
1414 1967 1585 2038 inquit
1620 1963 1735 2019 :Ne
1761 1964 1835 2016 sis

254 2067 471 2129 iunius,
507 2080 679 2134 neque
703 2078 885 2119 curam
913 2061 1068 2129 habe,
1097 2060 1191 2115 sed
1222 2059 1306 2113 hic.
1330 2071 1491 2113 mane
1523 2073 1536 2108 :
1566 2055 1677 2125 Ego
1705 2054 1836 2106 enim

249 2170 537 2216 erotecum.
585 2157 751 2227 igitur
796 2170 916 2210 cum
958 2152 1407 2223 suppr-diutorem
1436 2147 1695 2203 bonorum
1718 2159 1835 2197 om-

251 2250 402 2305 nium
435 2247 651 2308 habeas,
698 2259 768 2300 ne
815 2246 891 2299 sis
938 2241 1233 2297 sollicitus:
1262 2252 1361 2308 ego
1406 2237 1548 2292 enim
1582 2235 1837 2289 Dominus

252 2338 495 2395 omnium
520 2350 615 2391 ero
642 2346 816 2390 tecum
848 2350 863 2387 :
894 2346 1064 2403 neque
1106 2330 1208 2385 hoc
1234 2329 1429 2393 solum,
1458 2326 1551 2382 sed
1595 2324 1661 2378 Et
1693 2323 1839 2378 bene-

254 2432 421 2486 dicant
447 2440 515 2495 te,
540 2430 643 2482 hoc
671 2435 774 2491 est,
805 2425 1092 2494 gloriosum
1124 2431 1174 2477 te
1201 2421 1412 2487 faciam,
1438 2428 1493 2475 et
1516 2417 1844 2473 benedictio-

255 2534 383 2577 nem
424 2532 602 2574 meam
654 2514 919 2586 praebebo.
969 2513 1106 2580 Quid
1150 2513 1250 2567 hoc
1289 2514 1431 2581 justo
1477 2510 1701 2573 beatius,
1750 2507 1840 2578 qui

256 2611 419 2667 talem
464 2607 873 2681 promissionem
904 2620 935 2659 a
971 2606 1081 2659 Deo
1115 2604 1318 2673 accepit
1351 2621 1366 2657 :
1402 2602 1503 2657 Ero
1550 2612 1744 2664 tecum,
1795 2608 1842 2654 et

255 2700 545 2755 Μίδαι
575 2698 663 2751 te?
704 2696 816 2751 lloc
855 2702 907 2750 te
937 2694 1224 2749 declarabit
1250 2693 1499 2748 omnibus
1513 2690 1842 2757 feliciorem,

257 2789 362 2846 hoc
380 2799 433 2844 te
456 2786 763 2842 afﬂuentem
784 2785 943 2841 rebus
957 2784 1200 2839 omnibus
1217 2780 1388 2847 faciet,
1412 2784 1524 2837 haec
1539 2788 1620 2836 est
1635 2792 1845 2835 summa

256 2881 449 2955 gloria,
480 2878 595 2933 haec
641 2885 725 2931 est
753 2890 878 2930 vera
902 2874 1181 2939 securitas,
1212 2872 1313 2927 hoc
1337 2883 1418 2927 est
1443 2872 1651 2926 culmen
1674 2878 1844 2925 eteao

256 2981 357 3044 put
383 2972 669 3035 bonorum,
699 2967 818 3038 quia
844 2980 947 3035 ego
976 2974 1148 3020 tecum
1174 2978 1314 3019 sum.
1364 2962 1429 3017 Et
1454 2963 1742 3017 benedicam
1774 2970 1843 3015 tet

262 3059 549 3129 Quomodo
600 3067 776 3112 autem
803 3066 858 3111 te
899 3056 1255 3111 benedicaml
1283 3054 1397 3108 Tibi
1424 3065 1489 3108 et
1530 3052 1710 3108 semini
1760 3062 1859 3107 tuo

258 3151 393 3205 dabo
424 3161 613 3203 terram
656 3148 805 3202 hanc.
836 3147 917 3202 Tu
960 3147 1155 3201 videris
1181 3146 1234 3200 in
1279 3146 1378 3201 hac
1404 3146 1622 3215 regione
1645 3145 1845 3199 versari

262 3239 416 3311 quasi
448 3239 649 3308 hospes
693 3246 746 3292 et
773 3251 934 3307 vagus
964 3254 977 3289 :
1013 3237 1151 3291 scias
1178 3244 1354 3290 autem
1381 3234 1518 3306 quod
1560 3234 1654 3288 tibi
1681 3243 1734 3287 et
1758 3248 1843 3288 se-

261 3331 393 3384 mini
420 3339 513 3382 tuo
550 3328 761 3382 dabitur
788 3327 900 3381 haec
927 3326 1099 3382 omnis
1130 3334 1291 3381 terra.
1341 3322 1406 3379 Et
1432 3334 1489 3378 ut
1518 3326 1653 3379 bene
1680 3326 1849 3378 confl-

259 3420 379 3482 das.
411 3418 561 3474 disce
586 3431 674 3472 me
693 3417 1053 3486 juramentum
1078 3414 1227 3481 illud,
1258 3413 1398 3483 quod
1422 3414 1592 3483 juravi
1619 3411 1849 3468 Abrahae

261 3510 400 3581 patri
434 3518 551 3572 tuo,
584 3516 756 3563 tecum
786 3515 1041 3561 statuere.
1086 3505 1216 3559 Vide
1242 3502 1513 3574 quomodo
1539 3517 1843 3558 sermonem

263 3615 425 3655 suum
461 3598 603 3652 Deus
630 3598 819 3652 iterum
838 3604 1153 3666 attemperat
1178 3603 1377 3650 nostra:
1398 3592 1709 3648 infirmitati.
1732 3591 1855 3647 Non.

263 3692 403 3747 dixit
426 3689 759 3758 simpliciter,
790 3686 948 3742 Pacta
993 3701 1111 3757 qua:
1140 3684 1239 3741 feci
1285 3700 1406 3740 cum
1437 3693 1583 3754 patre
1611 3691 1721 3747 tuo,
1755 3698 1850 3738 ne-

267 3795 377 3850 que
408 3777 789 3848 promissiones
809 3792 941 3847 quas
969 3776 1186 3847 promisi
1214 3792 1230 3830 :
1257 3775 1357 3831 sed
1376 3774 1548 3845 quid?
1571 3774 1847 3828 loramen-

268 3881 377 3925 tum
402 3868 540 3939 quod
573 3868 767 3939 juravi.
795 3866 1146 3937 Jurejurando
1172 3866 1345 3938 ipsum
1374 3865 1682 3921 confirmavi
1703 3865 1853 3934 jura-

268 3969 538 4026 mentum,
566 3970 620 4014 et
651 3967 836 4014 teneor
859 3968 917 4013 ut
940 3972 1102 4027 opere
1129 3957 1398 4027 perficiam
1424 3955 1565 4027 quod
1586 3955 1779 4026 juravi.

344 4048 470 4105 Non
494 4057 687 4120 spectat
712 4064 857 4103 suam
894 4048 1188 4119 dignitatem
1217 4046 1376 4112 Deus,
1406 4046 1494 4101 sed
1519 4040 1743 4101 nostram
1772 4046 1854 4099 in-

269 4138 821 4211 ﬁrmitatem—Vides
848 4139 938 4194 Dei
964 4138 1338 4194 clementiam?
1358 4136 1473 4191 Non
1486 4135 1563 4192 .ad
1588 4136 1853 4206 propriam

268 4230 587 4300 dignitatem
614 4229 906 4298 respiciens
940 4229 1191 4299 loquitur,
1236 4226 1331 4284 sed
1359 4227 1426 4282 ad
1473 4238 1708 4283 nostram
1736 4242 1855 4282 sese

269 4331 637 4389 attemperans
680 4318 1065 4374 infirmitatem.
1110 4318 1242 4372 Nam
1286 4318 1409 4388 quia
1458 4317 1701 4373 homines
1746 4316 1856 4371 fere

271 4424 489 4479 semper
516 4408 602 4462 illa
643 4422 806 4477 opere
831 4407 1085 4477 perﬁcere
1108 4407 1341 4475 student,
1371 4423 1477 4462 non
1507 4422 1625 4478 quae
1650 4407 1855 4475 simpli-

271 4498 412 4555 citer
441 4498 804 4568 promiserunt
850 4497 1029 4560 alicui,
1078 4496 1172 4552 sed
1217 4513 1338 4567 qua:
1384 4512 1504 4551 cum
1552 4497 1856 4566 juramento

273 4588 642 4660 promiserunt
672 4605 687 4643 :
717 4586 875 4642 simili
905 4587 1065 4642 modo
1091 4596 1146 4642 et
1188 4586 1328 4641 Deus
1366 4586 1515 4656 justo
1556 4586 1763 4655 plenam
1796 4587 1857 4638 ti-

272 4680 403 4737 dem
433 4678 652 4761 faciens.
682 4693 743 4734 ea
789 4693 907 4749 qua:
934 4693 964 4731 a
993 4693 1053 4733 se
1096 4678 1235 4733 dicta
1277 4686 1402 4731 sunt
1437 4678 1655 4731 omnino
1684 4678 1855 4731 futura

273 4785 401 4826 esse
453 4768 624 4825 dicit:
652 4768 801 4825 Scias
844 4783 905 4823 ea
952 4783 1070 4839 quae
1106 4783 1136 4822 a
1176 4783 1261 4822 me
1300 4768 1601 4837 juramento
1652 4768 1855 4821 firmata

274 4869 425 4925 sunt,
455 4874 619 4929 opere
662 4860 924 4929 implenda
972 4873 1112 4915 esse.
1168 4859 1304 4927 Quid
1360 4860 1558 4928 igitur?
1608 4858 1854 4929 inquies:

277 4949 425 5005 Deus
462 4949 659 5017 juravit
676 4949 702 5002 ?
728 4958 782 5003 et
808 4962 901 5017 per
927 4964 1083 5019 quem
1107 4948 1289 5018 jurare
1317 4948 1526 5017 potuit?
1553 4947 1711 5004 Vides
1756 4948 1858 5002 hoc

278 5052 406 5093 sese
436 5036 503 5091 ad
529 5046 761 5091 nostram
790 5037 1145 5092 infirmitatem
1169 5040 1569 5106 attemperantis
1589 5052 1707 5093 esse
1731 5055 1744 5091 :
1771 5039 1862 5091 flr-

273 5127 567 5182 mationem
599 5128 963 5194 promissionis
1004 5126 1213 5183 vocavit
1241 5129 1622 5196 jurameutum.
1654 5125 1721 5181 Et
1748 5137 1853 5180 sta-

275 5228 443 5282 tuam,
482 5216 670 5287 inquit,
703 5219 1047 5287 jurantentum
1074 5235 1261 5284 meum,
1299 5218 1433 5289 quod
1460 5218 1647 5288 jurans
1683 5219 1855 5287 juratri

277 5308 501 5362 Abt-alia:
542 5308 673 5376 patri
711 5318 812 5362 tuo.
864 5306 1063 5362 Deinde
1089 5308 1247 5363 docet
1289 5324 1411 5363 eum
1441 5316 1557 5378 quae
1601 5320 1725 5363 sunt
1768 5310 1854 5363 illa

274 5414 404 5466 qua:
430 5399 689 5468 promisit,
717 5410 771 5453 et
798 5400 864 5455 de
891 5400 1081 5471 quibus
1105 5400 1155 5455 ei
1180 5401 1373 5469 iuravit
1422 5401 1476 5455 4.
1505 5400 1572 5454 Et
1608 5402 1850 5469 multipli-

272 5491 406 5547 cabo
440 5507 607 5546 semen
651 5502 793 5546 tuum
830 5496 955 5547 sicut
993 5493 1166 5548 stellas
1201 5494 1332 5547 cadi.
1365 5493 1476 5547 lloc
1516 5495 1655 5548 enim
1685 5506 1735 5548 et
1767 5511 1854 5562 pu-

347 5645 366 5720 .‘
396 5652 662 5720 ξεῖ-θίξιν
864 5648 1154 5720 ἱηεπιερἰιεηι
1195 5647 1684 5720 pcihuntmtitalcm.
1719 5648 1853 5720 riuis

267 5706 363 5779 ξεῖν
382 5712 473 5758 ειε-
497 5707 663 5779 sarit.
681 5709 801 5760 audi
817 5706 1105 5779 itte/I'dbilem
1123 5709 1213 5769 Dei
1244 5710 1625 5761 miscricorth
1687 5708 1850 5763 sitiret.

271 5770 787 5837 lmeeqmﬁsumus.

1238 411 1308 467 IN
1346 409 1498 467 CAP.
1539 402 1725 464 XXVI.
1766 396 2014 456 CENES.
2054 389 2284 449 llOHlL.
2327 386 2409 445 LI.

3395 371 3497 426 ιεῑι

1921 509 2168 565 triarchie
2215 505 2269 559 in
2308 500 2570 574 principio
2612 494 2822 551 dicebat
2852 510 2863 545 :
2895 490 3121 545 Tantum
3168 486 3269 541 erit
3322 498 3507 538 semen

1923 610 2091 663 tuum,
2126 604 2182 649 ut
2209 604 2263 649 et
2285 573 2457 648 stellis
2482 599 2533 643 et
2561 599 2737 641 arena:
2767 583 3095 650 adaequetur.
3142 574 3209 628 Et
3249 574 3400 638 dabo,
3430 573 3511 625 iu-

1918 689 2052 760 quit,
2083 687 2259 741 semini
2280 695 2363 739 tuo
2391 693 2576 735 terram
2592 680 2764 741 istaut,
2798 684 2843 727 et
2873 670 3225 725 benedicentur
3248 666 3301 719 in
3324 663 3510 717 semine

1922 794 2004 836 tuo
2029 794 2201 833 omnes
2232 788 2395 848 gentes
2436 784 2582 826 terra
2613 768 2765 840 (Gen.
2795 766 2887 820 2‘2.
2918 763 3029 830 17).
3068 761 3350 828 Propterea
3382 772 3509 826 pro-

1924 870 2206 925 missiones
2232 843 2350 934 quae
2396 864 2470 916 illi
2513 863 2665 915 facta:
2710 867 2853 919 sunt,
2888 855 2939 908 in
2969 862 3021 907 te
3066 848 3317 919 implebo.
3347 848 3403 901 5.
3434 843 3514 899 Es

1924 958 2057 1029 quod
2083 955 2272 1010 audivit
2295 952 2550 1006 Abraham
2580 958 2724 1020 pater
2744 957 2859 999 tuus
2886 958 3051 998 uocem
3073 955 3255 1002 meam,
3277 947 3327 993 et
3352 946 3509 990 casto.

1923 1028 2047 1104 dicit
2076 1048 2314 1101 mandata
2347 1060 2455 1096 mea
2486 1041 2586 1115 (a),
2618 1049 2663 1093 et
2688 1037 3081 1110 justiﬁcationcs
3118 1048 3275 1095 meas,
3302 1039 3349 1083 et
3394 1028 3518 1099 legi-

1925 1142 2047 1194 tima
2073 1153 2206 1192 mea.
2235 1135 2370 1190 Vide
2403 1133 2495 1188 Dei
2525 1129 2859 1200 sapientiam,
2888 1122 3159 1195 quomodo
3184 1119 3343 1189 erigit
3368 1132 3520 1173 mcu-

1930 1242 2037 1285 tem
2064 1228 2213 1299 justi,
2244 1235 2299 1281 et
2339 1225 2650 1279 alacriorem
2678 1218 2853 1274 reddit
2884 1233 2899 1270 :
2927 1224 2983 1269 et
3010 1224 3067 1268 ut
3093 1213 3260 1283 patris
3287 1210 3521 1263 imitator

1931 1320 2041 1383 ﬁat,
2072 1298 2257 1373 efﬁcit.
2301 1314 2433 1369 Nam
2475 1312 2523 1365 si
2566 1310 2675 1374 ille,
2707 1308 2897 1377 inquit,
2938 1305 3060 1374 quia
3106 1318 3238 1357 mea:
3287 1298 3523 1355 obedivit

1930 1409 2069 1471 voci,
2104 1414 2247 1460 tanta
2281 1402 2658 1478 pollicitatione
2692 1398 2882 1468 dignus
2914 1394 3123 1448 habitus
3173 1401 3276 1456 est,
3305 1398 3359 1444 et
3403 1402 3522 1443 eam

1933 1507 2152 1569 propter
2177 1495 2318 1549 illius
2346 1495 2597 1547 virtutem
2626 1492 2678 1544 in
2709 1498 2782 1555 te,
2815 1488 2904 1557 qui
2925 1502 2989 1541 cx
3019 1500 3085 1541 eo
3108 1492 3261 1538 natus
3290 1496 3370 1545 es,
3402 1494 3522 1535 sum

1937 1589 2253 1658 impleturus
2285 1604 2297 1639 :
2329 1585 2372 1639 si
2403 1593 2457 1638 et
2482 1585 2595 1651 ipse
2618 1580 2761 1635 illius
2781 1579 3016 1631 imitator
3044 1574 3223 1636 fueris,
3255 1581 3309 1625 ct
3337 1569 3524 1624 eadem

1934 1695 2037 1749 qua
2067 1678 2155 1732 ille
2187 1677 2270 1730 via
2302 1672 2605 1736 incesseris,
2633 1670 2803 1738 cogita
2830 1673 3085 1736 quantum
3124 1660 3261 1731 apud
3316 1672 3401 1712 me
3432 1658 3527 1710 be-

1936 1748 2289 1824 nevolentiam
2314 1763 2591 1818 habiturus
2624 1761 2722 1824 sis,
2754 1767 2809 1813 et
2836 1763 3032 1826 quanta
3063 1768 3181 1807 mea
3209 1766 3337 1805 cura
3370 1759 3420 1803 te
3442 1748 3529 1802 di-

1934 1868 2192 1929 gnaturus
2221 1857 2321 1909 sim
2384 1852 2517 1907 Nam
2542 1851 2587 1905 si
2628 1849 2713 1903 ctti
2742 1849 2811 1902 ob
2840 1845 3062 1900 alterius
3101 1843 3349 1896 virtutem
3394 1838 3529 1892 bene

1936 1926 2171 2004 futurum
2201 1953 2302 2006 est,
2331 1944 2374 1998 si
2399 1952 2452 1997 et
2482 1943 2594 2008 ipse
2622 1940 2818 1992 virtute
2849 1934 3101 2005 prasditus
3144 1931 3325 1992 fuerit,
3359 1926 3530 1982 multo

1938 2037 2141 2107 majore
2179 2035 2367 2105 dignus
2396 2031 2677 2086 habebitur
2703 2043 2850 2083 cura.
2900 2023 3041 2092 Quid
3069 2034 3246 2077 autem
3294 2030 3376 2073 est
3406 2039 3419 2073 :
3453 2017 3532 2071 Eo

1937 2129 2073 2200 quod
2106 2127 2319 2182 obedivit
2346 2125 2451 2179 voci
2480 2138 2625 2187 meai,
2671 2129 2719 2174 et
2758 2116 3021 2172 custodiuit
3048 2114 3291 2167 mandata
3316 2126 3447 2175 mea,
3487 2117 3533 2161 et

1943 2198 2196 2288 prompta
2225 2232 2357 2281 mea,
2402 2222 2449 2270 et
2487 2209 2879 2284 justiﬁcationes
2916 2202 3098 2259 meas?
3148 2200 3397 2255 Dicebam
3436 2198 3486 2253 ei
3516 2217 3531 2253 :

1941 2287 2195 2382 Egredere
2222 2306 2285 2361 de
2326 2316 2462 2359 terra
2503 2314 2589 2355 tua
2632 2310 2677 2354 et
2704 2299 2767 2352 de
2792 2296 3087 2367 cognatione
3128 2302 3235 2355 tua,
3268 2299 3315 2343 et
3340 2288 3453 2343 veni
3480 2287 3536 2341 in

1944 2379 2129 2455 terrent
2152 2413 2304 2469 quam
2325 2403 2662 2449 monstravere
2684 2390 2771 2445 tibi
2797 2386 2956 2459 (Ibid.
2983 2385 3069 2440 12.
3092 2382 3143 2453 l)
3173 2403 3187 2439 :
3216 2379 3537 2449 reliquitque

1945 2492 2032 2546 illa
2052 2503 2172 2560 qua:
2196 2490 2249 2544 in
2280 2485 2525 2541 manibus
2547 2490 2720 2547 erant,
2748 2488 2804 2534 et
2829 2478 3028 2532 incerta
3051 2480 3403 2545 persequutus
3432 2477 3536 2522 est.

1944 2582 2012 2638 Et
2038 2557 2144 2635 non
2174 2577 2459 2633 fluctuabat
2490 2588 2661 2644 neque
2705 2568 3053 2625 cunctabatur
3083 2585 3097 2621 :
3123 2561 3216 2618 sed
3246 2576 3367 2617 cum
3392 2557 3539 2613 onuti

1945 2671 2225 2730 alacritate
2278 2665 2587 2723 mandatum
2638 2660 2931 2731 implebat,
2983 2666 3037 2712 et
3088 2650 3369 2709 obediebat
3422 2646 3541 2702 voci

1946 2777 2102 2819 mete.
2134 2760 2327 2815 lterum
2356 2772 2475 2827 qua!
2520 2768 2682 2824 super
2709 2760 2952 2805 naturam
2983 2754 3106 2801 sunt
3129 2744 3177 2801 ei
3220 2738 3459 2810 promisi,
3487 2744 3542 2792 ct

1947 2868 2068 2910 cum
2112 2850 2222 2921 jam
2252 2859 2382 2903 tetas
2425 2860 2547 2901 enim
2578 2859 2607 2897 a
2637 2858 2733 2912 spe
2771 2840 3045 2921 dejiceret,
3095 2839 3160 2889 ac
3208 2844 3382 2901 neque
3427 2828 3542 2898 ipse

1948 2915 2129 3015 neque
2157 2952 2329 2996 mater
2354 2948 2440 2993 tua
2462 2932 2818 3008 procreanda:
2840 2915 2974 3001 proli
3000 2926 3175 2982 idonei
3197 2929 3399 2985 essent,
3420 2934 3541 2974 cum

1948 3010 2155 3094 audiret
2170 3050 2201 3088 a
2226 3047 2313 3087 me
2334 3044 2514 3087 semen
2537 3029 2654 3098 ejus
2675 3026 2727 3079 in
2750 3032 2952 3077 tantum
2979 3020 3093 3074 fore
3115 3010 3538 3087 propagandum,

1948 3135 2008 3183 ut
2056 3138 2271 3180 omnem
2327 3131 2524 3175 terram
2580 3122 2724 3168 esset
2774 3111 3157 3179 impleturum;
3190 3116 3363 3172 neque
3416 3110 3543 3154 tunc

1948 3217 2128 3272 animo
2158 3213 2400 3270 turbatus
2447 3208 2563 3274 fuit,
2593 3203 2688 3261 sed
2731 3200 2955 3259 credidit
2989 3220 3001 3254 :
3033 3196 3153 3250 ideo
3181 3203 3235 3249 et
3278 3194 3331 3248 in
3371 3190 3539 3263 justi-

1950 3310 2077 3366 tiam
2102 3308 2151 3363 ei
2178 3312 2478 3376 reputatum
2505 3308 2584 3355 est
2616 3295 2776 3370 (Ibid.
2806 3293 2895 3348 15.
2933 3290 2987 3361 6)
3012 3306 3027 3355 ;
3058 3287 3180 3359 quia
3205 3284 3385 3357 virtuti
3409 3295 3545 3337 mea

1950 3373 2258 3464 credendo,-
2274 3405 2329 3452 et
2372 3398 2422 3449 in
2451 3386 2895 3464 promissionibus
2924 3384 3058 3438 meis
3083 3391 3238 3461 spem
3262 3373 3507 3431 habendo
3524 3413 3543 3440 ,

1952 3455 2193 3546 humana.
2212 3455 2525 3543 infirmitate
2550 3464 2796 3550 superior
2823 3475 2940 3529 fuit.
2974 3472 3037 3527 Et
3062 3455 3341 3541 postquam
3370 3474 3424 3519 tu
3452 3478 3544 3517 na-

1954 3591 2041 3637 tus
2068 3594 2152 3642 es,
2182 3592 2302 3633 cum
2333 3583 2505 3630 mater
2536 3580 2621 3625 tua
2652 3572 2993 3623 succcnseret
3017 3558 3225 3615 lsmaeli
3249 3572 3317 3612 ex
3344 3552 3543 3633 ancilla

1954 3681 2103 3738 nato,
2131 3676 2189 3725 et
2231 3667 2388 3721 vellet
2413 3678 2536 3719 eum
2564 3660 2778 3731 abigere
2806 3672 2835 3709 a
2861 3654 3022 3710 domo
3048 3664 3173 3706 cum
3202 3651 3235 3701 Α
3247 3662 3359 3719 gar,
3392 3632 3548 3721 itaut

1956 3737 2096 3817 nihil,
2136 3770 2421 3815 commune
2469 3753 2544 3807 illi
2577 3760 2755 3806 tecum
2800 3753 2961 3810 esset,
3009 3742 3136 3796 licet
3179 3740 3233 3793 in
3271 3737 3423 3792 illum
3452 3750 3549 3805 pa-

1958 3851 2189 3927 triarcba
2234 3858 2453 3920 paterna
2481 3852 2536 3899 et
2556 3840 2786 3913 genuina
2813 3836 3101 3893 dilectione
3143 3832 3280 3887 bene
3304 3828 3551 3883 afﬁcere-

1960 3925 2042 4001 tur
2073 3965 2086 4001 :
2114 3917 2335 3998 audiens
2364 3949 2539 3993 tamen
2568 3950 2597 3988 a
2624 3947 2741 3997 me,
2773 3929 2874 3985 sibi
2918 3923 3218 3981 faciendum
3259 3934 3379 3976 esse
3405 3917 3550 3988 quod

1962 4036 2133 4090 visum
2162 4038 2307 4087 esset
2332 4028 2526 4088 Sarrae,
2551 4023 2747 4079 oblitus
2773 4017 3029 4074 naturalis
3048 4012 3368 4077 dilectionis,
3390 4009 3552 4079 ejecit

1958 4124 2242 4181 lsmaelem
2270 4133 2393 4175 cum
2423 4114 2635 4180 ancilla,
2661 4121 2715 4167 et
2742 4124 2955 4178 semper
2980 4104 3213 4161 obedivit
3238 4100 3356 4157 voci
3391 4113 3549 4163 mere,

1960 4232 2023 4272 ac
2049 4211 2334 4271 custodivit
2357 4215 2621 4280 praecepta
2662 4217 2805 4256 mea.
2838 4198 3073 4264 Denique
3102 4207 3223 4248 cum
3262 4188 3549 4260 przeoepis-

1959 4322 2076 4364 sem
2101 4304 2171 4369 ei,
2220 4310 2279 4357 ut
2306 4299 2435 4355 mihi
2487 4298 2537 4351 in
2570 4292 2892 4349 sacrificium
2930 4287 3147 4341 offerret
3184 4282 3347 4336 lilium
3378 4280 3432 4335 itt
3463 4294 3551 4332 sc-

1963 4406 2181 4453 nectute
2207 4393 2308 4448 sibi
2334 4400 2669 4447 concessum,
2695 4392 2748 4437 et
2773 4390 2881 4435 tam
2905 4378 3179 4439 dilectum,
3205 4371 3337 4427 nihil
3363 4384 3553 4426 causa-

1962 4497 2047 4543 tus
2076 4493 2179 4552 est,
2200 4496 2370 4551 neque
2393 4476 2655 4534 curiosius
2678 4472 2746 4527 de
2772 4475 3039 4539 prmcepto
3061 4462 3353 4533 inquisivit,
3378 4475 3551 4528 neque

1962 4579 2205 4636 turbatus
2231 4583 2312 4630 est
2338 4582 2539 4633 mente,
2580 4579 2753 4635 neque
2791 4555 3201 4621 communicavit
3229 4569 3350 4608 cum
3380 4561 3550 4605 matre

1963 4683 2092 4735 tua»,
2122 4682 2293 4737 neque
2344 4677 2464 4719 cum
2493 4659 2693 4729 pueris,
2725 4666 2901 4721 neque
2954 4658 3153 4713 tecum,
3202 4644 3328 4715 quid
3379 4642 3551 4697 factu-

1963 4777 2055 4817 rus
2078 4731 2224 4815 esset
2249 4773 2263 4821 ;
2295 4753 2388 4808 scd
2435 4748 2556 4805 forti
2586 4755 2764 4802 mente
2788 4753 2842 4797 et
2869 4738 3067 4809 ingenti
3104 4734 3375 4791 alacritate
3406 4731 3554 4787 festi-

1962 4850 2127 4913 navit,
2156 4858 2214 4903 ut
2242 4843 2549 4899 mandatum
2570 4850 2747 4892 meum
2774 4830 3019 4900 impleret
3053 4847 3067 4884 :
3099 4824 3322 4895 proinde
3357 4822 3546 4877 volun-

1962 4951 2127 4999 tatem
2176 4939 2292 5008 ejus
2322 4931 2590 4993 coronavi,
2624 4940 2759 4996 opus
2787 4933 2961 4977 autem
2991 4928 3047 4973 ut
3079 4917 3421 4988 perficeretur
3446 4929 3550 4968 non

1962 5031 2173 5089 admisi.
2205 5003 2521 5096 liapmpter,
2540 5018 2660 5089 quia
2686 5017 2740 5070 in
2765 5012 3008 5068 omnibus
3028 5020 3272 5076 magnam
3296 5003 3551 5059 obedien-

1963 5126 2089 5181 tiam
2131 5094 2440 5181 declaravit,
2470 5122 2525 5169 et
2560 5108 2932 5166 mandatorum
2963 5112 3203 5154 meorum
3230 5094 3548 5157 custodiam,

1964 5228 2015 5272 te
2039 5231 2101 5270 ex
2137 5213 2227 5266 illo
2256 5219 2436 5263 natum
2467 5202 2900 5275 promissionum,
2933 5209 3050 5262 «una:
3097 5192 3168 5245 illi
3202 5192 3351 5242 facte
3398 5194 3542 5252 sunt,

1960 5304 2214 5362 heredem
2237 5299 2391 5353 facio.

2033 5399 2086 5453 3.
2133 5393 2343 5447 Imitare
2383 5388 2541 5457 igitur
2582 5384 2721 5437 illius
2758 5376 3115 5434 obedientiam
3143 5416 3157 5440 ,
3190 5382 3242 5426 ct
3281 5373 3343 5424 iis
3371 5383 3491 5452 quae
3518 5381 3550 5423 3

1962 5505 2046 5541 me
2085 5485 2227 5538 dicta
2266 5486 2391 5535 sunt
2429 5475 2622 5538 crede,
2652 5482 2708 5527 ut
2747 5470 2913 5525 multo
2956 5465 3192 5536 pluribus
3223 5443 3550 5515 remunerari

1959 5582 2151 5647 uignus
2179 5572 2411 5627 habeare
2432 5608 2446 5633 ,
2479 5576 2532 5622 et
2562 5579 2658 5636 pro
2687 5561 2851 5633 patris
2882 5560 2956 5614 tui
2986 5558 3213 5622 virtute,
3250 5561 3302 5608 et
3337 5567 3433 5622 pro
3462 5560 3550 5604 tua

2020 5698 2092 5757 (α)
2134 5694 2261 5745 Bibl.
2290 5692 2504 5757 addunt,
2550 5689 2595 5734 et
2640 5684 2885 5757 prtccejlitn
2923 5690 3029 5757 mea
3078 5676 3199 5733 (καὶ
3240 5674 3325 5727 τὰς
3358 5668 3555 5723 ἐντολάς

1959 5742 2105 5826 pou)’,
2132 5742 2262 5819 quod
2299 5756 2421 5803 inl‘ra
2454 5742 2675 5812 agnoscit
2698 5748 2749 5794 ὃ.
2776 5742 2893 5802 Cbrj
2906 5744 3172 5794 sustotnus.
