4178 6328
677 407 783 464 ‘35
1506 401 1542 453 ει

682 520 975 576 obedientia
1007 537 1020 572 :
1051 527 1104 573 et
1145 530 1212 572 ne
1244 511 1620 570 descendusrin
1661 509 1943 581 l{Egyptum
1968 551 1982 574 ,
2025 508 2116 563 sed
2156 507 2241 563 hic

684 626 856 666 mane.
887 608 1071 664 Vidisti
1100 606 1187 661 Dei
1215 602 1647 668 misericordiam,
1678 598 1942 670 quomodo
1973 612 2066 667 per
2094 612 2240 652 men-

681 704 874 754 tionem
913 697 1120 752 virtutis
1165 694 1326 764 patris
1371 692 1526 760 hujus
1569 678 1798 744 mentem
1839 686 2148 744 roboravit?
2184 686 2237 740 6.

685 790 935 844 Habitavit
958 797 1123 841 autem
1147 785 1295 840 Isaac
1314 787 1367 838 in
1395 784 1614 838 Geraris.
1636 781 1767 836 Vide
1791 780 2052 851 quomodo
2077 777 2237 830 ferme

683 882 732 934 in
773 880 956 935 eadem
994 879 1219 948 pericula
1261 875 1441 932 incidit
1466 875 1586 938 ille,
1619 874 1669 928 in
1701 888 1814 940 qua:
1842 881 1895 926 et
1930 879 2074 938 pater
2102 867 2236 936 ejus.

679 971 808 1025 Nam
837 985 957 1025 eum
982 969 1302 1022 domicilium
1329 965 1545 1019 haberet
1574 964 1623 1016 in
1652 960 1864 1016 Geraris
1884 1000 1898 1023 ,
1932 959 1981 1010 7.
2015 958 2238 1027 Παραυα-

680 1067 797 1112 rsmt
815 1100 830 1125 ,
863 1057 1064 1127 inquit,
1091 1057 1185 1110 uiri
1211 1055 1307 1107 loci
1334 1053 1470 1106 illius
1501 1051 1562 1103 de
1590 1049 1810 1102 Rebecca
1838 1062 1991 1100 uxore
2021 1046 2128 1112 ejus
2151 1084 2164 1109 ,
2194 1053 2240 1096 ct

679 1149 827 1214 dixit,
859 1146 1018 1201 Soror
1043 1160 1149 1196 mea
1176 1151 1285 1202 est;
1315 1140 1483 1194 timuit
1509 1139 1648 1193 enim
1682 1152 1746 1190 ne
1776 1135 1910 1189 forte
1937 1133 2238 1187 oet-iderent

679 1252 799 1292 cum
824 1277 838 1301 ,
881 1235 1001 1289 victi
1045 1229 1431 1303 pulchritudine
1473 1228 1652 1282 uxoris
1684 1243 1698 1280 :
1738 1225 1818 1279 Ne
1855 1225 1981 1293 forte
2013 1223 2240 1276 occidant

679 1341 792 1380 eum
812 1367 827 1390 ,
857 1324 1024 1394 inquit
1047 1364 1061 1388 ,
1089 1322 1181 1375 viri
1206 1319 1302 1374 loci
1329 1328 1530 1388 propter
1559 1316 1823 1370 Rebeccam
1845 1355 1859 1380 ,
1887 1316 2004 1384 quia
2030 1313 2239 1384 pulchra

678 1417 806 1484 facie
834 1423 954 1468 erat.
978 1413 1029 1468 8.
1058 1412 1178 1466 Fuit
1205 1419 1369 1464 autem
1395 1411 1500 1464 illic
1528 1411 1675 1478 longo
1700 1418 1932 1476 tempore.
1962 1404 2237 1458 Abintelecli

675 1513 841 1558 autem
862 1519 976 1557 cum
1013 1502 1313 1571 prospiceret
1347 1515 1434 1569 per
1472 1501 1734 1569 fenestram
1756 1537 1770 1560 ,
1799 1495 1920 1547 vidit
1962 1491 2111 1546 Isaac
2152 1493 2251 1557 In:

677 1593 870 1646 dentem
910 1606 1022 1644 cum
1063 1589 1283 1644 Rebecca
1317 1603 1472 1642 mre
1502 1601 1625 1647 sua.
1654 1585 1782 1640 9.\et
1809 1585 1995 1637 vocavit
2025 1599 2164 1649 eum,
2197 1592 2240 1636 et

675 1682 802 1735 dixit
828 1681 873 1735 ei
901 1696 922 1734 .'
949 1679 1180 1750 Profecto
1213 1695 1338 1732 uxor
1367 1686 1452 1729 tua
1476 1685 1563 1730 est.
1591 1672 1692 1729 Cur
1713 1674 1882 1727 dixisti
1901 1715 1916 1737 ,
1947 1673 2104 1728 Soror
2132 1689 2242 1725 mea

677 1774 788 1826 est!
811 1771 1092 1840 Postquam
1121 1785 1183 1824 cx
1214 1769 1529 1836 canjecturis
1554 1766 1913 1835 deprehensus
1939 1774 2020 1820 est
2042 1765 2238 1833 justus,

677 1878 782 1918 non
821 1862 952 1916 ultra
992 1869 1147 1928 negat
1178 1877 1193 1913 :
1223 1859 1317 1914 sed
1359 1860 1579 1922 fatetur,
1613 1865 1668 1912 et
1708 1871 1919 1911 causam
1965 1854 2242 1909 manifeste

675 1954 844 2018 affert,
867 1966 1029 2024 quare
1051 1966 1285 2007 sororem
1305 1950 1593 2004 vocandum
1615 1949 1898 2004 censuerit.
1930 1947 2068 2000 Dixit
2089 1949 2238 2009 enim,

677 2046 873 2116 inquit,
909 2044 990 2099 Ne
1025 2047 1152 2114 forte
1185 2045 1374 2097 moriar
1405 2051 1606 2112 prapter
1640 2040 1800 2110 ipsam
1827 2054 1846 2093 :
1875 2039 2058 2092 mortis
2087 2037 2243 2090 timor

679 2150 762 2189 me
789 2135 886 2190 hoc
915 2149 1071 2204 agere
1099 2133 1287 2202 coegit.
1329 2131 1486 2185 Forte
1518 2138 1691 2184 autem
1726 2127 1941 2182 edoctus
1968 2134 2115 2188 erat,
2146 2140 2237 2192 pa.

677 2236 811 2278 trem
848 2237 1056 2292 quoque
1100 2221 1255 2275 talem
1299 2219 1525 2273 fabulam
1574 2223 1927 2271 commentum
1970 2213 2047 2268 sic
2085 2212 2237 2266 saluti

676 2331 786 2371 sua:
809 2314 1167 2378 consuluisse;
1194 2311 1342 2382 cujus
1361 2312 1500 2365 viam
1524 2319 1577 2363 et
1602 2309 1713 2377 ipse
1738 2317 1988 2376 sequutus
2008 2313 2106 2359 est.
2136 2304 2237 2358 Sed

680 2421 770 2461 rex
812 2406 982 2460 adhuc
1029 2419 1230 2459 memor
1275 2417 1458 2458 eorum
1502 2417 1617 2470 quae
1659 2409 1894 2467 tempore
1933 2395 2240 2466 patriarcha:

678 2506 823 2565 rapta
865 2495 1020 2550 Sarra
1062 2509 1249 2565 passus
1287 2493 1488 2559 fuerat,
1530 2491 1705 2545 statim
1743 2492 1812 2544 ob
1844 2490 2241 2559 castigationem

673 2587 797 2641 olim
825 2585 1108 2640 immissam
1137 2600 1193 2639 se
1222 2599 1366 2638 reum
1385 2583 1708 2638 constituens
1727 2579 1822 2652 (ο),
1851 2581 1981 2636 dixit
2003 2582 2077 2635 illi
2110 2597 2122 2631 :
2155 2579 2239 2633 l0.

675 2678 778 2732 Cur
816 2678 908 2731 hoc
943 2675 1142 2746 fecisti!
1181 2675 1368 2726 Parum
1409 2674 1566 2741 abfuit
1608 2672 1727 2739 quin
1765 2671 2075 2724 concubuerit
2103 2671 2239 2740 quis-

678 2769 813 2836 piam
844 2767 904 2818 dc
931 2781 1107 2835 genere
1143 2781 1248 2817 meo
1274 2780 1385 2816 cum
1414 2779 1567 2816 uxore
1590 2770 1693 2827 tua,
1719 2771 1762 2814 et
1791 2761 2069 2814 induxisses
2095 2775 2242 2826 super

677 2873 769 2909 nos
796 2855 1167 2925 ignorantiam?
1192 2853 1335 2907 ilanc
1360 2851 1615 2911 fraudem,
1649 2851 1834 2918 inquit,
1858 2861 1908 2903 et
1934 2849 2057 2902 olim
2085 2848 2240 2901 susti-

676 2946 887 2998 nuimus
913 2959 940 2995 a
973 2953 1120 3012 patre
1149 2952 1268 3004 tuo,
1301 2951 1355 2996 et
1379 2956 1517 2994 nunc
1545 2941 1643 2994 nisi
1675 2942 1727 2994 in
1755 2948 1992 3008 tempore
2020 2952 2238 3008 prospe-

675 3033 964 3099 xissemus,
992 3032 1175 3087 eadem
1217 3032 1369 3085 laturi
1403 3045 1640 3092 eramus,
1677 3029 1740 3082 Et
1779 3029 2058 3082 induxisses
2091 3043 2242 3097 super

676 3140 767 3178 nos
792 3125 1144 3193 ignorantiam.
1174 3122 1377 3176 Etenim
1404 3132 1457 3175 et
1486 3132 1607 3174 tunc
1632 3135 1724 3188 per
1753 3122 2096 3187 ignorantiam
2121 3130 2243 3186 pec-

678 3216 842 3268 catan
875 3228 1121 3276 eramus,
1155 3221 1208 3265 et
1243 3226 1380 3266 nunc
1407 3225 1614 3280 quoque
1651 3217 1866 3280 propter
1894 3207 2239 3277 ignorantiam

679 3305 842 3359 ferme
873 3306 924 3358 in
951 3318 1108 3357 causa
1147 3302 1368 3367 fuisses,
1395 3314 1450 3356 ut
1479 3303 1530 3355 in
1561 3309 1828 3370 peccatum
1869 3299 2238 3354 incideremus.

682 3389 741 3442 Η
755 3426 767 3440 .
795 3385 1040 3454 Pra'cepit
1063 3394 1228 3436 autem
1252 3383 1529 3436 ilbimelech
1556 3384 1742 3449 populo
1763 3399 1877 3449 suo,
1897 3385 2063 3437 dicens
2077 3399 2096 3436 :
2110 3381 2234 3436 0m-

681 3482 759 3532 nis
783 3478 868 3545 qui
903 3478 1116 3545 tetigerit
1143 3475 1390 3527 hominem
1432 3475 1564 3526 hunc
1588 3485 1632 3526 et
1662 3489 1869 3527 uxorein
1900 3475 2032 3542 ejus,
2061 3474 2238 3526 mortis

680 3584 795 3620 rens
821 3565 1072 3619 erit.Vide
1096 3565 1184 3617 Dei
1220 3564 1622 3630 providentiam,
1645 3566 1768 3619 vide
1796 3565 2115 3620 ineffabilem
2144 3580 2237 3620 cn-

681 3674 813 3713 ram.
847 3656 972 3710 Nam
995 3656 1080 3724 qui
1111 3655 1316 3709 dixerat
1341 3656 1389 3708 ei
1412 3671 1426 3707 :
1452 3655 1531 3708 Ne
1559 3657 1829 3708 descendas
1853 3655 1904 3707 in
1929 3653 2233 3725 Egyptum,

679 3759 725 3802 et
755 3749 922 3801 habita
952 3749 1004 3800 in
1030 3759 1164 3801 terra
1201 3748 1317 3810 ista,
1341 3756 1388 3800 et
1417 3763 1500 3800 ero
1532 3756 1693 3800 tecum
1718 3763 1735 3800 :
1758 3749 1843 3800 ille
1869 3761 1986 3802 erat
2015 3749 2100 3815 qui
2126 3749 2236 3804 hate

679 3839 853 3892 omnia
898 3838 1260 3905 dispensabat,
1289 3846 1342 3891 et
1368 3837 1564 3903 justum
1609 3837 1660 3889 in
1703 3848 1845 3892 tanta
1885 3839 2236 3892 constituebat

679 3928 850 3984 securi
876 3937 979 3982 ate.
1020 3925 1308 3981 Considera
1355 3926 1493 3980 enim
1542 3941 1719 3995 regem
1768 3939 2132 3994 procurantem
2182 3939 2236 3982 ut

678 4020 942 4087 impavide
969 4018 1035 4072 ibi
1059 4027 1196 4086 agat,
1219 4017 1457 4085 liberque
1484 4017 1554 4070 sit
1573 4016 1639 4071 ab
1658 4017 1804 4069 omni
1823 4033 1967 4069 cura.
1997 4018 2236 4082 Mortem,

679 4110 866 4179 inquit,
901 4109 1269 4163 interminatus
1297 4117 1377 4161 est
1417 4108 1661 4160 omnibus
1703 4108 2020 4176 quicumque
2051 4112 2238 4178 tetige-

679 4207 786 4258 rint
810 4214 900 4258 aut
927 4219 1070 4266 eum,
1110 4213 1200 4256 aut
1228 4217 1448 4256 uxorem
1495 4202 1628 4270 ejus.
1675 4201 1814 4265 Quia
1833 4203 1976 4258 enim
2009 4204 2093 4256 hic
2123 4212 2238 4256 erat

679 4293 857 4354 timor,
888 4293 1074 4345 mortis
1102 4293 1320 4353 scilicet,
1352 4289 1443 4359 qui
1467 4301 1808 4344 concusserat
1834 4292 1948 4358 ejus
1979 4301 2233 4358 mentem,

678 4393 955 4451 propterea
985 4389 1039 4436 et
1067 4381 1215 4436 illum
1245 4380 1436 4434 auferri
1465 4380 1671 4434 curavit
1716 4379 2014 4433 misericors
2058 4380 2239 4432 Domi-

676 4481 880 4536 nus,ut
921 4479 1102 4539 postea
1150 4472 1369 4527 omnino
1415 4484 1601 4525 secure
1646 4479 1846 4538 ageret.
1890 4470 1953 4524 Et
1981 4471 2098 4524 vide
2124 4484 2236 4524 rem

676 4562 866 4618 miram
890 4573 944 4616 et
965 4563 1302 4633 stupendam,
1329 4563 1598 4633 quomodo
1624 4560 1795 4617 solers
1825 4576 1946 4617 cum
1973 4563 2042 4616 sit
2069 4571 2124 4615 et
2150 4576 2238 4616 sa-

679 4657 830 4723 piens
855 4692 867 4711 ,
903 4657 1076 4702 omnia
1112 4650 1398 4702 secundum
1430 4663 1577 4700 suam
1603 4648 1920 4700 voluntatem
1949 4657 2152 4710 vertat,
2184 4658 2236 4702 et

678 4743 728 4794 in
771 4739 925 4793 inviis
969 4739 1101 4790 \‘iam
1142 4738 1410 4802 inveniat,
1441 4751 1536 4807 per
1576 4737 1659 4789 illa
1705 4736 1814 4805 ipsa
1853 4752 1969 4805 qua:
2011 4737 2237 4791 maxime

673 4829 893 4883 adversa
923 4827 1190 4892 videntur,
1214 4828 1369 4880 saluti
1395 4841 1667 4880 servorum
1696 4841 1909 4880 suorum
1933 4827 2232 4882 consulens.

674 4917 806 4972 Hinc
857 4919 996 4972 enim
1049 4925 1149 4983 est,
1204 4917 1341 4985 quod
1387 4932 1480 4970 rex
1529 4915 1618 4969 ille
1667 4923 1862 4968 tantam
1913 4915 2101 4969 habent
2146 4933 2233 4972 cu.

675 5026 784 5064 ram
809 5010 956 5078 justi,
983 5011 1127 5078 quasi
1159 5009 1447 5074 praedicans
1469 5023 1588 5061 eum
1616 5007 1858 5061 omnibus
1879 5007 2104 5061 civitatis
2128 5025 2236 5062 sua:

672 5102 886 5165 incolis,
915 5110 967 5154 et
1003 5101 1274 5155 declarans
1309 5114 1464 5168 quam
1503 5099 1763 5167 gloriosus
1804 5102 1902 5161 sit,
1937 5108 1988 5152 et
2030 5115 2235 5155 summo

734 5359 925 5420 (a)Cum
949 5355 1174 5407 videlicet
1195 5365 1390 5420 propter
1408 5366 1588 5417 raptam
1613 5366 1790 5406 san-am
1815 5374 1960 5420 more]
1979 5367 2085 5410 alus
2096 5369 2146 5409 et
2167 5375 2232 5409 ca-

673 5418 877 5481 stigatus
897 5419 1066 5468 fuisset
1088 5418 1386 5485 abimelech,
1423 5421 1770 5485 ubi__compt-rit
1794 5418 2066 5479 ttebeccam,
2094 5436 2236 5485 quam

673 5478 885 5529 sororem
916 5492 1050 5528 suam
1081 5479 1287 5540 dixerat,
1314 5486 1456 5537 Isaac,
1495 5478 1624 5528 illius
1647 5478 1774 5528 esse
1811 5496 2029 5540 uxorem,
2055 5478 2238 5534 veritus

674 5553 737 5605 ne
766 5554 793 5589 a
822 5542 1046 5605 quopiam
1086 5553 1149 5605 ex
1172 5539 1372 5605 subditis
1405 5553 1462 5588 ea
1479 5544 1669 5604 eonjugi
1701 5539 2033 5603 alit-queretur,
2071 5553 2119 5593 et
2138 5546 2236 5605 jam

671 5598 783 5649 olim
819 5598 1039 5667 imissa:
1083 5601 1132 5649 in
1173 5599 1313 5667 simili
1370 5614 1482 5650 casu
1538 5598 1692 5663 pinnae
1745 5598 1926 5654 mémor
1948 5643 1960 5663 ,
2000 5598 2056 5667 se
2101 5598 2234 5667 quasi

669 5671 810 5770 {Elian
829 5663 1122 5720 existimans,
1147 5661 1294 5712 verba
1313 5674 1420 5724 qua
1435 5661 1703 5724 sequuntur
1726 5661 1956 5715 tremoris
1968 5663 2108 5728 plena
2119 5661 2236 5728 ἰη-ο-

1593 397 1862 453 JOANNIS
1887 391 2346 452 CiiﬂYSOSTOMl
2375 391 2684 450 ARCﬂlEP.
2725 387 3249 448 CONSTANTINOP.

2346 506 2545 562 honore
2573 505 2759 576 dignus
2776 545 2789 570 ,
2820 520 2975 575 quem
3003 513 3059 560 et
3095 504 3308 560 maximi
3334 493 3588 558 iaciebat.
3614 501 3704 559 Sic
3724 510 3782 559 et
3805 501 3923 558 Nn-

2345 595 2749 651 buchodonosor
2783 604 3058 664 postquam
3099 606 3292 664 pueros
3325 590 3449 647 illos
3482 601 3591 647 tres
3629 592 3684 648 in
3727 591 3915 648 fma-

2343 701 2456 740 cem
2489 686 2738 755 injeccrat
2765 685 2936 756 (Dan.
2965 686 3016 740 '5.
3045 682 3170 753 93),
3196 690 3250 738 et
3275 682 3448 752 reipsa
3474 683 3919 752 eomprobaverat

2341 775 2668 844 captivorum
2707 776 3102 830 adulescentum
3144 774 3390 829 virtutem
3411 814 3427 838 ,
3461 782 3586 828 tunc
3620 772 3917 842 mdium

2345 881 2438 921 eos
2464 867 2621 936 coepit
2646 907 2662 932 ,
2693 877 2746 920 et
2783 867 2975 937 ubique
3011 867 3184 936 lingua
3222 879 3316 920 sua
3357 865 3475 920 fecit
3505 865 3750 919 illustres.
3784 863 3918 918 Hart:

2345 957 2484 1009 enim
2525 956 2856 1025 potissimum
2885 971 3070 1026 magna
3100 955 3193 1011 Dei
3220 955 3387 1009 virtus
3412 963 3493 1009 est
3511 995 3526 1018 ,
3550 953 3758 1022 quando
3778 949 3919 1008 facit

2347 1055 2401 1099 ut
2443 1061 2536 1114 per
2573 1046 2812 1102 inimicos
2850 1046 3184 1101 celebrentur
3217 1045 3356 1100 servi
3401 1046 3514 1100 Dei.
3555 1046 3621 1099 Et
3656 1045 3748 1116 qui
3787 1059 3916 1099 cum

2345 1134 2520 1190 furore
2545 1135 2759 1190 accendi
2783 1136 3011 1205 iusserat
3043 1135 3310 1190 formum
3344 1135 3483 1189 illam
3504 1174 3518 1199 ,
3547 1136 3796 1204 quoniam
3833 1135 3918 1189 vi-

2343 1224 2420 1277 dit
2446 1240 2539 1291 per
2566 1237 2853 1292 Supernutn
2879 1226 3134 1279 auxilium
3171 1240 3454 1294 puerorum
3493 1225 3740 1282 virtutem
3777 1224 3920 1296 ignis

2343 1315 2602 1366 actionem
2630 1314 2842 1368 vincere
2860 1354 2876 1379 ,
2909 1323 3123 1383 repente
3154 1322 3381 1369 mutatus
3407 1314 3648 1369 clamavit
3677 1315 3862 1370 dicens
3903 1330 3921 1369 :

2345 1399 2488 1454 Servi
2515 1401 2604 1454 Dei
2633 1403 2833 1456 excelsi.
2867 1403 3014 1466 Vide,
3042 1418 3147 1457 non
3173 1402 3343 1457 solum
3371 1404 3487 1458 illos
3512 1402 3752 1459 excelsos
3773 1417 3918 1474 pr.-

2343 1495 2503 1558 dicat,
2650 1505 2706 1550 et
2733 1495 3008 1549 Dominum
3036 1495 3401 1550 universorum
3430 1512 3443 1548 :
3471 1493 3618 1549 Seni
3637 1495 3800 1561 enim,
3833 1495 3920 1549 in-

2342 1586 2475 1656 quit.
2508 1585 2603 1640 Dei
2626 1587 2828 1652 excelsi,
2856 1587 3165 1656 egredimini.
3195 1585 3332 1654 Quid
3358 1585 3553 1641 factum
3579 1595 3662 1642 est
3678 1587 3704 1641 τ
3732 1601 3919 1642 nonne

2344 1685 2399 1730 tu
2426 1691 2518 1730 eos
2550 1686 2815 1731 tormento
2845 1677 3105 1731 tradidisti
3125 1677 3150 1728 τ
3177 1691 3356 1731 nonne
3385 1685 3440 1730 tu
3479 1677 3532 1731 in
3567 1686 3770 1732 tantum
3803 1677 3918 1731 fur-

2344 1780 2526 1821 nacem
2549 1765 2764 1821 accendi
2793 1766 3087 1835 prmcepisti
3109 1766 3134 1820 i
3157 1765 3418 1832 Profecto,
3443 1767 3632 1836 inquit,
3657 1767 3752 1822 sed
3775 1782 3919 1822 nunc

2343 1857 2502 1912 video
2524 1872 2610 1912 res
2637 1845 2976 1914 admirabiles
2997 1866 3051 1913 et
3077 1872 3260 1913 novas.
3291 1857 3623 1913 Elementum
3644 1859 3784 1913 enim
3813 1857 3920 1914 hoc

2344 1964 2453 2004 suae
2496 1950 2814 2018 operationis
2856 1950 3105 2014 oblitum,
3146 1951 3295 2019 quasi
3337 1949 3559 2004 vinculis
3595 1949 3916 2020 quibtudam

2345 2040 2582 2109 ligatum,
2613 2050 2806 2095 tantam
2842 2040 3080 2096 exhibuit
3106 2040 3480 2105 obedientiam,
3508 2049 3568 2094 ut
3592 2054 3762 2110 neque
3785 2053 3920 2094 eon-

2344 2130 2568 2198 tingeret
2609 2131 2815 2185 illorum
2854 2131 3093 2200 capillos.
3131 2129 3284 2186 Unde
3322 2129 3503 2185 videre
3541 2143 3821 2198 possumus
3862 2129 3916 2184 id

2345 2217 2534 2273 factum
2564 2235 2722 2289 supra
2754 2222 3032 2275 humanam
3066 2228 3303 2274 naturam
3331 2233 3449 2275 esse
3467 2261 3482 2286 ,
3511 2229 3564 2274 et
3593 2205 3916 2274 inelabilem

2342 2310 2624 2378 quamdam
2666 2325 2728 2364 ac
2765 2310 2993 2364 divinam
3034 2312 3140 2363 vim
3183 2310 3295 2364 lucc
3332 2310 3579 2376 operari,
3609 2319 3917 2380 tantamque

2346 2413 2626 2468 puerorum
2667 2398 2865 2454 habere
2905 2399 3312 2469 providentiam.
3343 2399 3527 2454 Vidisti
3565 2399 3659 2454 Dei
3699 2399 3913 2454 miseri-

2343 2489 2575 2544 cordiam
2606 2531 2621 2557 ,
2671 2490 2935 2559 quomodo
2988 2505 3270 2558 numquam
3315 2489 3686 2561 derelinquens
3730 2507 3918 2547 servos

2345 2596 2504 2648 suos,
2549 2581 2802 2649 permittit
2844 2582 2896 2636 in
2938 2580 3204 2637 fornacem
3253 2583 3430 2651 injici;
3469 2585 3562 2638 sed
3599 2599 3693 2638 cos
3729 2585 3920 2640 volens

2343 2669 2592 2724 clarivres
2621 2669 2812 2733 facere.
2844 2681 2896 2725 et
2925 2685 3073 2725 suam
3099 2669 3347 2727 virtutem
3373 2671 3754 2736 demonstrare,
3788 2667 3918 2728 bar-

2344 2763 2454 2816 bari
2481 2763 2723 2816 demulsit
2748 2762 2978 2818 animum
3000 2771 3054 2817 et
3075 2770 3274 2816 tantam
3299 2763 3630 2818 tolerantiam
3650 2763 3920 2819 ostendit?

2343 2850 2524 2919 Neque
2552 2851 2695 2906 enim
2722 2861 2827 2906 tam
2857 2852 3166 2906 admirabile
3195 2865 3308 2907 erat
3332 2893 3345 2916 ,
3373 2854 3416 2906 si
3445 2869 3475 2906 a
3504 2854 3760 2923 principio
3787 2868 3920 2922 pro-

2344 2941 2598 2995 hibuisset
2623 2956 2716 2996 eos
2755 2942 2808 2995 in
2840 2943 3104 2995 caminum
3149 2943 3290 3011 injici
3325 2961 3338 2996 :
3369 2943 3522 2997 siculi
3567 2958 3705 2998 nunc
3746 2944 3916 2999 admi-

2342 3033 2558 3087 rabilius
2587 3043 2640 3087 et
2665 3034 2833 3087 rarius
2861 3033 3052 3087 factum
3076 3042 3155 3088 est
3180 3074 3193 3096 ,
3221 3048 3344 3087 cum
3379 3035 3428 3087 in
3458 3035 3630 3090 medio
3656 3035 3790 3105 ignis
3814 3050 3917 3089 ex-

2343 3125 2589 3180 sistentes
2611 3166 2628 3188 ,
2665 3125 2794 3178 nihil
2842 3125 3057 3180 insuave
3091 3125 3196 3193 pati
3238 3126 3511 3194 permittit.
3545 3125 3673 3180 Nam
3704 3126 3920 3196 quando

2343 3215 2474 3278 vult,
2502 3215 2658 3268 etiam
2685 3229 2778 3270 eos
2803 3215 2888 3284 qui
2919 3213 2970 3268 in
3004 3215 3189 3269 mediis
3219 3223 3340 3270 sunt
3367 3215 3612 3284 periculis
3639 3227 3688 3271 et
3718 3218 3920 3287 pinnis,

2344 3305 2666 3372 potentiores
2703 3304 2824 3358 facit
2850 3321 2864 3360 :
2895 3313 2948 3359 et
2980 3319 3072 3359 eos
3110 3305 3196 3374 qui
3239 3305 3505 3373 patiuntur
3525 3347 3539 3370 ,
3569 3305 3635 3359 iis
3669 3307 3754 3375 qui
3787 3307 3922 3366 illas

2343 3391 2577 3462 alliigunt
2599 3395 2898 3462 superiores
2923 3394 3113 3448 reddit.
3147 3393 3257 3448 Hoc
3281 3403 3334 3449 et
3359 3395 3411 3449 in
3438 3397 3692 3464 apostolis
3716 3397 3920 3454 factum

2343 3495 2440 3539 est.
2469 3485 2597 3539 Nam
2621 3489 2706 3555 qui
2733 3502 2826 3541 eos
2855 3489 3112 3556 urgebant
3137 3497 3192 3543 et
3215 3488 3547 3543 adducebant
3573 3490 3625 3543 in
3657 3491 3916 3556 medium.

2344 3588 2397 3630 et
2423 3577 2569 3641 quasi
2607 3577 2851 3632 dentibus
2889 3578 3144 3633 adversus
3189 3593 3282 3632 eos
3321 3579 3648 3643 fremebant,
3683 3580 3820 3634 inter
3852 3594 3922 3636 ne

2341 3665 2587 3721 dicchant
2615 3686 2626 3720 :
2661 3667 2795 3732 Quid
2831 3668 3071 3734 faciemus
3114 3670 3237 3721 ciris
3270 3669 3378 3722 istis
3411 3669 3561 3738 (Act.
3603 3669 3652 3723 ι.
3687 3668 3829 3741 16)?
3859 3671 3918 3726 in

2344 3759 2583 3812 manibus
2609 3758 2724 3811 illos
2749 3758 3032 3824 habebant,
3061 3768 3114 3813 et
3136 3758 3448 3813 dubitabant
3473 3774 3672 3828 secum,
3701 3761 3828 3831 quid
3850 3762 3919 3819 de

2341 3849 2418 3900 eis
2444 3847 2694 3902 facerent.
2723 3849 2911 3912 Tanta,
2940 3858 3150 3918 tamque
3173 3849 3342 3904 valida
3367 3865 3450 3906 res
3471 3860 3553 3906 est
3572 3852 3755 3918 virtus,
3779 3861 3917 3908 tam-

2341 3953 2442 4008 que
2473 3940 2744 3994 imbecillis
2771 3942 2967 3994 malitia
2989 3983 3003 4005 ,
3036 3949 3092 3994 ut
3120 3942 3206 3995 illa
3237 3940 3448 4011 quidem
3467 3983 3483 4007 ,
3511 3941 3634 3997 licet
3661 3945 3916 4014 patiatur,

2342 4029 2533 4094 vincat,
2563 4033 2673 4084 haec
2703 4046 2830 4085 vero
2853 4041 2908 4085 et
2932 4031 2974 4084 si
3001 4032 3124 4100 quid
3155 4042 3295 4100 agat,
3323 4032 3452 4086 nihil
3481 4033 3623 4088 aliud
3649 4033 3916 4104 proﬁciat,

2343 4134 2499 4188 quam
2524 4120 2661 4186 quod
2688 4135 2833 4174 suam
2866 4122 3049 4189 prodat
3075 4122 3450 4177 inﬁrmitatem.

2413 4209 2624 4263 Moralis
2657 4213 2954 4266 exhortatio.
2981 4243 3052 4253 —
3081 4213 3136 4268 id
3165 4213 3413 4280 scientes,
3442 4215 3641 4281 dilecti,
3669 4230 3921 4287 magnam

2343 4301 2546 4355 virtutis
2586 4303 2870 4360 habeamus
2911 4306 3203 4372 rationem,
3242 4315 3297 4361 et
3334 4307 3456 4360 vitia
3506 4307 3762 4376 fugiamus
3793 4325 3808 4361 :
3842 4311 3916 4364 ita

2340 4392 2480 4444 enim
2522 4401 2575 4446 et
2616 4408 2894 4462 supernam
2937 4396 3157 4464 gratiam
3200 4397 3352 4452 nobis
3390 4397 3789 4452 conciliabimus
3813 4437 3828 4462 ,
3858 4408 3916 4453 es

2343 4481 2510 4536 futura
2540 4499 2920 4554 consequemur
2954 4487 3088 4540 bona
3118 4505 3132 4542 :
3160 4503 3277 4556 qua:
3317 4488 3469 4542 nobis
3508 4488 3754 4543 omnibus
3783 4503 3918 4546 eve-

2342 4575 2504 4639 niant,
2527 4577 2693 4644 gratia
2719 4588 2772 4630 et
2798 4578 3154 4632 misericordia
3188 4579 3394 4633 Domini
3423 4582 3587 4634 nostri
3613 4581 3739 4636 Jesu
3757 4580 3916 4638 Chri-

2342 4664 2428 4726 sti,
2460 4665 2543 4718 cui
2583 4666 2669 4729 sit,
2697 4681 2814 4719 cum
2861 4667 3014 4722 Patre
3041 4677 3094 4721 et
3127 4669 3326 4738 Spiritu
3356 4680 3561 4734 saneto,
3591 4670 3776 4740 gloria,
3809 4671 3916 4726 isn-

2340 4754 2563 4822 perium,
2593 4755 2776 4820 honor,
2805 4772 2943 4810 nunc
2969 4767 3020 4813 et
3046 4774 3274 4829 semper,
3303 4770 3358 4814 et
3386 4761 3438 4814 in
3467 4762 3661 4817 saecula
3689 4763 3916 4820 saculo-

2341 4860 2475 4898 rum.
2506 4847 2692 4901 Amen.

2908 4981 3182 5036 HOMILIA
3222 4983 3328 5038 LII.

2342 5134 2614 5190 Sentinavit
2643 5145 2806 5188 autem
2833 5135 2979 5190 Isaac
3005 5139 3056 5190 in
3087 5147 3218 5190 terra
3242 5139 3352 5202 illa,
3373 5147 3423 5194 et
3445 5138 3634 5194 invenit
3657 5143 3914 5210 centupli-

2537 5243 2658 5280 cans
2682 5227 2922 5280 hordeum
2949 5228 3000 5280 in
3024 5244 3157 5283 anno
3187 5229 3275 5282 illo
3301 5227 3452 5298 (Gen.
3473 5229 3564 5284 26.
3595 5232 3708 5300 12).

2412 5359 2459 5411 1.
2490 5357 2756 5426 Reliquias
2778 5357 2892 5412 heri
2915 5359 3173 5413 dictorum
3204 5374 3379 5428 operte
3401 5360 3626 5428 pretium
3647 5370 3729 5417 est
3749 5361 3916 5420 hodie

2342 5449 2560 5504 reddere
2597 5460 2788 5503 vestrm
2826 5451 3066 5515 caritati,
3111 5461 3163 5503 et
3208 5452 3428 5518 repetita
3469 5452 3731 5506 sermonis
3769 5456 3917 5512 serie

2341 5538 2524 5590 iterum
2560 5538 2738 5591 videre
2767 5548 3014 5606 quantam
3039 5539 3213 5606 justus
3241 5537 3385 5593 Isaac
3412 5553 3694 5608 supernam
3730 5545 3915 5610 provi-

2339 5626 2570 5684 dentiam
2601 5627 2670 5680 sit
2700 5637 3035 5695 assequutus.
3071 5628 3201 5681 Nam
3230 5629 3318 5696 qui
3355 5628 3406 5681 ei
3447 5627 3787 5696 prohibuerat
3812 5627 3918 5686 de-

2346 5733 2590 5773 seensum
2611 5719 2661 5773 in
2687 5716 2984 5789 A-lgyptum,
3006 5729 3060 5774 et
3082 5720 3284 5775 dixerat
3311 5737 3323 5773 :
3357 5717 3542 5773 Habita
3561 5721 3613 5774 in
3632 5727 3764 5776 terra
3791 5719 3912 5791 hac,
