4178 6328
224 438 327 497 157

221 564 272 609 ot
300 569 387 607 ero
414 560 575 606 tecum
604 565 625 604 :
654 548 742 604 ille
770 549 825 602 in
854 544 1100 601 omnibus
1131 551 1239 599 tam
1266 545 1470 599 clarum
1497 556 1620 598 eum
1653 538 1779 595 fecit
1796 580 1814 595 .

222 653 282 701 ut
300 659 407 700 non
429 641 599 697 multo
624 649 745 712 post
766 638 1018 694 invidiam
1043 645 1281 692 moveret
1306 632 1445 705 regis
1468 632 1813 690 Gerarorum.

222 734 477 790 Videntes
495 733 641 787 enim
659 732 775 800 ejus
801 726 1150 783 substantiam
1178 724 1418 796 quotidie
1442 723 1645 793 augeri,
1671 734 1815 776 metu

216 825 399 881 αποσιί
428 834 551 880 sunt
571 821 713 893 quod
734 821 805 877 ibi
832 834 1014 874 secum
1046 817 1329 880 habitaret,
1352 823 1406 869 et
1437 813 1818 881 transmigrare

219 914 348 971 inde
373 920 686 985 coegerunt.
722 912 943 981 Dignum
972 917 1149 963 autem
1174 916 1278 971 est,
1308 912 1365 960 ut
1389 906 1500 973 ipsa
1526 902 1817 971 Scriptura;

223 1008 388 1062 verba
432 1004 741 1065 audiamus,
776 1011 831 1055 ιιι
870 1015 966 1070 per
994 998 1172 1053 omnia
1202 995 1475 1051 videamus
1511 993 1605 1047 Dei
1646 992 1816 1065 bette-

215 1094 531 1158 volenliam,
559 1107 716 1163 quam
751 1105 873 1160 erga
906 1088 1131 1142 famulos
1157 1100 1284 1140 suos
1312 1082 1565 1138 declarat.
1599 1080 1685 1135 12.
1717 1078 1815 1132 Se-

214 1187 428 1241 minasit
464 1196 669 1251 autem,
701 1183 905 1253 inquit,
939 1180 1089 1233 Isaac
1125 1180 1179 1231 in
1220 1188 1354 1231 terra
1390 1176 1512 1241 illa,
1544 1182 1589 1226 et
1627 1173 1815 1226 inuenit

215 1277 568 1347 (adeptis-aus
597 1273 840 1329 hordeum
860 1272 911 1325 in
937 1285 1071 1347 anno
1092 1268 1201 1323 illo.
1230 1265 1359 1320 Vide
1389 1264 1540 1329 mihi,
1565 1263 1811 1326 obsecro,

216 1369 312 1425 Dei
342 1346 690 1437 sapientiam,
721 1372 782 1418 ut
809 1346 1054 1417 ostendat
1079 1358 1223 1429 justo
1247 1370 1308 1412 se
1340 1363 1544 1409 naturis
1573 1352 1815 1407 condito-

215 1477 336 1517 rem
365 1474 510 1521 esse,
540 1466 595 1513 et
621 1458 674 1519 in
705 1456 864 1511 rebus
894 1450 1203 1508 difﬁcilibus
1230 1447 1404 1503 facilia
1430 1444 1606 1501 omnia
1639 1442 1817 1497 facere

214 1566 377 1622 posse
407 1567 422 1604 :
454 1564 520 1603 ac
555 1548 645 1618 qni
686 1547 755 1602 ab
792 1545 946 1600 initio
977 1552 1177 1597 terram
1207 1552 1308 1593 suo
1346 1534 1595 1612 mandato
1630 1532 1818 1588 fecerit

213 1645 469 1699 ideueatn
488 1640 559 1694 ad
580 1635 930 1710 proferendos
953 1633 1179 1695 fructus,
1202 1630 1343 1685 idem
1370 1641 1512 1682 nunc
1534 1625 1734 1681 efliciat
1760 1634 1817 1677 ut

215 1732 549 1803 oentuplices
578 1728 767 1785 reddat
805 1742 903 1798 pro
940 1724 1069 1780 satis
1100 1719 1399 1791 manipulos
1428 1733 1445 1773 :
1475 1716 1633 1772 simul
1666 1716 1816 1770 illum

212 1826 272 1881 in
302 1832 448 1879 tanta
478 1820 751 1878 afﬂuentia
786 1816 1117 1874 constituens
1140 1855 1155 1879 ,
1193 1822 1253 1865 nt
1291 1810 1489 1866 nullius
1533 1807 1769 1877 indigeat
1797 1821 1812 1859 :

211 1926 376 1985 atque
404 1915 540 1969 alios
568 1927 662 1982 per
690 1924 853 1980 opera
882 1908 1082 1964 docens
1100 1948 1116 1973 ,
1147 1912 1343 1975 quanta
1377 1916 1607 1973 superna
1646 1898 1816 1970 gratia

212 2010 390 2081 justus
414 2006 641 2062 fruatur.
674 2002 1032 2073 Omnipotens
1054 1998 1200 2053 enim
1226 2005 1282 2052 et
1306 1996 1520 2065 sapiens
1556 1993 1696 2047 Deus
1721 2005 1817 2059 per

213 2116 306 2157 res
327 2098 550 2156 easdem
584 2096 891 2166 frequenter
928 2088 1192 2145 benefacit
1227 2087 1337 2142 suis
1356 2102 1379 2152 °,
1399 2093 1454 2141 et
1478 2090 1631 2139 curat
1654 2081 1817 2137 etiam

215 2199 278 2247 nt
318 2191 355 2245 ii
399 2202 612 2259 quoque
652 2186 743 2257 qui
788 2183 962 2239 adhuc
999 2182 1052 2235 in
1095 2192 1281 2234 errore
1319 2184 1631 2238 versantur,
1662 2184 1817 2227 suam

213 2284 473 2339 virtutem
514 2290 569 2335 et
612 2276 907 2350 potentiam
941 2271 1240 2328 addiscunt.
1285 2268 1397 2324 Hoc
1443 2276 1630 2338 postea
1671 2272 1726 2318 et
1762 2262 1819 2317 in

214 2373 456 2446 Egypto
498 2371 620 2426 fecit
650 2386 664 2423 :
697 2368 802 2423 illis
828 2366 971 2422 enim
1002 2376 1191 2435 pinnas
1220 2357 1517 2433 irrogabat,
1545 2353 1817 2411 Israelilas

215 2482 350 2524 vero
393 2466 595 2520 illasos
638 2457 1015 2517 conservabat.
1060 2452 1348 2509 Discebant
1389 2448 1533 2505 enim
1577 2459 1683 2501 non
1724 2458 1813 2497 so-

215 2558 332 2615 lum
376 2572 473 2628 per
515 2554 935 2624 indignationem
975 2546 1069 2603 Dei
1094 2587 1109 2609 ,
1139 2558 1241 2614 qua
1281 2540 1380 2611 ipsi
1426 2537 1817 2628 puniebantug,

215 2625 465 2705 omnium
489 2643 707 2716 Opiiicis
733 2642 987 2697 virtutem
1006 2677 1023 2704 ,
1058 2634 1153 2691 sed
1181 2634 1341 2688 etiam
1370 2645 1466 2701 per
1498 2625 1821 2683 sollicitudi-

216 2754 346 2798 nem
381 2715 549 2809 quam
583 2736 640 2790 in
677 2732 797 2789 illos
821 2727 1126 2785 exhibebat.
1158 2723 1226 2779 Et
1252 2723 1449 2779 iterum
1473 2734 1579 2774 non
1606 2732 1672 2779 ex
1706 2715 1821 2772 sola

216 2830 555 2906 providentia
584 2836 639 2883 et
674 2821 1065 2885 sollicitudine,
1098 2832 1255 2890 quam
1281 2812 1709 2906 experiebantur,
1741 2808 1826 2865 di-

215 2903 449 2981 scebant
490 2921 762 2992 ingentem
799 2914 894 2970 Dei
920 2912 1215 2968 bonitatem
1243 2925 1261 2963 :
1289 2905 1387 2962 sed
1416 2903 1576 2959 etiam
1605 2915 1703 2972 per
1729 2913 1825 2955 eos

216 3015 419 3088 quibus
454 3009 694 3083 quotidie
734 3005 984 3062 videbant
1006 3009 1089 3057 tot
1118 3000 1299 3071 plagas
1322 2994 1568 3088 irrogari.
1592 2993 1703 3088 ‘Pcr
1726 3004 1824 3044 ea-

217 3083 349 3163 dem
369 3104 521 3160 enim
548 3113 711 3170 opera
735 3108 790 3153 et
816 3095 949 3159 suis,
974 3101 1030 3149 et
1062 3085 1385 3145 adversariis
1414 3083 1684 3160 indicabat
1710 3094 1824 3136 sua:

218 3196 480 3270 potentia
528 3188 969 3261 magnitudinem.
1018 3181 1155 3238 Nam
1197 3179 1465 3257 elementa
1509 3175 1625 3245 ipsa
1668 3185 1823 3227 suum

218 3267 585 3344 ministerium
632 3290 689 3337 et
731 3275 1052 3348 obsequium
1092 3270 1369 3328 conservis
1416 3267 1823 3326 demonstrant,

221 3374 442 3449 quando
468 3370 730 3428 benevole
770 3367 1027 3423 Dominus
1050 3374 1174 3433 erga
1202 3360 1322 3415 illos
1348 3356 1600 3412 afficitur.
1630 3354 1700 3408 Et
1727 3354 1828 3407 hoc

224 3443 413 3539 duque
451 3463 643 3520 viderit
682 3461 804 3532 quis
846 3457 971 3513 huic
1012 3453 1161 3525 justo
1205 3450 1537 3519 contingere.
1588 3445 1644 3501 ld
1682 3443 1827 3499 enim

221 3558 379 3634 quod
411 3555 612 3628 alioqui
656 3562 858 3609 natura»
883 3558 1043 3606 terra:
1079 3559 1188 3601 non
1223 3541 1443 3634 habuit,
1475 3540 1578 3594 hoc
1610 3544 1833 3634 propter

224 3628 545 3711 mandatum
572 3648 940 3703 universorum
970 3639 1064 3697 Dei
1094 3651 1235 3693 nunc
1265 3631 1469 3706 profert
1493 3638 1638 3686 tanta
1666 3628 1828 3684 uber-

224 3752 373 3810 tate,
411 3750 471 3796 ut
507 3745 728 3809 repente
769 3733 922 3789 valde
960 3728 1152 3800 opibus
1191 3723 1471 3781 abundans
1505 3719 1727 3778 eﬂ'ectus
1760 3718 1833 3810 sit

223 3808 403 3890 inae.
428 3808 693 3885 Benedia‘it
720 3824 883 3890 enim,
910 3820 1112 3892 inquit,
1143 3833 1256 3873 eum
1283 3814 1457 3881 om,
1490 3813 1577 3868 is.
1606 3820 1655 3866 et
1681 3808 1830 3866 mt-

224 3935 371 3981 uus
393 3932 465 3979 est
490 3922 661 3986 homo,
682 3930 729 3976 et
755 3916 1034 3989 procedens
1056 3914 1222 3983 major
1242 3907 1411 3980 ﬁebat,
1436 3908 1595 3963 donec
1616 3920 1832 3976 magnus

223 4020 403 4088 [usus
438 4025 513 4070 est
544 4012 714 4067 stlide.
744 4009 875 4065 Nam
901 4006 1024 4078 quia
1052 4015 1181 4061 tunc
1206 4000 1531 4059 abundantia
1563 3998 1830 4069 justorutn

222 4117 355 4167 erat
381 4107 435 4163 in
465 4105 738 4163 fertilitate
765 4111 960 4167 teme,
986 4109 1043 4155 et
1066 4099 1120 4154 in
1149 4093 1491 4153 multitudine
1528 4104 1782 4163 pecorum
1813 4104 1835 4144 :

223 4210 518 4275 psopterea
556 4198 686 4253 dicit
704 4236 719 4259 ,
753 4192 1026 4250 Bmdisit
1044 4206 1159 4246 eam
1190 4187 1332 4245 Deus
1353 4227 1370 4253 ,
1398 4194 1446 4240 et
1477 4182 1731 4275 exaltatus

228 4270 395 4350 bonne
413 4334 433 4360 ,
456 4290 510 4348 id
534 4300 618 4347 est
635 4331 652 4356 ,
680 4285 970 4344 abundavit
996 4300 1017 4339 :
1038 4290 1094 4337 et
1119 4295 1225 4337 non
1254 4277 1568 4349 simpliciter
1597 4270 1833 4330 abunda-

224 4388 353 4452 vis,
382 4381 479 4440 sed
507 4390 562 4437 et
590 4378 795 4451 Μαίον’,
825 4374 1038 4448 inquit,
1064 4373 1214 4443 ﬁebat
1240 4372 1398 4425 donec
1420 4381 1636 4439 magnus
1667 4364 1834 4433 factus

223 4488 315 4535 ut
343 4474 504 4532 ualde.
536 4471 828 4529 Considera
856 4469 999 4526 enim
1027 4472 1284 4538 quantum
1325 4461 1435 4528 sit,
1472 4473 1571 4530 pro
1609 4456 1676 4513 iis
1714 4468 1835 4527 quin

222 4567 538 4627 saninahat
561 4564 869 4634 centuplum
898 4560 1162 4628 accipere.
1192 4553 1346 4623 Quod
1383 4552 1432 4608 si
1465 4550 1568 4606 hoc
1592 4549 1683 4606 tibi
1716 4562 1832 4604 ma-

220 4679 409 4740 gnum
436 4661 666 4727 videtur,
684 4655 962 4713 considera
990 4652 1307 4740 immensam
1336 4646 1429 4702 Dei
1454 4640 1796 4740 clementiam
1816 4680 1833 4709 ,

223 4733 408 4831 quam
431 4766 683 4826 processu
706 4746 964 4819 temporis
992 4758 1116 4815 erga
1144 4756 1242 4797 nos
1264 4734 1572 4795 declaravit.
1596 4733 1668 4790 lis
1691 4733 1838 4788 enim

222 4825 340 4923 qui
367 4854 485 4919 post
504 4846 619 4917 ejus
643 4842 933 4898 adventum
957 4837 1208 4893 virtutem
1234 4838 1511 4897 exercent,
1530 4843 1636 4884 non
1663 4825 1839 4882 solum

223 4936 556 5009 centuplum
593 4936 680 4991 hie
721 4930 1016 5002 promittit,
1045 4926 1139 4983 sed
1168 4932 1221 4979 et
1251 4923 1418 4979 vitam
1455 4930 1715 4975 aeternam
1736 4957 1751 4981 ,
1782 4924 1839 4971 et

226 5007 671 5103 τεκηίάιοτυω
696 5021 1108 5095 possessionem.
1132 5013 1324 5071 Vidisti
1345 5010 1719 5067 liberalitatem
1739 5007 1841 5062 Do-

224 5102 419 5185 mini?
454 5119 630 5175 vidisti
657 5113 1024 5173 beneﬁcentiae
1051 5104 1434 5181 augmentum?
1460 5102 1642 5159 vidisti
1672 5116 1840 5172 quan-

230 5228 370 5274 ιιιιιι
396 5198 548 5269 nobis
580 5209 801 5280 largitus
824 5214 909 5261 est
937 5201 1193 5273 ultigeniti
1232 5197 1357 5255 Filii
1398 5194 1491 5251 Dei
1533 5192 1841 5249 adventus?

227 5304 518 5383 quomodo
543 5300 866 5359 ineffabilem
891 5309 1073 5353 rerum
1097 5291 1568 5348 commutationem
1592 5294 1843 5356 operatus

229 5377 380 5457 est?
417 5395 540 5451 Hinc
578 5393 738 5464 igitur
774 5387 1140 5459 unusquisque
1172 5382 1311 5453 apud
1342 5395 1402 5436 se
1424 5377 1763 5451 expendens,
1789 5386 1843 5432 et

229 5491 440 5550 videns
463 5486 814 5545 dilferentiam
839 5482 981 5537 inter
1002 5494 1066 5534 ea
1088 5491 1205 5547 quae
1231 5474 1334 5530 illis
1357 5482 1480 5528 ante
1502 5471 1686 5543 gratim
1714 5478 1840 5524 tem-

234 5597 361 5659 pus
398 5578 635 5652 promitti
670 5574 945 5639 solebant,
976 5580 1031 5626 et
1072 5584 1133 5623 ea
1172 5581 1291 5638 qum
1329 5578 1470 5619 nunc
1502 5568 1625 5632 post
1661 5559 1845 5631 gratia:

237 5653 482 5746 tempus,
510 5670 771 5745 glorificet
792 5666 956 5723 etiam
982 5664 1035 5719 in
1068 5660 1171 5716 lloc
1201 5659 1516 5713 immensam
1542 5653 1659 5723 ejus
1684 5653 1846 5709 mise-

238 5742 538 5829 ricordiam
558 5805 573 5829 ,
604 5770 662 5818 et
698 5774 767 5815 ne
795 5767 1092 5827 temporum
1132 5747 1412 5806 mutationi
1441 5754 1611 5800 totum
1644 5742 1846 5798 adscri-

243 5866 364 5921 bat.
394 5860 456 5916 At
484 5871 582 5930 par
608 5861 689 5910 est
716 5859 774 5907 ut
803 5847 869 5904 ad
909 5844 1106 5902 seriem
1145 5837 1409 5898 sermonis
1447 5835 1763 5902 redeamus,
1792 5842 1844 5889 ut

1266 429 1329 487 ll‘
1368 427 1518 487 CAP.
1555 425 1745 485 XX“.
1786 423 2032 486 681188.
2071 426 2306 487 HO!!!”
2348 428 2461 488 ιιι.

3412 444 3521 502 158

1926 533 2200 627 videamus
2232 544 2500 614 quomodo
2539 542 2801 601 Gerareni
2842 546 3082 605 videntes
3117 549 3339 609 affluere
3371 553 3517 624 justo

1918 646 2050 701 Opes
2070 673 2084 696 ,
2118 633 2169 688 in
2211 637 2607 691 :umulationem
2655 640 2927 707 provocati
2968 640 3186 711 abigere
3225 657 3349 699 eum
3393 644 3518 703 inde

1890 714 1899 761 Ῐ
1917 724 2095 777 citnati
2121 734 2265 778 sunt.
2300 726 2386 787 M.
2419 724 2677 780 zEmulali
2698 736 2812 781 sunt
2838 728 2972 781 enim
2997 746 3127 791 eum,
3153 730 3345 801 inquit,
3373 731 3516 805 Plz,-

1917 814 2110 867 iisn‘im.
2143 815 2341 871 Deinde
2368 828 2667 874 monstrare
2700 820 2890 875 volens
2914 821 3189 891 Scriptura
3220 824 3431 890 divina,
3464 826 3518 881 in

1917 918 2025 972 quo
2045 906 2440 961 aemulationem
2460 907 2821 975 declararunt,
2847 911 3083 966 subdidit
3106 930 3120 965 :
3146 914 3235 969 15.
3260 912 3326 967 Et
3346 931 3519 973 omnes

1918 1004 2133 1077 pateas,
2160 1012 2285 1067 quos
2310 996 2592 1065 eﬂ'oderunt
2616 1000 2745 1053 servi
2774 1010 2997 1071 tempore
3017 1002 3176 1073 patris
3203 1020 3347 1074 ejus,
3374 1004 3520 1060 obtuo

1916 1096 2178 1149 faverunt,
2211 1101 2258 1140 et
2287 1086 2620 1157 impleuerth
2648 1098 2805 1144 terra.

1990 1174 2194 1229 Invidia
2238 1176 2607 1233 Germ-enarunt
2636 1191 2847 1250 quanta.
2874 1212 2935 1222 —
2964 1182 3256 1241 Considera
3304 1196 3502 1256 quanta
3536 1218 3537 1221 η

1918 1266 2133 1322 illorum
2158 1268 2454 1323 incolarum
2481 1270 2718 1337 malitia,
2745 1271 2838 1342 qui
2885 1281 2940 1327 et
2981 1287 3148 1345 aquas
3186 1276 3335 1345 justo
3377 1277 3516 1333 invi-

1918 1356 2084 1411 dent:
2118 1372 2290 1427 neque
2320 1374 2412 1415 rex
2437 1400 2453 1426 ,
2479 1360 2568 1429 qui
2610 1361 2662 1415 in
2690 1370 2835 1416 tanta
2882 1372 3146 1432 potestate
3188 1376 3304 1420 erat
3330 1407 3345 1431 ,
3378 1366 3518 1421 invi-

1918 1447 2060 1503 diam
2102 1450 2117 1481 ¹
2140 1452 2418 1506 continere
2457 1452 2665 1522 potuit;
2697 1452 2795 1507 sed
2838 1452 2969 1508 dicit
3001 1474 3013 1507 :
3052 1455 3265 1533 16.‘Abi
3300 1458 3515 1524 anubis,

1918 1543 2038 1609 quia
2069 1543 2321 1611 potentior
2344 1543 2486 1597 nobis
2507 1546 2672 1615 fartus
2695 1562 2747 1598 ιε
2773 1546 2937 1599 valde.
2978 1545 3169 1617 Magna
3191 1547 3519 1603 malevolen-

1925 1632 2019 1689 tia.
2048 1632 2210 1701 Cujus
2236 1634 2405 1703 gratia
2432 1634 2601 1705 abigis
2618 1635 2821 1705 justum
2850 1636 2872 1688 ?
2905 1651 3034 1690 nnm‘
3058 1637 3232 1708 aliqua
3260 1639 3311 1694 in
3339 1654 3396 1694 re
3425 1638 3520 1695 tibi

1920 1722 2138 1777 nocuit?
2179 1739 2305 1777 num
2332 1723 2576 1793 injuriam
2600 1723 2822 1780 intulit?
2852 1724 2957 1781 Sed
2992 1727 3061 1780 ita
3097 1742 3159 1783 se
3189 1728 3349 1783 liabet
3380 1729 3517 1783 invi-

1918 1814 2039 1879 dia;
2066 1814 2198 1870 nihil
2221 1832 2342 1869 cum
2370 1816 2580 1871 ratione
2607 1826 2881 1887 cperatur.
2907 1819 3037 1874 Cum
3064 1820 3206 1875 enim
3246 1822 3519 1892 oportuis-

1917 1915 2000 1961 set
2019 1920 2164 1974 cum,
2192 1922 2348 1977 quem
2374 1907 2588 1963 videbat
2616 1919 2759 1963 tanta
2791 1911 3029 1966 omnium
3062 1912 3155 1968 Dei
3186 1912 3539 1970 benevolen-.
3644 1966 3649 1971 ,

1920 1997 1992 2053 tia
2035 1996 2323 2063 fruentem,
2353 2000 2522 2069 magis
2555 1998 2738 2056 fovere
2776 2011 2831 2055 et
2854 2002 3067 2067 colere,
3100 2012 3158 2058 ut
3208 2004 3415 2061 honore
3465 2004 3522 2066 iu

1920 2088 2069 2143 illum
2096 2088 2292 2145 collato
2310 2129 2329 2153 ,
2354 2091 2516 2145 etiam
2544 2090 2658 2158 ipse
2678 2090 2916 2145 divinum
2942 2092 3041 2145 sibi
3068 2092 3310 2148 favorem
3337 2094 3523 2150 conci-

1921 2177 2077 2233 liaret
2107 2194 2121 2231 :
2149 2177 2239 2234 ille
2281 2193 2387 2231 non
2419 2177 2595 2233 solum
2627 2178 2730 2235 hoc
2770 2194 2876 2233 non
2926 2179 3093 2247 facit,
3119 2182 3212 2236 sed
3256 2182 3525 2254 expellere

1924 2277 2092 2324 tentat
2119 2283 2183 2324 ac
2208 2266 2338 2349 dicit
2367 2286 2379 2321 :
2406 2268 2497 2323 l6.
2528 2268 2624 2323 Abi
2665 2286 2697 2322 α
2725 2269 2890 2335 nobis,
2918 2270 3039 2339 quia
3084 2273 3243 2325 multo
3272 2273 3525 2342 potentior

1921 2362 2092 2431 factus
2111 2374 2183 2425 es,
2216 2374 2367 2429 quam
2388 2374 2481 2413 nos
2502 2375 2696 2412 sumus.
2728 2357 2805 2414 Ita
2832 2374 2992 2430 agere
3029 2361 3167 2415 solet
3192 2361 3523 2428 invidentia;

1926 2463 2034 2505 non
2068 2458 2248 2519 potest
2284 2449 2517 2531 benigne
2568 2449 2750 2505 videre
2790 2449 3016 2505 aliorum
3043 2448 3356 2507 felicitatem
3380 2492 3397 2519 ,
3428 2451 3524 2509 sed

1924 2540 2233 2596 felicitatem
2258 2540 2485 2610 proximi
2514 2555 2667 2594 suam
2699 2549 2848 2608 putat
2873 2539 3264 2607 infelicitatem,
3292 2551 3347 2597 et
3377 2543 3525 2600 tabe-

1924 2628 2028 2684 scit
2056 2628 2211 2719 bottis
2235 2628 2505 2700 proximi:
2536 2628 2588 2683 id
2608 2629 2753 2698 quod
2782 2638 2833 2684 et
2864 2630 2950 2685 hic
2974 2629 3187 2685 accidit.
3220 2630 3334 2686 Rex
3355 2631 3523 2699 enim,

1923 2719 2028 2776 sub
2045 2720 2198 2791 cujus
2227 2727 2489 2790 potestate
2515 2728 2621 2775 tota
2645 2721 2833 2775 civitas
2860 2729 2997 2787 erat,
3026 2731 3079 2775 et
3106 2721 3311 2777 habens
3338 2738 3527 2779 omnes

1926 2811 2027 2866 sub
2050 2826 2209 2865 manu
2238 2825 2355 2877 sua,
2388 2812 2693 2881 peregrino,
2726 2826 2883 2881 vago,
2914 2810 3018 2866 huc
3046 2822 3101 2867 et
3129 2812 3257 2868 illuc
3276 2815 3527 2884 migranti

1925 2903 2057 2959 dicit
2083 2903 2218 2960 :Abi
2240 2920 2271 2957 a
2296 2904 2439 2958 nobis
2462 2943 2478 2966 ,
2505 2905 2625 2974 quia
2667 2907 2919 2974 potentior
2944 2906 3112 2976 factus
3142 2921 3219 2971 es,
3244 2921 3395 2977 quam
3434 2920 3530 2961 nos

1925 3009 2119 3048 sumus.
2148 2992 2217 3047 Et
2257 3007 2380 3047 vere
2408 2994 2678 3061 potentior
2697 3002 2811 3049 erat
2831 3035 2847 3059 ,
2884 3008 3176 3065 supernum
3217 2995 3527 3067 praesidium

1929 3082 2135 3140 habens
2181 3084 2233 3138 in
2282 3081 2553 3159 omnibus,
2580 3084 2915 3154 dexteraque
2964 3085 3055 3139 Dei
3099 3086 3355 3140 munitus.
3409 3087 3531 3155 Quo

1930 3174 2091 3245 igitur
2123 3173 2295 3244 abigis
2316 3173 2519 3244 justum
2542 3174 2567 3227 1
2593 3176 2808 3244 ignoras
2846 3173 2988 3244 quod
3023 3189 3363 3246 quacumque
3404 3180 3527 3231 eum

1928 3267 2008 3322 ire
2030 3265 2293 3337 coegeris,
2330 3279 2547 3337 semper
2567 3265 2671 3321 erit
2699 3264 2751 3320 in
2774 3264 2983 3334 iisquae
3016 3264 3225 3319 Domini
3253 3265 3335 3320 sui
3360 3275 3486 3320 sunt
3504 3267 3529 3319 2

1932 3371 2037 3411 non
2064 3355 2249 3411 docuit
2293 3365 2345 3412 te
2383 3371 2566 3411 rerum
2595 3356 2924 3425 experientia
2947 3396 2961 3419 ,
2993 3356 3086 3411 Dei
3137 3371 3353 3411 manum
3384 3370 3527 3421 esse,

1930 3461 2051 3517 qua:
2072 3446 2339 3501 illustrem
2367 3446 2492 3501 facit
2519 3453 2575 3501 et
2602 3454 2885 3500 conservat
2903 3444 3109 3515 justum
3129 3445 3349 3514 ’ἔρυται-θ
3371 3447 3530 3513 igitur

1928 3533 2195 3607 abigendo
2218 3535 2450 3606 justum,
2481 3550 2607 3606 erga
2654 3535 2939 3592 Dominum
2986 3534 3106 3605 ejus
3161 3545 3215 3591 te
3258 3540 3528 3606 ingratum

1934 3625 2218 3682 declaras?
2238 3634 2295 3681 et
2318 3641 2492 3696 neque
2516 3640 2708 3697 magna
2730 3626 2831 3680 viri
2860 3625 3218 3681 mansuetudo
3246 3632 3391 3680 tuam
3426 3626 3529 3681 do-

1930 3733 2082 3775 mare
2108 3717 2284 3789 potuit
2324 3717 2603 3785 invidiam,
2632 3716 2727 3774 sed
2758 3717 2931 3773 victus
2965 3731 2998 3772 a
3038 3717 3249 3781 morbo,
3276 3715 3529 3773 invidiam

1932 3825 2098 3882 opere
2117 3809 2377 3880 comples,
2405 3818 2462 3865 et
2486 3809 2678 3865 iterum
2706 3808 2938 3879 migrare
2958 3844 2963 3847 »
2981 3823 3104 3863 eum
3134 3808 3281 3879 cogis
3298 3847 3313 3874 ,
3340 3808 3431 3878 qni
3473 3806 3527 3862 in

1934 3903 2083 3958 nullo
2104 3910 2154 3957 te
2182 3901 2355 3956 laesit?
2381 3898 2570 3957 Nescis
2586 3899 2729 3969 quod
2760 3900 2887 3956 licet
2915 3900 2969 3954 in
3002 3896 3325 3969 ipsissimam
3347 3898 3535 3954 solitu-

1932 3992 2115 4049 dinem
2146 4007 2268 4047 eum
2307 3989 2526 4062 fugaris,
2556 3990 2721 4046 habet
2748 3999 2925 4047 tamen
2970 3991 3040 4045 ita
3069 3990 3325 4047 solertem
3356 3991 3534 4046 Domi-

1935 4100 2083 4152 num,
2107 4094 2165 4139 ut
2182 4099 2243 4139 se
2262 4081 2345 4139 vel
2368 4082 2475 4138 illic
2495 4090 2795 4139 versantem
2814 4082 2982 4136 multo
3002 4080 3283 4136 clariorem
3305 4079 3537 4137 reddere

1935 4176 2143 4249 possit?
2155 4174 2296 4232 Nihil
2313 4175 2456 4231 enim
2473 4174 2743 4231 robustius
2759 4189 2825 4230 eo
2840 4175 2926 4245 qui
2946 4173 3137 4246 fruitur
3154 4187 3535 4243 supernoprzeo

1935 4270 2071 4327 sidio
2094 4285 2109 4323 :
2133 4270 2272 4325 sicut
2287 4266 2690 4323 nibilintirmius
2705 4266 2873 4336 ecqui
2894 4266 2979 4321 tali
2995 4265 3192 4320 auxilio
3204 4264 3532 4321 destituitur.

2006 4360 2064 4415 2.
2105 4358 2257 4415 Nihil
2279 4358 2534 4414 robustius
2556 4374 2614 4413 eo
2641 4364 2792 4425 quem
2831 4354 2967 4411 Deus
2996 4356 3166 4426 juvat.
3194 4383 3269 4396 --
3296 4354 3490 4410 Vidisti
3512 4397 3534 4420 ,

1938 4452 2159 4519 dilecte,
2187 4460 2243 4507 et
2262 4451 2404 4521 regis
2426 4450 2750 4506 Gerarorum
2767 4490 2784 4512 ,
2813 4456 2868 4503 et
2896 4447 3136 4502 omnium
3156 4448 3247 4517 qui
3276 4446 3348 4502 ibi
3382 4446 3540 4503 babi—

1939 4544 2127 4599 tabant
2145 4542 2341 4597 mentis
2367 4540 2663 4595 malitiam?
2690 4538 2821 4594 Vide
2849 4547 2902 4592 et
2926 4536 3053 4607 justi
3101 4550 3349 4607 magnam
3378 4550 3535 4590 man-

1937 4633 2298 4699 suetudinem,
2325 4630 2598 4703 quomodo
2627 4644 2733 4685 non
2770 4628 3085 4698 superbivit,
3135 4641 3309 4698 neque
3348 4625 3543 4684 videtis

1939 4727 2115 4797 reipsa
2140 4724 2379 4780 divinam
2409 4720 2510 4777 sibi
2538 4724 2762 4792 gratiam
2794 4719 3085 4785 assistere,
3118 4727 3304 4774 contra
3329 4732 3538 4789 regem,

1941 4817 2109 4875 fretus
2131 4812 2534 4871 commilitantis
2559 4813 2781 4875 virtute,
2808 4810 3095 4864 insurrcxit
3118 4826 3133 4862 :
3158 4807 3254 4865 sed
3278 4807 3430 4879 quasi
3456 4807 3543 4865 vis

1942 4909 2087 4964 omni
2105 4906 2416 4978 patrocinio
2441 4918 2653 4967 carens,
2686 4912 2741 4957 et
2770 4900 2976 4955 nullum
3006 4899 3263 4953 auxilium
3291 4897 3541 4953 alicunde

1942 5007 2280 5073 exspectans,
2314 4996 2481 5051 multa
2507 5008 2629 5049 cum
2662 4990 3091 5053 mansuetudine,
3124 5004 3193 5045 ne
3216 4988 3393 5044 verbis
3416 4988 3540 5060 qui-

1942 5093 2067 5149 dem
2090 5093 2347 5149 rcsistens
2366 5128 2381 5153 ,
2437 5086 2662 5142 faciebat
2684 5084 2827 5155 quod
2853 5083 2955 5139 sibi
2980 5098 3011 5137 a
3038 5096 3163 5152 rege
3196 5081 3544 5151 principia».

1947 5197 2033 5242 tur
2054 5227 2073 5253 ,
2102 5194 2156 5239 et
2183 5183 2361 5239 statim
2390 5180 2535 5236 illinc
2561 5177 2810 5234 discessit
2834 5194 2848 5231 :
2876 5186 2923 5230 et
2953 5176 3179 5232 ulterius
3201 5188 3541 5245 progressus,

1947 5276 2205 5349 repressit
2246 5270 2574 5345 aegritudinis
2628 5269 2897 5325 flammant
2923 5307 2939 5328 ,
2983 5265 3165 5321 simul
3192 5273 3250 5321 et
3288 5266 3542 5319 eximiam

1946 5386 2097 5427 suam
2128 5364 2586 5424 mansuetudinem
2614 5361 2919 5427 declarans,
2936 5370 2990 5416 et
3015 5358 3155 5413 illius
3176 5358 3547 5428 perturbatum

1948 5462 2184 5517 animum
2212 5459 2482 5529 mitigans.
2517 5456 2604 5510 17.
2639 5452 2705 5507 Et
2758 5453 2880 5505 abiit
2935 5450 3071 5516 inde,
3116 5458 3163 5503 et
3207 5447 3451 5502 habitavit
3482 5446 3549 5502 in

1946 5555 2077 5611 valle
2104 5551 2434 5608 Gerarorum.
2481 5547 2549 5603 Et
2576 5546 2627 5602 id
2655 5544 2797 5616 quod
2843 5542 3116 5611 discipulis
3142 5542 3255 5596 suis
3292 5537 3547 5595 omnibus

1949 5647 2193 5704 Christus
2231 5642 2524 5699 adveniens
2557 5637 2820 5709 prascipit,
2850 5634 3073 5691 dicens:
3107 5630 3327 5700 Quando
3373 5645 3544 5700 perso-

1948 5748 2164 5813 quentur
2199 5752 2307 5803 vos,
2351 5735 2509 5807 fugite
2554 5732 2609 5787 in
2636 5730 2795 5783 alium
2832 5728 2999 5783 locum
3042 5723 3254 5798 (Matth.
3285 5724 3368 5779 10.
3400 5721 3493 5793 ‘23)
3526 5735 3542 5775 :

2011 5838 2027 5872 ¹
2064 5844 2270 5898 Quintiles
2291 5840 2423 5896 sum,
2445 5827 2840 5897 iltcrepationcm.
