4182 6322
726 419 829 476 459

723 527 825 584 hoc
846 526 936 582 ille
959 526 1066 594 jam
1089 521 1335 591 Operibus
1359 515 1654 573 exhibebat.
1683 513 1746 570 Et
1771 513 1910 566 sicut
1939 507 2099 564 David
2133 506 2264 562 Sat‘t-

728 618 793 672 lis
814 628 1054 686 magnam
1077 610 1323 665 invidiam
1353 605 1702 676 reprimebat,
1729 599 1982 656 secedens
2001 608 2055 654 et
2079 595 2276 686 subdu-

721 719 848 759 cens
867 683 944 764 se.
973 711 1026 756 et
1058 700 1194 754 illius
1222 695 1566 766 refrigetabat
1599 691 1841 746 ardorem
1871 689 1943 758 (ι.
1967 687 2102 771 _Reg.
2137 683 2237 751 19)
2263 700 2274 734 :

719 795 906 849 eodem
932 807 1059 845 sane
1082 789 1238 844 modo
1256 797 1310 843 et
1329 788 1499 854 justus
1524 784 1610 838 ille
1635 781 1980 850 apostolicum
2023 775 2147 831 illud
2180 775 2279 826 itu-

718 884 930 955 piabat:
960 881 1091 936 Date
1115 882 1276 934 locum
1297 879 1384 932 ira
1413 875 1583 947 (Rom.
1605 873 1691 928 12.
1718 871 1803 940 19)
1831 887 1844 922 :
1875 878 1927 926 et
1953 868 2129 923 relicta
2151 863 2277 918 civi-

717 985 843 1038 tate,
871 974 999 1030 exiit
1023 973 1072 1026 in
1098 971 1307 1024 vallem.
1331 969 1590 1023 Cancrum
1627 964 1744 1020 vide
1767 971 2009 1031 quantam
2040 958 2143 1012 illic
2173 957 2272 1009 ite-

716 1079 834 1121 rum
887 1059 1336 1117 mansuetudinem
1375 1071 1483 1125 pra
1525 1070 1584 1110 se
1619 1053 1755 1108 tulit.
1801 1051 1979 1118 Neque
2019 1048 2158 1103 enim
2190 1047 2275 1101 hic

718 1154 837 1208 ﬂuis
860 1153 960 1213 fuit
982 1150 1336 1204 molestiarum
1367 1163 1382 1201 :
1412 1160 1533 1199 nam
1558 1158 1674 1198 cum
1705 1141 1860 1196 etiam
1889 1140 1992 1192 illic
2018 1148 2156 1193 esset
2179 1179 2192 1198 ,
2221 1145 2275 1190 et

717 1245 888 1300 fontes
902 1241 1132 1298 etl'odere
1150 1240 1326 1304 vellet,
1347 1238 1486 1291 rixas
1504 1241 1797 1290 moverunt.
1826 1230 1908 1286 l8.
1935 1229 2087 1283 Fodit
2108 1228 2270 1290 enim,

716 1333 904 1402 inquit,
925 1341 1135 1402 puteos,
1163 1345 1285 1398 quos
1327 1336 1441 1379 ante
1481 1323 1623 1394 pueri
1664 1323 1819 1392 patris
1864 1321 1972 1391 ejus
2014 1321 2266 1388 fecerant,

709 1430 761 1477 et
786 1422 1132 1477 abturauerunt
1157 1417 1464 1488 Phylistiim,
1494 1412 1793 1482 etimposuit
1819 1412 1889 1466 eis
1914 1409 2136 1471 nemina,
2161 1421 2272 1476 qua:

713 1523 855 1582 pater
878 1528 998 1566 suus
1023 1512 1346 1576 imposuerat.
1385 1505 1466 1560 19.
1499 1503 1562 1558 Et
1589 1503 1842 1573 (adimunt,
1875 1500 2041 1569 inquit
2069 1540 2082 1562 ,
2132 1497 2271 1566 pueri

712 1601 882 1667 Isaac,
911 1611 958 1655 et
990 1600 1274 1651 inuenerunt
1310 1605 1511 1664 puteum
1552 1607 1696 1659 aqua
1735 1590 1940 1645 uiuentis
1976 1605 1996 1643 :
2027 1587 2126 1642 hoc
2153 1595 2267 1648 est,

708 1691 897 1746 subtus
921 1686 1268 1743 scaturientis.
1298 1682 1388 1737 20.
1419 1681 1484 1736 Et
1509 1681 1824 1752 litigant-unt
1852 1687 2076 1749 pastores
2113 1675 2270 1731 Gera-

707 1793 898 1839 rorum,
933 1757 1147 1829 dicentei
1171 1789 1288 1826 suos
1313 1787 1419 1825 esse
1442 1785 1618 1839 aquas.

779 1863 1110 1919 Mansuetudo
1129 1878 1243 1916 uera
1260 1875 1391 1930 quer.
1409 1858 1660 1913 Patientia
1679 1856 1862 1911 Isaaei.
1877 1855 2043 1910 —Hic
2062 1865 2266 1925 quoque

708 1955 839 2011 nihil
877 1951 1150 2008 contendit
1191 1952 1398 2019 justus,
1427 1963 1596 2017 neque
1619 1947 1938 2010 obluctatur,
1966 1945 2057 2000 sed
2108 1945 2266 1998 etiam

710 2044 1007 2114 pastoribus
1035 2041 1192 2095 cedit.
1214 2040 1336 2094 llaec
1362 2039 1505 2094 enim
1533 2053 1658 2092 vere
1675 2034 2021 2091 mansuetudo
2042 2045 2143 2097 est.
2163 2049 2266 2088 non

709 2133 921 2202 quando
948 2131 1068 2200 quis
1091 2129 1323 2184 oll‘ensus
1351 2145 1379 2181 a
1410 2129 1790 2199 potentioribus
1820 2138 2092 2182 mansuete
2121 2125 2221 2179 fert
2249 2142 2263 2177 :

703 2222 795 2276 sed
825 2220 1032 2291 quando
1054 2219 1171 2288 quis
1215 2218 1282 2272 ab
1311 2218 1374 2272 iis
1416 2202 1574 2272 etiam
1605 2217 1691 2288 qui
1723 2215 1995 2270 inferiores
2019 2222 2266 2284 putantur

703 2312 934 2366 offensus
963 2309 1102 2365 cedit
1129 2327 1142 2362 :
1168 2319 1291 2364 tunc
1320 2308 1460 2363 enim
1487 2308 1602 2378 ejus
1629 2308 1717 2375 qui
1736 2305 1998 2360 invaditur
2017 2319 2265 2358 mansue-

703 2401 869 2456 tudini
894 2410 1056 2454 totum
1083 2399 1396 2454 adscribitur
1422 2416 1434 2449 :
1467 2413 1589 2452 nam
1619 2395 1748 2450 alias
1768 2396 1967 2449 diceret
1987 2395 2121 2461 quis,
2146 2408 2263 2447 eum

703 2490 1153 2545 mansuetudinem
1181 2489 1457 2542 simulasse
1483 2529 1497 2553 ,
1528 2487 1646 2555 quia
1685 2500 1788 2539 non
1821 2492 1997 2554 posset
2022 2483 2267 2552 potentia:

701 2579 1014 2636 oll'endentis
1041 2579 1305 2632 resistere.
1338 2577 1440 2632 Sed
1473 2585 1527 2630 ut
1555 2577 1729 2630 discas
1753 2589 1871 2628 eum
1891 2574 1998 2642 regi
2019 2573 2264 2637 cessisse,

702 2685 807 2723 non
830 2677 1042 2738 propter
1059 2669 1343 2736 potentiam
1366 2667 1479 2735 ejus
1504 2708 1518 2730 ,
1549 2665 1643 2721 sed
1675 2681 1768 2719 suo
1793 2677 1939 2718 more
1971 2673 2215 2732 agentem
2251 2679 2262 2714 :

703 2756 825 2812 vide
855 2756 1120 2825 quomodo
1143 2756 1279 2808 idem
1309 2756 1443 2822 apud
1465 2765 1697 2823 pastores
1727 2753 1897 2806 faciat.
1927 2753 1990 2806 Et
2018 2753 2152 2806 sicut
2181 2751 2267 2804 ille

705 2852 937 2916 dicebat,
971 2848 1162 2903 Recede
1211 2867 1243 2901 α
1285 2849 1425 2902 nobis
1456 2865 1474 2901 :
1505 2857 1556 2902 et
1612 2847 1808 2912 statim,
1853 2847 2003 2915 quasi
2049 2853 2268 2912 accepto

701 2944 986 3005 mandato.
1025 2941 1312 2996 abscessit:
1339 2942 1408 2994 ita
1446 2949 1499 2993 et
1525 2954 1690 3003 nunc,
1720 2938 2016 3014 pastoribus
2073 2936 2266 2990 laedere

701 3032 1064 3102 cupientibus,
1093 3041 1148 3085 et
1199 3039 1414 3100 puteum
1452 3029 1551 3083 sibi
1598 3014 2012 3093 vindicantibus,
2043 3025 2261 3081 recedit.

707 3124 881 3190 Atque
925 3131 980 3173 ut
1025 3130 1279 3190 perpetuo
1303 3120 1438 3172 hanc
1467 3117 1776 3186 injustitiam
1805 3121 1999 3172 scTrent
2047 3117 2261 3183 posteri,

701 3225 891 3264 nomen
918 3209 1137 3278 imponit
1159 3219 1315 3277 puteo
1340 3224 1405 3262 ex
1434 3222 1499 3261 co
1519 3205 1658 3274 quod
1685 3205 1960 3259 acciderat.
1984 3205 2266 3259 Enimvero

709 3300 828 3369 quia
860 3298 1188 3351 manifestam
1218 3298 1536 3349 admiserant
1565 3294 1892 3364 injttstitiam,
1927 3292 2129 3346 Vocaoit
2172 3309 2265 3344 uo-

700 3404 812 3440 men
843 3388 976 3456 putei
1000 3427 1014 3451 ,
1050 3385 1170 3437 Loci
1217 3385 1480 3453 injustitia.
1519 3384 1584 3437 Et
1628 3393 1740 3437 erat
1769 3393 1982 3451 postea,
2011 3383 2158 3451 quasi
2213 3383 2262 3434 in

706 3475 948 3529 columna
971 3488 1127 3533 aerea,
1160 3473 1384 3541 posteris
1415 3487 1603 3526 nomen
1633 3471 1733 3526 loci
1763 3471 1999 3525 doctrina
2037 3479 2090 3524 et
2119 3485 2262 3523 man-

702 3563 997 3618 suetudinis
1020 3556 1176 3631 jnsti,
1211 3571 1265 3615 et
1293 3562 1581 3630 iniquitatis
1609 3561 1839 3614 illorum.
1887 3560 2090 3614 Nomen
2119 3561 2262 3614 enim

700 3654 800 3707 loci
833 3651 1071 3716 faciebat,
1118 3661 1172 3706 ut
1197 3653 1433 3721 quisquis
1462 3659 1669 3720 rogaret
1695 3665 1978 3720 quarenam
2006 3652 2082 3703 sic
2105 3665 2263 3703 voca-

699 3753 866 3808 retur,
897 3742 1123 3796 disceret
1151 3750 1204 3794 et
1247 3741 1401 3810 hujus
1440 3741 1689 3794 virtutem
1715 3781 1730 3806 ,
1757 3750 1808 3793 et
1841 3741 2104 3809 ingentem
2143 3741 2261 3792 illo—

700 3846 815 3884 rum
856 3831 1129 3882 malitiam.
1173 3827 1784 3896 Animadverte,qua:so,
1807 3828 2072 3896 quomodo
2103 3829 2259 3881 etiam

704 3920 790 3974 hic
819 3936 964 3974 suam
987 3929 1172 3989 augeat
1198 3917 1462 3981 virtutem,
1493 3934 1586 3988 per
1610 3921 1783 3971 omnia
1811 3919 2262 3973 mansuetudinem

699 4024 848 4063 suam
885 4009 1139 4062 exhibens
1163 4050 1179 4072 ,
1209 4018 1262 4062 et
1293 4007 1364 4060 illi
1397 4007 1590 4076 ingenti
1629 4009 1881 4076 nequitia,
1912 4009 2068 4062 etiam
2117 4008 2263 4061 inviti

695 4100 893 4169 justmn
925 4098 1265 4153 illustriorem
1312 4096 1534 4151 reddere
1581 4104 1839 4165 satagunt.
1890 4095 2071 4165 Neque
2122 4097 2263 4150 enim

698 4189 930 4245 contenti
958 4188 1020 4242 iis
1040 4202 1157 4256 qua:
1192 4186 1444 4251 fecerant,
1470 4194 1742 4253 postquam
1772 4186 1927 4238 alium
1968 4183 2265 4239 ell'odcrtmt

699 4286 934 4348 puteum,
975 4278 1163 4330 iterum
1205 4277 1421 4340 instant,
1453 4275 1725 4344 risumque
1749 4282 1979 4329 movent.
2010 4274 2100 4328 2|.
2126 4273 2262 4326 Pro-

699 4369 856 4438 fectus
882 4368 1041 4428 enim,
1070 4367 1258 4433 inquit,
1286 4365 1444 4429 illinc,
1479 4364 1606 4435 [odit
1636 4373 1836 4433 puteum
1865 4364 2022 4416 alium
2048 4380 2066 4418 :
2091 4365 2261 4433 litiga-

702 4462 819 4514 bunt
840 4469 1004 4512 autem
1034 4459 1178 4509 etiam
1203 4458 1264 4508 de
1290 4456 1401 4521 illo,
1428 4466 1472 4509 et
1499 4455 1769 4509 nominauit
1784 4471 1917 4520 eum,
1939 4454 1963 4507 Ι
1972 4454 2260 4508 nimicitias.

700 4549 797 4604 llic
825 4551 1014 4602 iterum
1035 4549 1395 4602 animadverte
1418 4548 1543 4617 justi
1565 4547 1918 4616 prudentiam.
1950 4545 2064 4601 Non
2094 4548 2265 4601 omni-

700 4656 771 4694 no
822 4649 1054 4709 puteum,
1080 4647 1136 4690 ut
1183 4638 1406 4698 videtur,
1451 4637 1800 4700 abstulerunt,
1833 4636 1924 4690 sed
1975 4637 2264 4691 contende-

701 4733 826 4785 bant
875 4747 888 4783 :
934 4739 986 4783 et
1041 4729 1150 4782 visa
1204 4725 1482 4780 manifesta
1536 4725 1829 4795 injustitia,
1884 4726 2261 4782 discesserunt.

699 4822 980 4891 Propterea
1013 4819 1314 4874 Inimicitias
1340 4833 1459 4872 eum
1481 4819 1780 4888 appellavit,
1807 4818 1946 4887 quod
1970 4819 2265 4872 inimicitia-

694 4929 811 4968 rum
842 4913 1024 4967 fuisset
1054 4913 1281 4966 occasio.
1312 4910 1577 4965 Cmterum
1606 4911 1841 4980 quotidie
1877 4911 2259 4980 propemodum

700 5003 819 5055 talia
848 5001 1023 5056 ferens
1050 5001 1114 5054 ab
1145 5001 1209 5054 iis
1233 5000 1323 5070 qui
1352 5001 1619 5069 regionem
1651 5000 1981 5062 incolebant,
2013 5015 2119 5053 non
2143 5016 2265 5069 gra-

699 5095 857 5146 vatim
883 5094 1019 5159 tulit,
1051 5108 1152 5145 non
1184 5092 1390 5162 abjecto
1420 5092 1512 5145 fuit
1543 5092 1741 5158 animo,
1773 5107 1876 5146 non
1900 5093 2150 5161 cogitavit
2177 5108 2264 5147 se-

698 5198 838 5248 cum,
861 5196 1032 5250 neque
1058 5181 1187 5235 dixit
1215 5200 1227 5234 :
1258 5181 1391 5235 Ecce
1418 5196 1485 5235 ne
1532 5193 1806 5251 puteorum
1836 5183 2045 5251 quidem
2085 5191 2142 5236 ιιι
2167 5185 2264 5237 sim

699 5273 962 5335 dominus,
994 5271 1117 5324 mihi
1146 5272 1300 5325 datur
1341 5290 1355 5325 :
1395 5286 1463 5325 an
1485 5285 1591 5326 non
1618 5287 1847 5340 superno
1872 5274 2075 5326 auxilio
2100 5273 2262 5327 desti-

702 5373 842 5417 tutus
863 5378 977 5416 sum
998 5362 1020 5415 ?
1041 5378 1105 5416 an
1138 5378 1240 5415 non
1281 5363 1533 5422 Dominus
1562 5362 1764 5431 objecta
1792 5378 1916 5417 cura
1940 5365 2040 5419 mei
2073 5365 2268 5419 oblitus

700 5454 822 5507 est?
861 5453 1000 5506 Nihil
1045 5453 1306 5522 ejusmodi
1349 5454 1435 5507 vel
1488 5452 1621 5507 dixit
1669 5454 1753 5509 vel
1806 5456 2053 5525 cogitavit
2110 5475 2123 5511 :
2175 5459 2266 5512 sed

702 5543 875 5597 omnia
905 5558 1090 5612 magna
1117 5557 1236 5597 cum
1272 5543 1676 5597 mansuetudine
1698 5544 1968 5610 toleravit,
1995 5555 2047 5599 et
2071 5545 2268 5600 idcirco

706 5624 894 5703 dignus
917 5634 1010 5688 fuit
1039 5634 1269 5700 habitus,
1301 5633 1390 5704 qui
1415 5634 1658 5703 ampliori
1687 5633 1864 5689 divino
1892 5636 2086 5690 auxilio
2117 5636 2268 5706 adju-

703 5733 932 5778 vantur.
979 5725 1105 5780 Nam
1137 5727 1250 5783 lucc
1274 5739 1391 5797 qua
1419 5734 1728 5793 evenerunt,
1751 5727 2080 5795 exercitatio,
2107 5736 2163 5781 ut
2194 5727 2260 5781 ita

1420 409 1477 467 S.
1515 403 1789 465 JOANNIS
1811 397 2281 458 CHRYSOSTOMI
2310 394 2626 452 ARClllEl".
2656 393 3181 449 CONSTANTINOP.

3851 389 3963 446 Ινῦο

2384 503 2576 568 dicam,
2601 504 2808 559 virtutis
2843 504 2971 574 justi
3009 503 3172 557 fuere.
3215 502 3347 556 Dicit
3370 503 3507 556 enim
3536 521 3545 553 :
3571 501 3658 556 29.
3690 500 3967 572 Profectus

2383 593 2541 656 illinc,
2569 594 2696 663 fodit
2723 603 2924 662 puteum
2960 593 3137 655 artum,
3186 601 3232 645 et
3271 607 3370 644 non
3409 592 3764 644 contenderunt
3801 602 3968 660 super

2383 684 2470 735 illo
2496 699 2516 736 .'
2544 692 2589 736 et
2611 684 2945 753 agnominauit
2972 699 3149 736 nomen
3170 685 3276 752 ejus
3299 721 3316 744 ,
3346 681 3705 743 Latitudinem,
3736 680 3917 736 dicens
3942 693 3967 736 :

2385 770 2516 834 Quia
2541 787 2672 823 nunc
2693 771 2920 825 dilatauit
2941 788 3033 826 nos
3060 769 3308 824 Dominus
3328 811 3343 835 ,
3374 780 3420 824 et
3446 786 3664 823 crescere
3703 787 3792 825 nos
3837 769 3966 838 fecit

2381 877 2532 929 super
2563 871 2745 913 terram
2757 900 2769 914 .

2451 949 2504 1001 3.
2547 946 2729 1001 Gratus
2747 951 2945 1003 animus
2972 947 3164 1004 Isaaei.
3202 947 3342 1004 Deus
3369 949 3530 1018 exigit
3545 958 3598 1003 ut
3618 950 3806 1019 gratias
3826 962 3963 1019 oga-

2381 1036 2490 1090 mus
2526 1067 2598 1077 -
2624 1037 2753 1093 Vide
2767 1047 2972 1108 gratum
2999 1040 3230 1094 animum
3256 1039 3403 1110 justi.
3425 1039 3554 1094 Nam
3592 1056 3712 1094 cttm
3747 1042 3963 1107 priores

2381 1125 2548 1180 fantes
2569 1126 2797 1196 diripere
2809 1136 3198 1191 tentarent,non
3215 1129 3500 1198 aegretulit,
3522 1144 3624 1182 non
3646 1129 3956 1183 obluctatus

2377 1225 2457 1268 est
2479 1233 2493 1268 :
2515 1215 2608 1269 sed
2622 1216 2671 1269 in
2689 1216 2797 1271 sola
2817 1225 3091 1285 puteorum
3113 1219 3468 1288 appellatione
3489 1220 3705 1274 malitia:
3733 1221 3956 1274 illorum

2377 1305 2710 1361 indelebilem
2723 1307 2930 1378 reliquit
2948 1311 3272 1364 memoriam.
3295 1309 3391 1364 Hic
3407 1322 3532 1365 vero
3546 1310 3665 1379 quia
3685 1309 3825 1364 nulla
3844 1309 3963 1365 fue-

2377 1405 2497 1450 runt
2523 1396 2813 1460 obstacula,
2834 1397 2927 1451 sed
2950 1412 3072 1453 cum
3101 1400 3244 1453 omni
3272 1400 3516 1454 libertate
3544 1400 3813 1454 laboribus
3843 1402 3960 1454 suis

2378 1483 2410 1537 ft
2424 1485 2475 1540 ui
2492 1484 2657 1545 licuit,
2681 1495 2845 1539 totum
2875 1485 3056 1539 tribuit
3085 1487 3213 1542 Deo.
3240 1485 3625 1553 Voeaeiteuim,
3645 1487 3838 1556 inquit,
3862 1505 3960 1556 pa-

2375 1581 2506 1625 teum
2527 1574 2688 1638 illum,
2712 1573 3042 1628 La'itudinem
3068 1591 3087 1628 :
3113 1585 3167 1630 et
3185 1575 3375 1631 deinde
3397 1577 3771 1645 interpretatus
3795 1591 3958 1630 voca”.

2376 1661 2586 1724 bulum.
2618 1645 2744 1717 dcit
2772 1683 2783 1716 :
2817 1665 3038 1733 Propter
3093 1666 3192 1719 hoc
3223 1665 3577 1721 Latitudinem
3623 1681 3783 1730 voco,
3819 1667 3958 1734 Quia

2374 1751 2598 1805 dilatavit
2641 1751 2884 1806 Dominus
2925 1763 2973 1808 et
3002 1756 3146 1807 anxit
3170 1771 3262 1809 nos
3304 1773 3455 1824 super
3499 1767 3703 1810 terrain.
3763 1757 3879 1810 Vidi
3917 1759 3956 1813 ιι

2374 1841 2514 1911 piam
2547 1849 2798 1908 mentem,
2826 1842 3091 1911 quomodo
3137 1859 3242 1898 non
3284 1843 3420 1898 facta
3462 1846 3734 1901 mentione
3777 1856 3960 1901 tanta-

2375 1948 2490 1987 rum
2516 1933 2877 1988 diflicultatum
2915 1950 3033 2004 quae
3079 1935 3411 2000 obstiterant,
3441 1937 3702 1991 bonorum
3748 1947 3956 1991 tantum

2374 2023 2630 2084 meminit.
2664 2031 2719 2078 et
2747 2038 2840 2091 pro
2873 2024 2977 2078 illis
3021 2025 3219 2091 gratias
3249 2025 3355 2078 Deo
3380 2027 3522 2096 agit,
3552 2026 3786 2081 etdicit:
3821 2027 3959 2094 Quia

2371 2110 2598 2164 dilatauit
2623 2111 2865 2164 Dominus
2887 2129 2994 2173 nos,
3028 2123 3073 2164 et
3101 2113 3243 2165 anxit
3264 2130 3355 2166 nos
3383 2130 3534 2182 super
3553 2116 3781 2168 terram!
3810 2115 3955 2169 Nihil

2375 2201 2515 2255 etaim
2557 2210 2661 2253 tam
2706 2213 2978 2269 acceptum
3009 2201 3136 2266 Deo,
3161 2209 3216 2253 ut
3241 2203 3413 2255 anima
3464 2211 3610 2272 grata
3654 2211 3710 2257 et
3755 2206 3961 2273 gnttias

2375 2304 2558 2357 agens.
2605 2290 2737 2344 Nam
2807 2307 2925 2344 cutn
3003 2291 3295 2344 innumeris
3367 2291 3644 2347 beneﬁciis
3712 2294 3960 2362 quotidie

2371 2395 2554 2436 omnes
2585 2396 2681 2434 nos
2707 2389 3084 2450 prosequatur,
3125 2382 3240 2436 sive
3282 2381 3512 2435 velimus
3535 2382 3652 2436 sive
3679 2385 3915 2438 nolimus
3939 2426 3957 2450 ,

2373 2471 2484 2524 site
2510 2484 2570 2523 ea
2600 2471 2830 2524 sciamus
2857 2472 2967 2524 sive
3010 2472 3334 2540 ignoremus,
3365 2471 3493 2524 nihil
3529 2481 3704 2527 tamen
3730 2472 3876 2528 aliud
3925 2488 3957 2527 δ

2372 2561 2522 2614 nobis
2543 2561 2726 2630 exigit,
2766 2575 2923 2629 quam
2953 2570 3008 2613 ut
3043 2560 3331 2615 habeamus
3354 2561 3574 2629 gratiam
3602 2576 3700 2630 pro
3735 2562 3798 2615 iis
3835 2578 3962 2630 qua:

2370 2650 2524 2704 nobis
2550 2664 2804 2704 concessa
2835 2659 2977 2717 sunt,
3005 2659 3060 2704 ut
3085 2665 3179 2718 pro
3209 2650 3295 2703 illa
3324 2650 3435 2719 ipsa
3466 2652 3755 2720 gratiarum
3784 2653 3961 2707 actio-

2374 2756 2440 2794 ne
2470 2741 2534 2794 ad
2563 2742 2816 2810 ampliora
2842 2741 3013 2795 danda
3047 2754 3381 2810 provocetur.
3412 2741 3523 2796 Hoc
3550 2751 3604 2796 ut
3636 2745 3808 2809 scias,
3837 2743 3962 2799 vids

2374 2829 2642 2898 quomodo
2663 2833 2839 2898 justus
2869 2831 2958 2884 ille
2985 2831 3119 2899 grati
3144 2830 3428 2884 admodum
3462 2832 3624 2885 animi
3649 2847 3806 2887 causa
3855 2835 3956 2888 ile-

2371 2934 2477 2973 nuo
2503 2933 2789 2987 supernum
2821 2921 3074 2973 meruerit
3107 2921 3297 2973 visum.
3331 2920 3460 2974 Nam
3483 2924 3730 2991 quoniam
3761 2924 3956 2977 condi-

2370 3023 2529 3080 gnum
2559 3023 2668 3062 sua:
2695 3009 2899 3062 virtutis
2928 3009 3194 3075 specimen
3226 3009 3560 3075 exhibuerat,
3585 3017 3638 3064 et
3664 3011 3802 3078 apud
3844 3011 3957 3065 Ge-

2369 3115 2611 3166 rarenos,
2638 3111 2690 3154 et
2715 3115 2833 3153 cum
2863 3115 2952 3153 rex
2975 3114 3096 3153 eum
3123 3100 3435 3167 expelleret,
3459 3110 3513 3154 et
3538 3115 3669 3161 cum,
3705 3108 3957 3168 pastores

2371 3203 2558 3260 puteos
2580 3191 2848 3245 auferrent
2877 3208 2889 3242 :
2921 3191 3177 3259 benignus
3212 3191 3464 3244 Dominus
3485 3191 3647 3246 veluti
3665 3194 3961 3246 continua-

2373 3289 2520 3334 turus
2546 3280 2660 3348 ejus
2688 3279 3012 3334 alacritatem
3036 3320 3051 3344 ,
3080 3281 3187 3348 jam
3219 3279 3288 3333 ob
3327 3281 3587 3350 insignem
3616 3281 3758 3334 illam
3792 3296 3949 3334 man-

2370 3369 2701 3424 s'tetudinem
2750 3385 2867 3422 cum
2912 3379 3183 3436 acceptum
3226 3368 3471 3423 habens:
3516 3379 3796 3438 postquam
3852 3370 3954 3426 23.

2373 3459 2605 3512 Ascendit
2651 3459 2791 3511 illinc
2833 3458 2900 3510 ad
2951 3469 3153 3528 puteum
3187 3461 3466 3528 juramenti
3489 3501 3500 3520 .
3533 3459 3622 3513 24.
3653 3461 3786 3513 uisus
3808 3472 3884 3514 est
3908 3464 3960 3515 ei

2370 3549 2612 3601 Dominus
2640 3549 2690 3601 in
2716 3559 2857 3602 nocte
2880 3548 2989 3612 illa,
3015 3559 3059 3602 et
3077 3550 3202 3602 dixit
3227 3565 3244 3602 :
3273 3547 3382 3619 Ego
3398 3566 3509 3602 sum
3533 3549 3668 3603 Dens
3696 3549 3959 3603 Abraham

2369 3653 2470 3712 pall
2485 3642 2525 3694 is
2553 3643 2643 3707 tui,
2676 3657 2737 3694 ne
2760 3642 2933 3692 timeas
2965 3655 2984 3694 :
3009 3637 3166 3692 tecum
3190 3643 3318 3694 enim
3341 3657 3472 3702 sum,
3496 3651 3541 3693 et
3560 3639 3850 3693 benedicam
3878 3650 3955 3706 te,

2369 3743 2412 3785 et
2443 3731 2781 3800 multiplicabo
2805 3747 2972 3783 semen
3025 3740 3163 3783 tuum
3220 3740 3420 3799 prapter
3449 3729 3701 3782 Abt-altam
3753 3741 3956 3797 patrem

2369 3832 2528 3875 tuum.
2573 3820 2718 3875 Visus
2770 3829 2839 3874 est
2882 3822 2946 3882 ei,
2986 3820 3173 3889 inquit,
3206 3820 3255 3872 iu
3297 3829 3441 3872 nocte
3488 3819 3598 3872 illi.
3654 3818 3966 3874 Coasidera

2373 3911 2462 3964 Dei
2489 3910 2930 3964 sollicitudinem:
2964 3919 3020 3963 ut
3050 3910 3196 3962 illum
3227 3909 3489 3964 refoeillet
3519 3924 3580 3963 ac
3614 3909 3955 3964 ﬁdentioretn

2370 4000 2574 4062 reddat,
2604 4009 2824 4069 apparet
2849 3999 2916 4062 ei,
2948 4011 2999 4053 et
3022 3999 3184 4053 dicit:
3220 3999 3329 4068 Ego
3372 4016 3482 4052 sunt
3525 3998 3660 4051 Deus
3686 3999 3952 4052 Abraham

2370 4090 2528 4160 patris
2557 4091 2652 4151 tui,
2687 4099 2887 4157 patrem
2916 4086 3077 4141 tuum
3101 4087 3387 4156 gloriileavi
3416 4098 3469 4140 et
3505 4087 3640 4140 adeo
3681 4086 3956 4142 celebrem

2371 4179 2610 4245 reddidi,
2667 4194 2730 4233 ac
2784 4181 3114 4248 peregrinum
3173 4177 3534 4246 advenantque
3607 4177 3957 4231 illustriorem

2368 4271 2612 4324 omnibus
2639 4270 2824 4324 incolis
2849 4269 2970 4323 feci.
3011 4270 3118 4338 Ego
3136 4284 3253 4322 sum
3286 4269 3374 4322 ille
3401 4310 3414 4331 ,
3442 4269 3528 4337 qui
3558 4265 3709 4321 hunc
3729 4267 3801 4321 ita
3829 4282 3957 4322 cre-

2368 4379 2517 4419 scere
2538 4364 2884 4427 curavi,etin
2923 4364 3168 4416 omnibus
3222 4375 3404 4414 curam
3456 4361 3573 4425 ejus
3633 4359 3798 4429 gessi.
3843 4360 3960 4430 Ego

2371 4471 2524 4509 sum:
2557 4455 2634 4507 Ne
2665 4456 2818 4523 igitur
2840 4457 3033 4508 timeas.
3063 4453 3197 4518 Quid
3218 4453 3316 4506 sibi
3339 4451 3611 4517 vultillud,
3637 4450 3720 4505 Ne
3739 4452 3963 4508 timeas!

2371 4545 2445 4600 Ne
2469 4546 2557 4599 tibi
2601 4547 2792 4599 mirum
2819 4547 3060 4600 videatur
3080 4545 3218 4614 quod
3268 4546 3336 4598 ab
3387 4544 3698 4600 Abimeleclt
3743 4545 3820 4598 sis
3862 4560 3965 4600 esp

2370 4635 2571 4705 pulsus,
2602 4634 2738 4704 quod
2767 4650 2796 4688 a
2828 4635 3125 4702 pastoribus
3154 4635 3228 4689 sis
3283 4633 3475 4702 injuria
3517 4633 3760 4689 affectus.
3789 4633 3959 4690 Multa

2372 4728 2492 4781 talia
2523 4737 2574 4781 et
2601 4736 2748 4796 pater
2772 4735 2893 4782 tuus
2920 4725 3155 4796 pertulit,
3180 4734 3236 4782 et
3271 4726 3392 4781 inde
3417 4725 3698 4794 gloriosior
3733 4724 3961 4780 elfectus

2369 4829 2469 4870 est.
2528 4816 2604 4872 Ne
2657 4817 2818 4884 igitur
2839 4816 2942 4870 hoc
2979 4825 3030 4872 te
3068 4823 3304 4870 terreat:
3339 4813 3446 4886 Ego
3472 4816 3605 4868 enim
3627 4828 3787 4869 tecum
3818 4832 3957 4869 suus.

2372 4908 2568 4964 Idcirco
2593 4908 2704 4962 haec
2735 4907 2844 4960 ﬁeri
2873 4908 3138 4974 permitto,
3172 4906 3328 4960 simul
3369 4906 3552 4960 volens
3580 4915 3635 4960 et
3666 4905 3959 4961 declarare

2372 5010 2512 5054 tuam
2540 5002 2786 5052 virtutem
2811 5035 2827 5061 ,
2857 5005 2910 5049 et
2935 4996 3262 5050 manifestari
3307 4982 3744 5050 mentis‘illorttm
3775 4998 3959 5066 pravi-

2372 5099 2552 5153 tatem,
2577 5097 2630 5140 ut
2655 5086 2843 5139 horum
2871 5085 3109 5139 omnium
3146 5099 3306 5140 causa
3352 5093 3403 5140 te
3441 5099 3727 5149 coronem;
3760 5084 3958 5139 Tecum

2371 5181 2657 5233 enimsunt.
2695 5176 2816 5232 Ideo
2863 5186 2918 5235 ct
2967 5177 3190 5231 invictus
3219 5176 3346 5239 eris,
3372 5184 3529 5244 atque
3581 5173 3960 5229 int‘estantrbus

2375 5271 2656 5340 potentior,
2690 5278 2742 5322 et
2774 5268 3144 5321 invadentibus
3175 5265 3382 5321 fortior.
3413 5266 3479 5319 Et
3521 5274 3719 5319 tantam
3747 5264 3822 5320 tui
3856 5280 3960 5321 cu-

2373 5378 2484 5417 ram
2540 5360 2762 5424 habebo,
2799 5370 2854 5413 ut
2901 5359 3189 5413 invidiosus
3234 5358 3337 5412 illis
3381 5358 3456 5426 sis
3508 5357 3717 5412 futurus
3774 5373 3787 5408 :
3845 5355 3960 5429 Ego

2373 5458 2503 5509 enint
2536 5462 2694 5506 terum
2735 5469 2844 5507 sum
2871 5494 2886 5518 ,
2919 5462 2964 5506 et
3004 5452 3293 5505 benedicam
3320 5461 3366 5503 te
3390 5492 3403 5514 ,
3429 5462 3472 5503 et
3501 5448 3848 5518 multiplicitbo
3874 5465 3959 5503 sec

2375 5560 2485 5596 tuen
2539 5554 2678 5595 tuum
2707 5553 2906 5611 pmpter
2936 5543 3184 5595 Abraham
3213 5552 3404 5610 patrem
3435 5551 3593 5590 tuum.

2447 5634 2582 5688 Deus
2603 5650 2691 5686 cur
2711 5649 2761 5686 se
2787 5634 2918 5686 dicat
2943 5632 3103 5686 Deum
3133 5630 3422 5684 Abrahami.
3452 5657 3520 5668 --
3545 5626 3831 5682 Considera
3868 5627 3962 5682 ip.»-

2378 5728 2682 5799 nignitatem
2731 5726 2840 5782 Dei.
2875 5725 3003 5780 Natn
3051 5734 3324 5794 postquam
3352 5721 3508 5787 dixit,
3545 5719 3648 5790 Ego
3679 5734 3787 5772 sum
3822 5716 3960 5774 Deus
