4182 6322
204 378 287 432 {Gl
1256 364 1320 416 IN
1360 361 1513 419 CAP.
1552 358 1742 417 XXVI.
1784 356 2026 416 GENES.
2070 359 2297 417 liOMlL.
2340 358 2446 417 Li].

204 488 401 541 Αιπαιρω
420 484 581 555 patri:
601 484 697 550 tui,
726 494 777 539 et
807 479 1036 536 ostendit
1060 482 1328 548 quomodo
1348 477 1447 532 sibi
1471 477 1775 531 vindicave-

206 579 286 639 rit.
312 576 693 645 propriumque
725 576 907 629 fecerit
939 570 1313 642 patriarcham,
1344 572 1414 624 ita
1445 579 1505 625 ut
1532 569 1781 638 dignatus

205 670 265 722 sit
290 682 345 722 se
373 681 568 724 vocare
597 667 763 721 Deum
792 665 1019 721 Abrahae
1039 705 1054 729 ,
1086 672 1244 733 atque
1277 662 1531 717 Dominus
1558 675 1621 716 ac
1648 675 1781 713 con-

203 759 331 811 ditor
355 757 523 816 orbis.
548 756 711 810 unius
737 755 966 809 hominis
996 754 1158 808 Deum
1189 768 1248 807 se
1276 752 1489 816 dixerit,
1515 766 1620 805 non
1648 764 1781 804 con-

202 849 410 906 cludens
424 849 475 902 in
492 861 598 901 uno
618 845 912 916 patriarcha
930 844 1219 899 dominium
1236 859 1413 909 suum,
1430 843 1521 897 sed
1538 856 1781 911 magnam

208 939 255 992 in
280 938 419 992 illum
450 950 604 990 suam
631 934 1054 990 benevolentiam
1084 942 1389 988 monstrans
1423 951 1435 984 :
1466 932 1557 994 ita,
1590 929 1779 999 inquit,

198 1041 309 1081 eum
340 1025 466 1081 mibi
496 1024 599 1081 feci
626 1026 927 1096 preprium,
959 1033 1014 1078 ut
1040 1023 1177 1092 apud
1203 1038 1289 1078 me
1319 1031 1590 1093 repntetur
1618 1021 1780 1087 tanti,

206 1118 371 1187 quanti
399 1117 487 1172 alii
518 1131 712 1173 omnes
742 1132 757 1171 :
803 1115 924 1169 ideo
968 1114 1034 1168 Et
1070 1114 1413 1184 multiplicabo
1440 1129 1605 1168 semen
1642 1122 1785 1165 tuum

209 1215 398 1276 prepter
422 1206 686 1261 Abraham
712 1215 905 1276 patrem
926 1213 1085 1258 tuum.
1115 1204 1322 1263 Multas,
1356 1204 1554 1270 inquit,
1584 1203 1655 1257 illi
1687 1201 1783 1256 de-

211 1299 300 1350 beo
319 1296 702 1351 retributiones
728 1296 799 1349 ob
829 1309 977 1349 suam
1009 1294 1058 1348 in
1086 1309 1172 1349 me
1199 1292 1553 1347 obedientiam
1584 1310 1597 1346 :
1629 1292 1787 1361 igitur

210 1396 410 1458 propter
434 1388 585 1441 illum
612 1385 966 1457 Multiplicabo
988 1401 1154 1439 semen
1174 1394 1356 1448 tuum;
1383 1384 1538 1438 simul
1561 1392 1615 1437 ct
1639 1384 1784 1451 justo

200 1478 438 1532 ‘tlduciatn
481 1478 713 1542 indidit,
744 1486 798 1533 et
831 1477 965 1532 facta
997 1476 1160 1545 patris
1185 1477 1456 1530 mentione
1479 1515 1494 1541 ,
1521 1474 1589 1529 ad
1619 1490 1783 1527 minu-

202 1568 401 1624 landam
419 1579 695 1639 paternam
710 1571 953 1623 virtutem
968 1568 1289 1638 provocavit.
1307 1568 1593 1637 Postquam
1606 1576 1782 1621 autem

210 1670 337 1714 tanta
356 1660 404 1715 ei
422 1660 560 1715 bona
581 1660 842 1730 promisit,
859 1661 950 1715 25.
966 1641 1288 1729 AEdiﬁcavit,
1311 1660 1499 1729 inquit,
1518 1660 1585 1713 ibi
1601 1659 1781 1724 altare,

209 1759 250 1803 et
287 1750 526 1805 inuocauit
556 1768 739 1805 nomen
766 1750 973 1804 Domini
992 1792 1004 1815 ,
1034 1761 1079 1804 et
1118 1752 1230 1819 fixit
1267 1751 1373 1806 illic
1410 1752 1786 1805 tuba-naculum

209 1857 363 1897 suum.
382 1840 519 1908 Quid
536 1850 640 1907 est,
662 1840 962 1909 lidiﬁcavit
981 1842 1085 1896 illic
1101 1843 1296 1895 altare?
1310 1841 1611 1898 Gratiarum
1630 1842 1789 1897 actio.

209 1945 314 1995 nes,
330 1931 517 2000 inquit,
533 1933 645 1986 illic
659 1932 882 1988 Domino
896 1932 1104 1996 obtulit,
1118 1933 1206 2001 qui
1223 1942 1418 1987 tantam
1434 1948 1528 2003 pro
1540 1949 1599 1987 se
1609 1948 1789 2002 gesse-

210 2030 282 2073 rat
296 2021 731 2076 sollicitudinem.
757 2021 826 2075 Et
846 2023 1082 2094 foderunt
1102 2023 1207 2076 illic
1221 2024 1365 2093 pueri
1389 2022 1543 2077 Isaac
1560 2034 1784 2094 puteum.

211 2108 418 2165 Demum
458 2126 584 2165 cum
618 2112 912 2167 securitare
941 2112 1087 2184 degit
1111 2113 1287 2182 justus
1320 2134 1334 2169 :
1368 2129 1489 2168 nam
1518 2115 1605 2183 qui
1633 2114 1787 2169 dixe-

207 2208 281 2254 vat
301 2240 315 2263 ,
351 2198 460 2271 Ego
490 2212 657 2257 tecum
678 2218 789 2255 sum
808 2243 824 2269 ,
856 2213 902 2256 et
940 2203 1228 2257 benedicam
1254 2211 1331 2272 te,
1360 2214 1407 2258 et
1442 2205 1788 2273 multiplicabo

208 2304 362 2344 seuseu
383 2301 526 2345 tuum
553 2309 573 2345 :
601 2292 714 2362 ipse
738 2293 896 2348 simul
916 2308 1037 2348 eum
1060 2304 1114 2357 et
1141 2295 1441 2360 illustravit,
1468 2305 1523 2351 et
1544 2296 1788 2351 omnibus

210 2377 323 2435 iecit
359 2381 729 2451 spectabilem.
776 2382 957 2452 itaque
985 2384 1104 2439 vide
1134 2386 1441 2440 Abimelecli
1477 2387 1623 2454 illum
1654 2428 1667 2453 ,
1698 2387 1788 2456 qui

209 2470 412 2542 abigere
437 2488 564 2527 eum
591 2488 872 2544 aggressus
900 2484 1004 2541 est,
1030 2489 1091 2530 ac
1115 2476 1268 2542 dixit,
1296 2476 1391 2530 Abi
1410 2494 1441 2530 a
1464 2477 1623 2543 nobis,
1648 2492 1789 2533 nunc

210 2564 270 2619 ad
292 2579 409 2620 eum
440 2566 804 2621 accedentem.
833 2566 923 2622 26.
951 2566 1051 2621 Ibit
1078 2569 1241 2635 enim,
1266 2569 1451 2638 inquit,
1478 2568 1788 2635 Abimeleclt,

206 2665 253 2707 et
278 2660 546 2725 prtcfectus
571 2657 795 2727 gyntecei
818 2666 865 2712 et
886 2657 993 2711 dua:
1015 2658 1259 2712 exercitus
1286 2660 1430 2728 ejus;
1460 2658 1551 2713 28.
1585 2669 1631 2712 et
1661 2659 1792 2713 dixit

207 2744 274 2799 eis
304 2743 455 2799 Isaac
498 2761 520 2800 :
558 2746 730 2812 Quare
766 2748 969 2801 venistis
1006 2748 1074 2801 ad
1108 2748 1228 2801 me?
1255 2764 1339 2803 uos
1370 2758 1539 2802 autem
1568 2750 1685 2803 odio
1714 2766 1792 2802 me

214 2833 467 2901 habuistis,
490 2844 548 2891 et
574 2835 839 2906 expulistis
867 2854 901 2891 a
925 2838 1081 2893 vobis.
1115 2838 1277 2905 Vide,
1305 2838 1531 2893 obsecro
1551 2882 1565 2903 ,
1593 2850 1789 2911 quanta

206 2926 276 2980 sit
293 2926 647 2983 mansuetudo
662 2927 811 2997 justi.
838 2928 1033 2985 Videas
1054 2944 1147 2986 eos
1164 2946 1195 2985 a
1215 2931 1406 3000 quibus
1428 2931 1637 3001 fugatus
1653 2941 1789 2999 erat,

206 3024 260 3069 et
285 3016 372 3086 qui
397 3026 549 3071 tanto
573 3031 694 3072 eum
715 3018 841 3074 odio
866 3018 1075 3074 fuerant
1104 3023 1601 3095 prosequutinnuuc
1624 3022 1788 3075 veluti

212 3106 469 3175 supplices
495 3106 564 3162 ad
590 3122 650 3163 se
670 3108 873 3174 venire,
898 3123 1001 3164 non
1022 3109 1315 3179 superbivit
1339 3120 1525 3165 contra
1544 3126 1658 3173 eos.
1683 3125 1789 3166 non

212 3195 340 3250 elato
366 3196 465 3251 fuit
514 3197 715 3265 animo,
771 3213 979 3254 memor
1030 3215 1217 3254 eorum
1264 3215 1383 3270 qua:
1425 3200 1525 3255 sibi
1553 3216 1584 3255 a
1611 3201 1793 3257 Domi-

207 3301 277 3341 no
300 3288 437 3342 dicta
480 3288 689 3345 fuerant
714 3332 728 3355 ,
754 3305 930 3361 neque
957 3290 1152 3345 virtute
1180 3291 1385 3345 Domini
1417 3291 1585 3346 fretus
1617 3292 1792 3347 insur-

215 3376 337 3429 rexit
381 3386 570 3432 contra
600 3392 780 3449 regem
810 3396 824 3431 :
852 3379 944 3435 sed
982 3382 1175 3435 iterum
1202 3391 1512 3436 consuetam
1545 3397 1792 3438 mansue-

216 3464 438 3521 tudinem
466 3481 579 3537 pra:
599 3482 660 3523 se
685 3467 885 3536 ferens,
908 3484 1028 3524 cum
1058 3486 1244 3541 magna
1267 3471 1484 3527 leuitate
1504 3473 1789 3528 verberum

214 3552 335 3609 dixit
369 3555 452 3611 eis
483 3574 499 3610 :
530 3554 703 3621 Quare
737 3557 939 3612 venistis
966 3560 1035 3611 ad
1076 3576 1155 3613 me
1184 3560 1211 3613 2
1239 3576 1325 3614 vos
1352 3572 1521 3615 autem
1559 3562 1676 3615 odio
1715 3579 1793 3617 me

214 3644 477 3711 habuistis,
510 3659 560 3703 et
584 3664 617 3704 a
639 3649 774 3704 vobis
791 3651 1072 3721 expulistis.
1103 3651 1311 3717 Quare,
1344 3653 1545 3722 inquit,
1573 3655 1788 3710 censui-

213 3736 301 3789 stis
333 3747 391 3793 ut
418 3739 574 3794 vobis
598 3740 915 3795 veniendum
955 3742 1021 3796 sit
1061 3743 1126 3797 ad
1159 3758 1245 3798 me
1273 3746 1552 3813 expulsum
1583 3754 1637 3802 et
1665 3746 1789 3802 odio

214 3825 437 3883 habitum
454 3831 480 3883 τ
502 3829 596 3886 28.
626 3829 693 3884 Et
723 3831 958 3885 dixerunt
986 3848 1004 3885 :
1040 3831 1271 3887 Videntes
1299 3835 1513 3889 vidimus
1538 3839 1656 3904 quia
1682 3837 1790 3893 Do-

211 3918 366 3971 minus
408 3930 575 3973 tecum
592 3961 608 3985 ,
640 3930 687 3974 et
716 3922 935 3975 diximus
960 3938 979 3975 :
1005 3920 1125 3976 Fiat
1165 3926 1436 3979 exsecratio
1465 3928 1595 3981 inter
1624 3944 1716 3982 nos
1742 3937 1791 3982 et

211 4008 329 4061 inter
355 4019 435 4076 te,
465 4019 518 4065 et
542 4009 866 4079 disponemus
894 4012 1059 4083 ftedus
1088 4022 1250 4067 tecum
1270 4056 1286 4081 ,
1317 4014 1405 4070 29.
1436 4026 1491 4069 ut
1516 4034 1577 4071 ne
1611 4017 1791 4085 feceris

212 4096 459 4151 uobiwum
485 4101 705 4164 malum,
729 4103 858 4157 sicut
888 4117 979 4156 nos
1006 4118 1107 4157 non
1135 4106 1411 4159 abonu'nati
1434 4123 1607 4161 sumus
1631 4118 1711 4175 te,
1742 4119 1790 4163 et

212 4193 448 4259 quomodo
482 4206 643 4251 tecum
682 4197 803 4251 bene
836 4214 1011 4254 sanius
1049 4202 1127 4255 usi
1152 4244 1166 4268 ,
1193 4213 1240 4256 et
1284 4203 1565 4260 dimisimus
1594 4215 1640 4261 te
1674 4223 1789 4261 cum

214 4298 346 4351 pace,
374 4294 425 4339 et
450 4303 587 4340 nunc
611 4287 895 4344 benedictus
921 4302 975 4345 tu
1003 4307 1037 4346 α
1062 4291 1303 4349 Domino.

274 4376 327 4429 ι.
369 4374 505 4432 Vide
529 4386 782 4447 quantum
809 4384 1229 4440 mansuetudinis
1254 4387 1417 4443 robur
1438 4430 1455 4456 ,
1487 4402 1789 4462 quantaque

214 4463 409 4551 virtutis
452 4469 709 4551 potentia.
754 4470 886 4526 Nam
912 4472 1004 4543 qui
1044 4475 1250 4544 pridem
1291 4477 1579 4551 abi-gerant
1602 4524 1616 4545 ,
1647 4498 1789 4540 nunc

212 4550 416 4604 veniunt
443 4550 513 4605 ad
544 4555 914 4623 peregrinum,
941 4558 1008 4611 ad
1037 4559 1206 4614 virum
1232 4550 1445 4618 civitate
1473 4577 1742 4623 carentem
1766 4610 1781 4634 ,

210 4637 268 4691 ad
305 4655 551 4695 etronem
582 4663 595 4697 :
621 4652 678 4697 et
706 4658 811 4699 non
838 4645 1008 4700 solum
1034 4649 1401 4715 satisfaciunt,
1434 4668 1498 4708 ac
1529 4667 1786 4712 excusant

210 4744 262 4785 se
299 4732 366 4788 de
407 4734 478 4789 iis
515 4749 634 4804 quin
672 4738 1083 4803 commiserant,
1112 4751 1164 4795 et
1203 4755 1539 4811 peccatorum
1571 4748 1784 4803 veniam

212 4830 404 4888 petunt,
434 4825 533 4881 sed
559 4834 612 4881 et
644 4830 931 4897 prardicant
953 4831 1173 4901 justum,
1208 4834 1546 4907 indicantque
1573 4839 1675 4895 sibi
1705 4842 1786 4896 in-

211 4926 414 4968 cussum
440 4928 663 4987 metum.
693 4936 755 4975 ac
780 4919 1100 4977 coalitentur
1123 4941 1271 4979 suam
1304 4926 1665 4984 inﬁrmitatem
1685 4972 1700 4995 ,
1732 4940 1785 4987 et

208 5002 324 5069 justi
347 5020 594 5077 magnam
619 5017 881 5066 testantur
900 5014 1169 5069 virtutem.
1195 5015 1328 5083 Quid
1352 5020 1495 5073 enim
1517 5022 1786 5078 robuStius

210 5108 269 5183 eo
310 5098 398 5166 qui
438 5111 622 5153 secum
666 5099 825 5155 habet
863 5103 1063 5159 Deum?
1115 5106 1382 5171 Videnles,
1416 5112 1621 5179 inquit,
1651 5116 1785 5183 quod

215 5182 451 5249 Dominus
472 5198 635 5242 tecum
660 5202 753 5244 est.
777 5191 930 5248 Unde
954 5194 1101 5249 Vobis
1124 5196 1206 5249 illa
1236 5198 1493 5254 scientia?
1518 5182 1780 5270 Profecm,

211 5273 381 5332 dicunt
400 5320 414 5343 ,
447 5293 535 5335 res
566 5282 692 5351 ipstc
721 5298 817 5337 nos
843 5283 1157 5341 docuerunt.
1189 5289 1427 5345 Vidimus
1458 5305 1508 5347 te
1537 5296 1783 5352 abactum

212 5364 536 5436 augentibus
561 5370 831 5427 fortiorem
864 5375 1056 5430 factum
1087 5391 1239 5441 esse.
1270 5389 1324 5434 et
1353 5394 1599 5437 vexatum
1630 5401 1723 5439 eos
1754 5403 1784 5442 a

211 5457 392 5523 quibus
428 5460 695 5517 vexaltare
722 5476 1001 5532 superasse
1026 5506 1040 5529 ,
1073 5477 1128 5522 et
1154 5483 1218 5522 ex
1249 5484 1425 5523 rerum
1457 5474 1595 5527 serie
1626 5476 1773 5529 intel-

214 5548 428 5603 leximus
472 5560 524 5605 te
568 5567 802 5621 superno
836 5554 934 5609 frui
976 5559 1190 5612 auxilio.
1243 5558 1353 5615 Hoc
1388 5573 1564 5618 autem
1593 5566 1784 5623 divina:

214 5637 261 5690 di
292 5642 613 5707 pensationis
635 5659 772 5713 opus
798 5654 879 5699 est
902 5688 913 5705 .
940 5648 1081 5716 quod
1112 5664 1262 5705 mens
1287 5666 1471 5720 eorum
1498 5657 1783 5728 obstupue-

215 5740 280 5783 rit
302 5731 518 5801 justum,
549 5745 605 5792 et
627 5738 770 5807 quod
797 5736 895 5795 hoc
919 5743 1284 5811 cognoverint.
1312 5745 1571 5812 Quoniam
1598 5749 1778 5820 igitur,

3380 359 3484 418 46‘!

1889 472 2076 543 inquit,
2108 473 2365 528 Dominus
2393 482 2591 537 tecum,
2620 469 2739 526 Fiat
2758 471 3034 527 exsecratio
3058 471 3188 528 inter
3206 488 3316 528 nos.
3347 473 3479 530 Vidu

1884 562 2154 631 quomodo
2176 563 2483 632 impellente
2503 561 2827 617 conscientia
2850 564 3171 632 semetipsos
3193 565 3487 633 reprelien-

1887 653 2015 707 dere
2046 652 2318 719 festinant,
2350 669 2470 708 cum
2503 654 2677 707 nullus
2701 653 2839 708 alius
2862 662 3037 723 cogat.
3067 653 3151 710 vel
3181 653 3313 708 facta
3340 653 3475 721 obji-

1887 744 2012 799 ciat.
2041 742 2169 798 Nam
2201 744 2300 798 nisi
2331 744 2575 813 injuriam
2600 742 2879 807 fecissetis,
2900 759 3064 812 quare
3083 758 3113 797 a
3132 745 3275 812 justo
3297 744 3477 814 petitis

1888 840 1946 885 ut
1976 832 2183 886 ineatur
2222 831 2432 887 foedus?
2459 832 2565 888 Sed
2595 824 2666 889 ita
2697 848 2756 887 se
2781 832 2941 887 habet
2975 834 3229 902 injustitia
3259 851 3271 886 :
3300 836 3480 904 quoti-

1888 920 1975 975 die
2002 922 2326 977 conscientia
2354 922 2581 987 mordet,
2612 930 2667 977 et
2696 923 2885 977 silente
2913 936 2981 979 eo
3001 924 3090 994 qui
3114 922 3346 977 oﬂ'ensus
3372 932 3479 989 est,

1891 1026 2100 1081 pmuam
2132 1022 2290 1082 atque
2332 1013 2590 1067 rationem
2632 1012 2783 1082 exigi
2818 1020 3008 1083 putant
3045 1015 3133 1082 qui
3165 1015 3480 1083 iniustitiam

1889 1113 2015 1159 sunt
2040 1107 2244 1173 operati
2275 1124 2288 1159 :
2311 1106 2551 1175 quotidie
2577 1117 2861 1176 anguntur,
2886 1115 2939 1161 et
2965 1108 3113 1176 quasi
3139 1109 3485 1178 sibimetipsis

1894 1196 2246 1263 prmscribunt
2278 1208 2618 1266 peccatorum
2646 1212 2863 1251 suorum
2892 1197 3167 1252 ultionem.
3200 1197 3252 1252 Id
3280 1214 3400 1253 eum
3428 1208 3501 1254 et

1892 1285 1964 1337 illi
1991 1286 2304 1339 didicissent
2325 1327 2337 1343 .
2374 1286 2493 1352 Sit,
2527 1286 2805 1355 inquiunt,
2834 1289 3112 1341 exsecratio
3150 1290 3281 1341 inter
3321 1306 3413 1343 nos
3437 1299 3485 1343 et

1889 1375 2019 1427 inter
2062 1386 2127 1428 te.
2182 1375 2380 1429 Deinde
2422 1376 2605 1429 dicunt
2650 1376 2859 1445 qualem
2898 1378 3318 1432 exsecrationem
3368 1378 3480 1433 fieri

1890 1468 2074 1520 velint.
2109 1464 2175 1518 Et
2213 1466 2450 1529 inibimus
2495 1467 2659 1535 ftedus
2689 1478 2847 1520 tecum
2872 1507 2886 1531 ,
2920 1477 2974 1519 ut
3012 1484 3076 1521 ne
3119 1468 3298 1536 feceris
3340 1469 3484 1523 nobis

1891 1561 2118 1621 malum,
2149 1559 2278 1612 sicut
2315 1575 2407 1611 nos
2445 1575 2543 1612 non
2578 1575 2752 1612 sumus
2783 1569 2830 1612 te
2856 1558 3149 1613 abominati.
3186 1560 3315 1614 Vide
3344 1576 3482 1630 qun-

1891 1649 2049 1701 modo
2077 1650 2357 1718 pugnantia
2390 1648 2526 1702 inter
2554 1664 2612 1704 se
2640 1664 2749 1718 prae
2782 1650 2975 1703 mentis
3004 1664 3201 1720 angore
3222 1660 3275 1703 et
3304 1650 3483 1703 turba-

1894 1739 2034 1791 tione
2060 1739 2347 1807 loquuntur
2376 1754 2391 1792 :
2424 1737 2505 1791 Ne
2534 1739 2709 1805 feceris
2750 1738 2892 1790 nobis
2936 1739 3147 1791 malum.
3191 1738 3365 1805 Quare
3404 1740 3483 1793 sic

1896 1832 2145 1885 timuistis
2179 1832 2379 1901 justum
2406 1871 2421 1895 ,
2454 1830 2696 1885 videntes
2732 1846 2853 1885 eum
2886 1840 3083 1884 tantam
3113 1847 3223 1903 pra:
3254 1848 3312 1886 se
3343 1833 3484 1889 ferro

1892 1919 2353 1974 mansuetudinem
2382 1935 2505 1987 erga
2537 1934 2631 1974 eos
2659 1920 2747 1989 qui
2779 1920 3146 1974 lacessebant?
3174 1920 3277 1976 Sed
3309 1922 3485 1977 incor-

1893 2023 2077 2080 ruptus
2096 2011 2257 2079 judex
2283 2053 2298 2077 ,
2327 2012 2648 2067 conscientia
2670 2054 2686 2079 ,
2718 2028 2813 2067 eos
2839 2012 3125 2079 excitavit,
3158 2024 3210 2068 et
3240 2013 3483 2069 animad-

1893 2110 2155 2155 verterunt
2187 2111 2444 2172 quantum
2475 2119 2600 2174 erga
2626 2103 2827 2172 justum
2859 2104 3050 2175 ingrati
3083 2102 3276 2159 fuerint
3306 2122 3321 2159 :
3354 2121 3484 2174 pro-

1894 2200 2076 2261 pterea
2114 2208 2222 2261 prae
2252 2193 2441 2247 timore
2470 2205 2627 2264 atque
2654 2192 2941 2250 formidine
2981 2211 3083 2249 non
3119 2196 3398 2250 attendunt
3426 2210 3486 2251 se

1893 2282 2098 2337 diversa
2128 2290 2180 2336 et
2204 2284 2487 2353 pugnantia
2512 2284 2676 2354 loqui.
2712 2284 2793 2338 Ne
2818 2287 2994 2354 feceris
3013 2328 3029 2352 ,
3059 2287 3261 2355 inquit,
3292 2289 3485 2341 malum

1894 2372 2188 2438 nobiscum,
2220 2373 2351 2427 sicut
2396 2390 2486 2427 nos
2518 2386 2565 2429 te
2607 2391 2708 2429 non
2748 2374 3024 2429 abominati
3066 2394 3257 2432 sumus.
3308 2378 3486 2446 Quare

1896 2465 2053 2533 igitur
2078 2452 2367 2535 abegistis?
2409 2467 2603 2521 Verum
2644 2468 2821 2537 justus
2864 2483 2967 2522 non
3013 2471 3141 2538 petit
3181 2471 3480 2534 ratiunem,

1894 2570 2066 2623 neque
2095 2558 2427 2625 e1postulat,
2462 2573 2633 2626 neque
2656 2573 2841 2613 eorum
2865 2559 3224 2631 dietaarguit.
3255 2560 3321 2613 Et
3350 2578 3481 2631 quo-

1894 2648 2044 2699 mo.'lo
2067 2689 2080 2709 ,
2112 2649 2313 2717 inquit,
2346 2649 2466 2701 bene
2490 2658 2539 2702 te
2565 2650 2640 2701 usi
2668 2666 2843 2705 sumus
2866 2691 2879 2712 ,
2908 2660 2951 2704 et
2983 2652 3265 2705 dimisimus
3296 2663 3342 2707 te
3368 2669 3485 2707 cum

1897 2752 2021 2805 pace
2042 2779 2055 2802 ,
2104 2748 2149 2789 et
2179 2754 2313 2791 nunc
2341 2748 2396 2792 tu
2420 2735 2708 2794 benedictus
2734 2758 2766 2793 a
2805 2741 3045 2796 Domino.
3078 2742 3237 2797 Vides
3275 2759 3369 2799 eos
3396 2759 3487 2799 su-

1896 2843 2112 2897 pernam
2153 2831 2436 2885 vindictam
2476 2832 2734 2889 timuisse.
2776 2832 2977 2888 Norant
3014 2836 3155 2889 enim
3185 2835 3324 2905 quod
3362 2837 3487 2891 licet

1896 2922 2009 2987 ipse
2035 2929 2248 2990 propter
2273 2921 2655 2977 humanitatem
2684 2938 2833 2978 suam
2864 2940 2966 2979 non
3000 2926 3345 2982 ulcisceretur
3364 2944 3483 2997 qua:

1894 3006 2131 3064 iecerant
2153 3051 2167 3073 ,
2196 3026 2318 3064 eum
2363 3022 2509 3066 certe
2536 3013 2625 3082 qui
2674 3023 2873 3069 tantam
2899 3016 3014 3081 ejus
3042 3029 3223 3069 curam
3254 3018 3444 3084 agebat
3467 3059 3484 3079 ,

1896 3101 2242 3171 repetiturum
2271 3116 2390 3156 esse
2418 3103 2677 3157 rationem
2705 3117 2887 3157 eorum
2911 3120 3028 3173 qua:
3054 3104 3323 3174 injustam
3347 3108 3482 3163 facta

1896 3191 2108 3249 fuerant
2137 3210 2149 3245 :
2181 3202 2465 3263 eaprOpter
2488 3194 2690 3262 justum
2734 3194 2984 3265 placant,
3027 3204 3083 3249 et
3110 3207 3319 3266 pactum
3350 3199 3485 3255 inire

1895 3297 2016 3337 cum
2056 3298 2122 3338 eo
2163 3284 2416 3347 student.
2448 3285 2606 3339 simul
2647 3294 2701 3340 et
2739 3300 2840 3356 pro
2884 3287 2947 3341 iis
2989 3304 3107 3357 qua:
3154 3287 3287 3344 facta
3328 3298 3485 3346 erant

1896 3374 2154 3427 rationem
2198 3375 2481 3430 reddentes
2505 3415 2521 3440 ,
2554 3385 2608 3431 et
2652 3376 2703 3430 in
2748 3376 2980 3431 futurum
3011 3379 3349 3433 securitatem
3382 3381 3483 3435 sibi

1895 3465 2260 3521 conciliantes.
2306 3466 2492 3521 ὔοο-Ει
2531 3467 2648 3536 fecit
2685 3468 2759 3521 eis
2784 3508 2800 3534 ,
2845 3469 3050 3537 inquit,
3092 3470 3407 3533 convivium,
3437 3480 3483 3524 et

1895 3556 2213 3610 comederunt
2237 3566 2283 3610 et
2307 3556 2536 3612 biberunt
2562 3576 2581 3612 :
2601 3559 2690 3613 5i.
2719 3570 2767 3613 et
2796 3576 2909 3613 cum
2936 3563 3269 3616 surrexissent
3300 3580 3443 3617 mane
3465 3605 3483 3631 ,

1886 3649 2081 3719 jurarit
2104 3650 2446 3721 unusquisque
2474 3650 2703 3720 proximo
2732 3668 2824 3705 suo
2850 3694 2863 3714 ,
2892 3662 2939 3705 et
2963 3653 3153 3706 dimisit
3180 3671 3263 3708 eos
3290 3655 3443 3707 Isaac
3465 3696 3481 3719 ,

1894 3752 1942 3794 et
1971 3741 2302 3796 discesserunt
2327 3743 2391 3795 ab
2416 3759 2475 3796 eo
2501 3758 2615 3796 cum
2643 3744 2825 3797 salute.
2857 3743 2988 3798 Vide
3026 3747 3153 3813 justi
3184 3746 3483 3816 benignita-

1897 3841 2000 3887 tem
2029 3875 2043 3895 .
2073 3834 2345 3902 quomodo
2367 3849 2488 3889 cum
2519 3836 2598 3890 eis
2627 3836 2827 3906 absque
2861 3836 3163 3892 vindicandi
3194 3839 3483 3909 cupiditate

1896 3923 2130 3994 loquitur
2158 3942 2171 3977 :
2200 3934 2251 3980 et
2282 3938 2388 3979 non
2424 3926 2593 3980 solum
2624 3927 2954 3982 obliviscitur
2982 3943 3168 3983 eorum
3198 3946 3317 4000 qua:
3345 3931 3397 3984 in
3425 3944 3487 3986 so

1896 4016 2052 4081 facta,
2075 4016 2167 4071 sed
2196 4032 2384 4087 magna
2407 4017 2766 4088 hospitalitate
2796 4020 2913 4073 illos
2933 4020 3150 4090 excipit.
3179 4020 3319 4075 Fecit
3339 4024 3485 4079 enim

1894 4109 1964 4162 eis
1979 4108 2277 4175 conuiuium,
2299 4118 2346 4162 et
2371 4110 2691 4163 comederunt
2716 4121 2763 4165 et
2793 4112 3035 4167 biberunt.
3067 4112 3324 4167 Convivia
3352 4115 3484 4171 satis

1893 4208 2039 4254 certa
2077 4198 2168 4252 dat
2200 4208 2507 4268 argumenta
2534 4245 2547 4261 ,
2577 4214 2637 4254 se
2676 4216 2782 4255 non
2822 4201 2937 4256 fore
2976 4217 3268 4259 memorem
3295 4220 3484 4260 eorum

1893 4304 2013 4359 qua:
2037 4289 2090 4343 in
2116 4303 2175 4344 se
2202 4290 2599 4345 commiserant.
2626 4289 2695 4345 Et
2713 4292 2902 4346 dimisit
2926 4310 3028 4358 eos,
3060 4294 3247 4365 inquit,
3272 4306 3317 4349 et
3342 4296 3484 4352 abie-

1891 4391 2010 4435 runt
2032 4398 2146 4435 cum
2170 4382 2351 4437 salute.
2379 4380 2707 4452 Significavit
2728 4399 2823 4453 per
2848 4384 2951 4439 hoc
2974 4385 3151 4440 divina
3179 4388 3479 4458 Scriptutu,

1891 4486 1987 4528 eos
2015 4488 2208 4544 magno
2245 4490 2365 4529 cum
2404 4476 2594 4530 timore
2624 4475 2938 4543 advenisse,
2971 4480 3265 4546 perieulum
3292 4497 3471 4551 exsjie

1892 4570 2099 4619 ctantes
2121 4605 2137 4626 ,
2166 4573 2219 4618 et
2243 4564 2310 4619 de
2335 4581 2513 4621 rerum
2538 4582 2745 4622 summa
2767 4609 2784 4633 ,
2814 4577 2873 4623 ut
2905 4570 2974 4623 ita
3000 4570 3173 4625 dicam
3199 4613 3215 4639 ,
3246 4575 3441 4628 anxios
3464 4614 3482 4639 ,

1892 4663 1951 4709 ut
2002 4668 2318 4711 excusarent
2362 4672 2461 4721 so,
2510 4659 2575 4713 ad
2622 4659 2824 4729 justum
2866 4664 3233 4719 eot.tendi55e.
3292 4666 3484 4725 Vidisti

1891 4749 2160 4817 quomodo
2188 4748 2315 4801 nihil
2343 4750 2566 4805 validius
2594 4752 2824 4807 virtute?
2852 4753 2982 4808 nihil
3010 4756 3275 4823 potentius
3296 4774 3485 4826 super-

1892 4839 1975 4893 nis
1999 4839 2210 4907 auxiliis
2233 4839 2409 4894 freto?
2432 4841 2621 4897 Postea
2643 4842 2771 4899 dicit
2796 4862 2809 4897 :
2836 4843 2922 4899 32.
2949 4843 3013 4898 In
3035 4846 3116 4899 die
3141 4847 3229 4899 illo
3254 4849 3484 4904 abierunt

1891 4930 2031 4999 pueri
2066 4928 2215 4983 Isaac
2234 4971 2248 4994 ,
2279 4940 2327 4984 et
2352 4926 2590 4999 foderunt
2614 4941 2837 4999 puteum,
2864 4944 2911 4987 et
2938 4936 3175 4989 dixerunt
3205 4953 3224 4987 :
3257 4938 3372 4993 Non
3398 4940 3482 4993 in-

1888 5021 2109 5075 venimus
2148 5038 2352 5092 aquam.
2383 5022 2469 5077 33.
2501 5022 2567 5075 Et
2602 5026 2793 5078 vocarit
2826 5041 2940 5077 eum
2961 5066 2976 5089 ,
3004 5024 3381 5083 lui-amentum.
3416 5024 3481 5079 Et

1886 5113 2075 5167 idcirco
2098 5114 2293 5168 uocauit
2319 5130 2498 5167 nomen
2524 5116 2747 5179 civitati,
2778 5114 2971 5182 Puteus
2994 5118 3268 5187 juramenti
3286 5158 3301 5181 ,
3326 5134 3482 5185 usque

1887 5206 1939 5258 in
1972 5205 2269 5259 hodiernum
2296 5206 2451 5260 diem.
2482 5206 2612 5267 Vide
2636 5216 2689 5261 et
2715 5208 2818 5271 hic,
2844 5224 2906 5261 ex
2934 5209 2997 5261 iis
3017 5224 3135 5277 qua:
3163 5209 3294 5264 facta
3318 5219 3438 5261 sunt
3460 5250 3476 5272 ,

1889 5298 2008 5353 loco
2036 5314 2228 5359 nomen
2272 5299 2597 5368 impositum.
2628 5299 2759 5355 Nam
2789 5301 2909 5371 quia
2938 5302 3137 5356 effosso
3165 5314 3322 5371 puteo
3349 5302 3476 5354 nihil

1888 5390 2203 5462 invenerunt
2226 5389 2275 5442 in
2300 5389 2386 5441 die
2410 5390 2498 5441 illo
2519 5404 2622 5458 quo
2639 5390 2941 5459 juramenta
2969 5392 3105 5447 inter
3129 5407 3187 5446 se
3216 5393 3474 5458 fecerunt,

1888 5475 2111 5531 Puteum
2152 5477 2440 5546 juratnenti
2484 5481 2690 5533 vocavit
2730 5496 2921 5534 nomen
2948 5482 3050 5537 loci
3076 5522 3089 5545 ,
3121 5492 3179 5536 ut
3217 5481 3475 5535 factorum

1888 5566 2106 5623 duraret
2153 5569 2429 5623 memoria.
2482 5569 2667 5626 Vidisti
2714 5574 2983 5641 quomodo
3024 5573 3201 5641 justus
3233 5574 3354 5636 ille,
3386 5572 3478 5643 qui

1886 5676 2060 5731 neque
2086 5677 2114 5714 a
2142 5662 2259 5730 lege
2282 5663 2523 5719 eruditus
2563 5663 2657 5717 fuit
2678 5706 2693 5731 ,
2723 5680 2896 5735 neque
2923 5666 2987 5719 ad
3017 5666 3250 5736 aliquem
3281 5666 3475 5719 virtute

1892 5754 2171 5824 przeditum
2200 5755 2464 5826 I‘CSpiCCI‘c
2495 5757 2685 5825 potuit,
2714 5757 2807 5811 sed
2838 5759 3003 5827 patr‘s
3030 5756 3253 5827 vesugia'
3281 5772 3474 5828 sequna
