4182 6322
718 361 822 418 (σε

716 481 823 541 tus,
844 483 898 528 et
920 471 1108 529 ductus
1131 487 1160 526 a
1188 471 1507 528 conscientia
1528 470 1777 542 magistra
1807 469 2052 525 humanae
2075 476 2278 523 natura:

717 563 870 619 inunita
890 603 906 628 ,
933 570 1129 617 tantam
1159 551 1398 616 exhibuit
1437 559 1859 630 philosophiam!
1898 559 2027 627 Qua:
2049 557 2190 611 enim
2221 555 2290 610 ab

716 664 788 707 eo
810 649 946 706 facta
985 658 1109 704 sunt
1129 689 1144 714 ,
1175 662 1280 704 non
1306 648 1479 704 solum
1507 647 1961 704 mansuetudinem
1990 646 2290 702 indicabant

713 740 866 809 justi,
895 739 988 795 sed
1015 749 1067 795 et
1096 748 1356 809 pracepta
1380 739 1577 795 Christi
1605 741 1713 794 suis
1743 739 1890 794 Illum
1917 737 2165 807 operibus
2193 736 2292 790 im-

721 829 868 900 plere
908 829 1278 886 ostendebant.
1317 830 1450 886 Nam
1481 831 1531 885 id
1566 830 1707 902 quod
1746 828 1987 886 Christus
2018 827 2290 898 discipulis

721 918 830 975 suis
863 919 1178 991 praeipieus
1209 928 1265 975 et
1301 920 1592 976 admonens
1617 919 1824 974 diccbat
1848 960 1864 983 ,
1898 935 1963 974 ne
1987 918 2135 974 solos
2169 917 2263 971 dili

714 1017 901 1080 gentes
926 1007 1206 1078 diligerent
1227 1047 1244 1076 ,
1273 1009 1365 1066 sed
1393 1020 1446 1066 et
1471 1025 1594 1079 erga
1625 1011 1867 1066 inimicos
1895 1010 2169 1064 caritatem
2193 1024 2291 1064 ex-

722 1097 964 1154 hiberem
997 1097 1016 1168 (
1039 1097 1223 1152 lauit.
1254 1099 1308 1154 5.
1335 1098 1443 1171 ιι)
1473 1116 1486 1153 :
1516 1098 1616 1155 hoc
1645 1099 1734 1154 ille
1773 1114 1912 1154 nunc
1938 1098 2105 1154 multo
2136 1107 2289 1153 antes

724 1186 1014 1258 implebat,
1062 1197 1114 1243 et
1167 1197 1305 1242 tanta
1339 1181 1718 1259 hospitalitate
1763 1189 2020 1245 tractabat
2064 1203 2159 1244 eos
2199 1187 2289 1260 qui

723 1290 914 1347 magno
954 1276 1126 1348 ipsum
1166 1279 1290 1335 odio
1333 1281 1634 1350 prosequuti
1678 1282 1883 1336 fuerant
1917 1299 1930 1335 :
1971 1292 2289 1349 omnemque

719 1364 963 1423 vindicta
986 1368 1322 1439 cupiditatem
1347 1371 1526 1426 animo
1551 1384 1646 1425 suo
1671 1369 1998 1426 excludehat.

789 1457 846 1514 Β.
884 1455 1104 1514 Πονιῶ
1129 1460 1379 1530 epilogus.
1411 1489 1484 1500 —-
1523 1461 1635 1526 (tua
1662 1460 1818 1530 igitur
1845 1474 1942 1514 nos
1971 1461 2119 1515 venia
2145 1456 2286 1528 digni

718 1544 921 1603 et'ltnus
940 1587 958 1615 ,
987 1548 1076 1619 qui
1116 1557 1234 1618 post
1261 1548 1482 1620 gratiam
1503 1589 1518 1614 ,
1551 1559 1665 1619 post
1693 1559 1890 1604 tantam
1916 1548 2209 1604 doctrinam
2234 1555 2290 1602 et

717 1633 1007 1692 Salvatoris
1033 1646 1290 1708 precepts
1316 1677 1332 1702 ,
1361 1652 1532 1708 neque
1555 1637 1622 1692 ad
1650 1639 1804 1709 hujus
1833 1639 1960 1709 justi
1986 1651 2288 1694 mensuram

721 1726 998 1796 pervenire
1023 1727 1302 1782 valemus?
1327 1727 1395 1782 Et
1417 1727 1542 1799 quid
1565 1728 1704 1794 dico,
1727 1727 1793 1784 ad
1814 1729 1930 1800 ejus
1948 1743 2251 1786 mensuram
2265 1727 2291 1781 ‘l

721 1815 901 1888 Neque
947 1833 1112 1887 prope
1152 1818 1362 1874 adstare
1408 1834 1707 1888 possumus.
1754 1821 1922 1877 Tanta
1961 1822 2103 1877 enim
2151 1835 2291 1877 nunc

723 1905 935 1972 malitiae
977 1901 1292 1962 abundantia
1335 1909 1552 1964 obduxit
1593 1910 1767 1965 omnia
1793 1951 1807 1974 ,
1840 1920 1896 1965 ut
1927 1919 1982 1967 et
2012 1910 2291 1982 diligentes

720 1995 939 2067 diligere
964 2011 1048 2052 res
1074 1997 1356 2054 admodum
1386 2016 1500 2054 rara
1528 2001 1617 2055 sit.
1651 2001 1801 2058 Unde
1841 2003 2000 2072 igitur
2023 2001 2177 2058 nobis
2203 2017 2291 2058 sa-

721 2086 847 2142 lutis
887 2103 1046 2157 spes,
1087 2089 1130 2142 si
1165 2091 1454 2158 publicanis
1495 2091 1784 2146 deteriores
1825 2092 2114 2148 fuerimus?
2154 2091 2290 2148 sicut

721 2175 849 2232 dicit
876 2177 1134 2232 Christus.
1170 2177 1230 2233 Si
1268 2179 1475 2250 diligitis
1499 2180 1758 2251 diligentes
1786 2198 1899 2247 eos,
1926 2182 2050 2252 quid
2072 2182 2291 2253 amplius

719 2267 927 2334 facitis?
951 2283 1117 2322 nonne
1141 2278 1188 2324 st
1214 2271 1466 2339 publicani
1506 2273 1599 2326 Isoc
1624 2275 1817 2343 faciunt
1842 2275 1862 2344 (
1893 2273 2031 2328 Ibid.
2057 2291 2106 2329 υ.
2130 2273 2201 2331 ιϐ
2227 2274 2288 2344 )ἳ

725 2355 791 2410 Et
825 2355 1067 2412 Christus
1103 2359 1315 2429 quidem
1354 2362 1534 2417 volens
1568 2377 1664 2418 nos
1695 2363 1760 2418 ad
1789 2378 2052 2420 summum
2081 2364 2290 2420 virtutis

721 2444 905 2501 venire
939 2445 1197 2517 fastigium
1221 2490 1236 2515 ,
1269 2449 1372 2504 illis
1409 2453 1712 2520 superiores
1740 2453 1851 2509 vult
1878 2468 1998 2511 esse
2029 2473 2044 2510 :
2070 2469 2169 2510 nos
2197 2469 2291 2510 au-

722 2544 828 2589 tem
855 2535 1128 2593 inferiores
1154 2554 1273 2596 esse
1299 2541 1591 2597 studemus.
1623 2543 1686 2598 Et
1712 2544 1837 2614 quid
1864 2544 1983 2600 dico
2007 2586 2023 2611 ,
2052 2545 2293 2616 publica-

721 2625 840 2701 nis?
884 2626 1183 2684 Deteriores
1221 2640 1274 2684 et
1315 2631 1636 2698 latronibus,
1666 2643 1718 2687 ct
1751 2634 2110 2704 sepulcrorum
2149 2636 2292 2691 dirc-

725 2715 979 2784 ptorihus,
1009 2727 1062 2772 et
1088 2717 1384 2776 homicidis.
1415 2721 1620 2777 Etenim
1651 2723 1702 2776 hi
1733 2740 1922 2780 omnes
1947 2724 2170 2796 diligunt
2197 2741 2292 2784 eos

724 2807 813 2878 qui
851 2822 976 2879 erga
999 2824 1059 2864 se
1085 2810 1224 2866 bene
1259 2811 1434 2868 allecti
1470 2823 1630 2880 sunt,
1657 2824 1711 2868 et
1738 2830 2102 2884 saepenumero
2129 2818 2288 2873 etiam

723 2910 822 2967 pro
865 2896 1070 2954 dilectis
1115 2899 1497 2968 periclitantur.
1553 2903 1686 2970 Quid
1737 2904 1895 2973 igitur
1936 2903 2095 2962 fuerit
2135 2906 2289 2962 nobis

723 2985 1111 3052 miserabilius,
1153 2989 1244 3061 qui
1291 2982 1490 3047 tantam
1529 3008 1558 3045 a
1606 2993 1829 3050 Domino
1874 2995 2289 3052 misericordiam

722 3078 862 3136 nacti
888 3091 1095 3145 sumus.
1118 3089 1173 3137 et
1202 3081 1479 3140 innumera
1509 3085 1646 3140 mala
1672 3085 1979 3142 facientibus
2002 3087 2293 3144 deteriores

723 3164 1060 3224 invenimur?
1102 3170 1334 3228 Obsecro
1376 3173 1572 3243 igitur,
1617 3179 1908 3245 cogitemus
1953 3187 2008 3232 et
2050 3177 2290 3248 supplicii

723 3258 1133 3330 magnitudinem
1155 3301 1172 3327 ,
1207 3271 1262 3318 et
1315 3263 1640 3320 confusionis
1676 3283 1793 3335 qua:
1829 3267 1953 3322 alibi
1999 3266 2171 3323 futura
2210 3277 2293 3324 est

721 3349 1027 3416 gravitatem
1047 3391 1063 3413 ,
1093 3363 1157 3407 ac
1181 3351 1263 3407 vel
1291 3354 1480 3408 saltem
1509 3370 1648 3410 nunc
1681 3363 1913 3411 nostram
1939 3371 2290 3428 agnoscamus

722 3439 1128 3507 gemitatem
1149 3480 1169 3508 ,
1207 3451 1264 3497 et
1304 3443 1728 3514 obtemperemus
1763 3446 2019 3502 doctrina
2059 3449 2250 3504 Christi
2270 3490 2287 3516 ,

727 3539 794 3583 ac
819 3542 924 3582 non
952 3529 1122 3586 solum
1152 3546 1250 3587 nos
1272 3532 1549 3603 diligentes
1577 3535 1782 3591 sincere
1807 3537 2085 3608 diligamus
2103 3578 2118 3603 ,
2145 3540 2291 3596 omni

725 3631 763 3673 ο
779 3616 852 3672 lio
874 3627 927 3672 et
951 3620 1144 3676 invidia
1167 3622 1236 3678 ab
1258 3623 1534 3680 animabus
1560 3626 1754 3682 nostris
1777 3627 2096 3685 eliminatis:
2118 3630 2212 3685 sed
2238 3639 2294 3686 et

729 3721 823 3764 cos
847 3710 936 3780 qui
966 3709 1229 3768 hostiliter
1256 3731 1352 3770 nos
1381 3725 1768 3787 persequuntur
1786 3759 1804 3784 ,
1832 3719 2052 3789 diligere
2078 3721 2292 3778 studea-

727 3811 879 3852 mus:
909 3813 1080 3869 neque
1105 3802 1244 3856 enim
1270 3803 1422 3858 aliter
1462 3804 1684 3860 salutem
1713 3809 1963 3878 consequi
1994 3825 2092 3865 nos
2127 3811 2299 3880 possi-

726 3887 832 3943 bile
855 3890 975 3952 erit,
1008 3891 1106 3946 nisi
1139 3892 1233 3945 hac
1263 3892 1566 3951 incedamus
1594 3896 1676 3951 via
1701 3905 1795 3952 set
1821 3900 1987 3969 magis
2011 3915 2171 3971 quam
2197 3916 2295 3958 eos

726 3979 819 4048 qui
850 3993 948 4033 nos
973 3979 1221 4052 diligunt,
1250 3983 1369 4037 illos
1397 3985 1615 4056 diligere
1644 3989 1966 4057 studeamus,
1995 4001 2177 4062 utpote
2205 3997 2292 4064 qui

732 4067 887 4125 nobis
909 4069 1305 4126 innumerorum
1335 4073 1588 4129 boue-um
1616 4079 1720 4132 sint
1743 4089 2005 4136 auctores.
2041 4081 2130 4138 Sic
2151 4085 2292 4139 enim

732 4167 789 4214 et
825 4168 1158 4229 peccatorum
1202 4170 1502 4241 nostrorum
1540 4168 1904 4224 remissionem
1942 4172 2214 4238 invenire,
2241 4184 2296 4229 et

734 4248 1004 4305 humiliata
1036 4264 1210 4310 mente
1233 4265 1287 4308 et
1314 4257 1539 4312 contrita
1575 4259 1748 4316 anima
1779 4261 1942 4317 Deum
1969 4265 2173 4333 precari
2195 4279 2294 4334 po-

735 4340 974 4398 terimus.
1001 4343 1131 4410 Quia
1157 4359 1277 4399 cum
1305 4347 1477 4402 anima
1513 4349 1582 4402 ab
1607 4351 1746 4405 omni
1773 4352 1894 4406 odio
1929 4353 2092 4410 libera
2121 4365 2296 4410 mente

733 4433 1012 4502 tranquilla
1033 4443 1116 4489 est
1135 4477 1149 4497 .
1180 4434 1455 4491 Dcminum
1481 4439 1666 4495 scdulo
1691 4443 1934 4509 invocat,
1969 4445 2298 4515 multumque

734 4519 838 4576 sibi
863 4535 1090 4590 superne
1116 4526 1364 4580 auxilium
1391 4530 1636 4584 conciliat
1664 4547 1679 4589 :
1705 4532 1842 4600 quod
1873 4534 2025 4588 nobis
2052 4535 2298 4591 omnibus

737 4612 1058 4692 concedatur
1078 4657 1093 4679 ,
1121 4619 1283 4683 gratia
1316 4628 1368 4672 et
1397 4617 1714 4690 benignitate
1751 4623 1955 4678 Domini
1984 4626 2148 4681 nostri
2174 4625 2298 4682 Jesu

738 4699 932 4756 Christi
951 4745 964 4768 ,
991 4705 1074 4757 cui
1100 4703 1264 4773 gloria
1291 4721 1412 4761 cum
1441 4709 1595 4764 Patre
1619 4721 1672 4764 et
1699 4723 1881 4767 sancto
1905 4714 2132 4782 Spiritu,
2161 4730 2301 4772 nunc

739 4800 791 4846 et
815 4805 1042 4862 semper,
1070 4803 1123 4848 et
1147 4794 1197 4849 in
1221 4798 1413 4852 saecula
1441 4801 1770 4855 sa‘culornm.
1807 4803 1993 4857 Amen.

1297 4887 1573 4944 HOMILIA
1612 4890 1739 4945 LIII.

742 4970 867 5025 Erat
893 4981 1056 5028 autern
1081 4973 1219 5031 Esaii
1241 4994 1487 5032 annorum
1513 4983 1862 5051 quadraginta,
1885 4994 1929 5037 et
1957 4985 2100 5039 duxit
2120 4985 2301 5042 Iudith

810 5063 971 5131 ﬁliam
1013 5063 1132 5119 Best
1163 5065 1239 5137 (a)
1275 5064 1503 5132 Cltemci,
1554 5080 1599 5122 et
1644 5071 1912 5126 Basematlt
1953 5076 2109 5142 filiam
2155 5076 2302 5131 Elom

811 5152 969 5219 Enati,
996 5164 1042 5208 et
1064 5159 1423 5226 exasperatam
1449 5156 1597 5212 Isaac
1635 5171 1682 5214 et
1728 5161 2000 5216 Rcbeccam
2033 5165 2180 5236 (Gen.
2209 5167 2299 5223 26.

813 5244 901 5299 at.
929 5245 1042 5316 εδ).

815 5361 867 5413 i.
894 5360 1003 5430 Age
1030 5371 1082 5415 et
1112 5360 1264 5418 hodie
1293 5363 1336 5418 si
1368 5365 1538 5433 placet
1565 5369 1929 5436 aggrediamur
1954 5385 2014 5424 ea
2043 5387 2157 5440 qua:
2185 5372 2299 5428 hcri

805 5478 876 5540 (a)
907 5480 1166 5530 Hell-aiens
1189 5487 1354 5531 textus
1370 5481 1517 5529 ΨΜ.
1561 5475 1755 5537 Vulgata
1801 5487 1938 5529 recte
1981 5481 2130 5531 reeri.
2179 5489 2302 5531 \‘oce

742 5543 1068 5602 autemtauna
1098 5541 1220 5597 περι,
1245 5551 1466 5594 accurate
1491 5546 1832 5602 interpretatur
1849 5542 2007 5589 versio
2024 5550 2178 5592 Graeca
2197 5557 2302 5602 Ball.

742 5607 883 5649 Porro
906 5601 1007 5649 haec
1031 5603 1188 5651 νει-διο
1209 5610 1367 5652 Graeca
1391 5607 1596 5653 maxime
1621 5601 1829 5651 ninnium
1848 5602 1905 5650 ad
1931 5603 2206 5653 Hchraicam
2230 5604 2302 5654 le-

741 5661 946 5726 ctionem
958 5663 1154 5726 accedit.
1175 5671 1284 5712 nam
1308 5667 1432 5726 quod
1459 5679 1546 5723 ιαμ
1562 5665 1749 5726 legatur
1776 5677 1861 5725 pro
1890 5673 2021 5720 acer.
2039 5674 2121 5714 aut
2147 5667 2299 5718 Breri.

741 5721 792 5770 id
825 5721 947 5770 haud
980 5724 1126 5772 Cubic
1155 5735 1312 5774 ortum
1326 5721 1397 5776 ὀι
1426 5721 1818 5775 transmutatione
1843 5727 2296 5777 Iiterarumuebrai-

1453 359 1510 416 8.
1547 355 1822 416 JOANNIS
1859 352 2327 414 CllRYSOSTOMI
2368 353 2684 412 ARCHlEP.
2726 353 3257 412 CONSTANTINOP.

3857 350 3968 408 ιοι

2390 466 2531 522 dicta
2572 478 2884 542 sequuntur,
2907 478 2958 523 et
2995 467 3224 538 singula,
3249 475 3504 537 quantum
3534 464 3688 522 nobis
3711 461 3945 522 conati!
3963 489 3980 505 ο

2389 565 2495 625 tur,
2520 560 2843 627 aperiamus,
2868 567 2925 613 ut
2952 556 3169 614 domum
3196 571 3318 611 cum
3345 555 3568 612 utilitate
3593 554 3770 626 aliqua
3793 553 3982 612 redit!

2391 646 2675 716 possimus.
2707 647 2990 702 Videamus
3024 647 3202 718 igitur,
3231 661 3352 716 qua:
3377 645 3604 713 primum
3643 643 3778 699 lecta
3821 652 3977 701 sunt.

2390 738 2477 791 δι.
2505 735 2630 790 Erat
2656 745 2822 790 auten
2852 736 3010 802 Esau,
3035 737 3224 808 inquit,
3265 750 3514 789 annm
3541 733 3904 806 quadraginta,
3930 743 3982 790 et

2393 826 2588 898 accepit
2611 824 2794 880 δυάδα.
2819 827 2982 894 ﬁliani
3020 825 3141 881 Berl
3165 824 3396 890 σικυοὶ,
3422 832 3472 878 et
3501 821 3773 878 Βίης-ωε
3809 823 3982 893 ﬁliani

2393 914 2542 969 Elont
2569 913 2710 969 Eni
2735 931 2754 969 :
2789 916 2879 972 35.
2913 927 2960 970 et
2995 915 3363 986 esasperabant
3397 910 3552 967 Isaae
3590 921 3639 968 et
3672 909 3978 967 Reiectum.

2395 1005 2526 1061 Vide
2541 1015 2733 1076 quanta
2750 1021 2816 1062 ex
2833 1006 3016 1078 paucis
3035 1005 3119 1061 his
3136 1006 3314 1061 verbis
3332 1003 3533 1059 addisci
3550 999 3982 1074 possunt.an

2392 1097 2534 1153 enim
2561 1097 2718 1153 nobis
2743 1113 3025 1154 numerum
3069 1111 3330 1152 annorum
3379 1095 3524 1150 Esau
3565 1093 3834 1165 signavit!
3857 1090 3980 1149 ιιω

2391 1186 2592 1256 absque
2627 1201 2820 1253 causa,
2859 1186 2954 1243 sed
3008 1199 3064 1242 ut
3115 1193 3444 1242 senectutem
3481 1182 3751 1241 discamus
3797 1179 3974 1248 Isaac,

2391 1289 2618 1346 eumque
2634 1276 2745 1345 jam
2769 1285 3078 1347 provectum
3104 1275 3267 1330 initae
3287 1281 3464 1329 actate.
3491 1271 3624 1326 Nam
3644 1272 3689 1325 si
3709 1280 3984 1327 memores

2393 1363 2647 1420 luerimus
2665 1381 2849 1422 eorum
2876 1381 2995 1436 qua
3019 1373 3172 1422 antea
3195 1365 3335 1420 dicta
3361 1371 3506 1427 sunt,
3524 1370 3577 1416 et
3603 1358 3982 1431 eum,quando

2395 1455 2595 1526 accepit
2609 1455 3278 1528 Rebeccam,quadraginta
3297 1468 3559 1510 annorum
3577 1448 3983 1523 fuisse,qu

2393 1553 2570 1600 autem
2602 1546 2710 1600 nati
2736 1554 2862 1602 sunt
2886 1547 2936 1602 ei
2967 1545 3081 1613 lilii,
3115 1559 3376 1601 annorum
3405 1543 3713 1614 sexaginta:
3737 1542 3982 1598 sciemus

2393 1652 2515 1693 eum
2548 1652 2689 1694 nunc
2713 1639 3076 1694 centenarium
3107 1652 3250 1705 esse,
3277 1647 3334 1693 et
3357 1637 3410 1691 in
3441 1634 3858 1707 profundisslms
3891 1646 3983 1689 se-

2395 1740 2628 1786 nectute.
2657 1731 2918 1798 Quoniam
2945 1731 3090 1787 enim
3131 1728 3351 1800 posthac
3384 1735 3693 1784 narraturus
3717 1731 3822 1788 est.
3844 1737 3982 1795 quo-

2395 1822 2558 1878 modo
2583 1836 2692 1893 pra:
2732 1825 2882 1878 senio
2913 1821 3191 1877 hebetatos
3213 1820 3400 1876 oculos
3423 1818 3688 1884 habuerit,
3718 1814 3841 1872 ideo
3878 1829 3982 1871 nu-

2398 1926 2602 1968 merum
2625 1926 2887 1968 annorum
2919 1912 3060 1967 Esau
3085 1915 3338 1980 assignat,
3361 1920 3418 1964 ut
3447 1909 3571 1964 inde
3597 1919 3805 1977 tempus
3832 1904 3982 1962 lsans

2395 2013 2545 2058 certo
2581 2003 2721 2058 scire
2768 2003 3056 2072 possimus.
3097 2001 3386 2072 Propterea
3423 1999 3586 2062 dicit.
3627 1997 3756 2052 Erat
3791 2005 3967 2053 autem

2397 2093 2538 2148 Esai
2563 2109 2812 2148 annorum
2857 2093 3213 2164 quadraginta.
3263 2090 3467 2146 Deinde
3509 2098 3560 2144 nt
3608 2089 3843 2144 sciamus
3883 2084 3982 2140 Ilii

2394 2185 2511 2255 ejus
2552 2184 2926 2248 temeritatem,
2959 2184 3046 2252 qui
3079 2195 3272 2236 uxores
3310 2180 3540 2235 ducebat
3579 2194 3610 2233 a
3652 2177 3921 2249 gentibus,
3947 2189 3980 2229 a

2395 2277 2586 2346 quibus
2613 2290 2717 2329 non
2747 2275 3045 2344 oportebat,
3074 2273 3364 2328 declaravit
3395 2271 3568 2337 nobis,
3603 2284 3764 2325 unam
3810 2268 3983 2323 tuine

2395 2382 2458 2422 ex
2486 2381 2682 2438 genere
2699 2364 3080 2431 Chettzeorum,
3095 2364 3252 2418 aliam
3276 2371 3452 2418 autem
3480 2377 3544 2418 ex
3567 2375 3764 2433 genere
3787 2358 3981 2416 Em.

2396 2472 2550 2522 rum;
2582 2456 2825 2528 quamvis
2866 2453 2999 2510 nihil
3035 2454 3142 2510 tale
3187 2468 3309 2509 eum
3354 2466 3514 2522 agere
3561 2449 3859 2522 Oportebat,
3884 2449 3984 2521 qui

2397 2548 2671 2604 didicisset
2687 2556 2936 2618 quautam
2955 2545 3277 2616 diligentiam
3305 2541 3606 2615 patriarcha
3627 2539 3980 2604 adhibuisset,

2396 2639 2709 2708 praecipiens
2735 2649 2893 2691 servo
2915 2649 3036 2698 suo.
3065 2645 3119 2688 ut
3145 2633 3215 2688 de
3232 2632 3550 2704 cognatione
3567 2645 3664 2686 sua
3697 2629 3807 2686 tilio
3828 2628 3983 2685 lssac

2393 2726 2747 2782 adduceretur
2773 2739 2936 2780 uxor:
2954 2724 3074 2794 quia
3095 2723 3256 2778 etiam
3285 2731 3457 2777 mater
3478 2721 3712 2792 ipson
3734 2717 3982 2775 Rebecca

2393 2830 2461 2872 es
2485 2815 2721 2871 Charran
2755 2822 2992 2871 venerat.
3020 2811 3213 2868 Verum
3245 2823 3303 2866 ut
3347 2811 3529 2866 statim
3556 2810 3626 2864 ah
3664 2809 3814 2867 initio
3849 2821 3983 2864 suos

2396 2909 2723 2964 inordinatos
2774 2921 2953 2962 mores
3003 2903 3282 2970 indicaret,
3314 2902 3629 2959 inconsultis
3673 2898 3982 2970 parentibus

2396 2998 2516 3053 illas
2543 2998 2713 3052 duxit.
2744 2997 2810 3051 Et
2835 3005 2894 3051 ut
2919 2995 3150 3050 sciamus
3176 3007 3335 3063 quam
3372 2991 3511 3047 male
3536 2999 3757 3046 morata
3783 2988 3981 3044 mulie-

2398 3101 2484 3142 res
2527 3070 2739 3151 iuerint,
2767 3085 2898 3140 dicit
2941 3084 3216 3154 Scriptura
3256 3098 3271 3135 :
3323 3080 3393 3136 Et
3435 3088 3580 3136 erant
3624 3087 3984 3150 mspsrantes

2397 3177 2549 3235 Isaac
2584 3188 2631 3232 et
2679 3177 2974 3232 Rebeccarn.
3029 3176 3093 3230 Et
3119 3173 3255 3244 quid
3293 3183 3377 3228 est
3415 3172 3514 3227 hac
3563 3171 3761 3226 malitia
3799 3169 3980 3240 pejus,

2399 3267 2610 3337 quando
2639 3265 2742 3321 illa!
2766 3279 2886 3335 qua:
2913 3277 3124 3318 omnem
3163 3260 3424 3319 honorem
3469 3259 3778 3330 impendere
3817 3259 3986 3327 deis!-

2397 3357 2544 3422 bant,
2565 3370 2669 3412 non
2692 3355 2864 3410 solum
2887 3354 2988 3410 hoc
3013 3368 3118 3409 non
3135 3351 3488 3426 sgebam,sed
3514 3362 3570 3408 et
3593 3351 3661 3407 ad
3675 3351 3985 3409 contentio-

2397 3464 2519 3504 nem
2569 3457 2764 3519 parata:
2805 3445 2997 3502 erant?
3045 3445 3170 3501 liae
3212 3455 3390 3501 autent
3419 3444 3597 3499 omnia
3642 3456 3746 3497 non
3775 3443 3985 3513 absque

2397 3553 2552 3594 causa
2591 3537 2808 3592 historia
2850 3537 3006 3590 nobis
3052 3533 3347 3605 signiﬁcat;
3395 3532 3490 3588 sed
3537 3542 3593 3586 ut
3623 3541 3828 3602 postea,
3856 3545 3984 3587 cum

2400 3630 2598 3685 videris
2609 3628 2907 3684 Bebcccam
2925 3625 3090 3682 Jacob
3110 3625 3296 3695 majori
3318 3621 3686 3679 benevolentia
3707 3622 3984 3694 prosequi,

2398 3721 2574 3776 discas
2600 3734 2717 3774 eam
2753 3732 2856 3772 non
2895 3717 3086 3786 iniuria
3114 3731 3227 3772 rem
3269 3729 3390 3771 eam
3417 3713 3628 3770 iecisse.
3653 3711 3770 3768 iam
3800 3723 3984 3768 autem

2400 3824 2468 3865 ne
2503 3809 2697 3865 seriem
2734 3815 3016 3863 contextus
3055 3805 3461 3875 praeveniamus,
3501 3803 3697 3872 scripta
3737 3802 3852 3872 ipsa
3890 3815 3986 3858 se-

2400 3912 2646 3968 quamur.
2684 3898 2732 3951 l.
2768 3894 2981 3949 Factum
3008 3904 3079 3949 est
3104 3905 3268 3948 autent
3304 3902 3566 3962 postquam
3612 3892 3774 3946 senuit
3801 3888 3983 3959 Isaac,

2398 4000 2446 4047 et
2466 3990 2676 4045 hebetati
2701 3996 2817 4043 sunt
2840 3987 2971 4042 oculi
2997 3988 3107 4058 ejus
3126 3985 3193 4038 ad
3216 3986 3480 4038 ridendum
3501 3982 3656 4056 (Cap.
3697 3982 3842 4054 27):
3870 3983 3985 4056 jam

2401 4083 2566 4146 enim,
2584 4080 2776 4150 inquit,
2796 4093 2904 4148 ιιι-ω
2925 4077 3077 4132 senio
3105 4075 3286 4130 ridere
3315 4090 3420 4128 non
3442 4081 3678 4143 pluerat:
3711 4083 3758 4127 et
3787 4075 3986 4128 uocauit

2403 4172 2543 4228 Esau
2561 4171 2722 4235 lilium
2749 4155 2896 4223 sui.»
2922 4177 3041 4220 natu
3068 4167 3331 4236 majorem,
3349 4175 3396 4216 et
3421 4164 3546 4217 dixit
3565 4163 3645 4217 ei:
3672 4161 3729 4216 2.
3757 4161 3864 4217 Fili
3889 4163 3980 4227 nsi,

2402 4279 2512 4318 ecce
2542 4261 2703 4324 senui,
2742 4269 2788 4312 et
2818 4257 2983 4312 nescio
3011 4256 3145 4309 diem
3172 4255 3346 4309 mortis
3366 4270 3507 4308 mete.
3541 4255 3592 4309 5.
3646 4252 3799 4308 Nunc
3827 4254 3987 4326 igitur

2402 4367 2544 4404 sums
2583 4365 2726 4403 arma
2770 4358 2877 4412 tua,
2917 4345 3203 4416 pharetram
3249 4350 3296 4396 et
3337 4358 3530 4408 areum,
3561 4351 3607 4395 et
3649 4341 3885 4412 egredere
3929 4343 3986 4396 iu

2404 4456 2659 4508 campum,
2702 4447 2748 4492 et
2791 4451 2970 4490 uenture
3012 4433 3136 4487 milii
3177 4431 3517 4497 cenationem,
3549 4431 3602 4486 ι.
3643 4440 3691 4485 et
3728 4437 3813 4502 [ac
3857 4434 3984 4486 milis

2405 4531 2593 4594 edulia,
2635 4530 2764 4582 sicut
2795 4543 2885 4597 ego
2935 4540 3072 4591 amo,
3113 4535 3161 4578 ct
3188 4522 3318 4590 affer
3355 4523 3500 4589 mihi,
3541 4532 3595 4575 ut
3623 4523 3903 4590 comedam,
3930 4533 3987 4577 ut

2395 4619 2659 4672 ‘benedicat
2699 4626 2745 4670 te
2787 4617 2956 4669 anima
2998 4630 3130 4680 mea,
3171 4613 3461 4684 priusquam
3497 4627 3587 4683 ego
3630 4613 3842 4665 moriar.
3887 4612 3987 4668 llic

2406 4713 2646 4773 obsecro,
2664 4707 2876 4770 dilecte,
2907 4703 3274 4759 animadverte
3303 4702 3616 4756 immensam
3648 4701 3741 4757 Dei
3770 4703 3986 4772 sapien-

2407 4803 2554 4864 tiam,
2584 4808 2638 4854 et
2682 4797 2951 4866 quomodo
3000 4804 3152 4866 pater
3191 4793 3403 4864 quidem
3444 4794 3724 4863 genuinam
3771 4807 3885 4861 prae
3927 4807 3988 4849 se

2408 4892 2586 4946 ferens
2635 4888 3003 4950 dilectionem,
3054 4886 3170 4941 haec
3219 4885 3500 4954 imperavit
3551 4885 3723 4950 Esau;
3767 4873 3988 4954 sapiens

2408 4993 2583 5034 autem
2611 4989 2662 5033 et
2687 4980 3024 5046 omnipotens
3054 4977 3309 5032 Dominus
3335 4992 3431 5046 per
3458 4976 3755 5031 Rebeccam
3788 4977 3986 5045 prndi-

2408 5073 2638 5126 ctionem
2687 5084 2836 5123 suam
2883 5067 3089 5137 impleri
3132 5075 3302 5132 curat,
3329 5066 3528 5121 docens
3575 5081 3690 5134 nos,
3723 5080 3984 5137 quantum

2407 5163 2617 5215 valeant
2641 5160 2804 5213 virtus
2831 5168 2883 5213 ct
2903 5173 3108 5212 morum
3131 5159 3380 5212 suavitas.
3413 5157 3506 5212 Ille
3531 5159 3672 5212 enim
3699 5169 3754 5212 ct
3779 5160 3851 5213 ob
3879 5161 3987 5229 pri-

2410 5251 2824 5322 mogenituram,
2857 5258 2911 5303 et
2940 5248 3009 5302 ob
3054 5247 3217 5318 patris
3259 5263 3383 5318 erga
3412 5263 3469 5302 se
3503 5247 3838 5303 adactionem
3873 5251 3984 5319 pri.

2411 5355 2609 5399 malum
2652 5358 2710 5396 se
2752 5340 2946 5394 habere
2987 5349 3198 5414 putans,
3228 5341 3383 5394 simul
3417 5340 3702 5394 destitutus
3729 5344 3986 5399 omnibus

2410 5441 2653 5494 inventus
2675 5445 2776 5500 cst,
2801 5437 2920 5504 quia
2945 5451 3063 5504 qua:
3093 5436 3144 5488 in
3171 5449 3229 5488 se
3254 5441 3426 5500 erant,
3448 5433 3637 5488 aﬂ’erre
3665 5434 3869 5490 noluit:
3900 5436 3986 5492 hic

2407 5542 2609 5593 autem,
2632 5525 2754 5595 quia
2789 5525 3077 5579 domestica
3099 5533 3212 5578 erat
3243 5524 3436 5577 virtute
3464 5523 3734 5592 prmditus,
3763 5535 3816 5578 et
3858 5541 3984 5594 gra-

2407 5679 2586 5721 carum,
2609 5673 2720 5724 qua
2744 5659 3025 5725 {requenter
3048 5661 3215 5711 accidit
3253 5663 3303 5711 in
3326 5660 3500 5721 Bibliis,
3525 5669 3576 5712 ut
3599 5662 3646 5710 in
3665 5657 3953 5725 Prolegomc

2412 5731 2483 5775 nis
2506 5720 2794 5784 aditlexapla
2814 5720 3123 5769 Ostendimus.
