4182 6322
308 368 424 427 ιρις

299 477 439 522 suam
464 482 753 539 supernam
783 467 973 526 habuit
996 470 1388 540 subsidiariam,
1420 476 1580 531 etiam
1616 479 1784 533 invito
1810 494 1903 547 pa-

299 568 397 615 tre
424 558 566 614 illius
593 559 1025 619 benedictionem
1061 563 1277 633 abripit.
1310 565 1452 620 Nihil
1494 568 1637 621 enim
1681 569 1907 624 validius

190 678 201 681 -
300 665 382 706 eo
409 652 497 721 qui
543 650 733 707 dextra
776 653 863 708 illa
909 654 1211 724 adjuvatur.
1235 655 1371 712 Vide
1417 658 1578 729 igitur
1620 658 1907 729 diligenter

300 743 510 810 omnia,
538 752 598 798 ut
616 744 794 799 discas
817 745 1229 816 dispensationis
1250 749 1663 816 excellentiam;
1694 761 1749 805 et
1772 766 1907 821 quo-

299 831 471 887 modo
492 833 577 889 hic
596 833 810 903 quidem
836 835 922 890 illa
947 837 1117 906 gratia
1142 836 1336 904 fretus,
1364 854 1614 910 magnum
1645 841 1698 895 in
1726 842 1904 895 omni-

299 921 408 976 bus
452 923 709 978 auxilium
755 934 811 981 et
853 929 1289 998 cooperationem
1343 930 1676 1002 adipiscitur,
1724 933 1796 986 ita
1848 942 1906 989 ut

298 1013 475 1079 patsz
518 1013 569 1067 in
611 1030 738 1069 eum
793 1017 1145 1074 transferatur
1190 1020 1497 1077 benedictio
1531 1042 1545 1079 :
1580 1024 1671 1079 ille
1721 1038 1904 1081 autem

299 1102 484 1156 omnia
529 1105 745 1174 amittit,
776 1108 1006 1177 perdens
1035 1114 1381 1182 semetipsum
1430 1125 1649 1185 propter
1690 1130 1902 1172 morum

296 1193 657 1264 iniquitatem.
682 1198 735 1253 5.
775 1197 1001 1253 Rebecca
1026 1211 1219 1267 autem,
1253 1204 1441 1274 inquit,
1473 1206 1664 1260 audivit
1688 1209 1901 1276 loquen-

291 1288 399 1337 tem
420 1282 575 1340 Isaac
601 1303 715 1340 cum
742 1286 888 1343 Esas'i
909 1291 1019 1359 ﬁlio
1043 1308 1157 1346 suo.
1188 1291 1291 1347 lvit
1319 1305 1489 1349 autem
1516 1295 1657 1350 Esau
1678 1298 1729 1350 in
1756 1314 1900 1350 cam-

292 1392 444 1444 pum,
473 1386 529 1431 ut
555 1390 821 1433 venaretur
863 1384 1092 1452 prmdam
1114 1385 1255 1453 patri
1297 1402 1408 1439 suo.
1451 1386 1504 1441 6.
1550 1388 1693 1442 Dixit
1732 1402 1900 1444 autem

294 1465 530 1520 Rebecca
559 1468 628 1520 ad
669 1470 835 1537 ﬁlium
858 1488 1011 1527 suum
1038 1474 1320 1545 juniorem.
1348 1477 1524 1544 Quare
1548 1481 1765 1549 adjecit,
1800 1481 1901 1536 Ju-

286 1557 537 1612 niorent!
580 1559 715 1626 Quia
759 1564 1007 1631 Superius
1050 1565 1279 1631 dixerat,
1320 1566 1526 1623 Vocavit
1552 1570 1705 1626 Isaac
1733 1574 1898 1643 ﬁlium

288 1663 441 1701 suum
472 1661 595 1705 uatu
640 1655 906 1722 maiorm,
938 1664 994 1711 ut
1033 1658 1303 1715 discamus
1328 1663 1413 1716 cui
1460 1680 1604 1719 nunc
1646 1666 1898 1736 loquatur

288 1739 561 1812 Rebecca,
596 1745 785 1816 inquit,
810 1749 893 1802 Ad
906 1749 1189 1820 juniorem,
1215 1752 1315 1809 hoc
1336 1765 1438 1823 est,
1469 1758 1655 1813 Jacob.
1686 1760 1891 1830 Audivi,

287 1832 486 1903 inquit,
511 1846 704 1903 patrem
731 1849 875 1892 tuum
900 1842 1182 1923 loquentem
1219 1860 1336 1899 cum
1364 1845 1506 1903 Esait
1533 1854 1691 1921 fratre
1715 1861 1821 1919 tuo,
1849 1863 1895 1909 et

286 1924 537 1979 dicentem
558 1942 577 1979 :
603 1928 655 1980 7.
678 1928 825 1995 Alfer
847 1931 973 1984 mihi
1001 1934 1337 2004 venationem,
1360 1948 1407 1991 et
1435 1944 1519 2010 fac
1545 1941 1671 1995 mihi
1697 1943 1889 2009 edulia,

282 2023 342 2067 ut
366 2031 487 2069 cum
517 2019 802 2089 comedero,
846 2021 1139 2078 benedicens
1166 2035 1215 2079 te
1237 2043 1409 2082 coram
1453 2030 1693 2099 Domino,
1724 2036 1893 2104 prius-

283 2122 437 2172 quam
480 2112 673 2163 moriar
698 2130 812 2184 ego.
852 2114 978 2171 Hinc
1017 2118 1231 2189 quidem
1260 2121 1435 2177 audivi
1487 2134 1692 2194 patrem
1724 2136 1890 2182 tuum

282 2199 436 2254 fratri
468 2214 563 2255 tuo
588 2202 734 2258 Esau
761 2207 1091 2276 loquentem.
1136 2211 1192 2267 8.
1237 2211 1395 2267 Nunc
1433 2216 1606 2287 igitur,
1632 2219 1729 2288 fili,
1764 2221 1891 2273 audi

282 2306 361 2343 me
380 2292 515 2344 sicut
540 2308 632 2363 ego
656 2294 745 2348 tibi
768 2299 1029 2370 principio,
1058 2300 1113 2356 9.
1141 2310 1188 2356 et
1222 2304 1351 2359 unde
1373 2307 1441 2359 ad
1468 2324 1601 2374 oves,
1631 2320 1676 2363 et
1700 2314 1888 2366 sumito

281 2382 409 2435 mihi
431 2383 555 2437 inde
584 2385 713 2440 duos
736 2389 911 2444 Ittetlos
936 2400 1133 2447 teneros
1159 2404 1207 2448 et
1237 2398 1412 2465 bonos,
1448 2408 1495 2453 et
1516 2401 1705 2470 faciam
1730 2419 1793 2457 ex
1815 2406 1888 2460 eis

279 2474 455 2528 edulia
476 2479 612 2547 patri
630 2489 734 2545 tuo,
753 2490 805 2533 ut
820 2494 960 2536 amat
973 2500 993 2537 :
1012 2485 1101 2541 10.
1119 2496 1169 2541 et
1192 2487 1379 2559 inferas
1405 2494 1543 2561 patri
1560 2504 1644 2547 tuo
1675 2504 1722 2547 et
1754 2512 1888 2551 com-

273 2565 416 2634 edet,
435 2578 494 2621 ut
515 2570 776 2627 benedicat
805 2585 853 2629 te
873 2588 1017 2646 pater
1041 2590 1157 2635 tuus
1181 2583 1473 2654 priusquam
1487 2590 1734 2644 moriatur
1751 2592 1877 2663 ipse.

348 2659 406 2712 2.
452 2659 680 2717 Rebecca
708 2665 763 2718 in
788 2666 936 2722 rebus
962 2685 1075 2741 qua
1098 2673 1166 2726 ad
1190 2673 1589 2733 benedictionem
1613 2659 1797 2737 Jacobi
1819 2688 1883 2742 ab

276 2748 469 2805 lsaaco
508 2764 757 2823 spectant,
794 2768 842 2813 et
873 2776 969 2815 suo
1012 2766 1177 2818 amori
1209 2775 1256 2820 et
1297 2768 1397 2837 ipsi
1441 2770 1540 2825 Dei
1580 2774 1883 2831 titinistraoit

274 2843 490 2897 oraculo
501 2861 523 2911 ;
544 2852 811 2917 cooperari
822 2869 921 2907 nos
949 2855 1055 2909 vult
1082 2860 1277 2914 auxilio
1308 2878 1401 2917 suo
1433 2863 1606 2933 Deus;
1646 2885 1749 2923 non
1789 2886 1881 2926 co-

268 2945 522 3001 operatar
555 2941 837 2997 mendacio.
861 2973 936 2985 -—
957 2946 1089 3004 Vide
1119 2966 1368 3022 magnum
1402 2958 1588 3012 matris
1614 2976 1877 3030 amorem,

273 3025 388 3081 imo
432 3030 889 3100 dispetisatioaem
921 3038 1035 3094 Dei.
1081 3040 1197 3111 Ipse
1222 3047 1364 3100 enim
1405 3060 1521 3103 erat
1551 3054 1641 3119 qui
1682 3055 1731 3108 ei
1777 3058 1879 3112 hoc

264 3122 562 3177 consilium
594 3126 762 3194 dedit,
795 3139 850 3183 et
876 3134 1054 3187 omnia
1090 3134 1226 3191 bene
1247 3153 1406 3208 agere
1432 3144 1655 3197 curavit.
1685 3145 1878 3203 Vidisti

268 3213 465 3269 matris
500 3216 757 3286 optimum
785 3223 1111 3278 consilium?
1152 3226 1285 3283 Vide
1314 3230 1561 3313 et‘Jacob
1586 3237 1876 3305 providen-

270 3304 404 3358 tiam
428 3322 444 3359 :
464 3315 528 3361 et
564 3311 835 3379 quomodo
861 3316 1214 3387 respondens,
1238 3304 1457 3378 suorum
1489 3341 1698 3383 morum
1740 3331 1877 3385 indi-

267 3404 361 3450 cat
408 3402 1033 3469 mansuetudinetn.~il.
1083 3409 1231 3466 Dixit
1276 3416 1439 3483 enim,
1489 3420 1677 3490 inquit,
1728 3428 1875 3479 matri

266 3501 381 3541 sure
412 3503 431 3541 :
461 3488 554 3543 Est
590 3492 752 3561 frater
780 3512 920 3551 meus
960 3501 1035 3554 vir
1063 3502 1315 3573 hispidus,
1352 3525 1444 3581 ego
1482 3488 1649 3566 autem
1681 3516 1755 3568 vir
1782 3515 1875 3570 lte-

261 3580 346 3632 nis
368 3594 389 3632 :
420 3579 507 3634 12.
534 3599 597 3635 ne
623 3588 753 3653 forte
776 3600 1047 3647 contrectet
1081 3610 1162 3649 me
1198 3608 1345 3666 pater
1370 3579 1529 3669 meus,
1566 3616 1613 3657 et
1640 3622 1725 3660 era
1758 3619 1877 3663 ante

265 3684 390 3723 eum
426 3674 569 3742 quasi
602 3682 945 3749 contemnens,
982 3694 1033 3737 et
1060 3685 1300 3742 inducam
1346 3692 1471 3745 mihi
1513 3694 1613 3765 ipsi
1656 3699 1874 3753 maledi-

264 3765 512 3835 ctionem,
540 3786 643 3825 non
677 3772 1093 3835 benedictionem.
1123 3780 1307 3853 Magna
1339 3788 1487 3855 pueri
1516 3790 1791 3856 honestas,
1821 3804 1874 3849 et

267 3856 325 3912 in
352 3869 561 3930 putrem
596 3869 918 3923 reverentia.
957 3870 1168 3940 Timeo,
1200 3878 1388 3947 inquit,
1423 3896 1491 3935 ne
1516 3882 1568 3937 in
1600 3883 1872 3941 diversum

265 3950 525 4007 eveniant
553 3956 726 4010 studia
749 3974 891 4028 mea,
923 3977 990 4017 ne
1028 3965 1212 4021 videar
1240 3968 1511 4027 adversari
1554 3977 1721 4044 patris
1751 3992 1873 4033 scn-

270 4042 473 4110 tentite,
505 4053 559 4101 et
579 4062 684 4116 pro
728 4048 1103 4112 benedictione
1148 4042 1581 4120 maledictionem
1613 4069 1741 4123 mihi
1773 4072 1871 4126 ad-

263 4132 485 4189 ducam.
509 4137 646 4204 Quid
671 4140 831 4211 igitur
850 4143 1113 4216 Rebecca,
1140 4151 1471 4210 admirabilis
1496 4157 1586 4213 illa
1610 4169 1661 4214 et
1683 4175 1870 4218 amans

266 4224 408 4279 lilii?
434 4226 567 4294 Quia
594 4244 702 4286 non
728 4248 793 4288 ex
828 4249 924 4290 sua
963 4247 1167 4295 tantum
1194 4248 1459 4302 sententia
1496 4249 1742 4321 faciebat,
1775 4255 1869 4309 sed

262 4322 324 4369 et
370 4313 558 4373 divino
587 4322 927 4382 ministrabat
952 4333 1194 4399 oraculo,
1225 4334 1348 4391 ideo
1386 4341 1531 4394 omni
1570 4342 1749 4398 studio
1779 4362 1872 4401 co-

258 4414 429 4460 natur
469 4412 710 4469 eximere
753 4431 921 4486 puero
951 4430 1172 4489 metum,
1198 4434 1254 4481 et
1294 4428 1495 4485 addere
1538 4434 1769 4504 animos,
1814 4447 1870 4492 ut

255 4501 551 4558 consilium
580 4506 819 4575 perﬁciat
849 4527 864 4564 :
900 4528 1000 4569 nec
1027 4518 1291 4585 promittit
1319 4522 1367 4576 ei
1396 4525 1536 4593 quod
1581 4501 1868 4595 possit'de-

260 4588 454 4646 ludere
476 4604 705 4664 patrem,
728 4608 783 4655 et
813 4600 983 4660 latere
1008 4621 1021 4660 :
1052 4608 1146 4662 sed
1174 4588 1456 4679 quid‘i'li.
1481 4613 1548 4669 In
1573 4588 1649 4670 me
1674 4622 1868 4675 recidat

259 4683 555 4741 maledictio
592 4692 725 4758 Ιιαισ,
770 4694 848 4761 ﬁli
886 4697 959 4751 mi
978 4713 1013 4751 ς
1055 4710 1253 4755 tentant
1300 4706 1449 4761 obedi
1485 4710 1595 4763 voci
1636 4728 1781 4778 mete,
1820 4726 1866 4769 et

255 4774 453 4829 eadem
499 4777 630 4844 affer
655 4782 801 4837 mitti.
848 4784 916 4839 Et
958 4787 1005 4842 si
1053 4789 1215 4847 fuerit
1257 4795 1457 4865 aliquid
1499 4799 1622 4865 tale,
1672 4774 1861 4872 inquit,

260 4865 399 4955 nihil
432 4868 527 4924 tibi
570 4874 801 4930 nocebit.
834 4876 915 4933 Ne
957 4879 1117 4950 igitur
1145 4884 1354 4955 timeas,
1396 4890 1489 4945 sed
1521 4891 1659 4948 bene
1695 4865 1864 4953 ﬁdens

257 4954 425 5011 Obedi
446 4963 554 5015 soci
582 4980 726 5033 mea,
754 4976 807 5023 et
835 4968 919 5025 fac
938 4987 1059 5041 qute
1076 4974 1169 5031 tibi
1195 4954 1568 5039 consuluntur.
1594 4984 1720 5042 Hice
1740 5004 1865 5045 vere

260 5058 502 5104 materna
532 5052 752 5112 dilectio
787 5071 891 5126 est,
926 5072 983 5118 ut
1020 5080 1118 5135 pro
1149 5084 1315 5138 puero
1340 5084 1525 5142 parata
1570 5078 1639 5131 sit
1682 5082 1863 5136 omnia

258 5136 422 5194 terre.
465 5140 562 5196 His
584 5144 739 5224 dictis
785 5149 952 5207 lilium
997 5169 1030 5209 a
1078 5136 1270 5215 timore
1316 5136 1582 5220 liberavit.
1619 5169 1705 5225 it.
1735 5170 1862 5226 Cum

256 5230 417 5301 igitur
458 5237 706 5303 abiisset,.
725 5248 943 5315 sumpsit
986 5259 1033 5303 et
1060 5253 1229 5307 attulit
1258 5259 1409 5312 matri
1457 5277 1566 5315 sua:
1610 5303 1624 5317 .
1677 5275 1724 5318 et
1743 5268 1862 5335 fecit

257 5326 452 5393 edulia,
473 5332 606 5386 sicut
631 5338 837 5392 amabat
875 5353 1020 5411 pater
1047 5346 1177 5416 ejus.
1201 5348 1289 5403 i5.
1318 5349 1389 5404 Et
1427 5363 1481 5407 ut
1515 5359 1727 5427 sumpsit
1743 5326 1859 5415 ’Βε-

256 5418 429 5485 bocca,
464 5424 656 5492 inquit,
680 5429 864 5485 stolam
900 5434 1000 5502 filii
1036 5437 1117 5490 sui
1153 5440 1367 5496 senioris
1392 5418 1683 5516 pulchram,
1704 5466 1857 5520 quam

256 5512 471 5568 habebat
497 5519 641 5587 apud
682 5537 736 5575 se
759 5522 918 5591 domi,
954 5528 1121 5584 induit
1164 5531 1325 5587 Jacob
1366 5537 1531 5598 filium
1578 5512 1728 5597 suum
1764 5545 1860 5614 ju-

253 5602 472 5667 κίονα.
505 5605 597 5663 16.
626 5618 675 5662 et
700 5612 915 5679 pellibus
944 5617 1209 5676 Ita-dorum
1235 5624 1441 5681 brachia
1460 5629 1575 5699 ejus
1596 5645 1615 5683 :
1646 5641 1691 5685 et
1720 5602 1858 5687 nuda

251 5694 377 5748 colli
393 5696 505 5768 ejus
531 5698 886 5770 circumdedit,
906 5707 992 5762 17.
1015 5711 1221 5791 αῗάεόίι
1246 5715 1439 5785 edulia,
1461 5694 1508 5772 et
1538 5736 1694 5789 panes
1730 5740 1856 5791 quos

249 5785 444 5855 fecerat
488 5790 542 5845 in
593 5808 775 5853 inuitus
814 5797 978 5856 Iacob
1002 5790 1101 5873 ﬁlii
1129 5806 1232 5877 sui,
1260 5817 1308 5863 et
1348 5785 1548 5868 obtulit
1573 5816 1711 5885 patri
1738 5785 1848 5873 isto.

1310 356 1375 413 IN
1410 359 1562 419 CAP.
1607 364 1820 422 XXVII.
1863 363 2104 422 GENES.
2148 363 2380 422 IIOMIL.
2422 363 2552 419 LIII.

3519 379 3626 434 406

2016 474 2174 542 Vide,
2223 477 2471 543 obsecro,
2506 476 2593 533 hic
2642 476 2901 535 Rebecca:
2938 495 3063 538 cum
3104 498 3294 555 magna
3338 485 3625 547 dilectione

2013 566 2354 636 conjunctam
2410 583 2589 625 raram
2635 570 2973 640 sapientiam.
3018 574 3152 630 Nam
3200 577 3323 647 quia
3374 582 3622 650 superius

2014 658 2169 723 dixit,
2190 660 2337 714 illum
2366 660 2580 731 quidem
2612 662 2879 733 hispidum
2907 680 3049 733 esse,
3078 666 3221 724 hunc
3247 684 3376 725 vero
3398 671 3618 739 laevent;

2013 750 2171 817 stola,
2192 750 2382 822 inquit,
2410 754 2551 809 Esau
2573 755 2745 809 induit
2764 772 2907 821 eum,
2931 767 2984 812 et
3008 759 3237 829 pellibus
3265 762 3621 821 circumdedit

2012 853 2158 904 eum,
2187 849 2243 895 et
2270 856 2393 896 cum
2428 843 2662 914 undique
2688 861 2809 899 eum
2837 846 2904 902 ad
2926 847 3300 921 deceptionem
3331 853 3621 911 instruxis~

2012 940 2115 996 set,
2147 929 2285 987 datis
2311 931 2504 988 eduliis
2533 944 2589 989 et
2610 936 2837 1005 panibus
2862 938 2915 992 in
2950 955 3159 1007 manus,
3188 942 3367 1009 effecit
3393 956 3449 999 ut
3479 950 3619 1017 patri

2011 1018 2249 1075 afferret.
2280 1022 2575 1079 Considera
2621 1027 2708 1081 hic
2732 1042 2966 1093 rursum,
2997 1032 3267 1101 quomodo
3305 1037 3486 1090 omnia
3526 1053 3622 1093 su-

2010 1125 2177 1181 perna
2203 1112 2371 1185 gratia
2398 1120 2701 1174 evenerint.
2726 1120 2860 1176 Nam
2883 1124 3099 1193 quando
3121 1127 3263 1195 quod
3293 1144 3323 1181 a
3355 1131 3510 1186 nobis
3533 1143 3620 1190 est

2009 1203 2307 1274 offerimus,
2341 1208 2561 1280 largiter
2594 1211 2833 1268 divinam
2862 1220 3301 1287 cooperationem
3325 1226 3618 1296 consequi-

2007 1310 2149 1350 mur.
2187 1297 2322 1353 Nam
2346 1308 2405 1354 ut
2436 1316 2504 1357 ne
2534 1302 2748 1360 desides
2785 1315 2840 1361 et
2867 1310 3044 1378 supini
3071 1311 3262 1377 simus,
3311 1315 3423 1368 vult
3451 1319 3619 1374 etiam

2007 1402 2106 1442 nos
2126 1389 2325 1460 aliquid
2355 1392 2623 1461 conferre,
2651 1412 2757 1465 quo
2785 1400 2864 1455 sic
2891 1400 2979 1455 illa
3006 1416 3101 1460 sua
3127 1404 3399 1473 exhibeat,
3428 1418 3482 1464 et
3506 1426 3617 1467 non

2007 1486 2176 1533 totum
2202 1482 2273 1535 sit
2300 1485 2521 1552 superni
2552 1488 2759 1555 auxilii,
2794 1490 2890 1544 sed
2916 1504 3163 1563 oporteat
3198 1497 3363 1553 etiam
3393 1514 3491 1553 nos
3518 1502 3616 1555 ali~

2005 1571 2131 1639 quid
2155 1573 2313 1627 simul
2337 1574 2562 1641 ali‘erre;
2596 1594 2818 1650 nequea
2838 1584 2992 1637 nobis
3013 1584 3211 1641 iterum
3230 1590 3395 1659 exigit
3416 1600 3609 1658 totum,

2003 1662 2181 1718 sciens
2209 1664 2535 1723 infirmitatis
2562 1676 2760 1726 nostra:
2792 1675 3244 1741 magnitudinem:
3268 1680 3360 1734 sed
3390 1696 3486 1751 pro
3512 1698 3609 1738 sua

2002 1753 2354 1825 benignitate,
2386 1768 2440 1815 et
2465 1762 2651 1815 volens
2689 1766 3032 1823 occasionem
3080 1769 3311 1839 aliquam
3338 1776 3609 1843 accipere,

2002 1854 2059 1898 ut
2082 1860 2234 1901 suam
2256 1847 2496 1905 declaret
2522 1850 2919 1917 liberalitatem,
2940 1869 3222 1928 exspectat
3247 1870 3304 1916 ut
3322 1862 3613 1922 offeramus

1998 1950 2118 2004 quae
2156 1951 2187 1991 a
2231 1938 2384 1994 nobis
2414 1952 2577 1995 sunt:
2605 1942 2657 1996 id
2690 1945 2829 2014 quod
2859 1957 2912 2000 et
2939 1963 3083 2003 nunc
3110 1948 3309 2010 factum
3337 1963 3441 2007 est.
3474 1953 3608 2009 Nam

1997 2026 2119 2096 quia
2170 2027 2338 2085 Jacob
2376 2040 2431 2086 et
2480 2034 2723 2090 Rebecca
2774 2037 3016 2093 fecerunt
3053 2054 3115 2094 ea
3155 2057 3276 2112 quae
3316 2059 3346 2097 a
3386 2059 3445 2099 se
3494 2046 3609 2101 fieri

1997 2118 2321 2185 oportebat:
2355 2128 2409 2176 et
2456 2123 2546 2178 ille
2594 2126 2809 2196 quidem
2842 2130 3078 2186 obedivit
3119 2134 3348 2189 consilio
3392 2138 3606 2203 matris,

1994 2204 2113 2261 hac
2167 2219 2348 2266 autem
2377 2214 2557 2269 omnia
2588 2231 2710 2286 qua:
2760 2219 2829 2273 ad
2874 2235 2934 2277 se
2982 2224 3286 2279 attinebant
3328 2227 3604 2295 ἰιιη-Ιυνὶιε

1996 2306 2125 2353 tunc
2169 2300 2305 2363 ultra
2361 2302 2533 2358 bonus
2580 2307 2837 2366 Dominus
2884 2328 3074 2383 magna
3121 2316 3373 2372 facilitate
3420 2319 3606 2388 perlici

1993 2393 2202 2445 curavit
2245 2394 2388 2463 quod
2414 2398 2655 2453 omnium
2702 2412 2819 2457 erat
2850 2402 3245 2475 difﬁcillimum,
3280 2425 3349 2464 ne
3394 2410 3605 2468 fraudis

1993 2479 2155 2550 hujus
2183 2482 2358 2539 fabula
2383 2496 2507 2541 nota
2540 2504 2687 2545 esset
2710 2491 2916 2549 Isaaco.
2948 2497 3081 2552 Nam
3112 2510 3397 2572 postquam
3423 2506 3603 2565 attulit

1991 2570 2169 2626 edulia
2219 2577 2376 2645 patri,
2409 2578 2496 2633 19.
2530 2579 2674 2637 Dixit
2717 2586 2785 2637 αιι
2826 2604 2982 2642 eum:
3016 2589 3139 2656 Quis
3182 2602 3235 2646 tu
3256 2570 3336 2660 et,
3371 2596 3445 2663 ﬁli
3472 2597 3498 2650 γ
3528 2598 3597 2657 ιςι

1991 2663 2123 2718 dixit
2166 2664 2329 2721 Iacob
2355 2670 2423 2722 ad
2468 2683 2661 2740 patrem
2693 2693 2841 2731 suum
2872 2696 2891 2732 :
2935 2678 3050 2752 Ego
3087 2700 3201 2737 sum
3234 2684 3374 2740 Esau
3404 2690 3603 2757 prium-

1982 2758 2186 2838 genitus
2230 2769 2392 2816 tuus:
2427 2763 2525 2833 feci
2569 2765 2659 2819 tibi
2701 2769 2831 2822 sicut
2880 2772 3114 2841 loquutus
3157 2778 3283 2829 milii
3311 2796 3382 2833 es.
3431 2780 3602 2853 Surge

2427 2830 2435 2833 τ
2943 2830 2955 2841 ι
3318 2830 3323 2831 ⁷
3343 2830 3352 2831 ί
3368 2830 3382 2833 ‘
3432 2830 3462 2834 "
3480 2830 3523 2835 "'
3540 2830 3598 2853 υ*

1987 2830 2129 2919 ergo,
2149 2851 2284 2915 sede,
2312 2863 2358 2909 et
2379 2858 2586 2911 comede
2614 2860 2677 2913 de
2706 2864 2970 2919 venatione
2992 2882 3121 2932 mea,
3150 2880 3201 2923 ut
3228 2870 3490 2927 bent-dicat
3519 2890 3600 2930 me

1986 2942 2159 2995 animo
2184 2952 2293 3000 tua.
2314 2946 2607 3003 Considera
2633 2951 2735 3018 hic,
2769 2955 3017 3025 obsecro,
3038 2970 3234 3029 quanta
3259 2978 3381 3019 cum
3407 2965 3599 3021 anxie-

1990 3038 2096 3088 tate
2116 3035 2278 3089 vcrba
2305 3036 2425 3092 haec
2453 3040 2704 3110 loquutus
2730 3046 2799 3099 sit
2824 3045 3011 3102 Jucob.
3034 3050 3137 3117 Qui
3161 3054 3301 3109 enim
3328 3056 3597 3127 principio

1985 3121 2193 3180 dixerat
2217 3130 2377 3183 matri
2406 3148 2419 3183 :
2452 3130 2642 3187 Timeo
2673 3148 2741 3189 ne
2768 3136 3018 3194 inducam
3052 3155 3216 3211 Super
3245 3121 3342 3201 me—
3372 3121 3599 3205 maledi-

1983 3213 2235 3283 ctionem,
2276 3228 2332 3274 et
2382 3237 2488 3275 non
2549 3224 3017 3287 benedictionem:
3066 3248 3209 3289 nunc
3250 3239 3498 3308 expende
3541 3242 3594 3294 in

1983 3315 2185 3373 quanto
2209 3310 2400 3365 timore
2422 3316 2749 3377 constitutus
2779 3319 2960 3389 fuerit,
2986 3324 3075 3393 qui
3109 3334 3309 3381 tantam
3357 3330 3591 3385 tabulam

1982 3396 2205 3464 ageret?
2232 3398 2427 3455 Verum
2462 3405 2587 3472 quia
2639 3408 2777 3462 Deus
2808 3422 2924 3465 erat
2953 3414 3041 3483 qui
3088 3418 3482 3486 conperabatur
3529 3421 3596 3475 iis

1982 3504 2101 3558 qua:
2133 3490 2352 3560 fiebant,
2382 3496 2561 3552 omnia
2590 3516 2755 3569 opere
2790 3510 2932 3559 sunt
2956 3506 3192 3579 impleta.
3227 3511 3365 3579 Quid
3406 3514 3591 3584 igitur,

1981 3581 2126 3637 dicet
2167 3585 2381 3655 aliquis,
2415 3602 2807 3661 cooperatusne
2838 3597 2978 3653 Deus
3008 3609 3093 3655 est
3132 3581 3454 3660 mendacioi
3501 3607 3595 3661 Di-

1979 3674 2137 3743 lecte,
2171 3694 2238 3734 ne
2266 3681 2486 3753 indages
2527 3694 2739 3743 tantum
2765 3691 2905 3760 quod
2934 3692 3007 3760 lit,
3040 3696 3133 3750 sed
3180 3699 3401 3755 attende
3426 3701 3590 3755 etiam

1979 3782 2223 3837 seopum,
2256 3782 2309 3827 et
2341 3776 2481 3844 quod
2535 3779 2583 3830 id
2618 3794 2725 3834 non
2766 3780 2969 3840 factum
2998 3785 3069 3839 sit
3096 3792 3411 3858 temiioraiis
3440 3806 3591 3847 com-

1975 3860 2122 3914 modi
2147 3864 2229 3917 vel
2256 3867 2494 3921 avaritia:
2520 3883 2702 3937 causa,
2734 3872 2829 3927 sed
2852 3876 2993 3945 quod
3036 3878 3124 3933 ille
3153 3883 3317 3948 patris
3360 3883 3591 3940 benedi-

1978 3955 2213 4011 ctionem
2242 3958 2342 4013 sibi
2374 3974 2690 4031 comparare
2720 3967 2960 4023 studeret
2994 3987 3008 4025 :
3049 3962 3251 4044 :ﬂioqui
3282 3975 3326 4029 si
3359 3977 3430 4030 ita
3459 3978 3591 4032 sim-

1978 4045 2189 4114 pliciter
2224 4066 2343 4120 que:
2396 4053 2528 4109 fiunt
2574 4060 2977 4117 examinaturus
3023 4079 3103 4130 es,
3154 4082 3328 4138 neque
3370 4086 3590 4142 semper

1978 4152 2198 4209 seopum
2231 4144 2483 4219 exquiras
2510 4187 2523 4210 ,
2570 4148 2693 4204 vide
2722 4162 2791 4206 ne
2821 4164 2874 4208 et
2905 4157 3268 4224 patriarcltam
3297 4160 3391 4215 lilii
3422 4164 3587 4218 inter-

1978 4230 2258 4300 fectorem,
2288 4244 2346 4290 et
2372 4236 2631 4296 Phineem
2672 4241 2996 4301 homicidam
3026 4248 3228 4304 dicas‘.
3262 4251 3461 4308 Verum
3488 4270 3583 4311 ne-

1974 4339 2082 4393 que
2113 4326 2382 4382 Abraham
2432 4331 2525 4386 lilii
2573 4334 2838 4391 homicida
2882 4337 3001 4406 fuit,
3030 4339 3125 4395 sed
3156 4349 3209 4396 et
3236 4342 3392 4399 valde
3417 4344 3467 4399 ei
3507 4348 3587 4401 af-

1978 4415 2147 4471 fectus
2173 4428 2321 4485 erat,
2353 4421 2396 4475 si
2428 4424 2548 4491 quis
2587 4425 2725 4481 alius
2752 4445 2767 4485 :
2812 4443 2987 4500 neque
3016 4431 3246 4489 Phinees
3291 4434 3582 4501 homicida,

1974 4508 2069 4562 sed
2099 4512 2216 4564 zelo
2248 4513 2457 4580 plenus.
2489 4514 2724 4587 [Perque
2752 4521 2896 4574 enim
2921 4522 3065 4592 quod
3096 4524 3206 4579 Deo
3230 4527 3580 4595 probabatur.

1975 4599 2224 4655 faciebat.
2254 4604 2614 4671 Quamobrem
2644 4608 2737 4665 ille
2772 4626 2867 4681 per
2886 4612 3269 4683 obedientiam,
3294 4619 3521 4675 multum
3553 4641 3584 4678 ει

1976 4691 2087 4746 Deo
2132 4698 2619 4768 remunerationem
2678 4708 3002 4771 promeruit;
3056 4706 3141 4761 hic
3189 4725 3317 4764 vero
3359 4724 3584 4784 propter

1972 4788 2144 4841 zelum
2188 4792 2525 4859 pratilicatur.
2581 4796 2785 4850 Dicitur
2823 4799 2967 4853 enim
3000 4819 3012 4854 :
3043 4800 3191 4856 Stetit
3245 4803 3490 4888 Pliiu'ees,
3536 4818 3584 4864 et
3666 4808 3673 4815 ’

1972 4881 2191 4949 placarit
2219 4882 2391 4947 (Psal.
2428 4886 2549 4940 ωδ.
2584 4887 2697 4958 so).
2743 4887 2798 4943 Si
2827 4888 2989 4959 igitur
3019 4881 3449 4953 homicidium’et
3480 4899 3580 4957 lilii

1970 4973 2149 5027 cmdes
2197 4973 2533 5043 placuerunt.
2583 4979 2707 5049 quia
2756 4981 3055 5038 secundum
3109 4985 3202 5040 Dei
3253 4992 3580 5048 sententiam

1973 5062 2201 5131 lie-bant,
2248 5082 2352 5120 nec
2404 5064 2731 5125 attendimus
2772 5071 2840 5127 ad
2879 5072 3049 5140 facta,
3097 5078 3189 5131 sed
3238 5080 3304 5133 ad
3357 5095 3580 5153 scopum

1969 5170 2157 5211 eorum
2185 5174 2305 5228 qua:
2334 5160 2679 5242 gerebantur,
2713 5173 2768 5219 et
2792 5164 2860 5219 ad
2891 5166 3227 5223 voluntatem
3268 5184 3456 5228 eorum
3484 5177 3578 5245 qui

1969 5246 2258 5305 fecerunt:
2307 5228 2480 5308 multo
2507 5228 2679 5326 magis
2706 5264 2763 5313 et
2809 5254 2899 5313 hic
2946 5261 3388 5331 perpendendum
3433 5228 3575 5323 ἱειῖιά

1970 5340 2149 5399 fuerit.

2036 5435 2093 5490 .3.
2124 5436 2201 5492 Ne
2229 5437 2388 5508 igitur
2423 5439 2529 5497 hoc
2555 5445 2836 5500 considam
2858 5488 2874 5514 ,
2917 5448 3061 5517 quod
3106 5448 3236 5505 falsa
3280 5451 3477 5509 fuerint
3509 5472 3571 5511 ea

1965 5541 2085 5595 quae
2111 5526 2424 5585 dicebantur
2446 5547 2479 5587 a
2506 5533 2727 5603 Jacobo,
2759 5537 2853 5594 sed
2885 5539 3014 5595 illud
3050 5544 3221 5613 cogita
3244 5586 3259 5611 ,
3301 5545 3573 5603 volentem

2030 5710 2046 5741 ¹
2083 5716 2226 5779 Juxta
2245 5710 2448 5795 pla-eli)
2465 5720 2524 5795 ει.
2546 5712 2687 5795 Sail.
2734 5715 2805 5795 sic
2821 5713 3103 5795 legendum
3122 5728 3241 5795 lest,
3368 5730 3572 5795 scriptun

1963 5771 2211 5851 exquiras,
2226 5771 2848 5851 jam‘tibt'dicem‘tmnerit
2888 5771 3239 5839 patrium/iani
3262 5797 3366 5835 esse
3490 5771 3570 5840 in;

1966 5834 2285 5897 terfectorem,
2304 5841 2350 5885 et
2377 5834 2601 5888 tltiueem
2619 5834 2927 5890 homicidam.
