4182 6322
642 350 743 404 467

645 463 809 517 Deum
840 462 1228 532 prmdictionem
1258 461 1500 529 impleri,
1528 461 1702 513 omnia
1717 468 1769 512 ut
1788 459 1864 513 sic
1884 458 2071 512 tierent
2092 456 2205 513 dis-

641 554 961 620 pensavissc.
990 552 1052 608 Et
1073 561 1127 603 ut
1158 552 1295 605 scias
1318 551 1480 604 Deum
1510 550 1687 603 omnia
1709 549 1877 602 lacilia
1895 547 2206 611 reddidisse,

640 644 795 696 etiam
818 657 877 695 ea
899 657 1015 711 qua:
1034 640 1263 694 diliicilia
1290 650 1439 695 erant
1458 657 1473 695 :
1492 640 1615 694 vide
1630 640 1895 709 quomodo
1908 639 2083 707 justus
2103 653 2207 691 non

643 736 872 802 potuerit
904 734 1157 802 suspicari
1201 732 1436 787 fraudem
1459 773 1473 795 ,
1520 732 1617 785 scd
1655 746 1935 800 persuasus
1963 730 2030 783 sit
2055 729 2211 784 dictis

637 826 802 878 .lacob
820 866 833 889 ,
866 835 1053 879 etcum
1075 825 1246 879 edulia
1272 826 1368 878 ista
1390 823 1725 889 comedisset,
1754 821 2208 878 benedictionibus

638 929 759 967 eum
805 924 1125 968 rcmuneret.
1197 913 1265 966 Et
1310 928 1414 967 non
1463 912 1607 980 prius
1654 926 1683 963 a
1728 912 2007 964 venatione
2052 909 2211 963 rediit

640 1005 777 1057 Esau
802 1043 818 1069 ,
859 1018 1016 1072 quam
1067 1004 1241 1066 omnia
1290 1010 1467 1056 essent
1514 1000 1770 1070 impleta:
1800 1010 1857 1054 ut
1898 1014 1991 1068 per
2030 999 2207 1054 omnia

637 1096 890 1159 sciamus,
929 1094 1195 1147 voluntate
1238 1096 1326 1147 Dei
1377 1094 1489 1148 haec
1526 1103 1671 1162 gesta
1711 1094 1893 1147 fuisse.
1929 1091 2016 1146 ΞΟ.
2066 1090 2209 1144 Dixit

633 1195 822 1249 autem,
854 1184 1052 1253 inquit,
1092 1183 1241 1238 Isaac
1265 1201 1287 1237 :
1312 1184 1447 1250 Quid
1476 1187 1600 1250 hoc,
1640 1186 1773 1253 quod
1802 1194 1903 1235 tam
1933 1184 2030 1236 cito
2067 1184 2205 1236 intre—

634 1275 788 1341 nisti,
818 1276 937 1343 fili?
975 1274 1073 1329 Ille
1104 1286 1271 1329 autem
1311 1277 1437 1330 dixit
1471 1292 1490 1329 :
1520 1276 1668 1343 Quod
1708 1277 1913 1329 tradidit
1964 1274 2208 1330 Dominus

637 1366 774 1420 Deus
797 1380 909 1420 tuus
937 1384 1105 1421 coram
1134 1385 1229 1422 me.
1255 1368 1440 1422 Ad‘iue
1466 1370 1517 1422 in
1548 1369 1798 1437 angustiis
1823 1367 1995 1421 stabat
2022 1365 2207 1429 Jaeob,

636 1456 1029 1525 augebaturque
1048 1459 1330 1527 plurimum
1355 1459 1514 1512 timor
1532 1459 1645 1528 ejus
1665 1473 1880 1512 :verum
1903 1458 2013 1511 haec
2031 1458 2205 1510 omnia

638 1558 919 1617 propterea
951 1549 1081 1603 facta
1112 1558 1264 1614 sunt,
1299 1558 1355 1602 ut
1389 1549 1652 1603 discamus
1682 1549 1839 1603 rebus
1870 1549 1995 1617 ipsis
2026 1548 2206 1601 Domi-

638 1653 765 1691 num
811 1654 912 1690 non
943 1638 1253 1706 simpliciter
1296 1652 1443 1693 suam
1489 1637 1761 1692 declarare
1802 1636 2205 1691 sollicitudinem

590 1780 591 1783 η
636 1736 692 1779 et
737 1726 1157 1796 providentiam,
1202 1728 1301 1782 nisi
1344 1727 1530 1782 viderit
1575 1738 1629 1782 et
1668 1734 1905 1781 nostrum
1956 1725 2207 1779 accedere

636 1817 918 1871 ieworem.
965 1817 1042 1872 Nc
1080 1820 1222 1873 enim
1267 1827 1550 1886 prmtereas
1579 1818 1752 1872 obiter
1781 1818 1917 1872 hunc
1947 1831 2166 1886 agonem
2190 1858 2204 1881 ,

635 1907 856 1972 dilecte,
889 1908 981 1962 sed
1008 1908 1312 1963 consideres
1340 1912 1409 1963 de
1433 1923 1606 1962 rerum
1638 1923 1841 1963 summa
1875 1908 2034 1961 fuisse
2066 1906 2206 1976 peri—

633 1996 814 2050 eulum
841 2016 854 2051 :
877 2013 1103 2068 eumque
1132 2000 1320 2053 timore
1345 2013 1408 2053 ac
1434 2007 1666 2053 tremore
1693 2000 1903 2067 plenum
1934 1998 2116 2063 fuisse,
2140 2012 2209 2051 ne

637 2097 855 2155 propter
900 2088 1319 2143 benedictionem
1364 2088 1513 2142 lieret
1542 2090 1685 2141 omni
1729 2087 2079 2142 maledictioni
2107 2086 2205 2141 ob-

637 2180 847 2233 noxius.
890 2178 1092 2233 Deinde
1119 2179 1323 2249 inquit,
1351 2177 1442 2233 2!.
1470 2178 1612 2232 Dixit
1642 2176 1789 2232 Isaac
1808 2178 2207 2247 tAppropinqua

636 2271 781 2336 sui/ii,
822 2281 869 2325 et
897 2273 1207 2325 contrectabo
1248 2282 1325 2337 te,
1362 2270 1473 2341 ﬁli,
1510 2289 1576 2326 an
1621 2273 1689 2326 sis
1718 2271 1853 2338 ﬁlius
1880 2270 2203 2349 meus’Esait,

636 2361 715 2414 rel
739 2377 856 2413 non.
889 2360 1096 2415 Etenim
1120 2362 1189 2415 ob
1211 2378 1391 2417 vocem
1415 2363 1682 2431 paululum
1704 2362 1974 2417 dubitabat
1995 2362 2166 2431 justus
2190 2381 2203 2416 :

637 2450 732 2503 scd
754 2452 871 2517 quia
890 2451 1210 2520 dispensatio
1233 2453 1496 2521 implenda
1522 2463 1656 2518 erat,
1682 2469 1785 2506 non
1810 2454 2047 2521 permisit
2070 2453 2209 2507 Dens

640 2550 700 2597 ut
746 2542 897 2597 dolus
939 2543 1240 2599 sentiretur.
1294 2544 1386 2597 2‘2.
1434 2544 1868 2614 ApprOpinquavit
1909 2554 2110 2610 autem,
2163 2553 2208 2596 at

639 2635 959 2687 contrectauit
982 2652 1115 2699 eum,
1147 2645 1191 2687 ct
1222 2635 1384 2689 dixit:
1415 2634 1524 2689 Vox
1550 2635 1749 2705 quidem
1772 2651 1866 2689 vox
1888 2635 2069 2699 Jacob,
2098 2651 2207 2687 ma-

640 2740 732 2777 nus
755 2735 917 2777 autem
941 2741 1114 2778 manus
1140 2720 1280 2779 Esau
1304 2742 1320 2779 :
1340 2735 1385 2779 et
1410 2743 1509 2780 non
1536 2727 1735 2795 agnouit
1763 2741 1893 2779 eunt.
1923 2724 2054 2779 Vide
2080 2739 2211 2793 quo-

638 2815 799 2867 modo
837 2816 1079 2870 ostendat
1126 2828 1289 2871 totum
1335 2834 1362 2870 a
1412 2818 1501 2872 Dei
1552 2818 1717 2886 gratia
1772 2830 2017 2871 manasse
2046 2835 2059 2870 :
2087 2832 2206 2887 quae

636 2904 902 2958 t-llicicbat
924 2945 938 2967 ,
981 2914 1037 2958 ut
1067 2906 1175 2976 ipse
1207 2906 1334 2959 nibil
1362 2906 1549 2961 horum
1577 2906 1918 2977 agnosceret,
1953 2917 2007 2963 et
2044 2906 2207 2963 Iacob

637 3004 853 3062 paterna
886 2995 1146 3051 frueretur
1182 2998 1567 3052 benedictione.
1601 2998 1664 3051 Et
1697 3014 1793 3051 non
1825 2998 2025 3068 agnovit
2055 3016 2198 3061 eum,

637 3084 831 3153 inquit;
869 3097 1009 3139 erant
1034 3089 1165 3140 cnim
1204 3105 1380 3143 manus
1409 3090 1515 3157 ejus
1557 3090 1685 3141 sicut
1712 3105 1889 3142 ntamts
1930 3086 2088 3142 Esau.
2113 3090 2203 3143 24.

640 3173 704 3225 Et
734 3176 879 3240 dixit,
912 3175 1049 3231 Tune
1072 3193 1124 3231 es
1153 3179 1288 3245 ﬁlius
1318 3196 1454 3233 meus
1479 3179 1650 3234 Esau?
1671 3178 1798 3233 Vide
1828 3180 2037 3243 iterum,
2070 3196 2207 3250 quo-

638 3266 797 3321 modo
812 3267 1037 3322 ostendit
1054 3270 1227 3323 divina
1240 3270 1529 3339 Scriptura,
1550 3270 1689 3341 quod
1711 3272 1999 3327 dubitasset
2009 3272 2203 3341 justus.

637 3354 779 3407 Dixit
805 3358 943 3409 enim
964 3399 979 3423 ,
1027 3359 1230 3426 inquit,
1261 3359 1399 3413 Num
1426 3370 1482 3415 tu
1517 3376 1568 3416 es
1611 3362 1747 3430 ﬁlius
1776 3377 1914 3416 meus
1943 3362 2122 3416 Esau?
2149 3372 2206 3419 ut

633 3460 699 3498 ex
724 3460 791 3513 eo
814 3462 1020 3516 quoque
1046 3450 1272 3504 sciamus
1293 3492 1308 3513 ,
1352 3460 1557 3520 patrem
1582 3452 1775 3507 victum
1812 3453 2035 3507 naturali
2071 3454 2203 3508 atre-

633 3536 807 3589 etione
833 3540 1005 3591 omnia
1030 3538 1216 3594 fecisse
1240 3560 1251 3594 :
1280 3541 1447 3597 Deum
1475 3552 1673 3607 autem,
1695 3544 1783 3614 qui
1814 3543 1985 3599 futura
2014 3544 2203 3615 mvi-

634 3624 756 3689 det,
802 3636 854 3680 et
902 3628 1151 3683 virtutum
1189 3639 1308 3685 nota
1349 3647 1535 3688 servos
1574 3648 1700 3687 suos
1739 3633 1989 3702 insignire
2032 3634 2203 3702 solet,

632 3716 808 3769 omnia
836 3717 974 3773 hunc
1000 3720 1053 3774 in
1080 3722 1293 3775 modum
1320 3722 1731 3792 dispensavisse.
1756 3724 1824 3779 Et
1852 3724 1985 3779 dixit
2010 3724 2201 3780 Iacob:

633 3804 768 3874 Ego.
810 3807 1091 3878 Postquam
1138 3812 1277 3865 enim
1322 3812 1484 3880 dixit,
1521 3813 1661 3867 Num
1704 3825 1755 3868 tu
1798 3831 1849 3870 es
1895 3814 2031 3870 Esau
2070 3818 2205 3885 ﬁlius

632 3896 809 3949 sucus?
831 3906 885 3951 et
905 3898 1052 3962 dixit,
1082 3898 1189 3970 Ego
1208 3918 1225 3953 :
1243 3901 1392 3967 dixit,
1422 3903 1509 3957 25.
1540 3903 1680 3969 Aﬁ'er
1704 3906 1848 3967 mihi,
1878 3916 1924 3959 et
1949 3908 2206 3961 comedam

632 3986 697 4039 de
735 3990 989 4043 uenatione
1018 4000 1102 4043 tua
1124 4033 1139 4057 ,
1183 3992 1281 4060 ﬁli,
1313 4003 1365 4046 ut
1399 3994 1653 4049 benedice!
1681 4006 1728 4049 te
1751 3998 1920 4050 anima
1946 4016 2055 4051 mea
2080 4015 2097 4052 :
2118 4001 2204 4055 vix

632 4078 841 4132 tandem
868 4096 896 4132 a
922 4097 1043 4136 cura
1072 4084 1295 4138 solvitur
1318 4086 1510 4153 Jacob,
1550 4098 1595 4141 et
1637 4090 1805 4143 attulit
1834 4094 1963 4161 putri
1994 4093 2162 4146 edulia
2182 4132 2205 4161 ,

630 4170 894 4239 attulitque
920 4173 1085 4225 vinum
1105 4216 1120 4240 ,
1162 4185 1207 4227 et
1251 4176 1387 4231 bibit.
1419 4178 1506 4231 26.
1538 4178 1602 4231 Et
1645 4180 1776 4234 dixit
1798 4183 1843 4235 ei
1873 4199 1891 4236 :
1919 4184 2109 4237 Accede
2134 4187 2204 4237 ad

631 4274 740 4323 me,
768 4270 813 4312 et
842 4260 1069 4316 osculare
1097 4281 1174 4318 me
1193 4307 1207 4329 ,
1243 4267 1338 4333 fili.
1378 4266 1468 4321 27.
1497 4267 1560 4321 Et
1584 4271 1821 4325 accedens
1848 4274 2098 4327 osculatus
2131 4284 2204 4328 est

627 4365 778 4417 cum;
825 4361 869 4403 et
916 4354 1153 4410 odoratus
1193 4366 1267 4411 est
1306 4359 1508 4411 odorem
1554 4361 1952 4415 uestimentorum
1982 4364 2121 4432 eius,
2156 4376 2205 4419 et

628 4438 875 4495 benedixit
902 4460 1013 4497 eum
1031 4487 1045 4510 ,
1073 4462 1131 4499 ac
1160 4448 1304 4500 dixit.
1336 4448 1465 4503 Vide
1490 4449 1680 4505 divinae
1707 4451 1989 4521 Scriptura:
2020 4455 2204 4509 obser-

627 4531 915 4584 vationem.
945 4532 1226 4603 Postquam
1258 4538 1631 4608 interrogavit,
1666 4540 1805 4595 Num
1847 4551 1900 4596 tu
1940 4560 1992 4599 es
2019 4544 2203 4599 Emi?

628 4628 683 4673 et
708 4620 861 4684 dixit,
890 4620 999 4693 Ego
1021 4639 1040 4677 :
1061 4626 1251 4680 iterum
1278 4631 1625 4684 contrectat-it
1648 4645 1796 4699 eum,
1818 4644 1869 4687 et
1894 4634 2203 4689 subdubita-

628 4708 739 4775 ιιι,
768 4726 888 4766 cum
915 4728 979 4767 ex
1007 4730 1135 4769 voce
1155 4730 1291 4784 pene
1310 4718 1701 4774 simulationem
1728 4722 2198 4791 deprehendisset:

622 4807 677 4853 ct
706 4799 899 4855 iterum
944 4802 1316 4874 interrogavit,
1362 4808 1503 4863 Nunt
1530 4819 1582 4863 tu
1608 4828 1660 4865 es
1688 4812 1825 4880 ﬁlius
1854 4830 1990 4869 uisus
2027 4814 2205 4871 Esau?

622 4899 680 4944 et
707 4891 858 4957 dixit,
885 4892 1101 4964 Ego:et
1130 4906 1310 4965 postea
1349 4900 1523 4954 attulit
1552 4901 1600 4955 ei
1621 4943 1638 4968 ,
1668 4911 1722 4956 et
1750 4903 1979 4958 comedit
2005 4923 2017 4959 :
2043 4915 2197 4973 tunc,

619 4980 829 5053 inquit,
879 4983 1149 5042 Osculatus
1190 5000 1261 5043 est
1298 5008 1430 5053 eum,
1459 5002 1505 5045 et
1555 4993 1800 5048 benedixit
1844 5012 1979 5050 eum.
2018 4997 2086 5053 Ut
2132 5014 2198 5054 ne

623 5073 745 5141 quis
771 5076 1016 5143 opinetur
1036 5092 1157 5131 eum
1188 5081 1238 5133 in
1273 5095 1551 5149 personam
1591 5084 1730 5139 Esau
1772 5086 2195 5143 benedictionem

618 5161 843 5232 iecisse,
874 5167 967 5221 sed
1012 5166 1065 5223 in
1110 5170 1260 5226 illum
1294 5189 1450 5243 quem
1484 5177 1751 5233 osculatus
1774 5187 1857 5233 est
1880 5197 1893 5234 :
1916 5188 2193 5250 prepterea

618 5268 1003 5329 commemorat
1022 5261 1198 5316 divina
1226 5263 1514 5334 Scriptura,
1548 5268 1688 5337 quod
1717 5269 1987 5325 osculatus
2011 5281 2112 5336 est,
2141 5281 2195 5327 et

617 5345 889 5403 benedixit
934 5351 1114 5420 illum,
1156 5368 1316 5424 quem
1367 5357 1636 5413 osculatus
1678 5367 1780 5416 est.
1827 5358 2081 5417 Oderatus
2122 5371 2197 5417 est

615 5438 749 5490 enim
772 5439 976 5495 odorem
1012 5444 1414 5501 uestimentorum
1456 5450 1565 5520 ejus
1605 5457 1653 5503 et
1692 5449 1941 5506 benedixit
1972 5468 2120 5517 cum,
2148 5462 2194 5507 et

609 5528 735 5582 didit
763 5546 784 5583 :
811 5528 942 5585 Ecce
967 5532 1093 5588 oder
1115 5534 1211 5603 ﬁlii
1234 5537 1330 5590 mei
1348 5578 1368 5603 ,
1401 5539 1527 5593 sicut
1562 5538 1689 5594 odor
1713 5542 1825 5612 agri
1853 5542 2019 5612 pleni,
2047 5558 2193 5612 quem

609 5618 861 5677 benedixit
886 5622 1155 5707 Dominus.
1176 5626 1269 5684 28.
1299 5628 1366 5685 Et
1393 5631 1531 5685 dabit
1550 5632 1638 5687 tibi
1669 5632 1802 5689 Deus
1825 5636 1888 5689 de
1917 5652 2031 5691 rore
2055 5636 2188 5700 ccli,

606 5717 657 5765 et
682 5710 746 5765 dc
767 5711 1065 5785 pinguntur:
1091 5728 1260 5789 terra,
1285 5728 1331 5777 ct
1355 5718 1723 5779 multitudinem
1738 5725 1976 5796 frumenti
1996 5734 2044 5782 et
2065 5728 2185 5784 vini.

1354 345 1412 403 S.
1451 342 1723 402 JOANNIS
1757 340 2223 401 CHRYSOSTOMI
2264 340 2581 397 ARCHIEP.
2623 341 3155 401 CONSTANTINOP.

3797 347 3908 402 ιϐ»

2324 454 2456 521 Det,
2487 455 2692 525 inquit,
2725 456 2981 513 Dominus
3004 457 3143 512 Deus
3170 456 3301 523 tibi,
3327 457 3417 527 qui
3443 454 3617 512 edulia
3644 460 3905 524 attulisti,

2319 547 2406 614 qui
2447 562 2479 600 a
2527 562 2612 603 me
2642 549 2882 602 osculum
2931 550 3178 617 accepisti
3206 548 3305 601 :Et
3348 550 3564 602 serviant
3598 551 3685 603 tibi
3708 563 3901 620 gentes.

2322 637 2455 692 Vide
2496 638 2765 707 quomodo
2810 641 3232 693 necessariorum
3277 641 3481 709 copiam
3515 641 3611 709 ipsi
3658 652 3907 711 precatus

2322 731 2427 793 sit,
2456 729 2649 784 deinde
2677 732 3025 799 principatum
3052 732 3287 799 gentium
3311 772 3326 796 ,
3364 732 3657 800 pra-dicens
3684 742 3737 787 et
3755 732 3903 786 futu-

2314 837 2429 875 ram
2457 822 2571 891 ejus
2598 824 3001 892 prosperitatem
3023 833 3077 875 et
3098 839 3281 877 eorum
3310 824 3395 892 qui
3427 824 3494 878 ab
3524 839 3588 877 eo
3612 833 3902 879 nascuntur

2318 912 2719 965 incrementum.
2754 910 2820 964 Et
2845 913 3055 966 adorent
3096 924 3143 965 te
3180 914 3448 981 principes.
3492 913 3608 967 Non
3651 912 3827 969 solum
3852 916 3901 968 ci

2315 1011 2635 1069 apprecatur
2661 1004 2896 1071 gentium
2932 1004 3314 1072 subjectionem
3336 1045 3350 1063 ,
3384 1004 3475 1058 sed
3514 1006 3671 1060 etiam
3698 1006 3898 1074 princi-

2316 1106 2463 1163 pum.
2496 1090 2564 1143 Et
2587 1094 2659 1145 sis
2685 1094 2915 1146 dominus
2947 1094 3120 1161 fratris
3151 1094 3242 1145 tui.
3274 1092 3405 1146 Vide
3442 1096 3707 1161 quomodo
3730 1096 3902 1149 servit

2308 1182 2506 1250 justus,
2534 1184 2693 1237 ctiam
2738 1186 3023 1253 ignorans,
3078 1185 3168 1238 Dei
3208 1185 3489 1237 voluntati.
3531 1184 3717 1241 Omnia
3755 1188 3899 1241 enim

2317 1274 2429 1326 lucc
2457 1282 2674 1342 propter
2703 1273 2803 1328 hoc
2829 1273 3275 1342 dispensabantur
3300 1316 3312 1336 ,
3344 1285 3399 1327 ut
3430 1274 3514 1328 hic
3541 1285 3758 1342 propter
3788 1276 3895 1329 vir-

2314 1371 2481 1416 tutem
2511 1364 2702 1433 dignus
2723 1404 2736 1428 ,
2768 1366 2988 1431 recipiat
3029 1364 3470 1418 benedictionem.
3520 1365 3585 1417 Et
3614 1366 3898 1418 adorabunt

2313 1464 2361 1507 te
2400 1456 2495 1523 [itii
2538 1458 2695 1525 patris
2736 1459 2825 1509 tui.
2868 1456 3034 1509 Filios
3073 1458 3349 1510 consuevit
3395 1457 3667 1525 Scriptura
3705 1473 3899 1512 vocare

2310 1560 2527 1599 omnem
2558 1548 2954 1614 generationem
2983 1564 2994 1597 :
3021 1548 3157 1600 sicut
3181 1556 3233 1598 et
3261 1546 3345 1599 hic
3371 1588 3383 1607 ,
3434 1549 3567 1600 lilios
3593 1548 3755 1616 patris
3783 1548 3853 1601 tui
3878 1566 3895 1602 :

2312 1649 2375 1688 ac
2404 1636 2446 1689 si
2476 1636 2595 1705 quis
2616 1636 2818 1690 diceret
2838 1651 2930 1689 eos
2953 1637 3041 1705 qui
3064 1653 3126 1689 ex
3149 1638 3353 1691 semine
3383 1637 3524 1691 Esau
3543 1638 3699 1693 futuri
3722 1650 3895 1693 erant.

2314 1723 2429 1777 Non
2458 1725 2598 1779 enim
2629 1724 2761 1779 alios
2802 1725 2940 1778 ﬁlios
2974 1725 3158 1778 habuit
3205 1726 3380 1791 Isaac,
3420 1742 3575 1794 quam
3622 1728 3719 1781 bos
3761 1728 3898 1781 duos

2312 1815 2483 1869 solos.
2510 1814 2608 1880 Qui
2651 1816 2905 1868 maledicit
2945 1827 3022 1880 te,
3062 1817 3124 1869 sit
3160 1817 3495 1870 maledictus:
3524 1819 3613 1886 qui
3655 1820 3896 1872 benedicit

2315 1912 2385 1967 te,
2414 1904 2476 1957 sit
2506 1903 2807 1957 benedictus.
2840 1905 2979 1959 Ecce
3003 1906 3310 1959 coronidem
3338 1906 3742 1970 benedictionis,
3772 1923 3898 1963 ecce

2312 2008 2575 2048 summam
2606 1996 2841 2049 omnium
2866 1998 3149 2061 honorum,
3178 2012 3298 2052 esse
3325 1999 3679 2053 benedictum.
3712 2000 3894 2055 Vidisti

2317 2085 2407 2139 Dei
2436 2086 2813 2141 clementiam?
2853 2088 2951 2154 Qui
2983 2089 3229 2141 timuerat
3258 2102 3327 2141 ne
3352 2088 3778 2147 maledictioncm
3807 2106 3898 2145 ac-

2312 2175 2513 2244 ciperet
2538 2192 2635 2247 pro
2661 2177 3050 2241 benedictione,
3080 2193 3185 2233 non
3214 2178 3387 2232 solum
3412 2193 3529 2232 cum
3557 2189 3700 2233 tanta
3734 2181 3895 2249 largi-

2314 2273 2421 2319 tate
2443 2264 2840 2321 benedictiones
2860 2283 2889 2321 a
2913 2280 3059 2334 patre
3081 2277 3316 2335 reportat
3340 2285 3351 2320 :
3372 2267 3465 2322 sed
3488 2279 3539 2321 et
3567 2268 3640 2321 illi
3672 2268 3892 2323 maledi-

2311 2365 2523 2419 cuntur,
2548 2362 2634 2423 qui
2655 2365 2919 2411 attentarit
2946 2373 3065 2412 eum
3092 2356 3430 2411 maledicere.
3453 2358 3585 2413 Hine
3608 2359 3896 2425 discamus,

2312 2445 2455 2513 quod
2481 2447 2695 2515 quando
2718 2448 2838 2517 quis
2874 2447 3166 2502 secundum
3194 2446 3519 2503 voluntatem
3547 2451 3637 2504 Dei
3660 2466 3751 2505 sua
3780 2452 3893 2505 dis-

2315 2550 2538 2603 pensare
2579 2537 2720 2601 vult,
2772 2548 2916 2592 tanto
2942 2552 3177 2608 superno
3238 2538 3476 2593 subsidio
3500 2540 3806 2609 adjuvatur,
3838 2551 3897 2596 ut

2312 2626 2415 2682 hoc
2449 2628 2604 2697 plane
2638 2630 2811 2698 reipsa
2838 2632 3163 2699 experiatur.
3194 2629 3325 2697 Quis
3354 2631 3494 2685 enim
3526 2647 3631 2685 non
3661 2633 3897 2687 admire-

2315 2726 2398 2770 tur
2439 2726 2493 2771 et
2534 2718 2874 2788 Obstupescat
2921 2720 3010 2775 Dei
3055 2720 3373 2775 inetl‘abilem
3422 2720 3901 2791 dispensationem,

2311 2808 2451 2877 quod
2490 2824 2594 2864 non
2636 2810 2782 2879 prius
2816 2810 2959 2866 Esait
2987 2814 3053 2866 de
3086 2813 3363 2867 venatione
3400 2812 3707 2881 advenerit,
3737 2830 3898 2886 qnam

2311 2900 2609 2956 solveretur
2635 2901 2826 2956 fabula:
2858 2904 2997 2957 illius
3028 2913 3395 2974 argumentum
3417 2947 3432 2971 ,
3477 2916 3527 2961 et
3568 2906 3777 2977 quando
3808 2907 3902 2962 ille

2311 3001 2523 3061 accepta
2550 2992 2918 3050 benedictione
2947 3012 2973 3046 a
3004 3006 3151 3063 patre
3177 2996 3461 3053 discessit?
3486 2998 3595 3054 Hoc
3622 2998 3764 3052 enim
3796 3013 3902 3053 nos

2310 3081 2504 3138 docere
2525 3084 2710 3138 volens
2736 3084 2923 3139 beatus
2954 3086 3133 3141 Moses
3156 3088 3339 3158 adjicit
3359 3107 3375 3142 :
3393 3090 3482 3144 30.
3511 3088 3580 3142 Et
3608 3094 3796 3159 factum
3821 3099 3901 3144 est

2311 3183 2575 3242 postquam
2601 3177 2805 3228 cessauit
2841 3175 2985 3229 Isaac
3016 3177 3303 3232 benedicere
3326 3178 3485 3233 Iacob
3516 3180 3677 3247 [ilium
3704 3196 3852 3233 suum
3876 3195 3899 3233 :

2311 3275 2356 3318 et
2388 3266 2575 3334 factum
2614 3276 2686 3319 est
2726 3268 2929 3336 quando
2956 3270 3104 3323 exivit
3130 3268 3289 3323 Iacob
3331 3288 3362 3324 a
3402 3272 3533 3341 facie
3557 3270 3705 3325 Isaac
3726 3271 3898 3341 patris

2307 3355 2406 3419 sui,
2437 3371 2550 3409 ecce
2574 3355 2714 3410 Esaia
2742 3361 2899 3427 frater
2925 3375 3047 3412 suus
3075 3362 3208 3413 venit
3229 3362 3292 3415 de
3311 3363 3588 3416 venatione.

2378 3443 2434 3496 4.
2465 3444 2719 3511 Quidquid
2749 3458 3007 3515 peractum
3036 3449 3099 3501 sit
3117 3490 3131 3513 ,
3161 3460 3271 3519 post
3298 3452 3565 3505 adventum
3590 3450 3747 3517 Esai,
3774 3467 3899 3505 nar-

2308 3543 2387 3586 rat
2444 3539 2825 3591 commentando
2880 3539 3296 3611 Chrysostomus;
3344 3544 3699 3598 benedictionis
3754 3544 3903 3601 Esai

2308 3626 2575 3694 explicatio
2622 3645 2883 3684 numerum
2924 3633 3131 3686 claudit.
3167 3664 3238 3674 —
3276 3635 3407 3691 Vide
3454 3637 3721 3705 quomodo
3774 3645 3901 3706 post

2307 3715 2453 3808 illiuq
2484 3719 2689 3773 exitum
2728 3721 2861 3775 alter
2898 3724 3073 3776 statim
3114 3723 3351 3780 advenit.
3396 3726 3511 3781 Non
3554 3729 3651 3783 hoc
3691 3728 3900 3798 absque

2308 3804 2466 3857 causia
2491 3804 2572 3857 vel
2614 3814 2813 3860 temere
2853 3806 3067 3871 factum,
3092 3809 3187 3863 sed
3215 3820 3271 3865 ut
3301 3811 3551 3881 ignorans
3589 3812 3804 3868 all‘crret
3839 3822 3901 3869 et

2310 3893 2424 3962 ipse
2446 3894 2643 3961 edulia,
2669 3906 2722 3951 et
2746 3913 2773 3950 a
2808 3908 2953 3965 patre
2983 3899 3280 3955 addisceret
3321 3918 3435 3957 rem
3477 3913 3638 3958 totam
3679 3914 3738 3957 ut
3774 3914 3901 3959 acta

2311 3995 2446 4039 erat.
2478 3986 2609 4041 Nam
2638 3988 2681 4041 si
2709 3988 2759 4041 in
2793 3990 3008 4044 fratrem
3038 3990 3331 4057 incidisset,
3368 3992 3585 4047 forsitan
3622 4004 3675 4048 et
3716 3994 3896 4063 ipsum

2309 4075 2684 4143 interemisset,
2719 4078 2886 4134 victus
2915 4080 2987 4134 ira
3020 4097 3033 4133 :
3064 4080 3157 4150 qui
3183 4082 3323 4136 enim
3355 4082 3454 4137 hoe
3478 4093 3659 4152 postea
3688 4083 3901 4140 delibe-

2306 4170 2463 4236 ravit,
2490 4171 2657 4225 multo
2682 4174 2849 4241 magis
2876 4171 3002 4226 dum
3029 4184 3278 4242 ageretur
3306 4170 3600 4245 negotium,
3628 4176 3677 4230 id
3707 4186 3894 4232 atten-

2310 4268 2491 4315 tasset.
2517 4261 2622 4317 Sed
2654 4276 2845 4317 manus
2886 4263 2977 4318 Dei
3019 4274 3155 4331 erat,
3194 4280 3310 4335 quae
3343 4279 3563 4334 puerum
3596 4266 3845 4321 servabat
3876 4283 3895 4323 :

2307 4359 2360 4403 et
2407 4351 2547 4406 hunc
2596 4352 2809 4422 quidem
2865 4353 3081 4424 dignum
3130 4354 3503 4411 benedictione
3553 4355 3765 4422 elTecit,
3824 4358 3897 4413 il-

2309 4441 2417 4495 lum
2470 4453 2644 4499 autem
2664 4459 2718 4503 et
2747 4448 3120 4503 benedictione
3137 4448 3368 4518 privavit
3386 4459 3441 4504 et
3456 4448 3895 4518 primogenitum.

2307 4534 2397 4588 5i.
2448 4534 2514 4589 Ut
2562 4546 2726 4591 autem
2770 4538 2989 4601 aduenit,
3041 4539 3230 4611 inquit,
3279 4540 3395 4612 fecit
3442 4550 3488 4594 et
3538 4541 3648 4610 ipse
3692 4540 3897 4608 edulia,

2306 4635 2355 4678 et
2394 4628 2559 4679 attulit
2597 4630 2729 4693 patri
2769 4644 2883 4696 suo,
2924 4638 2971 4685 et
3010 4631 3183 4685 dixit:
3209 4632 3401 4702 Surget
3441 4640 3586 4701 pater
3620 4648 3759 4687 meus
3782 4674 3800 4700 ,
3848 4642 3901 4688 et

2306 4719 2531 4771 comedat
2561 4720 2624 4772 de
2665 4721 2926 4774 venatione
2948 4722 3048 4789 ﬁlii
3080 4723 3177 4789 sui,
3212 4732 3265 4775 ut
3303 4722 3564 4777 benedicat
3602 4739 3681 4777 me
3716 4726 3901 4779 anima

2306 4821 2410 4863 tua.
2440 4810 2849 4879 Vide,obsccro,
2874 4812 3062 4867 iterum
3078 4813 3279 4881 justum
3300 4813 3618 4882 perturbari,
3636 4822 3688 4868 et
3708 4825 3903 4869 mente

2302 4896 2550 4957 crttciari.
2591 4902 2723 4957 Nam
2768 4912 2827 4958 ut
2864 4904 3083 4969 audivit,
3109 4905 3197 4960 32.
3228 4904 3372 4959 Dixit
3403 4923 3419 4959 :
3445 4905 3571 4973 Quis
3590 4922 3642 4961 es
3666 4906 3761 4960 tu?
3789 4905 3906 4962 Ilte

2301 5004 2468 5047 autem
2509 4995 2635 5048 dixit
2664 5010 2685 5049 :
2714 4993 2825 5062 Ego
2853 5011 2965 5047 sunt
3004 4994 3146 5064 [ilius
3176 5005 3295 5051 tuus
3329 4996 3693 5067 primogenitus
3718 4994 3896 5051 Emi.

2305 5084 2433 5140 Vide
2457 5084 2725 5154 quomodo
2753 5085 2981 5153 superbe
3007 5099 3067 5140 se
3094 5092 3243 5155 gerat
3269 5086 3321 5140 in
3347 5100 3406 5140 re
3437 5088 3684 5155 prmseuti
3724 5104 3738 5141 :
3781 5100 3899 5141 non

2299 5176 2430 5231 satis
2449 5175 2547 5246 ipsi
2581 5175 2678 5229 fuit
2702 5173 2902 5241 dicere,
2929 5174 3040 5247 Ego
3066 5192 3178 5231 sum
3203 5174 3343 5232 Esai
3362 5191 3384 5232 :
3402 5178 3496 5233 sed
3514 5174 3732 5237 addidit.
3768 5175 3902 5230 Pri-

2300 5269 2599 5339 mogenitus.
2648 5268 2739 5322 55.
2788 5266 3056 5339 Obstupuit
3092 5278 3262 5322 autem
3298 5267 3446 5323 Isaac
3487 5278 3693 5338 stupore
3733 5270 3903 5323 velte-

2300 5358 2474 5422 ntcnti,
2495 5366 2545 5412 et
2572 5357 2741 5411 dixit:
2759 5355 2885 5423 Quis
2909 5358 3065 5428 igitur
3091 5367 3297 5411 senatus
3317 5367 3388 5413 est
3409 5356 3534 5412 milii
3554 5357 3897 5425 venaticum,

2298 5457 2346 5502 et
2370 5448 2539 5502 attulit
2558 5448 2712 5517 mihi,
2741 5457 2786 5501 et
2810 5448 3004 5502 comedi
3028 5448 3093 5502 dc
3121 5448 3353 5501 mribus
3379 5458 3647 5516 antequam
3669 5456 3722 5499 tu
3741 5449 3899 5501 uerri-

2296 5557 2377 5596 res
2407 5558 2421 5594 :
2448 5550 2496 5595 et
2524 5540 2755 5596 benedixi
2782 5557 2915 5608 cum,
2942 5551 2991 5596 et
3014 5542 3079 5595 sit
3099 5540 3426 5595 benedictus?
3453 5539 3585 5595 Vide
3614 5540 3901 5609 quomodo

2298 5634 2351 5689 in
2380 5633 2731 5705 perplexitate
2762 5634 3081 5689 constitutus
3112 5635 3311 5702 justus,
3333 5642 3388 5689 et
3414 5647 3635 5687 namus
3657 5630 3899 5705 factum,

2303 5697 2503 5783 aditiali
2544 5735 2721 5781 tamen
2756 5726 2985 5796 graviter
3023 5697 3163 5781 illius
3203 5697 3437 5780 aut.“
3462 5722 3789 5781 vulnerans:
3822 5697 3900 5780 sit
