4182 6322
288 407 398 472 ἆυ

288 527 521 584 benedixi
546 543 687 595 eum,
716 536 767 584 et
794 527 862 583 sit
874 524 1186 582 benedictus.
1218 520 1333 577 [loc
1352 528 1546 575 autem
1564 518 1790 576 faciebat
1814 519 1899 590 jn—

292 629 433 688 stus,
461 621 727 692 sapientia
772 618 866 675 Dei
904 617 1047 673 illius
1091 617 1323 687 linguam
1359 616 1659 686 dirigente.
1690 622 1749 667 ut
1776 628 1900 667 eum

296 711 393 766 ille
418 712 601 766 omnia
629 710 915 781 diligenter
937 707 1250 771 didicisset,
1292 708 1435 763 scire
1485 714 1664 776 posset
1694 702 1825 758 nihil
1852 701 1899 757 ei

297 801 514 869 profore
539 801 625 855 vel
658 799 1153 869 primogenituram,
1180 797 1267 852 vel
1288 797 1646 852 venationem.
1675 794 1765 848 54.
1794 792 1903 846 Ακ-

291 892 419 948 ὤιὶι
452 891 772 947 sermonibus
804 890 983 961 patris,
1016 890 1159 944 Esait
1198 890 1435 943 clamavit
1479 904 1596 941 voce
1629 903 1818 957 magna
1857 893 1905 938 et

291 985 499 1037 acerba.
538 981 677 1050 Quid
710 993 793 1037 est
819 1022 835 1048 ,
884 979 1011 1035 Voce
1037 996 1223 1051 magna
1251 989 1297 1033 et
1324 978 1544 1033 acerba!
1578 976 1902 1046 Indignatio-

294 1090 423 1129 nem
471 1072 793 1145 signiﬁcavit
837 1088 934 1142 per
973 1072 1216 1137 verbum,
1244 1077 1303 1125 et
1342 1071 1766 1138 iram'maguam
1797 1082 1903 1137 qua

291 1178 594 1219 succensus
619 1173 703 1217 est
740 1178 862 1216 cum
893 1162 1010 1215 haec
1036 1161 1331 1216 didicisset“.
1365 1155 1434 1213 Et
1459 1159 1586 1213 dixit
1604 1200 1616 1222 ,
1645 1156 1867 1212 Benedic
1888 1196 1904 1219 ,

292 1257 529 1320 obsecro,
554 1263 602 1308 et
628 1269 728 1318 me,
761 1263 926 1321 pater.
960 1251 1053 1307 '55.
1093 1249 1239 1305 Dixit
1264 1258 1433 1303 autem
1464 1251 1548 1303 ei:
1575 1247 1906 1302 Frater-tuus

293 1345 432 1399 venit
461 1362 578 1399 cum
619 1346 758 1410 dolo,
792 1352 841 1398 et
880 1344 1071 1413 accepit
1110 1341 1502 1398 benedictionem
1532 1351 1692 1393 tuam.
1724 1337 1896 1403 Prior,

294 1433 495 1505 lnquit,
533 1434 697 1488 frater
733 1442 853 1488 tuus
886 1424 1313 1489 benedictionem
1343 1445 1557 1487 omnem
1587 1428 1817 1484 ubertim
1846 1435 1901 1482 et

293 1524 519 1592 copiose
545 1523 794 1593 abripuit.
827 1513 899 1577 Et
920 1532 976 1578 ut
993 1512 1686 1592 sciassupernamgratiam
1712 1518 1902 1573 adhoc

296 1612 467 1668 fuisse
494 1622 834 1681 eooperatam
854 1652 870 1678 ,
917 1621 975 1665 ut
1013 1612 1189 1680 justus
1227 1611 1584 1680 deciperetur,
1613 1608 1736 1662 vide
1766 1622 1905 1677 quo-

297 1701 467 1756 modo
495 1701 610 1770 ipse
639 1701 742 1756 hoc
767 1699 995 1756 fateatur
1018 1701 1205 1756 dicens
1233 1717 1247 1754 :
1290 1699 1436 1754 Venit
1467 1702 1627 1769 frater
1642 1709 1767 1752 tuus
1789 1714 1904 1751 cum

297 1794 423 1847 dolo
448 1809 466 1846 :
492 1793 643 1863 quasi
672 1803 890 1849 excuset
918 1809 985 1849 se
1007 1794 1149 1864 apud
1186 1793 1350 1848 tilium
1374 1834 1390 1860 ,
1431 1804 1486 1848 et
1529 1792 1677 1847 illum
1717 1794 1907 1846 doceat

299 1884 513 1950 dicens,
557 1883 807 1953 Ignorans
836 1884 910 1937 illi
938 1883 1343 1940 benedictiones
1371 1882 1628 1952 impendi,
1655 1890 1710 1937 et
1746 1896 1904 1951 para-

301 1962 569 2030 tns'eram
612 1975 705 2028 tibi
742 1990 835 2030 eas
877 1976 1056 2046 largiri
1087 1993 1105 2030 :
1130 1975 1226 2030 sed
1251 1975 1343 2029 ille
1382 1973 1523 2029 Venit
1549 1990 1663 2028 cum
1694 1973 1835 2038 doto,
1858 1982 1907 2027 et

298 2066 503 2135 accepit
528 2064 921 2120 benedictionem
944 2077 1120 2133 tuam;
1142 2082 1262 2137 qua:
1283 2067 1376 2122 tibi
1404 2076 1699 2137 praeparata
1729 2075 1901 2131 erant,

301 2155 400 2211 ille
424 2155 698 2226 prteripuit
724 2173 739 2211 :
768 2171 874 2210 non
903 2156 1006 2211 hoc
1030 2171 1151 2212 mea
1173 2157 1330 2227 culpa
1360 2156 1556 2213 factum
1583 2166 1686 2211 est.
1714 2156 1802 2213 56.
1834 2154 1905 2210 Et

301 2249 459 2316 dixit,
489 2249 659 2321 inquit
678 2291 695 2319 ,
723 2247 869 2306 Esai
896 2266 915 2305 :
941 2251 1097 2305 Recte
1120 2260 1350 2305 vocatum
1371 2258 1445 2303 est
1472 2265 1654 2303 nomen
1680 2255 1790 2317 ejus
1814 2248 1910 2299 Ja-

300 2339 433 2405 cob;
452 2340 797 2412 supplantavit
823 2342 957 2396 enim
982 2356 1062 2395 me
1076 2341 1194 2411 jam
1218 2340 1437 2395 secundo
1461 2356 1481 2394 :
1503 2349 1552 2394 et
1573 2340 1910 2411 primogenita

302 2448 422 2486 mea
446 2433 666 2500 tulerat,
690 2442 736 2487 et
760 2450 894 2488 nunc
917 2433 1111 2501 accepit
1139 2432 1535 2487 benedictionem
1565 2447 1749 2485 meam.
1790 2430 1908 2486 Non

304 2523 365 2578 in
395 2538 614 2592 vanum,
636 2523 829 2595 inquit,
860 2540 1056 2580 nomen
1088 2523 1190 2580 hoc
1213 2524 1430 2580 sortitus
1458 2534 1535 2579 est
1564 2522 1911 2593 :supplanta-

304 2616 511 2672 tionem
528 2615 672 2673 enim
694 2618 1103 2688 interpretamur
1119 2631 1313 2671 nomen
1334 2617 1449 2686 ejus
1464 2613 1542 2688 (α)
1560 2633 1573 2669 :
1602 2615 1652 2670 id
1668 2615 1810 2685 quod
1825 2613 1910 2669 hic

306 2706 364 2761 in
391 2720 477 2761 tne
496 2705 807 2771 declaravit,
832 2717 884 2762 et
908 2708 1326 2778 primogenitura
1349 2717 1404 2762 et
1423 2706 1797 2761 benedictione
1822 2720 1910 2760 me

307 2796 548 2867 privans.
586 2797 725 2864 Quid
758 2798 916 2868 igitur
933 2798 1000 2853 ad
1032 2798 1181 2853 Isaac
1200 2798 1352 2853 Esau
1378 2815 1391 2850 :
1421 2796 1545 2851 Non
1572 2797 1837 2851 reservain
1862 2808 1910 2850 et

306 2886 879 2955 mihibettedictionem,
902 2889 1082 2959 pater!
1104 2889 1194 2943 37.
1220 2888 1501 2957 Respondit
1536 2898 1704 2941 autem
1732 2886 1758 2939 1
1767 2902 1908 2950 suac,

306 2988 355 3031 et
382 2979 516 3031 dia-it
543 2977 683 3032 Esau
710 2996 727 3032 :
757 2979 931 3043 Disce,
959 2981 1149 3049 inquit,
1178 2979 1320 3049 quod
1357 2994 1545 3033 omnes
1582 2977 1911 3033 benedictio-

308 3083 411 3124 ηας
442 3068 497 3122 in
527 3084 651 3123 eum
678 3067 863 3133 eﬂ‘udi,
892 3069 1018 3124 Cum
1056 3086 1171 3123 eum
1210 3070 1412 3140 fecerim
1449 3069 1716 3121 dominum
1744 3079 1906 3120 tuum.

308 3156 451 3213 Vide
469 3158 738 3229 quomodo
767 3162 945 3213 statim
972 3161 1039 3214 alt
1069 3160 1171 3213 hoc
1199 3160 1492 3222 exorditur,
1521 3168 1575 3214 et
1604 3158 1738 3212 nihil
1764 3158 1910 3212 aliud

307 3250 369 3305 ei
389 3265 549 3321 quam
577 3252 888 3305 servitutem
919 3251 1178 3320 significat
1207 3261 1262 3306 et
1286 3242 1671 3319 sultjectionem
1700 3268 1711 3302 :
1740 3266 1805 3304 ac
1830 3248 1914 3308 di-

306 3341 387 3395 cit
413 3358 426 3393 :
450 3340 512 3393 Si
536 3357 650 3393 cum
691 3341 789 3410 feci
828 3342 1086 3394 dominum
1124 3354 1280 3407 tuum,
1312 3352 1357 3393 tt
1384 3358 1557 3395 omnes
1589 3348 1772 3412 fratres
1800 3343 1913 3409 ejus

307 3445 502 3494 senos,
524 3431 774 3497 {ramento
813 3440 858 3483 et
892 3430 1006 3484 vino
1035 3432 1250 3485 stabilivi
1286 3448 1400 3484 eum
1425 3448 1442 3486 :
1470 3432 1558 3485 tibi
1595 3444 1763 3485 autem
1790 3432 1912 3500 quid

310 3522 525 3592 faciam,
550 3521 663 3589 ﬂii?
686 3519 830 3575 Nihil
857 3516 995 3576 aliud
1025 3523 1161 3576 ultra
1188 3523 1428 3577 relicuum
1451 3532 1533 3577 est
1556 3542 1569 3576 :
1593 3539 1715 3577 cum
1738 3522 1914 3576 dumi-

309 3628 442 3668 nnm
469 3629 593 3668 eum
625 3614 837 3668 iceerim
867 3621 1036 3679 tuum,
1064 3626 1118 3669 et
1145 3630 1332 3670 omnes
1356 3614 1549 3670 fratres
1578 3616 1824 3681 famulos,
1857 3624 1914 3670 et

309 3719 497 3758 rerum
523 3718 943 3759 necessariarum
971 3707 1266 3761 ubertatem
1298 3717 1544 3775 precatus
1564 3708 1611 3762 ei
1639 3709 1763 3775 sim,
1782 3708 1912 3778 quid

309 3794 459 3849 aliud
483 3794 622 3849 ultra
652 3795 895 3849 relictum
923 3796 1043 3851 est?
1072 3797 1160 3852 58.
1183 3796 1326 3851 Dixit
1350 3808 1516 3851 autem
1556 3797 1696 3852 Esm't
1723 3801 1791 3851 ad
1819 3816 1913 3868 pa-

310 3898 442 3941 trem
463 3904 613 3942 suum
634 3903 653 3942 :
676 3886 818 3942 Nunt
850 3889 1127 3945 benedictio
1154 3906 1255 3943 una
1289 3890 1377 3943 tibi
1404 3902 1499 3957 est,
1528 3891 1705 3959 pater?
1741 3890 1910 3945 Bene-

310 3979 417 4044 dic,
437 3978 663 4046 obsecro,
685 3989 850 4034 etme.
875 3980 1137 4047 Quoniam
1160 3980 1357 4034 audivit
1379 3992 1581 4049 patrem
1601 3982 1866 4036 dicentem
1894 4000 1906 4036 :

312 4069 384 4124 Et
418 4071 647 4126 benedixi
681 4087 816 4137 eum,
842 4081 889 4125 et
927 4072 1214 4126 benedictus
1240 4073 1352 4137 erit,
1381 4084 1544 4142 atque
1579 4089 1793 4127 otuucm
1837 4074 1907 4128 illi

310 4163 509 4218 deinde
537 4163 959 4218 benedictionem
989 4161 1348 4219 manifestavit
1378 4182 1393 4217 :
1429 4175 1553 4218 tunc
1590 4165 1777 4233 inquit,
1806 4164 1909 4219 Be-

311 4255 482 4321 nedic,
506 4257 782 4322 obsecro,et
799 4275 901 4325 me,
913 4267 1054 4326 pater
1076 4273 1097 4311 :
1113 4273 1233 4310 num
1259 4273 1363 4310 una
1393 4258 1479 4309 tibi
1498 4256 1773 4311 benedictio
1794 4268 1865 4311 est
1883 4258 1910 4311 ?

310 4346 430 4403 Non
462 4356 613 4417 potes
637 4358 692 4403 et
714 4349 844 4403 mibi
879 4356 1022 4402 tuam
1052 4348 1476 4404 benedictionem
1509 4351 1784 4419 impartiri,
1816 4353 1905 4419 qui

309 4438 380 4491 ita
406 4454 436 4491 a
461 4448 513 4493 te
534 4438 744 4510 diligor,
774 4440 862 4508 qui
896 4440 1296 4510 primogenitus,
1321 4442 1409 4510 qui
1442 4458 1469 4494 a
1504 4449 1552 4495 lc
1584 4442 1636 4493 in
1663 4444 1907 4495 venatio-

311 4544 437 4580 ιιι-ιη
480 4528 675 4584 missus
711 4530 869 4584 sum?
907 4530 1265 4585 Couturbavit
1304 4543 1507 4600 patrem
1535 4533 1728 4587 verbis.
1758 4534 1908 4587 Cam-

311 4629 498 4686 pnnclo
523 4630 689 4675 autem
715 4620 887 4688 Isaac,
914 4622 1101 4691 inquit,
1120 4624 1351 4677 clamavit
1381 4640 1497 4677 voce
1523 4642 1707 4695 magna
1739 4625 1901 4689 Esait,

308 4727 356 4768 et
402 4715 560 4784 ﬂeuit.
604 4714 749 4769 Vidit
796 4725 997 4784 patrem
1037 4717 1260 4772 Consilio
1301 4718 1375 4771 de.
1403 4718 1611 4772 titutum
1639 4760 1654 4784 ,
1703 4729 1757 4773 et
1798 4736 1904 4774 non

310 4820 488 4875 posse,
524 4821 697 4874 neque
736 4806 874 4860 velle
912 4822 1164 4862 revocare
1193 4825 1311 4877 qut:
1340 4808 1473 4863 faeta
1500 4821 1623 4862 sunt
1656 4828 1667 4862 :
1699 4820 1752 4863 ct
1790 4812 1902 4864 cla-

312 4896 448 4949 mori
475 4896 635 4949 etiam
662 4896 859 4964 adjecit
893 4897 1185 4966 ploratum,
1217 4910 1273 4952 ut
1297 4900 1361 4952 ad
1392 4900 1645 4968 majorem
1676 4902 1901 4955 commi-

308 4986 633 5041 scrationem
691 4999 896 5055 patrem
952 4988 1207 5043 ﬂecteret.
1262 4990 1509 5044 Miserius
1563 4992 1741 5060 itaque
1786 4978 1900 5062 ejus

312 5076 457 5132 Isaac
483 5076 614 5130 dixit
646 5079 693 5130 ei
729 5095 743 5130 :
771 5078 860 5133 59.
894 5078 1022 5134 Ecce
1051 5080 1113 5133 de
1142 5077 1447 5151 pinguedine
1470 5092 1613 5135 terrae
1641 5086 1733 5137 crit
1762 5086 1906 5139 [iubi—

310 5170 435 5224 latio
470 5180 579 5235 tua,
614 5180 661 5223 et
699 5170 761 5223 de
801 5187 914 5224 rore
951 5172 1059 5225 creti
1095 5174 1330 5242 desuper,
1353 5173 1441 5228 40.
1467 5186 1512 5228 et
1540 5180 1591 5228 in
1617 5177 1789 5245 gladio
1818 5189 1903 5233 tuo

307 5260 460 5326 sim,
495 5270 541 5313 e:
586 5260 734 5331 fratri
764 5270 849 5314 tuo
878 5262 1059 5315 servies
1090 5277 1108 5314 :
1135 5264 1226 5314 erit
1256 5274 1426 5317 autent
1452 5267 1653 5333 quando
1685 5267 1904 5334 depones

306 5359 356 5402 et
378 5351 605 5406 exsolues
621 5352 809 5422 jugunt
835 5351 946 5420 ejus
970 5369 1000 5404 a
1022 5354 1155 5405 collo
1182 5364 1285 5406 tuo.
1314 5354 1597 5421 Quoniam,
1632 5358 1816 5427 inquit,
1850 5368 1904 5414 et

313 5440 429 5509 ipse
456 5457 629 5497 meam
657 5443 1082 5499 benedictionem
1111 5446 1404 5513 desideras,
1446 5450 1591 5503 disce
1635 5467 1739 5503 non
1783 5466 1903 5507 esse

310 5532 561 5601 possibile
591 5542 649 5587 ut
672 5548 830 5605 agam
856 5551 973 5604 qua:
998 5536 1188 5591 divina:
1215 5540 1468 5593 voluntati
1495 5541 1719 5596 adversa
1746 5553 1899 5610 sunt;

306 5621 402 5676 sed
423 5631 476 5677 et
502 5622 592 5676 tibi
618 5623 835 5694 quidem
857 5640 1134 5696 appreeor,
1152 5638 1208 5683 ut
1230 5646 1349 5685 rore
1370 5631 1483 5685 (εοειί
1509 5631 1702 5687 fruaris
1728 5652 1741 5687 :
1762 5635 1902 5691 scias

378 5736 452 5827 (tt)
491 5741 607 5827 ςιῑαλτ
644 5744 772 5827 take!»
791 5749 1105 5827 ltebraiiiest
1120 5751 1285 5816 planta
1308 5752 1462 5817 pedis,
1486 5754 1594 5807 sive
1620 5758 1767 5807 etiam
1785 5770 1896 5824 sup-

304 5818 549 5881 sluutatio,
563 5820 696 5872 unde
709 5819 886 5873 factum
904 5816 1057 5899 3pm.

1304 405 1372 464 IN
1409 404 1562 465 CAP.
1601 403 1818 465 XXVII.
1860 403 2110 466 GENES.
2147 403 2382 463 HOMIL.
2423 401 2558 460 LIII.

3512 391 3622 449 ιτα

2008 529 2189 575 autem
2219 527 2271 573 te
2299 516 2585 573 militarem
2610 513 2774 570 vitam
2801 518 3047 568 acturum
3078 522 3202 567 esse
3226 525 3241 565 :
3266 522 3389 564 nam
3420 504 3483 563 in
3503 513 3618 580 (μα-

2008 609 2093 663 dio
2121 619 2206 663 tuo
2224 607 2379 671 rises,
2398 616 2447 661 et
2469 604 2621 677 fratri
2645 612 2733 658 tuo
2754 603 2957 657 seruies.

2078 700 2133 754 5.
2173 696 2445 754 Cteterum
2485 696 2663 751 nullus
2702 695 2820 749 hac
2861 692 3087 748 audiens
3132 692 3376 755 miretur,
3422 686 3615 744 videns

2009 800 2133 861 post
2161 788 2277 844 haec
2307 788 2531 843 fratrem
2558 787 2677 857 ejus
2700 793 2983 856 vagantem
3012 783 3084 839 ob
3109 782 3255 837 illius
3282 789 3483 837 metum
3510 821 3526 845 ,
3556 791 3614 837 et

2007 883 2060 939 in
2093 893 2291 937 terram
2318 881 2550 936 alienam
2577 876 2993 934 contendentem
3022 892 3034 930 :
3066 888 3242 943 neque
3267 871 3418 927 initia
3442 880 3620 927 atten-

2007 974 2161 1037 deus,
2185 966 2457 1026 existimet
2471 969 2784 1024 vaticinium
2799 966 3076 1023 excidere.
3105 964 3239 1019 Nam
3266 962 3483 1035 quando
3516 962 3620 1017 lto-

2006 1063 2189 1118 minus
2217 1060 2418 1130 aliquid
2447 1059 2727 1129 pollicetur
2746 1098 2762 1123 ,
2790 1057 2894 1114 etsi
2921 1055 3190 1111 contraria
3218 1055 3284 1110 iis
3312 1070 3433 1125 qum
3461 1052 3619 1123 polli-

2007 1167 2159 1208 cetur
2184 1151 2460 1207 videamus
2494 1151 2546 1204 in
2578 1147 2842 1218 principio
2870 1138 3122 1210 evenire,
3152 1160 3259 1201 non
3292 1144 3569 1200 turbentur
3602 1165 3617 1198 ;

2008 1236 2182 1312 neque
2213 1243 2357 1298 cnim
2392 1240 2643 1312 possibile
2672 1247 2757 1295 est
2785 1250 2844 1294 ut
2870 1238 2937 1293 ad
2963 1238 3123 1293 tinem
3150 1252 3319 1307 usque
3348 1225 3616 1311 promissa

2009 1335 2280 1391 excidant.
2317 1333 2430 1388 lloc
2453 1340 2635 1388 autem
2665 1330 2722 1385 Iit
2741 1372 2756 1397 ,
2788 1339 2846 1385 ut
2874 1329 3002 1384 dum
3027 1329 3151 1399 justi
3180 1342 3278 1399 per
3304 1326 3483 1382 omnia
3512 1324 3619 1381 fulé

2008 1426 2241 1498 gidiores
2264 1424 2563 1481 redduntur
2580 1465 2594 1488 ,
2621 1421 3003 1477 abundantiam
3024 1419 3238 1475 virtutis
3265 1418 3359 1473 Dei
3384 1414 3614 1475 maniis.

2010 1528 2148 1572 stam
2167 1517 2322 1572 nobis
2342 1516 2588 1571 omnibus
2607 1515 2820 1569 faciant.
2851 1513 2918 1567 Et
2939 1513 3329 1580 inunoquoquc
3344 1508 3615 1579 iustorum

2011 1608 2117 1663 hoc
2148 1609 2420 1669 invenies,
2450 1608 2496 1661 si
2524 1606 2755 1660 volueris
2789 1604 3042 1658 historias
3066 1602 3303 1671 singulas
3332 1599 3621 1670 diligenter

2008 1700 2459 1763 animadvertere,
2490 1696 2631 1767 quod
2680 1711 2809 1751 sane
2850 1708 2993 1748 nunc
3034 1706 3248 1762 quoque
3284 1692 3482 1744 factum
3508 1696 3615 1745 est.

2008 1791 2087 1846 Ne
2119 1790 2219 1858 hoc
2240 1789 2506 1852 attendas,
2531 1787 2674 1858 quod
2706 1802 2846 1842 nunc
2866 1784 3045 1839 statim
3079 1783 3337 1855 profugus
3366 1782 3475 1849 sit,
3519 1783 3618 1837 sed

2009 1856 2181 1954 cogita
2230 1883 2457 1953 gloriam
2496 1856 2616 1951 qua:
2644 1880 2869 1950 posthac
2902 1885 3189 1949 sequetur;
3242 1884 3303 1931 ut
3347 1873 3621 1946 quomodo

2011 1975 2269 2045 temporis
2312 1988 2565 2044 processu
2614 1971 2702 2026 hic
2741 1972 2857 2041 ipse
2903 1972 2984 2024 sic
3024 1966 3280 2023 terribilis
3316 1966 3392 2021 illi
3426 1966 3619 2030 factus,

2010 2074 2215 2121 tantam
2258 2080 2382 2135 erga
2428 2079 2552 2119 eum
2591 2062 2827 2117 declaret
2870 2059 3237 2116 reverentiam
3284 2074 3299 2112 :
3348 2054 3622 2127 quomodo

2011 2160 2140 2214 item
2162 2158 2214 2212 in
2242 2159 2445 2211 tantam
2468 2154 2672 2210 venerit
2700 2154 2926 2226 gloriam
2950 2160 3074 2223 post
3097 2162 3385 2216 aerumnas,
3406 2161 3541 2219 quas
3563 2146 3617 2201 in

2013 2262 2156 2307 terra
2184 2250 2355 2305 aliena
2379 2249 2521 2314 tulit,
2550 2256 2610 2305 ut
2637 2247 2727 2318 qui
2753 2261 2820 2301 ex
2848 2244 2964 2315 ipso
2993 2244 3103 2299 uati
3130 2251 3276 2308 sunt,
3300 2240 3354 2296 in
3387 2240 3621 2296 immen-

2012 2358 2129 2398 sam
2153 2340 2551 2397 multitudinem
2591 2346 2958 2410 propagentur
2980 2375 2997 2402 ,
3028 2343 3085 2390 et
3112 2334 3230 2404 ejus
3259 2330 3479 2388 nomine
3506 2338 3618 2388 tota

2010 2449 2145 2506 gens
2172 2431 2577 2503 cognominatur
2596 2438 2651 2485 et
2671 2429 3007 2500 insiguiatur.
3039 2425 3191 2481 Nunc
3217 2434 3398 2480 autem
3421 2423 3622 2481 docens

2012 2542 2111 2581 nos
2149 2525 2329 2580 divina
2368 2522 2645 2592 Scriptura
2694 2520 2874 2576 fratris
2908 2518 3363 2588 indignationem,
3408 2531 3514 2589 qua
3552 2515 3621 2571 ad

2013 2618 2360 2690 homicidium
2394 2615 2700 2685 spectabat,
2734 2613 2909 2683 inquit
2941 2630 2954 2667 :
2987 2614 3076 2667 41.
3106 2610 3176 2665 Et
3197 2612 3315 2664 odio
3336 2610 3479 2681 gravi
3499 2624 3626 2680 pro-

2010 2712 2312 2781 sequebatur
2349 2708 2492 2764 Επιιῖ
2532 2708 2695 2763 Iacob
2730 2717 2937 2779 prapter
2963 2704 3383 2766 benedictionem,
3408 2720 3507 2775 qun
3534 2704 3622 2759 bc-

2013 2785 2276 2860 nedixerat
2316 2820 2430 2857 eum
2469 2813 2611 2872 pater
2652 2818 2794 2856 suus.
2838 2800 2907 2855 Et
2947 2808 3005 2854 ut
3047 2799 3281 2854 sciamus
3311 2810 3417 2851 non
3458 2795 3623 2852 fuisse

2011 2897 2311 2965 simplicem
2343 2892 2679 2949 subitancam
2715 2891 2883 2956 iram,
2915 2905 3013 2960 per
3040 2888 3346 2944 dictionem
3366 2887 3521 2943 nobis
3543 2887 3588 2941 si
3609 2920 3622 2928 η

2012 2987 2284 3057 gniticavit
2308 2985 2525 3039 malitias
2553 2983 2669 3052 ejus
2697 2996 2999 3036 excessum.
3031 2979 3188 3035 Gravi
3208 2980 3326 3033 odio
3357 2993 3624 3050 proseque-

2014 3077 2183 3142 batur,
2213 3075 2341 3128 uicit
2372 3072 2516 3127 :boe
2536 3081 2638 3137 est,
2669 3072 2899 3126 instabat
2921 3077 2979 3125 et
3004 3069 3387 3139 perseverabat
3410 3067 3617 3128 odium.

2018 3172 2085 3222 ita
2119 3179 2173 3223 ut
2202 3176 2259 3222 et
2285 3172 2521 3220 mentem
2546 3168 2597 3218 in
2628 3161 2893 3234 profundo
2932 3162 3189 3217 latentem
3226 3176 3323 3231 per
3346 3159 3508 3214 verba
3549 3160 3623 3215 si-

2013 3261 2313 3330 gniﬁcaret.
2344 3257 2491 3313 Dixit
2511 3258 2645 3312 enim
2673 3257 2727 3310 in
2752 3255 2904 3310 corde
2922 3271 3015 3309 suo
3036 3269 3056 3309 :
3074 3254 3493 3325 ApprOpinqnent
3513 3252 3621 3306 dies

2015 3353 2182 3407 luctus
2227 3352 2385 3419 patris
2427 3350 2552 3414 mei,
2591 3357 2647 3401 ut
2693 3348 2923 3401 occidam
2967 3344 3129 3400 Jacob
3173 3346 3383 3415 fratrem
3431 3358 3615 3398 meum.

2015 3442 2154 3496 Vere
2178 3442 2398 3495 omnino
2429 3441 2473 3501 is
2507 3439 2596 3509 qui
2633 3438 2880 3492 irascitur
2922 3451 3029 3491 non
3075 3436 3253 3490 minus
3279 3450 3441 3505 quam
3469 3434 3503 3489 il
3528 3434 3618 3506 qui

2014 3533 2202 3589 furiosi
2228 3542 2373 3596 sunt,
2393 3531 2608 3585 insanit.
2638 3529 2929 3585 Considera
2952 3528 3097 3582 enim
3117 3526 3388 3597 quomodo
3408 3525 3619 3580 tlauueu

2016 3626 2109 3681 ille
2154 3623 2294 3680 sicut
2335 3624 2660 3678 insanientes
2707 3621 3118 3690 subingressus,
3160 3628 3339 3673 mente
3381 3617 3624 3671 destituit

2015 3733 2151 3787 quos
2174 3716 2431 3785 corripit,
2459 3725 2516 3769 et
2540 3713 2731 3769 suadet
2755 3721 2813 3767 ut
2841 3713 3000 3781 plane
3031 3711 3302 3765 contraria
3334 3709 3529 3764 faciant
3557 3710 3622 3763 iis

2014 3823 2135 3879 quze
2172 3807 2341 3861 oculis
2387 3804 2656 3861 videntur.
2702 3804 2885 3873 Neque
2930 3803 3072 3858 enim
3119 3810 3261 3857 recte
3288 3800 3472 3854 vident
3510 3800 3620 3862 itii,

2017 3913 2193 3968 neque
2240 3896 2385 3951 aliud
2428 3894 2679 3965 quiddam
2727 3892 2979 3948 faciunt:
3015 3891 3111 3947 sed
3155 3890 3307 3961 quasi
3354 3890 3619 3945 hebetatis:

2014 3993 2281 4055 sensibus,
2323 3999 2379 4045 et
2418 3989 2692 4060 judicandi
2728 3987 2779 4042 vi
2819 3988 3038 4051 amissa,
3081 3986 3283 4042 faciunt
3312 3985 3510 4041 omnia.
3544 3983 3618 4038 ltn

2014 4099 2144 4140 sane
2169 4094 2225 4139 et
2244 4082 2335 4154 qui
2364 4083 2691 4149 irascuntur,
2709 4097 2815 4137 non
2845 4089 3141 4151 agnoscunt
3170 4092 3485 4151 praesentes,
3512 4095 3617 4135 non

2014 4192 2286 4233 memores
2321 4184 2449 4230 sunt
2485 4174 2841 4245 cognationis,
2867 4189 2974 4228 non
3004 4174 3316 4238 amicitiam,
3349 4188 3458 4227 non
3484 4187 3618 4228 cou-

2014 4268 2374 4331 suetudiuem,
2397 4281 2506 4321 non
2530 4266 2866 4336 dignitatem,
2889 4280 3063 4333 neque
3088 4263 3377 4334 quidquam
3400 4264 3544 4319 aliud
3565 4266 3617 4319 in

2012 4370 2247 4415 mentem
2273 4358 2590 4424 admittunt,
2618 4357 2717 4413 sed
2748 4357 2837 4410 ira:
2865 4357 2912 4409 vi
2943 4358 3134 4426 pressi,
3167 4357 3217 4409 in
3252 4371 3490 4425 prmccps
3516 4358 3619 4412 mi-

2012 4450 2310 4505 serabiliter
2335 4450 2596 4504 feruntur.
2646 4446 2783 4515 Quid
2813 4448 2973 4516 igitur
3004 4448 3108 4500 illis
3137 4447 3387 4501 miserius
3418 4446 3579 4504 fuerit
3604 4490 3617 4504 .

2012 4542 2227 4609 quando
2267 4542 2394 4596 victi
2438 4550 2493 4595 et
2535 4542 2675 4609 capti
2716 4540 2784 4593 ab
2823 4539 3137 4606 a‘gritudinc
3165 4540 3325 4592 animi
3357 4538 3520 4594 etiam
3549 4542 3619 4594 ad

2014 4632 2360 4686 homicidium
2390 4631 2680 4685 festinant?
2712 4630 3000 4698 Propterea
3032 4631 3218 4682 beatus
3248 4628 3444 4683 Paulus
3472 4630 3587 4685 radi
3612 4668 3615 4669 ν

2011 4739 2126 4777 cem
2156 4722 2313 4791 hujus
2339 4721 2463 4775 mali
2496 4722 2679 4777 volens
2700 4721 2999 4789 exstirpare
3022 4762 3034 4783 ,
3068 4719 3337 4783 admonet,
3374 4719 3450 4775 sic
3474 4724 3605 4774 seri-

2012 4813 2183 4868 bcns:
2217 4812 2396 4867 Omnis
2424 4813 2503 4865 ira
2536 4823 2583 4866 et
2604 4805 2901 4883 indignatio
2922 4853 2937 4878 ,
2979 4821 3025 4864 et
3067 4811 3260 4864 clamor
3296 4811 3563 4880 auferatur
3586 4832 3615 4864 ιι

2010 4904 2146 4958 vobis
2170 4920 2283 4957 cum
2311 4905 2448 4956 omni
2478 4904 2673 4956 malitia
2698 4901 2914 4973 (Ep/tes.
2938 4901 2991 4957 4.
3022 4901 3135 4972 51).
3166 4901 3281 4954 Non
3309 4901 3507 4968 solum,
3533 4903 3616 4956 iu-

2009 4996 2143 5063 quit,
2175 4996 2299 5049 nolo
2330 5010 2425 5047 vos
2461 5008 2781 5048 succensere
2824 5002 2880 5047 et
2918 4992 3201 5062 indignari,
3232 5004 3284 5047 et
3316 4992 3493 5060 irasci,
3520 4997 3612 5049 Sed

2010 5101 2184 5154 neque
2202 5100 2323 5140 cum
2346 5086 2581 5138 clamore
2612 5084 2866 5153 proximis
2890 5084 3030 5154 loqui
3063 5101 3075 5138 :
3100 5085 3393 5138 clamorem
3422 5084 3508 5139 hic
3530 5085 3610 5140 tli-

2009 5193 2173 5244 cens,
2210 5177 2299 5246 qui
2331 5175 2399 5229 ab
2439 5176 2515 5229 ira
2561 5175 2815 5229 nascitur.
2845 5176 3070 5242 Quando
3097 5176 3239 5231 enim
3272 5176 3493 5230 morbus
3527 5176 3615 5231 hit.

2009 5270 2332 5325 intrinsecus
2371 5268 2633 5321 excitatur
2676 5275 2729 5321 et
2773 5280 2867 5320 cor
2908 5276 3105 5330 tumet,
3138 5282 3241 5320 non
3265 5267 3374 5336 jam
3404 5267 3532 5323 sinit
3560 5279 3619 5321 ut

2009 5362 2186 5431 lingua
2229 5360 2433 5431 placide
2477 5359 2754 5428 loquatur;
2803 5358 2897 5413 scd
2933 5358 3273 5414 alTectioncm
3304 5360 3485 5415 cordis
3514 5360 3608 5416 dc-

2011 5461 2317 5504 moostraus
2338 5491 2351 5514 ,
2385 5450 2546 5503 eiticit
2571 5459 2626 5502 ut
2656 5449 2893 5503 clamose
2919 5464 3041 5503 cum
3068 5451 3314 5518 proximo
3340 5451 3607 5519 loquatur.

2011 5542 2208 5596 Voleus
2240 5542 2396 5611 igitur
2422 5541 2609 5595 beatus
2642 5541 2729 5595 ille
2755 5541 2854 5594 sibi
2886 5542 3319 5610 obtemperantes
3346 5543 3396 5595 iu
3428 5558 3609 5612 perpr-

2010 5642 2098 5688 tua
2122 5634 2321 5687 versari
2346 5633 2744 5703 tranquillitate,
2775 5632 2909 5686 dixit
2934 5652 2945 5687 :
2985 5634 3163 5687 Omnis
3190 5636 3268 5687 ira
3301 5636 3426 5704 (hoc
3450 5647 3553 5699 est,
3581 5653 3609 5691 ti

2009 5726 2381 5797 qualicumque
2426 5740 2587 5782 causa
2628 5726 2950 5797 moveatur),
2979 5738 3025 5781 et
3048 5730 3223 5782 omnis
3250 5729 3535 5801 indignatio
3565 5741 3611 5781 tr.

2008 5819 2183 5876 omnis
2221 5819 2413 5876 clamor
2459 5822 2667 5875 tollatur
2697 5838 2729 5874 a
2760 5818 2895 5879 vobis
2924 5819 3156 5879 :deiode
3184 5820 3418 5877 radicem
3448 5820 3600 5891 huius
