4182 6322
576 410 591 423 “
650 416 749 473 t7!

648 528 771 583 mali
814 525 995 581 volens
1044 521 1329 584 arefacere,
1379 528 1433 574 et
1475 516 1715 571 inutilem
1764 511 2011 571 reddere,
2052 505 2229 562 dicit:

653 618 781 673 Cum
809 618 944 671 omni
978 614 1187 667 malitia.
1227 611 1361 667 Nam
1402 610 1492 679 qui
1536 608 1616 662 sic
1658 604 1907 668 afﬁcitur,
1934 613 2147 669 semper
2177 596 2229 650 in

650 720 803 781 portu
835 708 985 762 sedet
1005 724 1035 760 a
1058 703 1282 761 terrenis
1302 702 1548 757 ﬂuctibus
1571 698 1737 763 liber;
1764 704 1819 751 et
1837 707 2009 763 neque
2030 702 2233 760 tempe-

652 810 843 854 statcm
870 799 1040 859 timet,
1069 809 1240 865 neque
1265 791 1632 863 naufragium;
1675 788 1767 843 sed
1806 785 1954 855 quasi
1997 784 2053 837 in
2082 790 2229 836 tran-

650 888 914 959 quillitate
959 888 1210 956 navigans
1232 927 1247 953 ,
1278 886 1360 941 vel
1388 884 1439 938 in
1471 880 1676 953 placido
1704 886 1859 948 portu
1894 875 2085 930 sedens
2106 916 2118 938 ,
2156 872 2231 927 ita

654 987 971 1047 praesentem
995 977 1155 1031 vitam
1181 974 1360 1041 trahit,
1388 987 1492 1027 non
1518 970 1690 1025 solum
1731 968 1800 1022 ab
1834 965 1978 1021 omni
2019 972 2232 1031 pertur-

652 1069 871 1124 batione
898 1068 1054 1133 liber,
1077 1068 1169 1121 sed
1194 1074 1246 1121 et
1273 1062 1645 1119 immortalium
1675 1068 1729 1116 et
1764 1056 2104 1115 inetl'abilium
2135 1054 2230 1109 bo-

654 1176 845 1215 norum
869 1158 1069 1213 fructus
1105 1157 1202 1211 sibi
1247 1171 1341 1225 per
1378 1154 1557 1210 omnia
1582 1151 1873 1208 concilians
1904 1158 1917 1203 :
1950 1149 2039 1219 qui
2080 1146 2233 1203 nobis

654 1250 901 1306 omnibus
926 1248 1287 1304 concedantur
1306 1289 1321 1312 ,
1348 1248 1516 1317 gratia
1542 1253 1598 1301 et
1629 1241 1994 1300 misericordia
2022 1238 2232 1294 Domini

653 1341 819 1395 nostri
862 1340 988 1396 Iesu
1026 1339 1241 1404 Christi,
1272 1339 1485 1408 quicum
1513 1337 1678 1401 Patri,
1710 1344 1764 1391 et
1798 1340 1984 1391 sancto
2012 1329 2234 1402 Spiritui

651 1436 720 1486 sit
745 1432 945 1501 gloria,
990 1431 1195 1493 honor,
1236 1430 1549 1500 imperium,
1590 1441 1729 1482 nunc
1757 1436 1810 1481 et
1839 1437 2070 1494 semper,
2100 1431 2153 1477 et
2179 1422 2233 1475 in

650 1524 847 1579 secula
877 1523 1211 1577 saeculorum.
1241 1525 1431 1577 Amen.

1217 1650 1494 1708 IIOMILIA
1534 1651 1668 1707 LIV.

796 1766 1019 1820 Rebecca
1046 1776 1211 1819 autem
1239 1775 1410 1819 vocato
1440 1766 1549 1833 ﬁlio
1567 1779 1658 1818 suo
1671 1765 1877 1847 iuniore
1899 1762 2091 1847 dia‘ibei

1236 1854 1387 1927 (Gen.
1410 1856 1502 1909 27.
1534 1855 1649 1925 42).
1704 1844 1722 1872 χ

726 1969 778 2021 1.
808 1965 997 2020 Gratia:
1019 1967 1199 2021 divinas
1222 1968 1488 2021 auxilium.
1524 1965 1840 2023 Conscientia
1859 1966 2107 2037 suﬁciens
2127 1981 2236 2019 ma-

653 2057 1121 2128 gnum—Vidistis
1141 2056 1251 2112 heri
1276 2057 1538 2127 publicani
1562 2058 1698 2113 bene
1718 2057 1963 2113 affectum
1974 2058 2231 2124 animum,

656 2156 709 2200 et
732 2146 937 2201 Domini
961 2146 1275 2202 ineﬂ‘ahilem
1290 2148 1729 2213 misericordiam,
1746 2147 2115 2203 «Iudaeorum
2131 2155 2238 2203 stu-

654 2236 929 2307 piditatem
952 2236 1263 2292 immensam
1288 2237 1399 2308 (a)?
1425 2237 1639 2294 Vidistis
1657 2238 1926 2309 quomodo
1936 2253 2122 2295 omnes
2136 2252 2235 2295 nos

654 2329 909 2384 erudierit
936 2328 1118 2384 beatus
1139 2329 1434 2395 Matthzeus,
1455 2331 1631 2386 statim
1655 2332 1931 2399 obcdiens,
1954 2341 2010 2390 et
2032 2342 2234 2389 tantam

656 2431 862 2474 morum
888 2418 1236 2475 mutationem
1259 2435 1369 2491 prae
1396 2437 1455 2476 se
1484 2422 1659 2478 terens
1689 2439 1703 2480 :
1731 2423 1855 2494 quia
1883 2424 1935 2479 in
1962 2424 2235 2479 voluntate

655 2522 863 2579 nostra,
892 2520 1009 2580 post
1035 2526 1318 2582 supernam
1339 2516 1584 2585 gratiam,
1613 2517 1729 2572 sitm
1752 2526 1876 2572 sunt
1900 2528 1955 2573 et
1978 2519 2232 2586 virtutes,

656 2612 713 2655 et
742 2606 867 2659 vitia
891 2621 904 2657 :
936 2612 992 2660 ct
1018 2606 1141 2675 quia
1165 2606 1344 2662 studio
1373 2618 1555 2663 nostro
1580 2624 1861 2677 possumus
1884 2611 1997 2667 fieri
2028 2611 2237 2666 virtuti-

654 2694 756 2749 bus
784 2697 1085 2765 conspicui;
1117 2708 1167 2753 et
1194 2708 1379 2754 contra
1405 2700 1617 2757 desides
1642 2702 1787 2769 facti,
1808 2704 1857 2758 in
1881 2704 2081 2773 peccati
2108 2719 2237 2774 pra:-

654 2785 891 2854 eipitium
917 2786 1150 2843 deferri?
1191 2788 1301 2844 [loc
1338 2791 1480 2846 enim
1517 2802 1598 2847 est
1628 2808 1733 2862 quo
1758 2809 1789 2848 a
1820 2794 1989 2848 brutis
2027 2794 2233 2849 dilferi-

651 2896 792 2948 mus,
816 2867 935 2951 quia
967 2884 1169 2939 ratione
1190 2885 1419 2954 insigniti
1448 2900 1631 2941 sumus
1649 2902 1677 2940 a
1699 2886 1929 2957 benigno
1954 2887 2085 2954 Deo,
2105 2895 2158 2943 et
2180 2887 2232 2941 in

658 2984 841 3029 natura
871 2984 1052 3032 nostra
1079 2977 1235 3032 insita
1276 2989 1356 3033 est
1390 2978 1612 3035 scientia
1643 2980 1765 3035 boni
1790 2990 1845 3036 et
1870 2981 2017 3036 mali.
2048 2979 2234 3037 Nullus

652 3082 780 3137 ergo
805 3076 1087 3136 pra-texat,
1127 3084 1189 3125 se
1230 3084 1297 3124 ex
1340 3071 1634 3140 ignorantia
1665 3074 1910 3128 virtutem
1941 3074 2231 3144 negligere,

652 3157 736 3211 vel
761 3159 884 3227 quia
916 3159 1118 3214 nullum
1146 3159 1339 3215 habeat
1369 3162 1463 3215 vim
1493 3162 1681 3218 ducem
1709 3171 1763 3218 et
1784 3174 2234 3221 commonstrato-

618 3296 619 3299 η
654 3262 788 3301 rem.
808 3247 1168 3304 Sufflcientem
1189 3254 1331 3305 enim
1354 3253 1663 3323 magistrum
1684 3253 1940 3311 habemus
1958 3257 2235 3312 conscien-

657 3338 802 3399 tiam,
826 3347 879 3392 et
906 3337 1019 3393 fieri
1046 3354 1149 3395 non
1171 3349 1365 3408 potest,
1390 3350 1447 3397 ut
1472 3344 1590 3413 quis
1617 3345 1706 3398 illo
1727 3344 2036 3414 adiumento
2057 3346 2233 3416 prive-
2304 3382 2312 3393 ν

658 3440 760 3490 tur.
790 3425 919 3482 Nam
950 3429 1110 3484 simul
1134 3446 1255 3485 cum
1281 3430 1596 3489 formatione
1622 3434 1849 3490 hominis
1870 3436 2024 3491 insita
2052 3446 2131 3492 est
2154 3438 2233 3493 illi

652 3519 871 3574 scientia
893 3518 1276 3591 faciendorum,
1298 3532 1355 3578 ut
1374 3533 1575 3579 rectum
1603 3541 1758 3580 suum
1787 3527 2022 3582 animum
2049 3529 2230 3584 decla-

652 3624 777 3665 rans
804 3610 855 3664 in
881 3613 1128 3680 praesenti
1152 3614 1276 3680 vita,
1296 3615 1445 3684 quasi
1475 3616 1527 3670 in
1554 3617 1798 3685 palmstra
1824 3618 2048 3687 quadam
2078 3634 2234 3675 exer-

657 3701 850 3756 citatus
890 3702 956 3756 ad
996 3703 1247 3758 virtutum
1308 3705 1515 3762 labores
1544 3747 1560 3773 ,
1602 3709 1880 3778 probitatis
1916 3710 2232 3781 virtutisque

653 3794 867 3861 przeniia
898 3806 1169 3864 reportet,
1214 3807 1266 3853 et
1305 3799 1452 3853 brevi
1491 3810 1728 3871 tempore
1756 3803 1807 3856 in
1836 3803 2106 3861 laboribus
2131 3805 2230 3861 de-

649 3901 825 3949 curso,
852 3898 1132 3957 perpetuas
1151 3905 1378 3948 coronas
1407 3901 1690 3961 mereatur,
1712 3896 1944 3966 atquein
1967 3897 2109 3953 ﬂuxo
2130 3897 2232 3954 hoc

649 3979 845 4034 saaculo
865 3981 1117 4036 virtutem
1135 3984 1494 4052 amplexatus,
1521 3986 1735 4043 internis
1762 3988 1918 4045 bonis
1944 3990 1997 4045 in
2025 3990 2233 4047 infinita

651 4068 844 4122 siecula
872 4069 1092 4125 fruatur.
1137 4071 1191 4127 ld
1218 4089 1347 4130 sane
1375 4079 1625 4141 scientes,
1656 4078 1862 4144 fratres,
1895 4090 2131 4136 nostram
2164 4099 2233 4139 ne

653 4158 937 4228 perdamus
960 4163 1318 4231 nobilitatem,
1353 4182 1419 4221 ne
1447 4168 1614 4222 simus
1647 4180 1763 4239 post
1790 4180 1989 4227 tantam
2028 4172 2230 4228 benefi-

653 4250 881 4305 centiam
928 4252 1139 4322 ingrati,
1182 4272 1249 4309 ne
1288 4267 1554 4312 sectemur
1600 4262 1913 4331 voluptates,
1963 4280 2083 4334 quae
2124 4276 2229 4320 tam

655 4340 800 4396 brevi
836 4351 1075 4413 tempore
1100 4345 1319 4412 durant,
1356 4361 1663 4418 perpetuum
1694 4353 1931 4409 dolorem
1963 4356 2114 4411 nobis
2138 4372 2230 4412 ac-

650 4440 919 4486 cersentes
950 4451 962 4487 :
995 4434 1091 4489 sed
1138 4445 1262 4492 ante
1308 4452 1404 4492 nos
1451 4454 1664 4510 semper
1710 4442 1974 4499 intuentes
2020 4447 2228 4501 oculum

652 4521 796 4577 illum
822 4523 916 4593 qui
940 4540 1227 4595 numquam
1254 4529 1457 4598 sepitur
1476 4571 1489 4595 ,
1520 4531 1607 4601 qui
1633 4541 1687 4587 et
1713 4532 2023 4592 abscondita
2053 4538 2230 4593 cordis

654 4620 819 4683 novit,
853 4636 937 4674 res
962 4633 1173 4678 nostras
1201 4623 1269 4677 ita
1303 4625 1639 4681 instituamus
1677 4638 1730 4684 et
1766 4632 2136 4697 moderemur,
2177 4642 2231 4687 et

655 4710 841 4764 muniti
864 4711 1030 4767 armis
1048 4712 1276 4782 Spiritus
1300 4715 1435 4770 bene
1460 4717 1703 4771 affectum
1726 4721 1959 4776 animum
1980 4723 2231 4778 exhibea-

654 4816 792 4867 mus,
822 4811 880 4857 ut
903 4818 1137 4873 superno
1168 4805 1400 4862 fruentes
1432 4809 1661 4876 auxilio,
1694 4810 1902 4867 devicto
1940 4812 2095 4869 hoste
2137 4816 2230 4870 illo

649 4903 703 4947 et
728 4893 1034 4950 adversario
1072 4906 1252 4953 nostro
1273 4939 1288 4964 ,
1321 4899 1541 4969 ejusque
1570 4902 2007 4960 machinamentis
2031 4906 2231 4962 inutili-

651 4986 750 5040 hus
790 4987 1028 5053 redditis,
1062 4989 1217 5045 bonis
1257 4990 1359 5045 illis
1400 4991 1501 5047 frui
1531 4993 1819 5059 valeamus,
1848 5010 1965 5065 qua:
1990 4999 2230 5065 promisit

652 5073 909 5130 Dominus
947 5075 1287 5146 diligentibus
1314 5094 1391 5134 se.
1428 5081 1503 5136 Ne
1529 5098 1655 5153 ergo
1682 5086 1800 5154 quis
1826 5096 2032 5153 spectet
2056 5088 2120 5142 ad
2150 5090 2227 5143 la-

651 5166 833 5220 borem
874 5168 1162 5237 virtutum,
1198 5172 1290 5227 scd
1334 5172 1535 5227 lucrum
1579 5175 1699 5230 inde
1743 5186 1947 5245 partum
1990 5180 2231 5249 cogitans

651 5267 891 5325 prompte
922 5258 1129 5315 labores
1158 5264 1428 5331 suscipiat.
1456 5264 1586 5319 Nam
1628 5268 1671 5321 si
1713 5269 1746 5321 ii
1786 5271 1873 5339 qui
1914 5271 1965 5326 in
2002 5276 2229 5329 terrenis

652 5357 931 5404 versantur
959 5354 1200 5422 negotiis,
1232 5363 1285 5409 et
1310 5355 1379 5410 ad
1405 5357 1731 5427 colligendas
1760 5376 1888 5430 opes
1919 5363 2224 5433 insaniunt,

816 5550 900 5629 illic
923 5563 1333 5629 commemoratur
1352 5554 1564 5629 “humilia
1609 5559 1690 5609 ubi
1713 5561 1775 5610 de
1800 5564 2053 5629 publicano
2078 5570 2230 5629 paeni-

650 5613 807 5689 but-tlte,
820 5612 891 5689 Ade
915 5613 1184 5689 intimorum
1208 5618 1685 5689 stupidi_tate,_deql_t_e
1702 5612 1901 5689 matthgei
1926 5612 2229 5689 εξιῖὀὲιόιίηῶὶᾷ-

650 5676 839 5742 talith
863 5676 1096 5742 agebatur
1120 5689 1131 5724 :
1158 5688 1219 5742 an
1244 5676 1362 5728 vero
1386 5681 1489 5729 haec
1511 5676 1704 5733 homilia
1721 5699 1781 5733 ex
1802 5676 2035 5738 editarum
2049 5676 2225 5742 nume-

649 5734 803 5808 insit,
830 5734 1036 5784 nondum
1062 5737 1317 5799 explorare
1343 5744 1501 5806 potui;
1525 5757 1623 5808 sus!
1642 5748 1737 5797 ﬁeri;

650 5805 755 5840 mm
780 5808 981 5846 ιιιιιιιυιῸ
1005 5812 1130 5848 ωδε.

1353 407 1409 462 S.
1453 401 1730 461 JOANNIS
1768 389 2249 455 CIIRYSOSTOHI
2294 386 2609 444 AﬂCillEP.
2646 384 3180 446 CONSTANTI’NOP.
3248 342 3255 349 .

3802 382 3911 441 m

2333 504 2510 559 omnia
2543 512 2784 574 prompte
2822 500 3119 568 suscipiunt
3148 496 3416 563 facienda;
3447 506 3501 551 et
3528 495 3763 567 pericula
3792 509 3910 552 ma-

2332 595 2425 655 ris,
2452 594 2743 663 naufragia,
2777 592 3065 661 piratarum
3109 587 3329 642 insidias
3369 584 3759 657 prospicientes
3797 599 3910 641 Ion

2334 685 2665 755 franguntur,
2688 698 2787 739 nec
2814 681 3089 751 segniores
3117 680 3268 745 tiunt,
3285 678 3525 746 quamvis
3546 676 3615 730 de
3640 678 3745 730 line
3773 674 3912 730 nihil

2332 778 2464 832 certi
2496 776 2763 831 habeant:
2786 775 2995 843 qualem
3027 784 3127 825 nos
3155 768 3386 825 habituri
3416 781 3603 822 sumus
3629 766 3913 821 defensio-

2337 883 2481 933 nem,
2506 868 2551 922 εἰ
2582 882 2686 921 non
2713 867 2858 921 omni
2889 864 3070 918 studio
3096 872 3151 919 et
3172 862 3447 931 alacritate
3472 861 3813 929 accingamur
3840 857 3913 912 ad

2337 960 2587 1013 virtutum
2608 956 2782 1011 studia
2810 966 2864 1009 et
2888 968 3108 1025 agentes,
3134 962 3355 1021 propter
3394 960 3591 1006 asterna
3618 949 3704 1003 illa
3736 949 3916 1003 bona?

2335 1048 2512 1115 Quare
2539 1047 2611 1101 ita
2638 1046 2829 1116 ingrati
2865 1058 3051 1099 sumus
3072 1043 3398 1097 benefactori
3426 1055 3631 1104 nostro,
3652 1050 3712 1098 et
3737 1054 3916 1109 neque

2336 1158 2456 1214 qua:
2477 1142 2583 1206 iam
2607 1142 2801 1197 donata
2820 1151 2943 1197 sunt
2956 1155 3233 1197 versamus
3249 1139 3450 1203 animo,
3464 1150 3635 1205 neque
3653 1132 3919 1202 promissa

2334 1233 2659 1305 c0gitamus;
2686 1234 2779 1290 sed
2808 1235 3048 1289 omnium
3092 1229 3472 1301 propemodum
3516 1225 3692 1291 obliti,
3716 1224 3913 1283 frustra

2331 1332 2387 1381 et
2408 1326 2460 1377 in
2481 1337 2701 1385 vanum,
2722 1323 2875 1393 quasi
2899 1321 3153 1391 pecudes,
3174 1322 3331 1374 vitam
3355 1326 3519 1373 totam
3538 1314 3886 1383 transigimus
3900 1327 3920 1367 :

2334 1404 2528 1461 animae
2554 1404 2769 1476 quidem
2800 1401 3002 1457 nullam
3026 1401 3285 1457 habentes
3311 1412 3496 1454 curam
3512 1438 3528 1463 ,
3560 1404 3803 1452 ventrem
3828 1409 3923 1449 au-

2338 1503 2445 1550 tem
2492 1496 2669 1551 solum
2705 1495 3073 1564 dirumpentes
3112 1492 3266 1557 cibis,
3295 1502 3457 1561 atque
3496 1490 3658 1544 etiam
3703 1497 3925 1558 propter
3970 1496 3979 1545 g

2337 1584 2441 1640 hoc
2482 1586 2682 1641 misero
2722 1578 3268 1655 corpori-perniciem
3305 1589 3573 1652 parantes,
3604 1593 3667 1633 ac
3706 1586 3925 1647 propter

2336 1678 2799 1749 intemperantiam
2821 1684 2878 1732 et
2905 1676 3195 1746 ingluviem
3225 1675 3502 1728 innumera
3522 1670 3683 1726 nobis
3712 1669 3925 1739 negotia

2336 1769 2559 1826 facimus
2582 1778 2639 1825 et
2661 1768 3003 1833 accersimus,
3025 1767 3152 1821 dum
3175 1765 3407 1820 animam
3436 1763 3575 1817 fatae
3595 1762 3769 1831 perire
3788 1760 3928 1816 sini-

2336 1862 2496 1916 mus?
2532 1860 2744 1916 tametsi
2776 1858 3114 1930 praestantior
3137 1857 3313 1911 anima
3336 1855 3403 1909 sit
3429 1869 3590 1925 quam
3610 1865 3806 1923 corpus
3824 1892 3841 1919 ,
3867 1860 3926 1906 et

2336 1953 2511 2009 ablata
2558 1952 2687 2017 illa,
2740 1952 2843 2007 hoc
2882 1958 3153 2006 mortuum
3196 1948 3546 2017 relinquatur.
3590 1945 3725 2001 Cum
3766 1940 3928 2014 igitur

2335 2051 2610 2114 oporteret
2649 2050 2705 2098 et
2741 2040 2865 2096 huic
2900 2050 3060 2110 atque
3095 2040 3174 2094 illi
3210 2053 3443 2108 congrua
3471 2046 3528 2093 et
3550 2034 3927 2092 convenientia

2338 2134 2579 2205 prmbere
2604 2133 2875 2199 alimenta,
2904 2132 3119 2187 modum
3150 2145 3322 2201 neque
3345 2129 3454 2195 hic,
3481 2144 3653 2199 neque
3684 2129 3793 2183 illic
3817 2141 3927 2183 ser-

2335 2238 2540 2294 vantes,
2575 2226 2785 2296 utrique
2810 2240 3069 2280 uocemus
3099 2242 3115 2279 :
3141 2223 3243 2278 boc
3274 2222 3391 2292 plus
3420 2236 3579 2292 quam
3608 2228 3821 2290 oportet
3846 2233 3928 2274 sa-

2333 2318 2577 2387 ginantes
2596 2357 2609 2383 ,
2641 2316 2786 2371 illam
2814 2327 2995 2370 autem
3025 2316 3164 2369 fame
3195 2312 3371 2384 perire
3392 2320 3662 2383 cogentes.
3694 2310 3752 2366 ld
3780 2308 3927 2381 quod

2332 2411 2713 2466 universorum
2763 2409 3022 2464 Dominus
3077 2408 3198 2463 loco
3248 2407 3496 2461 maximae
3545 2405 3928 2478 indignatide

2334 2501 2623 2571 aliquando
2650 2501 3023 2556 interminatus
3041 2508 3127 2555 est
3148 2498 3457 2554 Judaeorum
3478 2497 3675 2568 populo
3700 2496 3886 2553 dicens
3906 2513 3927 2554 :

2332 2589 2480 2645 Dabo
2506 2591 2642 2645 vobis
2672 2608 2773 2645 non
2796 2595 2983 2661 famem
3013 2590 3181 2659 ponis,
3208 2606 3369 2657 neque
3390 2588 3526 2643 sitim
3546 2605 3712 2658 me,
3733 2588 3824 2643 sed
3842 2592 3929 2661 {a-

2334 2698 2463 2737 ntem
2483 2682 2723 2736 audiendi
2753 2697 3033 2736 sermonem
3051 2678 3258 2735 Domini
3283 2680 3465 2751 (Amos
3486 2679 3539 2734 8.
3566 2677 3691 2751 il);
3722 2677 3929 2735 docetis

2335 2788 2455 2835 nos,
2480 2773 2624 2827 illam
2646 2772 2862 2844 quidem
2884 2771 3079 2827 famem
3099 2787 3295 2842 corpus
3315 2771 3655 2827 macilentam
3675 2770 3925 2838 reddere,

2334 2862 2474 2920 hanc
2497 2872 2674 2919 autem
2707 2864 2940 2919 animam
2975 2872 3254 2919 attenuare
3284 2880 3298 2917 :
3331 2862 3600 2933 idipsum,
3629 2860 3773 2932 quod
3815 2860 3929 2917 Do-

2333 2954 2513 3010 minus
2553 2962 2679 3010 tunc
2718 2954 2963 3024 supplicii
2998 2955 3116 3011 loco
3156 2953 3263 3009 illis
3299 2954 3623 3021 minabatur,
3652 2968 3793 3009 nunc
3818 2967 3928 3010 Inoo

2331 3052 2525 3115 sponte
2562 3044 2716 3101 nobis
2747 3045 3097 3111 attrahimus;
3131 3045 3291 3116 idque
3320 3056 3601 3115 postquam
3630 3044 3770 3099 Deus
3798 3052 3927 3099 tan-

2334 3142 2442 3189 tam
2473 3136 2642 3191 nostri
2670 3151 2852 3190 curam
2881 3136 3212 3203 declaravit,
3242 3144 3298 3191 et
3321 3136 3650 3205 dispensavit
3673 3174 3689 3201 ,
3720 3144 3777 3189 ut
3796 3150 3924 3190 eum

2334 3241 2606 3283 sacrarum
2630 3226 3025 3305 Scripturarugm
3048 3228 3278 3284 lectione
3299 3228 3589 3284 habeamus
3609 3237 3665 3283 et
3685 3243 3715 3281 a
3737 3227 3927 3285 docto-

2336 3320 2483 3375 ribus
2508 3321 2921 3377 admonitiones.

2404 3412 2529 3467 Cum
2569 3411 2780 3468 lectione
2826 3412 3110 3484 Scriptum
3146 3412 3337 3467 monita
3374 3409 3770 3467 Doctorum.-—
3798 3410 3929 3468 Ideo

2333 3516 2428 3557 om
2455 3513 2685 3558 vestram
2712 3504 3013 3568 caritatem,
3041 3510 3100 3557 ut
3134 3517 3361 3557 excussa
3399 3502 3607 3558 desidia
3647 3503 3928 3573 paululum

2333 3594 2776 3664 expergiscamini
2804 3633 2819 3659 ,
2845 3604 2900 3649 et
2924 3594 3160 3649 studium
3188 3608 3348 3648 omne
3378 3594 3431 3647 in
3460 3593 3654 3648 animm
3692 3592 3928 3651 salutem

2334 3685 2683 3739 transferatis.
2725 3686 2814 3740 Sic
2854 3685 3000 3740 enim
3027 3696 3082 3741 et
3112 3700 3141 3740 a
3179 3684 3292 3740 Deo
3328 3684 3754 3740 benevolentiam
3788 3685 3929 3743 ube-

2332 3793 2447 3833 rem
2477 3786 2546 3833 att
2558 3777 2754 3833 rabctis
2778 3820 2793 3845 ,
2834 3793 3041 3847 nosque
3079 3777 3366 3832 alacriores
3394 3776 3462 3832 ad
3492 3777 3797 3833 docendum
3819 3794 3927 3835 vos

2331 3872 2552 3937 erimus,
2583 3886 2716 3941 quos
2744 3870 3041 3926 videbimus
3066 3872 3291 3927 consilio
3322 3882 3509 3926 nostro
3536 3886 3740 3943 parere.
3774 3872 3928 3939 Quo-

2333 3963 2475 4016 niam
2502 3971 2555 4017 et
2581 3962 2833 4033 agricola,
2857 3963 3070 4033 quando
3091 3963 3237 4017 videt
3264 3973 3457 4018 terram
3486 3963 3783 4031 fecundam,
3811 3966 3929 4020 ωι-

2334 4061 2469 4107 tura:
2510 4054 2757 4108 idoneam
2805 4054 3181 4124 fructuumque
3218 4052 3469 4117 feracem,
3498 4063 3649 4123 parat
3671 4069 3729 4108 se
3754 4054 3925 4110 etiam

2332 4144 2447 4213 ipse
2475 4154 2531 4198 ut
2557 4144 2746 4215 majori
2774 4146 2951 4199 studio
2972 4146 3114 4200 illam
3137 4146 3273 4200 colat
3298 4164 3312 4199 :
3339 4146 3528 4201 eodem
3556 4146 3715 4200 modo
3742 4155 3796 4202 et
3818 4162 3927 4204 nos

2330 4238 2374 4291 si
2406 4237 2694 4293 viderimus
2724 4249 2960 4294 vestrum
2987 4240 3040 4293 in
3068 4238 3263 4293 divinis
3294 4240 3619 4309 profectum,
3650 4246 3705 4293 et
3732 4254 3824 4293 vos
3850 4254 3926 4295 ea

2329 4342 2447 4396 qum
2470 4343 2499 4380 a
2529 4329 2682 4383 nobis
2708 4328 2977 4396 dicuntur,
3012 4329 3167 4385 factis
3199 4329 3438 4385 studiose
3472 4331 3715 4399 implere,
3743 4328 3925 4398 majo-

2330 4432 2443 4471 rem
2469 4418 2696 4474 docendi
2727 4419 2964 4476 laborem
2990 4420 3361 4476 eshibebimus
3392 4438 3408 4475 :
3442 4429 3625 4489 utpote
3650 4421 3923 4486 scientes,

2332 4524 2429 4564 nos
2454 4525 2556 4564 non
2584 4512 2637 4565 in
2668 4512 2833 4581 petris
2853 4513 3141 4581 seminare,
3165 4512 3258 4567 sed
3288 4513 3339 4566 in
3368 4512 3544 4583 pingui
3569 4521 3624 4567 ct
3650 4510 3924 4582 profunda

2333 4612 2495 4658 terra.

2399 4697 2451 4750 2.
2490 4695 2787 4764 Utilitatem,
2809 4714 2908 4753 non
2929 4700 3138 4769 plausus
3158 4700 3471 4768 auditorum,
3497 4702 3675 4770 quierit
3697 4701 3922 4774 Chryso-

2330 4803 2539 4848 stomus.
2568 4794 2740 4849 Radix
2770 4798 3027 4851 homicidii
3061 4799 3344 4853 invidia.—
3367 4800 3445 4855 Ea
3482 4801 3624 4855 enim
3661 4802 3728 4858 dc
3755 4817 3922 4859 causa

2328 4884 2568 4953 quotidie
2598 4885 2748 4940 vobis
2773 4887 3178 4953 concionamur,
3232 4898 3287 4942 ut
3330 4889 3532 4960 aliquid
3566 4891 3705 4965 lucri
3753 4893 3923 4947 facia-

2331 4974 2425 5039 tis,
2456 4986 2510 5029 et
2537 4974 2765 5030 virtutes
2788 4987 2976 5031 vestra:
3005 4990 3284 5044 crescant,
3316 4996 3519 5051 nosque
3549 4982 3792 5040 lmtemur
3817 5000 3919 5040 ve-

2329 5075 2497 5121 strum
2540 5065 2783 5122 videntes
2814 5069 3127 5138 profectum.
3166 5072 3430 5143 Numquid
3463 5076 3602 5131 enim
3635 5088 3832 5133 temere
3861 5088 3923 5134 et

2331 5156 2382 5210 in
2408 5172 2604 5212 vanum
2631 5157 2814 5214 dicere
2841 5160 3106 5228 volumus,
3136 5172 3194 5218 ut
3218 5178 3247 5217 a
3284 5165 3437 5219 vobis
3464 5166 3678 5229 laudum
3712 5168 3923 5224 fructus

2330 5250 2671 5319 recipiamus,
2702 5260 2756 5319 et
2784 5260 2839 5305 ut
2867 5252 3177 5320 plaudentes
3199 5255 3447 5311 manibus
3476 5258 3776 5312 recedatis?
3798 5258 3917 5315 Non

2331 5341 2433 5398 hoc
2460 5354 2794 5411 Spectamus;
2826 5343 2965 5398 absit
2997 5363 3008 5397 :
3048 5346 3143 5401 sed
3186 5356 3416 5401 vestram
3458 5348 3767 5403 utilitatem.
3799 5349 3917 5404 Mra

2332 5438 2561 5491 maxima
2599 5438 2713 5491 laus
2739 5447 2817 5492 est
2849 5448 2902 5492 et
2930 5454 3171 5492 summus
3217 5440 3464 5509 plausus,
3497 5440 3540 5495 si
3567 5442 3686 5509 quis
3713 5456 3740 5493 a
3774 5442 3922 5496 vitiis

2332 5529 2395 5583 ad
2428 5532 2678 5583 virtutem
2722 5541 3079 5596 convertatur,
3112 5533 3156 5586 si
3182 5537 3303 5604 quis
3332 5544 3489 5590 antea
3518 5534 3701 5603 deses,
3731 5547 3918 5591 nostra

2331 5621 2703 5676 adhortatione
2723 5623 2990 5679 studiosus
3017 5626 3106 5679 fiat
3126 5644 3139 5683 :
3161 5626 3261 5680 hoc
3281 5627 3481 5681 etmihi
3510 5626 3799 5681 maximum
3832 5627 3918 5681 af-

2333 5714 2434 5769 fert
2461 5714 2706 5768 solatium
2737 5725 2789 5768 et
2821 5715 3050 5785 laudem,
3080 5727 3135 5773 et
3160 5718 3310 5773 vobis
3350 5719 3557 5774 lucrum
3603 5729 3658 5775 et
3698 5718 3922 5781 divitias

2334 5806 2655 5877 spiritualcs.
2691 5810 2795 5868 Sed
2825 5828 2929 5868 non
2956 5813 3186 5885 ambigo,
3218 5813 3343 5885 quin
3374 5813 3601 5869 multum
3630 5811 3790 5870 Studii
3820 5830 3919 5870 es-
