4182 6322
246 437 352 496 471

239 550 343 605 καὶ
373 548 522 605 πᾶσα
551 545 784 617 κραυγὴ
815 546 1051 616 ἀρθήτω
1069 544 1362 614 ἀφ’ὺμῶνο
1396 543 1514 598 εἶτα
1545 546 1716 616 αὐτὴν
1742 547 1842 616 τὴν

242 634 402 707 ῥίζαν
429 631 529 702 τῆς
563 630 762 694 κακίας
796 631 1031 702 ξηρᾶναι
1073 627 1398 698 βουλόμενος
1447 629 1542 681 καὶ
1591 632 1843 698 ἄκαρπον

241 715 605 788 ἐργάσασθαι,
646 715 806 785 φησὶ,
847 714 973 766 Σὺν
998 712 1168 780 πόση
1201 712 1401 777 κακίᾳ.
1453 711 1510 763 'U
1553 710 1660 780 γάρ
1700 709 1844 763 οὕτω

239 800 584 870 διακείμενος
613 797 878 869 διηνεκῶς
895 798 953 849 ἐν
980 795 1160 866 λιμένι
1188 794 1450 864 κάθηται,
1481 794 1589 846 τῶν
1607 793 1843 870 ἀπδητῆς

241 884 350 956 τῆς
385 864 647 952 κῦμάτων
687 864 1132 950 ἀπηλλαγμένος,
1181 880 1274 931 καὶ
1311 876 1436 929 οὔτε
1477 864 1840 948 χειμῶνα⁸δέο

239 969 445 1032 δοικεν,
499 965 621 1019 οὔτε
682 966 963 1032 ναυάγιον,
1014 963 1150 1015 ἀλλά
1210 962 1464 1031 καθάπερ
1513 962 1572 1013 ἐν
1629 959 1842 1029 γαλήνῃ

239 1051 426 1105 πλέων
455 1050 487 1120 ἡ
512 1050 569 1101 ἐν
599 1049 759 1118 εύδίῳ
790 1048 968 1118 λιμένι
997 1045 1327 1116 καθήμενος,
1367 1043 1539 1106 οὕτως
1565 1043 1715 1094 ἓλκει
1750 1041 1842 1094 τὸν

241 1137 494 1208 παρόντα
519 1134 632 1204 βίον
659 1124 840 1202 πάσης
865 1131 1110 1201 ταραχῆς
1138 1127 1296 1190 ἐκτὸς
1328 1127 1401 1180 ῶν
1428 1139 1476 1191 ε,
1511 1127 1605 1178 καὶ
1642 1125 1703 1178 οὐ
1740 1125 1841 1194 μό-

243 1239 336 1274 νον
370 1216 550 1284 τοῦτο,
590 1216 725 1271 ἀλλά
762 1216 856 1270 καὶ
893 1213 1002 1266 τῶν
1041 1213 1328 1266 ἀθανάτων
1375 1211 1470 1263 καὶ
1511 1209 1841 1280 ἀπορρήτων

243 1303 469 1372 ἀγαθῶν
502 1304 600 1372 τὴν
639 1299 936 1354 ἀπόλαυσιν
969 1294 1147 1366 ἐαυτῷ
1178 1295 1267 1348 διὰ
1309 1294 1528 1347 πάντων
1567 1291 1836 1362 προξενεῖ’

243 1381 324 1442 ὧν
356 1388 574 1454 γένοιτο
611 1384 820 1447 πάντας
859 1383 1008 1452 ἡμᾶς
1034 1380 1333 1448 ἐπιτυχεῖν,
1366 1376 1550 1446 χάριτι
1594 1376 1687 1429 καὶ
1723 1374 1840 1454 φιλτ

245 1451 536 1542 ανθρωπία
563 1468 656 1521 τοῦ
688 1451 1082 1536 Κυρίουίὴμῶν
1122 1461 1298 1531 Ἰησοῦ
1333 1459 1597 1531 Χριστοῦ,
1633 1458 1752 1529 μεθ’
1780 1451 1840 1512 οὗ

243 1558 324 1629 τῷ
368 1556 565 1622 Πατρὶ,
609 1555 726 1622 ἅμα
778 1550 856 1621 τῷ
895 1549 1036 1618 ἁγίῳ
1075 1546 1378 1615 Πνεύματι,
1423 1545 1573 1610 δόξα.
1615 1545 1838 1615 κράτος,

242 1641 402 1711 τιμὴ,
443 1639 538 1693 νῦν
571 1640 667 1692 καὶ
695 1637 803 1702 ἀεὶ,
830 1636 924 1689 καὶ
963 1634 1044 1696 είς
1069 1631 1198 1694 τοὺς
1222 1629 1428 1695 αίῶνας
1460 1630 1570 1683 τῶν
1602 1630 1836 1683 αἰώνων.

259 1725 455 1795 Ἀμήν.

839 1805 1086 1859 οΜΙΛΙΑ
1118 1803 1242 1860 ΝΔ’.

243 1891 578 1948 Καιέσασα
609 1888 676 1944 δὲ
723 1886 1005 1942 Ῥεϐέκκα
1040 1888 1146 1941 τὸν
1173 1889 1310 1957 υἱὸν
1335 1883 1526 1957 αὐτῆς
1551 1887 1660 1953 τόν
1698 1887 1841 1940 νεώ·

743 1975 937 2026 τερον,
967 1959 1137 2011 εἶπεν
1167 1956 1348 2022 αὐτῷ.

298 2043 571 2100 α¹.Εῖδετε
587 2041 717 2112 χθὲς
741 2043 836 2094 καὶ
855 2041 949 2094 τοῦ
970 2041 1205 2094 τελώνου
1227 2042 1330 2111 τὴν
1353 2038 1554 2111 πολλὴν
1570 2039 1842 2109 εὐγνωμο-

243 2127 433 2198 σύνην,
461 2130 554 2180 καὶ
595 2122 691 2178 τοῦ
727 2125 1002 2178 Δεσπότου
1027 2125 1126 2195 τὴν
1154 2123 1364 2193 ἄφατον
1401 2122 1838 2199 φιλανθρωπίαν,

243 2212 340 2267 καὶ
379 2214 489 2264 τῶν
525 2211 794 2265 Ἰουδαίων
825 2211 923 2281 τὴν
953 2207 1398 2278 ὑπερϐάλλουσαν
1435 2208 1836 2278 ἀναισθησίαν;

241 2296 402 2368 [522]
419 2296 602 2349 Είδετε
621 2295 738 2357 πῶς
760 2295 1169 2365 ἀπανταςὴμᾶς
1192 2293 1511 2346 ἐπαίδευσεν
1525 2296 1552 2345 6
1569 2293 1840 2363 μακάριος

240 2380 545 2444 Ματθαῖος,
602 2379 668 2432 δι’
709 2372 785 2432 ὧν
837 2377 982 2432 οὕτω
1011 2377 1224 2448 ταχέως
1279 2378 1590 2448 ὑπήκουσε,
1643 2378 1708 2430 δι’
1763 2371 1840 2432 ὧν

236 2464 516 2532 τοσαύτην
549 2462 867 2526 ἐπεδείξατο
900 2462 998 2532 τὴν
1029 2461 1355 2531 μεταϐολὴν,
1389 2461 1472 2514 ὅτι
1511 2463 1570 2514 ἐν
1607 2463 1673 2531 τῇ
1713 2478 1841 2530 προ.

237 2549 454 2618 αιρέσει
479 2550 654 2601 κεῖται
677 2549 742 2618 τῇ
769 2545 1036 2617 ἡμετέρα,
1064 2545 1202 2616 μετὰ
1227 2546 1326 2614 τὴν
1347 2545 1554 2599 ἀνωθεν
1573 2544 1841 2615 χάριν,τά

235 2632 341 2702 τῆς
367 2631 570 2701 ἀρετῆς
604 2630 700 2684 καὶ
735 2632 835 2698 τῆς
869 2629 1099 2691 κακίας·
1132 2629 1227 2681 καὶ
1257 2629 1338 2682 ὃτι
1371 2628 1466 2682 καὶ
1501 2627 1840 2682 σπουδάσαν·

234 2731 333 2778 τες
380 2713 659 2784 δυνάμεθα
689 2711 947 2780 γενέσθαι
978 2711 1247 2780 ἐνάρετοι,
1286 2712 1380 2764 καὶ
1419 2710 1840 2782 ρᾳθυμήσαντες

236 2799 406 2852 πάλιν
437 2799 517 2860 εἰς
550 2797 641 2849 τὸν
668 2797 768 2866 τῆς
795 2794 1074 2866 ἁμαρτίας
1097 2793 1344 2864 κρημνὸν
1373 2793 1835 2864 καταφερόμεθα;

235 2883 415 2938 τοῦτο
438 2883 548 2953 γάρ
570 2863 732 2934 ἐστιν⁷
750 2873 794 2947 ᾧ
826 2863 934 2931 τῶν
967 2863 1179 2945 ἀλόγων
1205 2863 1674 2947 διεστήκαμεν,τὸ
1696 2877 1839 2946 λόγῳ

232 2965 571 3037 τετιμῆσθαι
610 2965 756 3035 ἡμᾶς
791 2963 940 3033 παρὰ
975 2960 1069 3015 τοῦ
1107 2961 1490 3030 φιλανθρώπου
1536 2959 1694 3028 θεοῦ,
1743 2961 1839 3014 καὶ

235 3049 299 3101 ὲν
320 3049 392 3116 τῇ
428 3043 589 3115 φύσει
613 3046 679 3112 τῇ
705 3042 950 3113 ἡμετέρᾳ
978 3039 1365 3094 ἐναποκεῖσθαι
1392 3037 1492 3110 τὴν
1512 3038 1715 3106 γνῶσιν
1743 3037 1837 3090 τοῦ

234 3128 411 3183 καλοῦ
437 3129 532 3180 καὶ
557 3125 650 3178 τοῦ
683 3122 945 3193 πονηροῦ.
977 3121 1184 3191 Μηδεὶς
1210 3121 1391 3173 τοίνυν
1414 3119 1838 3189 προφασιζέσθω

233 3213 314 3276 ὡς
342 3212 414 3265 δι’
448 3212 672 3278 ἄγνοιαν
699 3209 901 3279 ἀρετῆς
936 3205 1177 3276 ἀμελῶν,
1212 3204 1245 3274 ἡ
1271 3203 1358 3256 διὰ
1380 3204 1440 3256 τὸ
1476 3204 1551 3274 μὴ
1580 3203 1722 3273 ἔχειν
1745 3203 1838 3257 τὸν

236 3294 635 3352 ὑποδεικνύντα
673 3293 773 3362 τὴν
817 3291 1023 3358 ταύτης
1068 3289 1208 3345 ὀδόν.
1258 3287 1555 3358 Ἀρκοῦντα
1583 3289 1692 3356 γὰρ
1721 3288 1840 3357 ἔχο.

241 3397 345 3453 μεν
373 3377 696 3432 διδάσκαλον
722 3375 784 3428 16
809 3373 1065 3435 συνειδὸς,
1093 3373 1186 3424 καὶ
1215 3372 1311 3440 οὐχ
1337 3365 1450 3423 οἷόν
1473 3372 1534 3424 τέ
1569 3388 1693 3424 τινα
1731 3373 1840 3424 ἀπο

238 3460 575 3534 ιστερῆσθαι
602 3462 700 3530 τῆς
730 3457 942 3511 ἐκεῖθεν
985 3455 1260 3525 βοηθείας.
1304 3455 1412 3507 Καὶ
1451 3456 1560 3524 γὰρ
1608 3456 1724 3526 ἅμα
1771 3458 1836 3527 τῇ

239 3547 443 3602 πλάσει
487 3543 581 3599 τοῦ
622 3539 914 3615 ἀνθρώπου
961 3539 1058 3593 καὶ
1099 3538 1368 3610 ἡγνῶσις
1391 3538 1501 3591 τῶν
1546 3540 1840 3609 πρακτέων

238 3631 397 3701 αὐτῷ
421 3627 750 3696 ἐναπετέθη,
785 3627 874 3680 ῖνα
899 3625 997 3694 τὴν
1021 3615 1229 3677 οἰκείαν
1259 3622 1685 3694 εὐγνωμοσύνην
1719 3625 1840 3678 ἐπι-

239 3713 582 3784 δειξάμενος,
614 3709 866 3780 καθάπερ
905 3710 964 3762 ἐν
996 3705 1307 3776 παλαίστρᾳ
1335 3706 1470 3768 τινὶ,
1499 3706 1577 3777 τῷ
1611 3707 1839 3776 παρόντι

241 3798 348 3868 βίῳ
389 3793 883 3865 ἐγγυμνασάμενος
919 3790 1056 3860 πρὸς
1097 3790 1224 3851 τοὺς
1257 3791 1355 3860 τῆς
1382 3791 1583 3861 ἀρετῆς
1622 3790 1836 3856 πόνους,

237 3882 312 3934 τά
335 3880 476 3950 ὑπὲρ
494 3879 594 3949 τῆς
623 3877 826 3948 ἀρετῆς
856 3873 1085 3944 βραῦεῖα
1102 3872 1417 3941 κομίσηται,
1444 3874 1540 3926 καὶ
1561 3874 1620 3926 ἐν
1645 3873 1841 3944 βραχεῖ

236 3963 424 4034 χρόνῳ
456 3962 716 4031 πονήσας,
749 3960 805 4010 ἐν
843 3954 1185 4027 διηνεκεῖτῷ
1220 3953 1376 4008 αἰῶνι
1415 3955 1524 4008 τῶν
1557 3957 1840 4024 στεφάνων

235 4045 528 4116 ἀξιωθείη,
560 4045 654 4098 καὶ
677 4045 735 4096 ἐν
761 4041 838 4113 τῷ
861 4041 1028 4110 ἐπικὴ
1039 4056 1116 4111 ρῳ
1136 4039 1311 4108 τούτῳ
1338 4039 1496 4092 αίῶνι
1515 4039 1618 4111 τὴν
1637 4041 1840 4112 ἀρετὴν

236 4127 524 4200 ἐλόμενος,
579 4129 638 4180 ἐν
685 4127 798 4188 τοῖς
852 4123 1104 4194 ἀπείροις
1153 4123 1248 4178 καὶ
1294 4123 1487 4187 ἀϊδίοις
1532 4123 1696 4177 αίῶσι
1731 4124 1841 4180 τῶν

233 4212 534 4268 ἀθανάτων
562 4207 787 4278 ἀγαθῶν
835 4206 1104 4278 ἀπολαύῃ.
1141 4207 1321 4276 Ὅπερ
1354 4203 1581 4271 εἰδότες,
1621 4207 1842 4279 ἀγαπη-

237 4295 349 4361 τοὶ,
382 4295 460 4365 μὴ
479 4291 768 4364 προδιῖιμεν
795 4291 952 4362 ἡμῶν
971 4291 1070 4362 τὴν
1098 4289 1398 4358 εὐγένειαν,
1427 4289 1504 4360 μὴ
1523 4289 1842 4360 ἀγνώμονες

240 4379 380 4451 περὶ
423 4378 525 4448 τὴν
561 4375 835 4444 τοσαύτην
887 4373 1213 4444 εὐεργεσίαν
1251 4371 1564 4442 γενώμεθα,
1613 4373 1751 4444 μηδέ
1779 4374 1842 4427 τὸ

239 4460 584 4535 πρόσκαιρον
637 4459 736 4528 τῆς
795 4455 1058 4527 δοκούσης
1125 4455 1320 4527 ἡδονῆς
1385 4454 1839 4525 μεταδιώξαντες,

236 4545 470 4616 διηνεκῆ
513 4541 614 4614 τὴν
649 4542 847 4611 ὀδύνην
879 4541 1092 4602 ἑαυτοῖς
1129 4538 1657 4608 κατασκευάσωμεν·
1706 4539 1844 4595 ἀλλά

237 4629 337 4683 τὸν
357 4626 660 4696 ἀκοίμητον
680 4623 957 4693 ὀφθαλμὸν
980 4622 1068 4676 τὸν
1083 4621 1152 4675 τά
1174 4622 1465 4693 ἀπόρρητα
1483 4623 1583 4692 τῆς
1603 4623 1843 4687 διανοίας

239 4709 614 4779 ἐπιστάμενον
659 4706 924 4778 διηνεκῶς
962 4703 1363 4776 προορώμενοι,
1401 4705 1576 4768 οὕτως
1623 4704 1841 4758 ᾶπαντα

237 4793 316 4848 τὰ
363 4791 490 4847 καθ’
529 4791 758 4852 ἑαυτοὺς
807 4785 1199 4860 οίκονομῶμεν,
1240 4787 1481 4850 καὶτοῖς
1530 4787 1714 4851 ὅπλοις
1745 4786 1840 4841 τοῦ

240 4876 564 4946 Πνεύματος
597 4874 954 4946 φραξάμενοι,
982 4871 1077 4925 καὶ
1116 4872 1216 4942 τὴν
1247 4871 1456 4924 οἰκείαν
1491 4871 1842 4942 εὐγνωμοσύο

241 4976 345 5028 νην
373 4956 792 5026 ἐπιδειξάμενοι,
817 4954 1255 5025 ἐπισπασώμεθα
1278 4955 1378 5024 τὴν
1406 4955 1614 5008 ἀνωθεν
1642 4955 1838 5026 ῥοπὴν,

242 5042 335 5097 ἵνα
394 5043 496 5113 τῆς
549 5040 760 5094 ἐκεῖθεν
805 5039 1170 5103 ἀπολαύοντες
1220 5040 1559 5110 συμμαχίας,
1610 5043 1703 5094 καὶ
1745 5040 1840 5093 τοῦ

240 5123 446 5197 ἐχθροῦ
472 5124 568 5178 καὶ
593 5122 852 5192 πολεμίου
880 5123 1314 5194 περιγενόμενοι,
1345 5123 1441 5175 καὶ
1464 5123 1648 5193 ἀκυρα
1673 5123 1839 5179 αὐτοῦ

241 5210 692 5280 καταστήσαντες
735 5207 804 5261 τὰ
845 5207 1240 5278 μηχανήματα,
1281 5207 1390 5260 τῶν
1426 5209 1650 5276 ἀγαθῶν
1696 5210 1842 5263 ἐκείο

238 5312 354 5348 νων
408 5292 716 5346 ἀπολαῦσαι
779 5291 1118 5362 δυνηθῶμεν,
1179 5286 1253 5346 ὧν
1305 5295 1674 5364 ἐπηγγείλατο
1727 5298 1840 5360 τοῖς

239 5375 534 5446 ἀγαπῶσιν
555 5376 719 5429 αὐτὸν
749 5377 776 5427 6
807 5375 1028 5446 Κύριος.
1061 5378 1152 5446 Μὴ
1176 5377 1354 5430 τοίνυν
1392 5379 1526 5448 πρὸς
1556 5379 1647 5432 τὸν
1676 5380 1840 5433 πόνον

237 5477 329 5522 τις
360 5460 543 5529 όράτω
588 5461 686 5532 τῆς
723 5460 945 5530 ἀρετῆς.
977 5459 1112 5514 ἀλλά
1145 5462 1206 5514 16
1240 5460 1490 5516 ἐντεῦθεν
1525 5465 1718 5534 κέρδος
1749 5465 1838 5518 λο-

239 5545 533 5613 τιξόμενος
565 5545 800 5614 ἑτοίμως
839 5545 965 5608 τοὺς
1013 5546 1154 5617 ὑπὲρ
1196 5547 1401 5617 ταύτης
1437 5549 1633 5612 πόνους
1667 5567 1837 5603 κατα-

238 5627 502 5697 δεχέσθω.
547 5628 613 5680 EI
659 5628 768 5698 γὰρ
806 5631 855 5680 οί
908 5631 1036 5700 περὶ
1073 5631 1140 5683 τά
1181 5629 1408 5699 βιωτικά
1459 5634 1836 5704 στρεφόμενοι,

241 5712 341 5766 καὶ
388 5713 516 5784 περὶ
562 5711 660 5780 τὴν
709 5713 816 5766 τῶν
858 5713 1157 5784 χρημάτων
1205 5715 1466 5787 συλλογὴν
1509 5720 1836 5789 μεμηνότες,

239 5796 463 5850 ἅπαντα
500 5795 799 5866 προθύμως
833 5797 1241 5868 καταδέχονται,
1285 5801 1377 5854 καὶ
1407 5800 1532 5864 τοὺς
1567 5801 1706 5854 κατά
1744 5801 1838 5856 θάο

310 5964 335 5994 ⁸
359 5961 460 6014 Sex
488 5976 603 6015 mss.
648 5971 855 6030 ταραχῆς
879 5965 1114 6032 ἐλεύθερος
1137 5969 1218 6017 ὧν.

1290 431 1359 489 IN
1396 431 1555 490 CAP.
1591 431 1787 487 XXVII
1824 425 2071 487 GENES.
2116 429 2352 486 IIOMIL.
2397 430 2531 486 LIV.

3445 435 3555 491 472

1953 544 2155 596 λατταν
2190 543 2489 606 κινδύνους,
2531 543 2625 596 καὶ
2654 543 2721 596 τά
2751 544 3008 611 ναυάγια,
3041 546 3134 598 καὶ
3173 547 3270 609 τὰς
3295 548 3401 600 τῶν
3433 565 3558 601 παι-

1956 627 2133 696 ρατῶν
2162 626 2385 695 ἐφόδους
2424 627 2791 696 προορῶντες,
2833 629 2955 680 οὐδέ
2990 627 3165 690 οῦτως
3201 631 3554 700 όκνηρότεροι

1951 711 2212 779 γίνονται,
2241 709 2530 762 καὶταῦτα
2555 710 2673 762 οὐδὲ
2707 710 2932 782 θαρρεῖν
2953 712 3082 780 περὶ
3113 712 3214 764 τοῦ
3239 713 3427 776 τέλους
3457 715 3553 765 δυο

1951 792 2196 863 νάμενοι·
2226 793 2386 846 ποίαν
2420 796 2583 864 ἡμεῖς
2621 793 2815 864 ἕξομεν
2853 796 3173 864 ἀπολογίαν,
3211 798 3318 851 τῶν
3351 798 3556 852 ἀθανά-

1949 890 2058 928 των
2110 876 2335 927 ἐκείνων
2378 877 2564 928 ἓνεκεν
2599 877 2736 948 πρὸς
2786 879 2911 940 τοὺς
2958 879 3060 948 τῆς
3091 880 3295 949 ἀρετῆς
3334 881 3556 948 ἀγῶνας

1953 957 2030 1028 μὴ
2063 957 2214 1028 πάσῃ
2246 959 2450 1030 σπουδῇ
2499 961 2593 1013 καὶ
2644 960 2923 1032 προθυμίᾳ
2959 962 3354 1033 ἀποδυόμενοι;
3394 966 3555 1030 Τίνος

1949 1039 2138 1092 ἐνεκεν
2165 1038 2338 1102 οὓτως
2367 1040 2685 1111 ἀγνώμονες
2716 1044 2846 1113 περὶ
2881 1044 2972 1097 τὸν
3003 1045 3303 1117 εὐεργέτην
3335 1050 3556 1118 γινόμε-

1952 1121 2040 1188 θα,
2077 1124 2172 1176 καὶ
2209 1124 2332 1176 οὐτε
2365 1125 2432 1176 τά
2459 1125 2558 1196 ἤδη
2588 1125 2902 1197 δωρηθέντα
2930 1129 3283 1199 λογιζόμεθα,
3325 1133 3452 1185 οὔτε
3488 1135 3557 1188 τά

1951 1207 2365 1275 ἐπαγγελθέντα
2419 1207 2729 1279 ἐννοοῦμεν,
2773 1209 2911 1266 ἀλλά
2950 1212 3191 1280 πάντων,
3238 1215 3314 1277 ῶς
3356 1217 3552 1281 εἰπεῖν,

1949 1288 2121 1360 λήθην
2157 1291 2537 1360 ποιησάμενοι,
2568 1290 2758 1354 ἀπλῶς
2797 1295 2889 1346 καὶ
2916 1295 3042 1366 είκῆ
3078 1296 3443 1368 βοσκημάτων
3472 1300 3555 1353 δί-

1951 1389 2055 1444 κην
2089 1372 2203 1440 βίον
2234 1373 2450 1427 ᾶπαντα
2477 1374 2920 1447 παρατρέχομεν,
2951 1379 3052 1447 τῆς
3080 1380 3179 1449 μὲν
3199 1381 3378 1452 ψυχῆς
3404 1383 3557 1435 οὐδε-

1955 1458 2083 1528 μίαν
2130 1458 2454 1526 ἐπιμέλειαν
2496 1457 2829 1527 ποιούμενοι,
2867 1461 2967 1532 τὴν
3007 1463 3064 1514 δέ
3100 1465 3342 1534 γαστέρα
3385 1466 3558 1535 μόνην

1950 1542 2397 1611 διαρῤηγνύντες,
2427 1541 2520 1594 καὶ
2549 1541 2750 1613 πολλὴν
2777 1544 2865 1596 διὰ
2888 1545 3094 1611 ταύτης
3121 1547 3197 1617 τῷ
3219 1550 3557 1620 ταλαιπώρῳ

1949 1625 2126 1693 τούτῳ
2154 1624 2368 1694 σώματι
2395 1626 2494 1697 τὴν
2517 1626 2694 1696 λύμην
2716 1630 3242 1694 κατασκευάζοντες,
3273 1633 3367 1684 καὶ
3397 1633 3558 1686 τοῦτο

1953 1709 2054 1778 μὲν
2089 1709 2176 1761 διὰ
2209 1708 2311 1777 τῆς
2355 1710 2644 1779 ἀμετρίας,
2695 1712 2790 1762 καὶ
2846 1712 2942 1781 τῆς
2993 1713 3198 1783 πολλῆς
3237 1715 3555 1784 ἀδηφαγίας

1954 1791 2124 1863 μυρία
2168 1792 2468 1862 πράγματα
2501 1796 2935 1857 κατασκευάζειν
2964 1799 3098 1866 ἡμῖν
3139 1801 3558 1869 παρασκευάζο-

1955 1893 2079 1945 μεν,
2135 1875 2230 1945 τὴν
2275 1876 2330 1927 δέ
2389 1875 2570 1946 ψυχὴν
2619 1877 2762 1948 λιμῷ
2821 1880 3082 1949 τήκεσθαι
3128 1884 3554 1952 συγχωροῦμεν;

1952 1958 2105 2030 ξὸὲὗ]
2138 1960 2313 2012 καίτοι
2347 1957 2491 2029 ψυχὴ
2525 1959 2778 2030 σώματος
2808 1963 3165 2034 κυριώτερον,
3210 1967 3302 2019 καὶ
3337 1968 3556 2035 ἐκείνης

1951 2041 2320 2111 ἀπειρηκυίας
2376 2043 2570 2113 νεκρὸν
2619 2043 2780 2096 τοῦτο
2833 2046 3246 2101 καταλείπεται.
3288 2049 3416 2102 Δέον
3461 2046 3557 2102 οὖν

1952 2126 2182 2196 κάκείνῃ
2228 2125 2325 2197 τὴν
2368 2127 2705 2197 κατάλληλον
2740 2129 2834 2180 καὶ
2869 2130 3252 2199 ἁρμόττουσαν
3289 2134 3558 2204 παρέχειν

1949 2211 2160 2278 τροφὴν
2193 2211 2361 2279 ἡμᾶς.
2401 2211 2684 2277 ἑκατέροις
2715 2212 3112 2282 λυμαινόμεθα,
3153 2217 3425 2287 ἀμετρίαν
3461 2220 3557 2269 καὶ

1951 2292 2187 2346 ἐνταῦθα
2236 2294 2400 2346 κάκεῖ
2459 2295 2659 2365 πολλὴν
2717 2296 3176 2366 ἐπιδεικνύμενοι,
3221 2299 3314 2352 καὶ
3357 2301 3417 2352 τὸ
3455 2301 3557 2370 μὲν

1952 2373 2094 2442 ὺπέρ
2130 2378 2228 2444 τὴν
2273 2375 2465 2446 χρείαν
2507 2379 2835 2441 πιαίνοντες,
2879 2381 2978 2451 τὴν
3017 2381 3074 2434 δὲ
3113 2383 3216 2435 ὑπὸ
3254 2381 3415 2451 λιμοῦ
3447 2385 3558 2438 δια-

1951 2458 2272 2528 φθείρεσθαι
2314 2460 2846 2528 καταναγκάζοντες.
2888 2463 2996 2515 Καὶ
3040 2465 3178 2534 ὅπερ
3220 2468 3248 2518 6
3277 2467 3385 2519 τῶν
3418 2468 3557 2521 ὅλων

1949 2542 2230 2610 Δεσπότης
2263 2542 2320 2594 ἐν
2349 2543 2498 2606 τάξει
2535 2545 2800 2614 μεγίστης
2829 2547 3262 2618 ἀγανακτήσεως
3289 2553 3556 2622 ἠπείλησέ

1949 2641 2081 2678 ποτε
2117 2623 2194 2693 τῷ
2222 2623 2332 2676 τῶν
2367 2625 2636 2679 Ἰουδαίων
2663 2628 2840 2697 δήμῳ,
2865 2629 3062 2697 λέγων,
3098 2631 3276 2685 Δώσω
3305 2638 3449 2704 ὑμῖν
3483 2638 3557 2690 οὐ

1949 2709 2129 2777 λιμὸν
2161 2707 2365 2776 ἄρτου,
2393 2708 2538 2762 οὐδὲ
2568 2709 2761 2778 δίψαν
2790 2711 3029 2778 ὕδατος,
3058 2714 3224 2770 ἀλλὰ
3246 2718 3428 2786 λιμὸν
3449 2720 3557 2773 τοῦ

1948 2793 2209 2846 ἀκοῦσαι
2247 2793 2435 2858 λόγον
2470 2795 2714 2860 Κυρίου,
2746 2794 3016 2849 διδάπων
3046 2800 3076 2867 ἡ
3089 2801 3192 2868 μᾶς
3232 2801 3314 2853 ότι
3346 2802 3556 2867 ἐκεῖνος

1953 2876 2051 2945 μὲν
2087 2877 2116 2927 6
2141 2877 2300 2944 λιμὸς
2329 2877 2389 2929 16
2416 2877 2577 2948 σῶμα
2607 2880 2950 2932 κατατείνειν
2977 2880 3223 2945 δύναται,
3254 2878 3408 2948 οὗτος
3440 2885 3492 2938 δὲ
3527 2888 3558 2938 ό

1949 2957 2109 3028 λιμὸς
2145 2959 2316 3028 αὐτῆς
2347 2959 2690 3014 καθικνεῖται
2717 2963 2817 3032 τῆς
2846 2964 3049 3034 ψνχῆςο
3081 2966 3225 3019 τοῦτ’
3267 2968 3400 3020 αὐτὸ
3438 2969 3557 3033 νῦν,

1949 3041 2086 3111 ὅπερ
2117 3043 2237 3095 ἀντὶ⁸
2263 3044 2534 3114 τιμωρίας
2567 3046 2795 3108 ἐκείνοις
2824 3049 3051 3116 ἐπάγειν
3097 3050 3218 3102 τότε
3259 3051 3560 3122 ἠπείλησεν

1949 3127 1977 3177 ό
1994 3125 2291 3193 Δεσπότης,
2316 3127 2478 3196 ἡμεῖς
2499 3127 2718 3190 ἐκόντες
2743 3129 3131 3200 ἐπισπώμεθα,
3158 3131 3444 3186 καὶταῦτα
3462 3133 3557 3187 τοῦ

1948 3204 2084 3258 Θεοῦ
2097 3207 2367 3279 τοσαύτην
2379 3209 2508 3278 περὶ
2519 3211 2667 3279 ἡμᾶς
2684 3211 2810 3280 κηδε
2822 3212 3011 3280 μονίαν
3028 3213 3560 3283 ἐπιδειξαμένου,καὶ

1949 3292 2401 3362 οίκονομήσαντος
2417 3293 2555 3362 μετά
2566 3293 2664 3364 τῆς
2681 3294 2789 3348 ἀπὸ
2801 3296 2909 3348 τῶν
2924 3296 3157 3368 Γραφῶν
3173 3298 3558 3367 ἀναγνώσεως,

1950 3375 2094 3445 ἔχειν
2117 3377 2266 3444 ἡμᾶς
2307 3375 2398 3428 καὶ
2438 3375 2536 3446 τὴν
2588 3377 2698 3429 ἀπὸ
2741 3379 2851 3429 τῶν
2883 3378 3220 3432 διδασκάλων
3253 3381 3558 3436 νουθεσίαν.

2021 3457 2100 3510 Δι’
2143 3458 2170 3510 ὃ
2221 3457 2526 3528 παρακαλῶ
2571 3459 2670 3528 τὴν
2734 3461 3007 3530 ὑμετέραν
3064 3462 3306 3533 ἀγάπην,
3380 3466 3563 3519 πᾶσαν

1952 3539 2224 3610 ῥαθυμίαν
2289 3541 2718 3606 ἀποτινάξασθαι
2785 3543 2879 3595 καί
2931 3545 3276 3615 διεγερθῆναι
3338 3548 3559 3617 μικρὸν,

1950 3626 2044 3676 καλ⁴
2103 3625 2284 3676 πᾶσαν
2337 3625 2436 3694 τὴν
2505 3624 2742 3696 σπουδὴν
2801 3626 3121 3696 μεταθεῖναι
3189 3629 3284 3682 ἐπὶ
3333 3630 3433 3702 τὴν
3457 3635 3559 3705 τῆς

1949 3706 2128 3775 ψυχῆς
2165 3705 2456 3777 σωτηρίαν.
2494 3706 2650 3760 Οὕτω
2703 3707 2816 3779 γὰρ
2867 3709 2933 3762 ἂν
2975 3711 3069 3773 καὶ
3121 3710 3220 3781 τὴν
3264 3713 3418 3782 παρά
3463 3715 3558 3768 τοῦ

1950 3788 2086 3840 Θεοῦ
2112 3786 2326 3840 εὔνοιαν
2355 3787 2493 3858 μετά
2519 3788 2801 3858 δαψιλείας
2837 3792 3241 3863 ἐπισπάσησθε,
3274 3798 3367 3848 καὶ
3395 3798 3558 3867 ἡμεῖς

1951 3871 2360 3942 προθυμότερον
2400 3870 2500 3942 τὴν
2545 3872 2683 3942 πρὸς
2727 3872 2872 3941 ὑμᾶς
2913 3875 3266 3930 διδασκαλίαν
3316 3882 3562 3950 ποιησώ·

1955 3954 2116 4023 μεθα,
2139 3954 2374 4024 ὁρῶντες
2397 3957 2478 4017 είς
2508 3953 2669 4024 ἔργον
2704 3956 2861 4026 ἡμῶν
2897 3958 3260 4015 ἐκδαίνουσαν
3284 3962 3381 4034 τὴν
3418 3982 3562 4034 συμ-

1953 4038 2170 4108 ϐουλήν.
2210 4037 2364 4090 Ἐπεί⁷
2396 4039 2490 4091 καὶ
2529 4041 2794 4108 γεωργὸς,
2833 4040 3054 4094 ἐπειδὰν
3084 4042 3168 4114 ἴδη
3203 4045 3303 4114 τῆς
3325 4047 3429 4116 γῆς
3457 4048 3559 4118 τὴν

1953 4121 2363 4193 ἐπιτηδειότητα
2392 4122 2592 4193 πολλὴν
2621 4123 2974 4194 παρέχουσαν
3008 4126 3156 4197 αὐτῷ
3188 4128 3296 4181 τῶν
3325 4131 3560 4200 καρπῶν

1951 4208 2050 4276 τὴν
2083 4206 2277 4276 φορὰν,
2318 4207 2413 4260 καὶ
2456 4206 2618 4269 αὐτὸς
2674 4206 2815 4276 μετὰ
2871 4207 3116 4272 πλείονος
3163 4213 3264 4281 τῆς
3315 4215 3558 4284 σπουδῆς

1952 4290 2090 4360 πρὸς
2139 4290 2264 4352 τοὺς
2311 4289 2410 4357 τῆς
2455 4290 2732 4360 γεωργίας
2775 4291 2973 4354 πόνους
3021 4295 3409 4348 ἐπαποδύεται’
3464 4299 3562 4352 τὸν

1952 4374 2117 4447 αὐτὸν
2159 4373 2224 4444 δὴ
2257 4373 2461 4443 τρόπον
2497 4375 2592 4426 καὶ
2632 4375 2792 4444 ἡμεῖς
2832 4374 2900 4427 ἀν
2927 4373 3261 4447 θεασοίμεθα
3290 4381 3390 4450 τὴν
3415 4381 3560 4436 κατά

1951 4457 2085 4510 Θεὸν
2117 4455 2275 4527 ὐμῶν
2303 4457 2610 4526 προκοπὴν,
2637 4458 2731 4510 καὶ
2757 4457 2924 4512 ὅτιτά
2949 4460 3082 4529 παρ’
3110 4461 3268 4531 ἡμῶν
3289 4463 3562 4534 λεγόμενα

1951 4540 2039 4594 διά
2062 4541 2170 4593 τῶν
2198 4540 2378 4612 ἔργων
2405 4539 2778 4594 ἐνδείκνυσθαι
2808 4541 3165 4611 σπουδάζετε,
3206 4544 3428 4598 πλείονα
3460 4549 3564 4601 καὶ

1951 4625 2106 4679 αὐτοὶ
2154 4625 2246 4676 τὸν
2285 4624 2446 4678 πόνον
2475 4623 2564 4676 τὸν
2594 4623 2974 4677 διδασκαλικὸν
3008 4625 3411 4697 ἐπιδειξόμεθα·
3458 4630 3560 4684 ἆτε.

1952 4708 2155 4770 εἰδότες
2188 4707 2351 4760 ὅτιού
2383 4706 2525 4760 κατά
2552 4705 2770 4777 πετρῶν
2794 4706 3112 4779 σπείρομεν,
3145 4711 3260 4764 ἀλλ’
3283 4715 3363 4774 είς
3390 4712 3561 4769 λιπα-

1956 4791 2056 4864 ράν
2087 4795 2180 4844 καὶ
2208 4790 2494 4861 βαθύγεων
2522 4789 2940 4861 καταδάλλομεν
2965 4791 3035 4846 τά
3057 4793 3374 4866 σπέρματα.

2004 4875 2068 4944 β’.
2088 4874 2188 4927 Διά
2203 4875 2313 4947 γὰρ
2327 4875 2486 4928 τοῦτο
2508 4875 2630 4928 καθ’
2648 4875 2889 4945 ἑκάστην
2903 4876 3010 4946 ήμέ
3022 4893 3119 4947 Pa"
3140 4878 3240 4947 τὴν
3260 4879 3396 4950 πρὸς
3413 4880 3557 4950 ὑμᾶς

1949 4957 2301 5012 διδασκαλίαν
2341 4957 2667 5028 ποιούμεθα,
2696 4958 2784 5010 ἵνα
2813 4958 2906 5009 καὶ
2938 4959 3097 5028 ὑμεῖς
3122 4960 3479 5031 κερδάναντές
3503 4980 3556 5015 τι

1949 5042 2224 5112 χρήσιμον
2254 5041 2504 5096 ἐντεῦθεν
2531 5041 2829 5110 ἀπέλθητε,
2854 5042 2947 5095 καὶ
2980 5042 3047 5095 τά
3075 5044 3177 5113 τῆς
3198 5045 3403 5117 ἀρετῆς
3427 5047 3557 5116 ὑμῖν

1950 5125 2269 5197 αὐξάνηται,
2302 5127 2398 5178 καὶ
2437 5127 2600 5196 ἡμεῖς
2645 5125 2886 5196 ὁρῶντες
2925 5126 3084 5196 ὑμῶν
3126 5128 3226 5199 τὴν
3269 5132 3556 5200 προκοπὴν

1951 5209 2397 5279 εὐφραινώμεθα.
2419 5209 2509 5277 Μὴ
2539 5207 2649 5278 γὰρ
2674 5207 2862 5271 ἁπλῶς
2878 5208 2973 5261 καὶ
3004 5210 3127 5279 είκῆ
3161 5209 3342 5278 λέγειν
3367 5212 3556 5281 βουλό-

1955 5292 2118 5360 μεθα,
2138 5292 2281 5345 ὥστε
2305 5291 2397 5345 τὸν
2421 5293 2552 5362 παρ’
2580 5291 2736 5359 ὐμῶν
2767 5290 2995 5346 ἔπαινον
3019 5292 3443 5362 καρπώσασθαι,
3463 5297 3554 5350 καὶ

1951 5377 2038 5430 ἵνα
2064 5378 2434 5447 κροτήσαντες
2467 5377 2625 5445 ὑμεῖς
2653 5375 3086 5447 ἀναχωρήσητε;
3124 5378 3200 5431 Οὐ
3248 5378 3336 5432 διά
3372 5379 3558 5444 τοῦτο,

1953 5462 2028 5530 μὴ
2057 5463 2289 5529 γένοιτο,
2330 5461 2467 5514 ἀλλά
2517 5460 2606 5512 διὰ
2648 5461 2747 5531 τὴν
2796 5461 3069 5528 ὠφέλειαν
3111 5461 3210 5533 τὴν
3261 5462 3556 5536 ὑμετέραν.

1965 5546 2118 5614 Ἐμοὶ
2156 5545 2412 5615 μέγιστος
2447 5543 2669 5607 ἔπαινος
2710 5544 2804 5596 καὶ
2835 5545 3088 5614 ἀρκετὸς,
3119 5545 3172 5596 εί
3200 5565 3284 5609 τις
3317 5549 3427 5600 ἀπὸ
3457 5546 3556 5617 τῆς

1951 5628 2150 5691 κακίας
2173 5627 2267 5680 ἐπὶ
2291 5626 2390 5697 τὴν
2420 5627 2621 5698 ἀρετὴν
2661 5626 3074 5696 μεταϐάλλοιτο,
3100 5629 3154 5682 εί
3177 5647 3260 5692 τις
3299 5630 3406 5699 πρὸ
3431 5630 3556 5683 τού-

1950 5729 2046 5764 του
2077 5713 2319 5783 ρᾀυμος
2354 5711 2450 5775 ῶν,
2489 5711 2776 5774 σπουδαῖος
2804 5713 2869 5764 ἐκ
2917 5711 3017 5782 τῆς
3058 5715 3188 5782 παρ’
3227 5713 3384 5782 ἡμῶν
3427 5716 3559 5768 ὐπο-

1954 5798 2206 5866 μνὴσεως
2236 5796 2491 5866 γένηται·
2527 5795 2686 5848 τοῦτο
2715 5796 2809 5848 καί⁵
2836 5797 2960 5866 ἐμοὶ
2993 5796 3250 5866 μέγιστον
3284 5799 3440 5867 φέρει
3465 5800 3558 5853 τὸν

1952 5880 2173 5934 ἔπαινον
2202 5880 2293 5934 καὶ
2318 5879 2417 5951 τὴν
2447 5879 2826 5951 παραμυθίαν,
2844 5879 2937 5934 καὶ
2961 5880 3090 5951 ύμῖν
3117 5879 3254 5934 πολύ
3281 5882 3341 5934 τὸ
3365 5883 3557 5954 κέρδος

1958 5963 2051 6018 καὶ
2087 5963 2175 6020 τὸν
2202 5963 2427 6018 πλοῦτον
2459 5963 2546 6019 τὸν
2582 5963 2972 6033 πνευματικόν.
3008 5962 3169 6019 Ἀλλὰ
3210 5965 3303 6018 καὶ
3345 5968 3430 6024 ὅτι
3457 5967 3563 6039 μὲν
