4182 6322
197 423 294 489 ηε
977 422 1046 483 ΠΙ
1078 422 1235 484 CAP.
1270 422 1488 482 XXVII.
1529 420 1618 482 ET
1654 419 1895 480 XXVIII.
1933 420 2179 481 GENES.
2219 423 2453 483 llOlllL.
2497 423 2609 483 ιιτ

198 538 395 596 bilrlturl
423 537 579 594 sitis:
602 536 720 596 scio
732 536 879 594 enim
899 551 996 593 vos
1018 552 1050 592 ιι
1074 538 1187 594 Deo
1206 537 1395 592 doctos
1420 551 1562 603 esse,
1588 550 1777 605 posse-

196 630 483 703 que-etism
528 631 668 686 alios
706 629 1022 685 admouere.
1052 629 1281 699 Propter
1314 628 1417 683 hoc
1454 625 1543 683 hic
1580 627 1779 681 sistens

198 738 356 778 areum
401 723 714 787 consilium,
760 737 981 794 pergam
1021 721 1089 776 ad
1126 722 1341 776 solitam
1378 720 1677 776 doctrinam
1710 734 1775 773 ex

195 814 359 870 verbis
386 813 532 869 beati
571 813 758 878 Hosis,
807 813 915 868 imo
941 814 1173 883 Spiritus
1211 812 1381 866 sancti
1418 827 1514 881 per
1538 826 1662 867 eum
1693 810 1778 865 lo-

204 905 431 975 quentis:
480 914 535 958 et
583 904 673 959 ubi
706 920 873 976 pauca
903 903 1150 974 qua-dam
1180 917 1531 974 proposuero,
1562 900 1779 957 hodier-

196 1014 309 1054 num
338 996 487 1051 vobis
516 996 667 1050 illinc
702 995 1006 1050 convivium
1028 1009 1321 1063 apponam.
1344 992 1579 1048 Audistis
1607 1004 1780 1063 nuper

197 1088 447 1162 quomodo
471 1087 646 1143 Jacob
690 1088 870 1142 omnia
914 1087 1115 1143 faciens
1155 1086 1453 1140 secundum
1483 1085 1774 1140 consilium

197 1182 457 1247 Rebecca,
488 1181 663 1252 patris
690 1180 1118 1236 benedictionem
1149 1179 1459 1248 arripuerit,
1486 1176 1781 1232 laudatum-

194 1290 286 1345 que
319 1274 520 1330 furtum
556 1274 910 1334 commiserit,
941 1271 1064 1327 ideo
1089 1279 1144 1326 et
1170 1278 1578 1339 coeperatorem
1607 1270 1777 1323 Deum

196 1367 380 1435 habuit,
402 1376 459 1423 et
478 1375 719 1421 conatus
730 1366 855 1434 ejus
869 1366 1007 1420 bene
1034 1365 1295 1419 successit
1317 1378 1336 1417 τ
1360 1361 1457 1418 sed
1484 1362 1608 1432 quia
1634 1362 1777 1416 Esau

197 1457 254 1511 ob
278 1457 326 1511 id
351 1456 450 1526 ipsi
482 1456 641 1511 valde
670 1455 968 1520 invidebat,
1001 1464 1056 1509 et
1085 1469 1144 1509 se
1170 1452 1238 1509 ad
1269 1453 1471 1507 cmdem
1498 1436 1777 1523 prtepara-

197 1548 305 1603 bat:
342 1549 413 1602 ita
452 1548 600 1602 enim
642 1563 703 1603 se
731 1547 890 1602 habet
917 1547 1059 1601 mala
1090 1546 1209 1601 hac
1236 1545 1483 1610 affectio;
1514 1559 1622 1600 non
1651 1552 1778 1601 ante

193 1638 402 1704 desistit,
433 1638 614 1693 donec
644 1654 673 1691 a
700 1654 761 1694 se
799 1648 1013 1708 captum
1046 1639 1098 1693 in
1141 1653 1384 1707 praeceps
1427 1637 1667 1706 dejiciat,
1704 1638 1778 1691 ita

194 1732 322 1787 atad
352 1732 632 1789 homicidii
669 1743 854 1789 currat
878 1734 1075 1790 scelus.
1112 1731 1287 1787 Radix
1325 1731 1468 1786 enim
1502 1729 1776 1786 homicidii

193 1825 368 1880 invidia
411 1824 512 1899 [et
554 1825 762 1882 fructus
810 1826 1025 1881 invidiae
1060 1825 1405 1880 homicidium
1432 1822 1477 1897 ].
1526 1824 1601 1879 Ita
1638 1832 1693 1878 et
1744 1838 1777 1879 a

194 1917 436 1987 principio
463 1918 562 1971 fuit
589 1918 733 1973 inter
760 1918 892 1973 Cain
927 1926 983 1972 et
1009 1917 1162 1972 Abel.
1199 1918 1296 1972 Ille
1329 1917 1472 1972 enim
1510 1914 1646 1971 nihil
1685 1915 1781 1970 ha-

198 2006 315 2062 bens
338 2008 424 2064 vel
459 2023 689 2079 parvum
715 2009 803 2065 vel
831 2023 1107 2079 magnum,
1139 2008 1209 2064 de
1231 2024 1338 2077 quo
1362 2017 1640 2064 accusaret
1665 2007 1779 2063 fra-

192 2102 331 2162 tem,
355 2097 445 2152 ubi
472 2097 606 2153 vidit
636 2097 783 2153 illum
812 2099 1042 2154 Domino
1070 2098 1285 2168 probari
1303 2108 1526 2169 propter
1550 2098 1779 2154 oblatio-

193 2202 300 2243 nem
330 2204 643 2255 munerum,
674 2204 735 2244 se
762 2203 896 2245 vero
920 2189 992 2245 ob
1014 2189 1393 2259 negligentiam
1416 2204 1568 2243 suam
1597 2188 1775 2257 rejici,

192 2278 249 2333 sd
274 2280 523 2334 invidiam
556 2282 737 2336 statim
766 2292 1087 2349 provocatus
1116 2290 1199 2335 est
1219 2294 1240 2336 :
1266 2291 1317 2336 et
1348 2290 1471 2335 nata
1504 2279 1780 2336 homicidii

192 2371 355 2427 radice
380 2372 433 2426 in
464 2382 650 2427 mente
676 2371 827 2442 ejus,
860 2373 1039 2427 statim
1083 2374 1441 2443 perniciosum
1480 2372 1627 2427 illum
1669 2370 1781 2427 fru-

192 2464 320 2516 ctuin
346 2463 552 2527 attulit,
580 2472 636 2517 et
661 2462 1008 2517 homicidium
1035 2464 1327 2517 commisit.
1348 2460 1425 2515 lta
1456 2475 1587 2516 sane
1614 2462 1777 2515 etiam

195 2551 339 2617 Esau,
364 2568 494 2608 cum
515 2554 724 2607 videret
762 2554 1037 2623 accepisse
1082 2552 1301 2607 fratrem
1346 2551 1777 2606 benedictionem

191 2654 216 2694 a
252 2652 415 2712 ικξιιιθ,
444 2644 515 2697 ab
559 2645 636 2698 ira
678 2652 733 2697 et
771 2644 968 2698 invidia
1006 2642 1074 2700 ad
1109 2642 1458 2699 homicidium
1507 2641 1776 2709 inductus,

192 2739 538 2795 meditabatur
557 2751 783 2794 mortem
811 2739 1011 2794 fratris.

254 2830 521 2895 Quomodo
554 2828 777 2885 Rebccca
798 2832 950 2885 saluti
964 2831 1191 2903 junioris
1211 2830 1311 2899 ﬁlii
1336 2829 1417 2884 sui
1434 2827 1781 2892 consuluerit;

192 2922 445 2975 consilium
482 2924 547 2976 ab
587 2923 703 2992 ipsa
733 2923 912 2975 datum
952 2922 1020 2975 ad
1056 2922 1324 2976 consilium
1350 2922 1415 2974 ab
1439 2922 1551 2990 ipso
1580 2919 1781 2974 Christo

193 3013 353 3065 datum
379 3016 620 3082 refertur.
647 3042 722 3053 —
753 3012 950 3066 Verum
980 3012 1313 3066 admirabilis
1349 3011 1437 3065 illa
1483 3019 1654 3064 mater
1680 3009 1783 3064 hoc

191 3104 436 3169 sentiens,
482 3104 679 3157 iterum
720 3111 1022 3158 maternum
1062 3117 1303 3157 amorem
1337 3114 1463 3170 erga
1495 3100 1661 3154 lilium
1687 3098 1783 3167 de—

192 3194 430 3247 claravit:
461 3202 517 3246 et
544 3193 831 3247 consilium
858 3192 1036 3246 attulit
1061 3206 1166 3261 quo
1196 3199 1379 3261 posset
1407 3188 1587 3243 fratris
1606 3186 1782 3243 mani-

193 3283 280 3337 bus
324 3283 481 3355 eripi.
523 3284 615 3338 42.
652 3281 845 3337 Vocato
881 3284 1034 3350 enim,
1074 3282 1266 3353 inquit,
1300 3281 1409 3351 ﬁlio
1435 3298 1528 3336 suo
1546 3282 1781 3351 juniore,

194 3375 304 3427 dixit
330 3376 373 3427 ei
406 3391 426 3427 :
457 3375 591 3428 Ecce
634 3374 773 3428 Esati
810 3379 968 3444 frater
1008 3384 1126 3428 tuus
1152 3375 1380 3426 minatur
1421 3373 1508 3425 tibi
1545 3381 1781 3426 mortem.

194 3465 271 3518 i3.
300 3464 344 3517 Ν
352 3482 450 3518 unc
480 3466 640 3534 igitur
676 3466 796 3518 audi
825 3481 993 3518 uocem
1016 3480 1201 3518 nteant.
1225 3463 1571 3533 Experientia
1596 3472 1652 3519 te
1679 3464 1777 3519 do-

194 3565 298 3610 ceat
333 3572 419 3610 me
464 3556 563 3611 tibi
600 3557 763 3610 “utilia
802 3556 1121 3621 consulere;
1166 3564 1223 3610 et
1262 3555 1406 3610 sicut
1447 3555 1560 3624 jam
1602 3554 1784 3611 audita

196 3665 313 3706 voce
346 3667 489 3717 mea,
537 3665 759 3720 magnas
795 3650 914 3704 illas
941 3664 972 3702 a
1000 3658 1149 3718 patre
1193 3647 1599 3703 benedictiones
1637 3660 1784 3702 asse-

195 3754 377 3809 quutus
414 3758 513 3797 es:
546 3742 617 3795 ita
645 3750 699 3794 et
738 3756 879 3795 nunc
923 3740 1045 3795 audi
1088 3754 1274 3795 vocem
1315 3753 1511 3802 meam,
1548 3747 1608 3793 ut
1651 3737 1786 3793 ell'u-

194 3847 307 3903 gere
334 3836 511 3906 possis
546 3833 727 3889 frazris
764 3847 973 3887 manus.
1005 3832 1095 3887 Sic
1122 3832 1266 3887 enim
1295 3840 1350 3886 et
1380 3831 1721 3901 temetipsum
1752 3845 1783 3885 a

198 3925 429 3993 periculis
474 3925 702 3980 liberum
745 3924 961 3987 reddes,
1003 3931 1060 3977 et
1103 3937 1190 3976 me
1219 3936 1249 3975 a
1280 3920 1444 3976 luctu.
1478 3920 1786 3975 Verisimile

194 4017 323 4071 enim
349 4027 434 4073 est
474 4018 645 4083 illum,
673 4016 717 4070 si
748 4015 850 4070 hoc
885 4029 1049 4073 ausus
1076 4014 1255 4080 fuerit,
1286 4028 1498 4083 poenam
1530 4013 1783 4068 daturum

194 4124 321 4175 esse,
353 4121 519 4180 atque
547 4109 620 4164 ita
652 4108 885 4179 undique
905 4106 1034 4161 mihi
1055 4107 1235 4177 gravis
1254 4105 1410 4160 dolor
1438 4114 1493 4162 et
1518 4105 1785 4160 cruciatus

194 4202 305 4256 erit.
348 4202 488 4255 Audi
511 4202 669 4273 igitur
692 4217 860 4255 uocem
888 4215 1073 4267 meam,
1106 4212 1336 4271 etsurge,
1364 4200 1632 4269 statimque
1659 4198 1788 4253 vade

194 4291 255 4345 ad
273 4290 447 4346 Laban
476 4293 687 4360 fratrem
713 4308 878 4345 nteant
902 4292 957 4345 in
984 4289 1255 4356 (Murram,
1278 4292 1371 4345 4t.
1403 4299 1450 4344 et
1470 4289 1641 4343 habita
1669 4304 1783 4342 cum

195 4398 245 4435 eo
267 4383 331 4435 ad
354 4383 552 4453 aliquot
582 4382 710 4446 dies,
742 4398 1004 4453 usquequo
1026 4390 1283 4435 avertatur
1311 4381 1389 4433 ira
1418 4389 1466 4434 et
1500 4380 1787 4451 indignatio

196 4473 360 4541 fratris
386 4474 465 4527 tui
496 4490 615 4544 erga
649 4482 716 4537 te,
741 4472 831 4527 45.
855 4481 901 4526 et
929 4472 1255 4525 obliviscatur
1279 4486 1393 4541 quia
1425 4471 1472 4525 ei
1512 4471 1710 4541 fecisti:
1738 4477 1789 4524 et

196 4565 379 4618 mittam
408 4577 457 4619 et
478 4564 719 4618 reducam
750 4573 796 4616 te
829 4563 969 4628 inde,
1009 4577 1072 4615 ne
1105 4561 1236 4632 forte
1259 4577 1362 4614 uno
1385 4560 1468 4613 die
1504 4560 1641 4614 vobis
1685 4576 1791 4613 am-

198 4656 341 4710 bobus
362 4658 530 4710 οτὺιτ.
561 4656 677 4719 Abi,
706 4655 896 4725 inquit,
922 4654 991 4707 ad
1031 4658 1241 4724 fratrem
1285 4670 1451 4707 meum
1489 4651 1689 4717 Laban,
1726 4660 1774 4706 et

197 4744 357 4802 habita
384 4747 498 4802 illic
523 4764 639 4801 cum
670 4763 748 4801 eo.
784 4746 1087 4803 Verisimile
1111 4746 1254 4800 enim
1284 4755 1366 4801 est
1392 4746 1787 4815 separationem

193 4849 242 4893 et
268 4839 528 4910 temporis
550 4850 867 4909 processum
892 4852 1050 4907 posse
1076 4835 1277 4906 aliquid
1307 4836 1560 4905 amplius,
1590 4850 1788 4906 nempe

196 4928 429 4999 nxlt'gare
459 4929 618 4994 iram,
661 4928 913 4983 invidiam
941 4927 1133 4983 sedare
1156 4934 1212 4983 et
1239 4927 1565 4983 oblivionem
1594 4926 1787 4981 afferre

197 5034 370 5075 rerum
397 5036 521 5090 quae
548 5022 603 5075 in
635 5020 776 5076 furto
803 5020 1190 5076 benedictionis
1208 5029 1359 5090 gesta
1384 5030 1528 5076 sunt.
1564 5019 1629 5074 Et
1653 5020 1786 5074 obli-

195 5114 427 5180 viscatur,
458 5114 651 5184 inquit,
680 5130 794 5181 qua
818 5116 998 5185 feceris
1021 5115 1089 5168 ei.
1134 5114 1433 5169 Verisimile
1460 5124 1563 5178 est,
1592 5114 1784 5184 inquit,

197 5219 310 5258 cum
339 5206 501 5261 irasci
533 5206 592 5259 ¹;
626 5205 748 5260 ideo
786 5222 881 5275 par
905 5216 987 5261 est
1024 5216 1083 5262 ut
1120 5208 1252 5262 iram
1284 5217 1337 5263 et
1377 5208 1632 5278 impetum
1673 5209 1789 5279 ejus

255 5362 271 5393 ι
306 5367 355 5431 lu
382 5373 563 5434 graeco,
586 5376 756 5434 ιιι-φης,
772 5377 893 5434 “at...
910 5375 1106 5434 ἀντιζιτει.
1128 5366 1193 5415 Ad
1216 5366 1411 5434 literam
1432 5364 1610 5434 melius
1633 5376 1786 5429 esset,

199 5420 297 5490 iure
320 5420 561 5474 ira'scitur'
576 5439 604 5490 :A
617 5432 669 5473 et
694 5420 908 5490 fortassis
930 5420 1021 5475 hoc
1037 5428 1206 5490 dicere
1228 5428 1380 5476 voluit
1404 5420 1786 5490 Clirysostomus:

198 5481 244 5549 Et
268 5498 401 5543 vero,
418 5494 472 5535 ut
494 5488 657 5535 statim
675 5488 885 5549 videtur,
909 5501 1053 5538 causa
1069 5488 1237 5537 aderat
1260 5497 1314 5537 ut
1339 5481 1635 5537 irascei-etur
1649 5494 1787 5549 Esaii,

198 5548 255 5591 ob
276 5558 557 5618 surreptam
588 5550 679 5597 sibi
696 5548 873 5618 fraude
906 5551 1357 5618 primogenituram.
1393 5551 1792 5618 Etsi_enim_dicat

202 5612 497 5673 sugttstinus,
523 5617 669 5673 Temo
694 5617 765 5669 ιγ,
787 5624 893 5671 cap.
924 5612 998 5669 t0,
1048 5618 1155 5673 post
1194 5613 1402 5667 initium,
1450 5612 1498 5660 id
1522 5613 1651 5673 quod
1677 5627 1790 5661 sua-

200 5666 342 5736 dente
366 5666 522 5736 mue
562 5671 679 5736 fecit
699 5666 860 5729 Jacob,
887 5666 1120 5722 non'esse
1145 5674 1469 5729 mendacium,
1492 5666 1581 5721 se'd
1606 5683 1790 5736 myste-

202 5732 335 5805 rium,
358 5740 409 5781 et
428 5734 534 5805 ijse
556 5734 929 5805 chrysostomus
939 5748 1084 5805 supra
1110 5738 1339 5805 uelle:ij
1365 5743 1417 5783 et
1434 5736 1595 5805 Jacobi
1616 5732 1790 5785 factum

204 5798 710 5865 fxqtsaveritaprimo
734 5803 895 5865 mineo
917 5798 1094 5847 intuitu
1120 5798 1352 5848 taliae-iam
1376 5798 1718 5860 conspicimus,
1737 5807 1789 5849 et

202 5854 312 5905 me
326 5856 439 5919 jure
462 5854 743 5920 indignatus
765 5857 974 5908 videtur.

1130 5928 1211 5961 .zr/

3392 424 3496 479 Hs

1896 536 2156 605 declines,
2187 539 2233 594 si
2274 539 2415 597 forte
2442 556 2540 612 per
2579 549 2790 611 tempus
2824 540 2903 597 rei
2932 547 3095 613 geste
3125 537 3498 595 obliviscatur.

1889 637 1946 685 et
1970 639 2156 700 postea
2185 646 2306 686 cum
2330 632 2579 687 libertate
2604 633 2779 701 possis
2799 630 2886 686 bic
2911 631 3240 686 domicilium
3264 628 3486 684 habere.

1892 721 1962 776 Et
1990 736 2061 777 ne
2091 720 2243 777 filius
2257 721 2378 792 ejus
2405 722 2663 792 gravatim
2696 721 2852 786 ferat,
2874 720 3016 791 quod
3038 730 3260 791 cogatur
3286 720 3339 774 in
3362 719 3493 773 alie.

1889 826 2014 865 nam
2054 820 2251 868 terram
2278 812 2476 882 jahire:
2510 812 2631 867 vide
2664 811 2935 880 quomodo
2974 812 3179 865 soletur
3199 810 3339 863 illius
3366 809 3489 865 sni-

1888 917 2054 957 mam.
2099 902 2335 956 Primum
2382 902 2599 972 quidem
2639 902 2811 957 dixit:
2842 900 2940 955 Abi
2964 902 3033 954 ad
3057 898 3239 954 Laban
3278 902 3491 966 fratrem

1889 1010 2075 1048 meum.
2106 993 2242 1049 Nam
2271 994 2340 1049 ad
2369 1007 2683 1049 extraneum
2714 1003 2769 1047 et
2801 994 3035 1048 alienum
3071 993 3151 1048 ire
3194 1001 3247 1047 te
3282 990 3497 1061 jubeo?

1888 1084 1971 1138 Ad
1989 1089 2202 1155 fratrem
2226 1102 2395 1139 meum
2426 1086 2529 1151 abi,
2552 1096 2599 1141 et
2620 1085 2792 1139 habita
2816 1101 2935 1139 cum
2961 1101 3019 1139 eo
3048 1084 3117 1138 ad
3137 1084 3244 1137 dies
3272 1084 3487 1152 aliquot.

1889 1176 2083 1243 Breve,
2112 1177 2302 1247 inquit,
2347 1187 2582 1247 tempus,
2618 1191 2818 1247 paucos
2846 1177 2985 1242 dies,
3029 1190 3312 1247 quousque
3340 1174 3495 1244 quic«-

1889 1278 2007 1324 seat
2032 1268 2132 1323 ira.
2158 1268 2313 1324 Nunc
2339 1269 2485 1325 enim
2513 1267 2684 1324 fervet
2712 1267 3007 1336 indignatio
3032 1264 3170 1334 ejus,
3196 1279 3371 1335 neque
3398 1278 3497 1334 pa—

1890 1362 1987 1415 tris
2017 1360 2233 1416 habebit
2259 1361 2615 1415 reverentiam
2655 1359 2733 1415 ira
2772 1359 2942 1415 semel
2971 1357 3286 1423 inundante,
3318 1371 3496 1427 neque

1889 1459 2146 1521 quantum
2188 1450 2440 1506 fraternae
2474 1449 2858 1505 necessitudini
2909 1448 3103 1503 debeat
3152 1449 3206 1501 in
3257 1455 3495 1501 mentem

1888 1543 2148 1611 accipiet:
2190 1542 2284 1596 sed
2323 1557 2489 1596 unum
2540 1535 2643 1595 hoc
2683 1550 2830 1611 aget,
2857 1547 2917 1594 ut
2948 1538 3186 1593 furorem
3217 1552 3373 1591 suum
3399 1551 3496 1592 ex-

1889 1634 2056 1704 pleat.
2083 1633 2152 1686 Et
2178 1634 2403 1697 mittens,
2433 1632 2612 1688 statim
2656 1631 2774 1685 inde
2809 1630 3052 1684 reducam
3078 1637 3145 1681 te.
3172 1627 3269 1693 Te,
3300 1627 3493 1696 inquit,

1888 1724 2179 1781 revocabo.
2208 1724 2308 1779 Abi
2334 1723 2500 1793 igitur
2525 1723 2661 1778 bona
2691 1736 2814 1777 eum
2844 1719 3077 1779 fiducia;
3106 1726 3158 1773 te
3183 1719 3325 1773 enim
3353 1733 3495 1772 nun-

1888 1815 1977 1870 tiis
2000 1830 2067 1871 eo
2098 1816 2277 1870 missis
2315 1814 2607 1869 reducam:
2638 1827 2763 1867 nam
2798 1810 2867 1866 de
2905 1818 3018 1865 toto
3047 1808 3179 1864 mihi
3215 1817 3495 1862 certamen

1887 1916 1991 1972 est,
2022 1907 2091 1962 de
2115 1914 2346 1977 utroque
2373 1907 2531 1960 anxia
2557 1919 2701 1969 sum,
2733 1917 2803 1959 ne
2832 1902 2973 1957 forte
3016 1910 3246 1972 utroque
3291 1900 3491 1969 priver.

1888 1999 2023 2056 Vide
2049 2001 2365 2070 sapientiam
2398 1998 2605 2063 matris,
2642 2012 2763 2067 quae
2798 2010 2828 2049 a
2862 1995 3035 2063 seipsa
3064 2004 3232 2058 mota,
3261 1992 3369 2045 imo
3397 1991 3494 2046 Dei

1888 2089 2222 2161 prmdictioni
2249 2089 2413 2144 etiam
2444 2103 2587 2143 nunc
2625 2086 2891 2152 serviens,
2932 2085 3025 2139 illa
3062 2083 3298 2140 consulit
3324 2098 3495 2152 puero

1886 2199 2007 2255 quae
2034 2182 2283 2239 Christus
2319 2181 2600 2252 discipulis
2643 2181 2757 2236 suis
2796 2177 3139 2243 consulebat,
3181 2191 3248 2230 ne
3293 2184 3499 2230 temere

1888 2274 2142 2345 periculis
2172 2288 2237 2329 se
2260 2272 2645 2338 immiscerent,
2680 2269 2775 2326 sed
2802 2283 3022 2325 secessu
3060 2267 3323 2322 insaniam
3354 2264 3497 2320 male

1890 2366 2209 2421 all'ectorum
2248 2363 2639 2420 demulcerent.
2675 2363 2789 2417 lloc
2837 2362 2998 2431 igitur
3038 2360 3201 2415 etiam
3248 2358 3336 2413 illa
3382 2356 3495 2411 illis

1886 2459 2137 2527 consulit,
2165 2461 2397 2529 primum
2422 2458 2542 2527 ejus
2566 2457 2747 2512 animo
2778 2455 3025 2510 fiduciam
3060 2452 3253 2508 indens
3292 2459 3349 2506 ut
3379 2449 3496 2505 dis-

1886 2567 2096 2609 cessum
2136 2568 2242 2606 non
2281 2564 2427 2621 aegre
2468 2548 2666 2612 ferret,
2711 2555 2841 2602 tunc
2876 2545 3133 2613 deinceps
3178 2550 3240 2598 et-
3277 2554 3494 2597 causam

1887 2642 2169 2698 honestam
2202 2640 2517 2713 profectioni
2548 2638 2666 2708 ejus
2704 2638 2993 2707 excogitat,
3031 2636 3106 2690 ita
3136 2642 3195 2688 ut
3222 2648 3290 2689 ne
3315 2631 3495 2687 mani.

1887 2734 2023 2791 feste
2050 2734 2292 2790 videatur
2313 2742 2534 2804 propter
2556 2730 2735 2786 fratris
2756 2729 3009 2784 invidiam
3039 2725 3317 2793 recedere,
3355 2739 3497 2780 neve

1886 2837 2041 2899 pater
2054 2828 2189 2883 sciat
2208 2841 2389 2881 veram
2402 2822 2850 2896 peregrinationis
2868 2835 3107 2887 causam,
3123 2818 3272 2873 Esau
3290 2816 3501 2872 scilicet

1889 2920 2305 2990 indignationem
2334 2927 2518 2974 contra
2540 2917 2706 2970 illum.
2726 2914 2822 2971 ιθ.
2849 2911 2917 2968 Et
2938 2914 3187 2984 ingressa,
3214 2909 3406 2980 inquit,
3428 2908 3498 2961 ad

1888 3010 2041 3066 Isaac
2064 3009 2293 3064 Rebecca
2318 3009 2448 3064 dixit
2466 3026 2487 3064 :
2511 3006 2692 3062 Gravis
2721 3005 2844 3060 mihi
2873 3006 2977 3059 vita
3008 3013 3081 3058 est
3116 3010 3323 3074 propter
3362 2999 3501 3069 ﬁlias

1890 3106 2116 3173 ﬁliorum
2160 3104 2304 3159 Cltet.
2348 3103 2409 3158 Si
2453 3101 2703 3171 acceperit
2737 3098 2902 3154 Iacob
2942 3112 3156 3151 uxorem
3192 3096 3257 3149 de
3289 3093 3496 3163 filiabus

1891 3204 2041 3248 terra
2064 3195 2230 3260 istius,
2254 3193 2325 3247 ad
2347 3193 2470 3264 quid
2499 3190 2625 3245 mihi
2647 3191 2748 3244 vita
2766 3189 2792 3243 l

1965 3285 2021 3339 5.
2041 3284 2334 3340 Corisidera
2358 3281 2629 3353 quomodo
2654 3281 2940 3336 honestum
2971 3278 3175 3334 invenit
3192 3276 3498 3333 obtentum.

1891 3376 2117 3443 Quando
2152 3377 2295 3431 enim
2322 3375 2477 3431 nobis
2497 3389 2727 3445 superna
2753 3372 2923 3443 gratia
2949 3371 3287 3442 cooperatrix
3308 3378 3411 3433 est,
3441 3377 3499 3424 et

1890 3468 2126 3525 difficilia
2142 3467 2318 3524 facilia
2338 3467 2495 3536 fiunt,
2515 3478 2570 3524 et
2588 3467 2770 3539 gravia
2786 3467 2949 3523 levia.
2973 3466 3108 3534 Quia
3131 3466 3293 3536 igitur
3308 3474 3363 3519 et
3381 3463 3499 3519 bzee

1892 3561 2083 3616 habuit
2114 3560 2281 3616 Deum
2313 3560 2598 3614 sententia:
2623 3574 2736 3613 sua:
2765 3566 3118 3622 annuentem,
3141 3554 3345 3621 omnis,
3378 3569 3501 3625 qua:

1891 3652 1958 3706 ad
2000 3650 2237 3707 futuram
2276 3650 2734 3720 dispensationem
2772 3658 2829 3705 et
2878 3647 2945 3703 ad
2982 3649 3212 3703 salutem
3250 3645 3343 3701 filii
3366 3658 3502 3701 oon-

1892 3744 2092 3798 ducere
2133 3750 2404 3812 poterant,
2444 3741 2711 3811 suggessit
2746 3740 2867 3808 ejus
2908 3737 3098 3793 menti.
3134 3736 3317 3792 Gravis
3343 3735 3493 3801 mihi,

1893 3834 2089 3906 inquit,
2118 3845 2189 3888 est
2216 3835 2319 3888 vita
2341 3849 2454 3887 mea
2483 3842 2691 3903 propter
2715 3831 2852 3902 ﬁlias
2878 3830 3100 3901 filiorum
3134 3828 3283 3885 Chet.
3309 3828 3371 3885 Si
3408 3844 3504 3883 aco

1893 3928 2081 3998 ceperit
2114 3925 2277 3981 Jacob
2307 3942 2518 3981 uxorem
2557 3924 2623 3979 de
2650 3923 2857 3994 filiabus
2899 3931 3050 3977 terra:
3078 3923 3253 3993 hujus,
3286 3921 3354 3973 ad
3381 3919 3506 3991 quia

1893 4019 2022 4073 mihi
2048 4018 2199 4072 vita?
2230 4017 2328 4073 Hic
2354 4016 2483 4071 milii
2512 4014 2820 4085 signiﬁcem
2846 4013 3056 4068 videtur
3081 4012 3349 4081 pessimos
3374 4026 3507 4065 uxo-

1894 4126 2013 4166 rum
2042 4109 2187 4164 Esaii
2216 4122 2416 4171 mores,
2437 4122 2559 4177 qua:
2586 4105 2667 4159 eis
2697 4103 2894 4159 fuerint
2919 4101 3101 4156 multa:
3129 4099 3505 4155 amaritudinis

1893 4216 2077 4257 causa.
2111 4201 2323 4255 Etenim
2366 4198 2436 4254 de
2485 4197 2631 4252 Esau
2676 4194 2924 4261 superius
2953 4194 3192 4248 narravit
3226 4190 3389 4246 nobis
3420 4190 3505 4245 di-

1895 4296 2019 4350 vina
2060 4293 2361 4364 Scriptura,
2400 4290 2543 4361 quod
2583 4288 2853 4357 acceperit
2880 4302 2909 4339 a
2940 4284 3196 4341 Clictucis
3228 4295 3283 4339 et
3325 4282 3505 4338 Evazls

1894 4400 2111 4447 uxores,
2134 4399 2255 4456 qua:
2270 4380 2660 4453 exasperabant
2678 4379 2824 4433 Isaae
2842 4386 2895 4432 et
2914 4376 3211 4431 Rebcceam
3238 4372 3392 4445 (Gen.
3409 4372 3506 4428 26.

1899 4477 1990 4533 54.
2022 4475 2154 4546 35).
2203 4474 2329 4528 Haec
2356 4472 2517 4542 igitur
2559 4471 2611 4525 in
2642 4467 2956 4525 memoriam
2985 4466 3035 4521 ei
3076 4477 3364 4534 suggerere
3406 4476 3506 4518 vo-

1898 4568 2036 4634 lens,
2078 4568 2152 4621 ita
2197 4566 2309 4621 lere
2348 4564 2617 4633 loquitur:
2660 4561 2780 4618 Scis
2816 4558 3084 4631 quomodo
3122 4557 3285 4611 vitam
3324 4570 3501 4612 meatu

1898 4659 2296 4715 exacerbarunt
2320 4669 2515 4710 uxores
2546 4654 2709 4717 Esaii,
2740 4663 2797 4707 et
2821 4654 3091 4721 quomodo
3132 4660 3350 4721 propter
3385 4649 3504 4703 illa-

1898 4765 2015 4803 rum
2058 4748 2314 4803 malitiam
2343 4748 2395 4800 in
2422 4760 2615 4801 omnes
2641 4745 2778 4799 filias
2806 4744 3034 4799 filiorum
3064 4742 3198 4799 Cbet
3228 4742 3366 4797 male
3386 4741 3507 4796 affi-

1898 4842 2032 4906 cior,
2051 4848 2106 4895 et
2129 4847 2347 4909 propter
2363 4838 2483 4893 illas
2510 4852 2723 4892 omnem
2750 4846 2967 4908 gentem
2996 4851 3219 4890 exosum
3245 4834 3496 4899 habeant;

1898 4933 1942 4987 si
1970 4932 2129 5002 igitur
2157 4930 2435 4999 contingat
2461 4938 2516 4983 et
2540 4927 2707 4983 Jaeob
2748 4943 2815 4982 ex
2859 4927 2966 4981 illis
3011 4942 3234 4983 umrem
3277 4924 3502 4992 dueere,

1898 5039 2017 5095 qua:
2039 5022 2173 5077 mihi
2204 5028 2389 5091 postea
2418 5020 2607 5075 salutis
2630 5019 2794 5087 spes?
2820 5017 2901 5070 Ad
2922 5018 3048 5086 quid
3074 5016 3198 5070 milu
3226 5026 3339 5069 tum
3372 5015 3504 5069 vita!

1898 5119 2031 5173 Nam
2072 5116 2119 5172 si
2164 5116 2281 5172 illas
2309 5115 2448 5170 ferre
2491 5127 2595 5167 non
2628 5127 2935 5182 possumus,
2965 5111 3009 5164 si
3051 5110 3214 5167 etiam
3238 5109 3407 5163 Jacob
3436 5123 3503 5163 es

1900 5210 2113 5266 filiabus
2154 5220 2310 5266 terra:
2338 5208 2496 5277 hujus
2536 5220 2760 5261 uxorem
2788 5202 3079 5271 acceperit,
3110 5209 3289 5258 actum
3321 5206 3406 5253 est
3432 5198 3503 5254 de

1898 5303 2005 5357 vita
2027 5311 2226 5357 nostra.
2248 5299 2451 5366 Quibus
2470 5297 2669 5351 auditis
2688 5297 2852 5359 Isaac,
2872 5303 3031 5363 atque
3049 5291 3265 5345 malitia}
3290 5290 3504 5343 illarum

1898 5393 2229 5455 recordatus,
2258 5392 2307 5445 l.
2333 5389 2483 5443 Isaac
2517 5388 2768 5441 aduocans
2782 5385 2966 5448 Jacob,
2997 5384 3249 5439 benedixit
3270 5398 3405 5446 eum,
3426 5380 3505 5433 in-

1898 5486 2036 5555 quit,
2048 5494 2091 5537 et
2114 5483 2351 5553 prwcepit
2372 5482 2439 5548 ei,
2459 5482 2629 5535 dicens
2643 5496 2662 5533 :
2677 5478 2727 5531 Ν
2734 5477 2989 5533 otl'sumes
3004 5492 3211 5530 uxorem
3226 5475 3288 5526 de
3300 5473 3507 5539 ﬁliabus

1902 5577 2341 5637 Chananceorum;
2371 5572 2426 5626 ‘2.
2449 5572 2538 5627 sed
2557 5587 2725 5641 surge,
2749 5580 2795 5623 et
2826 5570 2952 5621 vade
2978 5567 3030 5620 in
3054 5562 3502 5634 Mesopotamiam,

1898 5670 1949 5721 in
1982 5668 2187 5720 domum
2222 5666 2383 5735 patris
2406 5664 2581 5717 matris
2618 5673 2738 5725 tuae,
2773 5672 2821 5714 et
2845 5660 3018 5727 accipe
3037 5657 3123 5709 tibi
3154 5656 3271 5709 inde
3298 5666 3507 5707 uxorem

1899 5759 1961 5811 de
1992 5757 2194 5823 ﬁliabus
2231 5756 2405 5826 fratris
2453 5755 2629 5805 matris
2673 5762 2771 5805 tua:
2811 5751 2969 5821 (Cap.
3012 5747 3143 5817 ‘28).
3190 5744 3373 5815 Neque
3420 5741 3505 5797 itis

1900 5859 2183 5904 conuentus
2225 5845 2424 5915 verbis,
2464 5843 2633 5900 voluit
2674 5852 2729 5898 et
2771 5842 3094 5897 alacriorem
3124 5853 3250 5895 eum
3278 5834 3508 5891 reddere
