4182 6322
720 437 823 493 475
849 450 859 459 “

723 553 772 604 in
816 547 1261 616 peregrinatione,
1308 554 1363 598 ct
1413 557 1536 597 cum
1590 542 1779 596 iterum
1832 534 2291 593 benedictionibus

720 639 994 695 conﬁrmat
1021 652 1082 690 ac
1112 636 1237 689 dicit
1266 653 1277 687 :
1306 636 1358 688 5.
1384 632 1521 687 Dens
1561 643 1725 685 autem
1761 646 1900 684 meas
1936 628 2188 682 benedicet
2221 634 2287 688 te,

721 742 765 783 et
790 729 985 797 augebit
1003 740 1069 793 te,
1088 738 1136 781 et
1160 726 1512 794 multiplicabit
1536 736 1601 791 te,
1624 734 1670 777 et
1690 725 1785 778 eris
1808 724 1859 776 in
1887 720 2291 791 congregationes

718 824 959 889 gentium,
1001 820 1051 872 4.
1096 828 1143 871 et
1179 817 1317 871 dabit
1357 817 1445 870 tibi
1484 817 1868 871 benedictionem
1894 814 2109 866 Abralue
2134 810 2293 879 patris

718 911 836 975 mei,
870 910 959 963 tibi
990 919 1037 963 et
1065 911 1244 963 semini
1286 920 1371 962 tuo
1412 919 1520 977 post
1548 919 1625 961 te:
1648 917 1700 960 ut
1725 909 1776 959 in
1810 906 2131 958 hereditatem
2160 902 2295 954 arci-

721 998 832 1067 pias
879 1009 1065 1053 terram
1116 998 1524 1068 peregrinationis
1575 1006 1707 1059 tum,
1766 1010 1917 1063 quam
1965 993 2101 1046 dedit
2156 991 2295 1045 Deus

720 1087 960 1141 Abram.
986 1086 1118 1140 Vide
1141 1086 1407 1155 quomodo
1430 1086 1606 1152 justus
1647 1084 1883 1153 prmdicit
1918 1084 1967 1137 ei
2001 1084 2203 1147 omnia,
2230 1095 2295 1135 ac

722 1178 857 1230 bona
896 1176 944 1229 ei
970 1177 1154 1229 viatica
1179 1176 1269 1228 dat
1298 1185 1350 1229 et
1401 1176 1585 1229 solatia
1609 1192 1624 1228 :
1664 1175 1901 1243 praedicit
1928 1175 2071 1229 enim
2100 1175 2147 1227 ei
2177 1172 2296 1228 red-

726 1267 859 1318 itum
900 1264 1349 1331 hereditatemque
1389 1273 1565 1330 terrm,
1591 1264 1824 1318 futurum
1864 1278 1984 1319 esse
2026 1263 2211 1317 dicens
2239 1274 2296 1317 ut

718 1370 822 1405 nou
845 1354 1015 1408 solum
1044 1355 1094 1409 in
1117 1355 1504 1409 multitudinem
1528 1364 1749 1416 crescat.
1771 1355 1863 1410 sed
1890 1356 2046 1409 etiam
2074 1368 2296 1424 congre—

723 1445 965 1513 sationes
1001 1446 1236 1515 gentium
1283 1462 1346 1500 ex
1390 1447 1596 1499 semine
1635 1446 1749 1513 ejus
1777 1445 2132 1514 egrediantur.
2166 1446 2294 1509 Quae

723 1544 780 1587 ut
817 1534 1018 1588 audivit
1060 1535 1220 1598 ﬁlius,
1271 1537 1509 1603 implevit
1546 1537 1691 1603 jussa
1725 1536 1918 1603 patris,
1948 1543 2001 1588 et
2030 1536 2295 1603 profectus

719 1626 885 1677 estin
934 1626 1362 1694 ιιρςυιιοιειηιίεοηι
1401 1626 1465 1677 ad
1511 1625 1686 1679 Laban
1731 1626 1914 1677 matris
1958 1624 2197 1677 fratrem.
2228 1622 2297 1676 Et

722 1713 933 1778 iterum,
957 1723 1013 1767 ut
1038 1715 1135 1767 hoc
1162 1715 1344 1768 didicit
1372 1714 1534 1776 Esau,
1577 1729 1770 1783 nempe
1793 1714 2049 1767 Jacobum
2078 1713 2296 1766 benedi-

716 1812 861 1855 ctum
888 1804 1049 1857 luisse
1072 1819 1103 1857 a
1135 1812 1303 1872 patre,
1327 1813 1381 1858 et
1408 1804 1712 1858 mandatum
1741 1804 2011 1872 accepisse
2037 1820 2103 1856 ne
2130 1802 2297 1858 duce-

722 1900 805 1946 ret
828 1907 1044 1946 uxorem
1069 1909 1133 1947 ex
1162 1894 1367 1950 ﬁliabus
1384 1894 1826 1961 Chattanamrum,
1842 1896 1935 1950 sed
1958 1894 2299 1951 contendsse

722 1982 776 2034 in
820 1981 1294 2051 Mesopotamiam:
1339 1985 1486 2055 quasi
1532 1986 1800 2055 corrigere
1843 1987 2027 2041 volens
2062 2000 2299 2041 erratum

725 2084 879 2124 suum
900 2082 951 2126 et
982 2073 1189 2139 placare
1216 2086 1439 2143 patrem,
1468 2076 1521 2131 9.
1556 2077 1780 2141 Addidit,
1814 2077 2002 2145 inquit,
2032 2086 2080 2131 et
2109 2080 2298 2145 arrepit

721 2177 926 2214 uxorem
960 2166 1026 2215 ad
1058 2165 1186 2217 duas
1209 2182 1386 2218 uxores
1402 2182 1540 2227 suas,
1560 2168 1715 2232 ﬁliam
1738 2165 1927 2220 Ismael
1943 2168 2038 2231 ﬁlii
2059 2169 2294 2220 Abralue.

722 2251 928 2317 Vidisti,
958 2254 1168 2321 dilecte,
1207 2267 1401 2325 quanta
1432 2257 1712 2326 prudentia
1743 2258 1908 2313 lilium
1948 2274 2101 2312 suum
2134 2259 2298 2313 Jacob

720 2356 754 2397 θ
781 2344 1028 2407 periculis
1074 2346 1434 2402 amantissima
1477 2358 1647 2402 mater
1683 2350 1972 2417 eripuerit:
2000 2351 2295 2416 speciosam

722 2434 1019 2489 ontendens
1068 2440 1507 2506 peregrinationis
1559 2453 1792 2501 causam,
1837 2449 1889 2494 et
1933 2454 2105 2507 neque
2153 2438 2297 2493 Esat't

724 2524 979 2578 malitiam
1034 2528 1285 2595 prodens,
1323 2546 1494 2597 nemo
1538 2532 1670 2598 patri
1719 2547 1931 2585 causam
1961 2532 2298 2586 manifestam

724 2612 955 2667 reddens
979 2632 993 2678 ;
1035 2617 1129 2669 sed
1158 2628 1212 2672 et
1241 2619 1347 2670 lilio
1382 2620 1705 2673 conveniens
1732 2620 1865 2673 dans
1894 2623 2177 2674 consilium
2196 2663 2209 2683 ,
2243 2629 2302 2674 ut

724 2716 789 2756 ex
819 2714 961 2758 metu
988 2706 1053 2759 ad
1080 2723 1231 2761 suam
1262 2709 1681 2777 amplectendam
1721 2713 2036 2765 sententiam
2065 2712 2299 2767 adduce-

728 2804 897 2853 retur.
922 2796 1047 2849 dum
1076 2798 1237 2851 etiam
1269 2800 1402 2866 patri
1429 2810 1808 2867 congruentem
1836 2817 2047 2854 causam
2079 2816 2300 2870 sugges-

723 2884 825 2936 sit?
851 2885 995 2939 Unde
1018 2897 1069 2940 et
1083 2887 1257 2955 justus
1285 2891 1399 2954 ejus
1423 2889 1575 2942 dictis
1596 2905 1869 2943 assensum
1898 2891 2160 2959 pricbt-ns,
2190 2893 2299 2946 via-

723 2974 830 3029 tico
858 2976 1235 3032 benedictionis
1267 2979 1576 3034 instructum
1604 2979 1767 3035 Jacob
1791 2980 2011 3035 dimisit.

794 3066 1139 3137 Peregrinatio
1164 3069 1343 3125 Jacobi
1373 3083 1627 3125 narratur.
1646 3102 1715 3113 -—
1740 3072 2001 3128 Cancrum
2026 3075 2069 3129 si
2101 3075 2293 3144 placet,

720 3166 776 3213 et
802 3175 904 3213 non
930 3160 1313 3231 defatigamini,
1336 3164 1607 3218 videamus
1626 3166 1893 3233 quomodo
1916 3168 2297 3235 peregrinatio-

720 3264 847 3305 nem
884 3250 1279 3308 obieritlacob.
1329 3253 1445 3308 Non
1491 3269 1714 3324 parvum
1756 3256 1900 3310 enim
1942 3264 1995 3309 et
2036 3255 2158 3309 hinc
2187 3256 2298 3311 fru-

718 3350 865 3394 ctum
897 3343 1141 3409 accipere
1170 3357 1450 3412 possumus
1470 3385 1485 3408 ,
1515 3344 1560 3398 si
1593 3345 1991 3399 attenderimus.
2023 3346 2296 3402 Justorum

722 3430 863 3483 enim
894 3436 1227 3487 conversatio
1265 3443 1320 3487 et
1352 3435 1456 3488 vita
1484 3436 1644 3489 totius
1673 3434 2018 3505 philosophia:
2058 3438 2298 3492 continet

720 3520 1042 3576 doctrinam.
1067 3521 1200 3578 Vide
1230 3526 1386 3593 igitur
1413 3524 1552 3580 hunc
1574 3528 1843 3595 juvenem,
1876 3528 1964 3595 qui
1991 3528 2137 3584 domi
2162 3530 2294 3584 edu-

716 3618 893 3673 catus,
926 3614 1014 3679 qui
1040 3622 1193 3668 antea
1227 3630 1513 3683 numquam
1542 3618 1977 3685 peregrinationis
2002 3620 2297 3689 cujuspiam

718 3704 1015 3771 periculum
1052 3705 1283 3770 fecerat,
1329 3723 1617 3775 numquam
1670 3709 1723 3761 in
1769 3720 2028 3765 extranea
2078 3713 2296 3781 regione

721 3802 966 3847 versatus
1008 3794 1200 3861 fuerat,
1242 3812 1413 3865 neque
1456 3812 1616 3867 grave
1657 3800 1853 3869 aliquid
1881 3812 2131 3869 expertus
2155 3812 2291 3870 erat,

717 3884 989 3951 quomodo
1018 3886 1119 3940 iter
1143 3887 1381 3953 arripiat,
1414 3898 1467 3943 et
1495 3889 1639 3943 disce
1671 3890 2012 3960 philosophia:
2032 3893 2173 3949 illius
2197 3910 2293 3949 ex-

717 3973 1039 4028 cellentiam.
1084 3975 1170 4029 10.
1210 3974 1273 4027 Et
1308 3992 1534 4046 egressus
1560 3977 1719 4032 Iacob
1754 3996 1783 4032 a
1830 3983 1969 4050 fonte
1996 3982 2292 4049 juramenti,

725 4063 976 4136 profectus
1014 4073 1085 4117 est
1112 4065 1165 4117 in
1194 4065 1441 4131 Churran,
1486 4068 1572 4121 11.
1617 4080 1661 4121 et
1692 4071 1908 4121 occurrit
1934 4072 2045 4124 loco
2064 4113 2078 4137 ,
2111 4082 2154 4123 et
2176 4073 2297 4124 dor-

723 4154 861 4207 mivit
893 4155 1029 4208 illic:
1068 4157 1320 4210 occidebat
1354 4160 1487 4212 enim
1521 4160 1637 4213 sol:
1665 4171 1711 4213 et
1734 4162 1923 4230 accepit
1952 4161 2015 4215 de
2040 4164 2295 4229 lapidibus

725 4245 839 4311 loci,
859 4258 906 4299 et
935 4248 1100 4317 posuit
1146 4251 1212 4302 ad
1246 4262 1397 4321 caput
1433 4268 1598 4316 suum,
1628 4262 1673 4306 et
1697 4254 1931 4308 dormivit
1958 4256 2017 4308 in
2044 4258 2174 4310 loco.
2200 4256 2291 4311 Vi—

722 4338 844 4392 disti
881 4340 1200 4396 inell‘abilem
1238 4343 1665 4412 philosophiam?
1698 4345 1872 4400 vidisti
1907 4347 2175 4416 quomodo
2207 4362 2295 4401 ve-

722 4439 861 4483 teres
885 4432 985 4485 iter
1009 4430 1274 4487 faciebant
1293 4435 1324 4486 τ
1344 4435 1435 4488 Vir
1461 4434 1603 4489 domi
1635 4435 1889 4490 educatus
1918 4436 2126 4507 (rursus
2151 4439 2295 4492 enim

717 4536 780 4575 ea
802 4521 1019 4593 dicam),
1041 4531 1293 4593 tantoque
1318 4536 1559 4581 assuetus
1587 4526 1846 4582 famulitio
1875 4529 2133 4599 (Simplex
2151 4530 2295 4585 enim

714 4621 849 4676 erat,
880 4614 1066 4682 inquit,
1096 4625 1145 4668 et
1174 4618 1308 4669 domi
1335 4617 1563 4671 habitam
1584 4616 1839 4690 [σενι.ἳᾶ
1858 4620 1954 4691 27]
1981 4622 2021 4689 ),
2054 4621 2296 4691 peregri-

721 4709 963 4769 naturus,
995 4718 1165 4772 neque
1185 4704 1443 4773 jumentis
1469 4708 1678 4775 egebat,
1701 4724 1872 4776 neque
1898 4710 2174 4775 ministris,
2203 4725 2296 4763 ne-

715 4805 823 4858 que
862 4791 1064 4847 viaticis
1089 4810 1103 4858 ;
1132 4794 1223 4849 sed
1260 4797 1609 4865 apostolicum
1650 4813 1855 4852 morem
1896 4800 2149 4865 imitatus,
2195 4802 2295 4855 iter

718 4880 874 4935 facit:
900 4891 955 4937 et
982 4897 1104 4938 cum
1128 4887 1470 4942 occumberet
1500 4888 1603 4953 sol,
1646 4890 1713 4943 ibi
1744 4890 2013 4957 dormivit,
2047 4893 2132 4946 ubi
2173 4907 2294 4947 eum

717 4989 821 5025 nos
850 4976 1272 5045 comprehendit.
1306 4980 1529 5049 Accepit,
1561 4982 1745 5051 inquit,
1775 4981 2016 5050 lapidem,
2052 4996 2098 5037 et
2130 4987 2294 5049 posuit

717 5063 787 5115 ad
824 5076 975 5134 caput
1012 5083 1179 5121 surint.
1212 5068 1341 5123 Vide
1378 5074 1525 5138 pueri
1559 5072 1757 5125 robur:
1792 5072 1964 5141 lapide
2001 5090 2095 5141 pro
2121 5076 2293 5143 pulvi-

720 5155 835 5208 nari
867 5172 993 5213 usus
1015 5168 1115 5224 est,
1138 5168 1193 5214 et
1219 5176 1379 5229 super
1407 5164 1763 5228 pavimentum
1802 5164 2071 5219 dormivit.
2109 5165 2289 5234 Igitur,

717 5247 968 5314 quoniam
995 5249 1127 5305 bene
1156 5262 1415 5307 moratam
1445 5255 1676 5306 animam
1718 5254 1964 5321 habebat,
1997 5265 2051 5311 et
2082 5256 2294 5313 viiilem

720 5336 984 5407 spiritum,
1015 5340 1082 5394 ab
1112 5343 1255 5396 omni
1282 5345 1523 5397 surculari
1558 5346 1787 5399 vanitate
1828 5346 2071 5413 liberum,
2114 5349 2292 5403 admi—

720 5430 943 5483 rabilem
970 5432 1225 5486 visionem
1261 5433 1403 5491 illam
1448 5436 1660 5489 meruit.
1708 5436 1820 5491 Hoc
1849 5438 1988 5491 enim
2015 5454 2163 5494 more
2187 5444 2295 5511 agit

722 5526 972 5581 Dominus
993 5536 1202 5592 noster;
1232 5530 1442 5598 quando
1465 5531 1605 5585 vidot
1624 5531 1853 5585 animam
1876 5534 2009 5589 bene
2025 5535 2291 5604 aﬂ‘ectam,

718 5617 998 5683 pratsetttia
1025 5632 1130 5672 non
1169 5620 1345 5689 magni
1373 5618 1677 5689 facientem,
1706 5622 1986 5691 plurimam
2013 5625 2112 5681 sibi
2148 5627 2292 5682 illius

720 5722 899 5761 curam
921 5724 1041 5764 esse
1064 5708 1317 5765 declarat.

790 5798 844 5853 ὁ.
887 5800 1016 5857 Vide
1058 5800 1212 5873 igitur
1244 5804 1441 5874 justum
1479 5804 1625 5862 illum
1656 5804 1708 5861 in
1746 5807 1860 5863 solo
1890 5807 2169 5866 cubantem
2193 5852 2206 5877 ,
2236 5820 2291 5866 et

1424 432 1477 486 S.
1518 427 1794 484 JUANNIS
1830 414 2303 481 ClmVSOSTOHI
2342 416 2657 476 ARCIIIEP.
2685 423 3220 480 CONSTANTINOP.

3871 422 3978 477 3τῦ

2395 534 2652 589 visionem
2681 536 2946 590 videntem
2972 578 2987 601 ,
3021 535 3128 589 imo
3157 535 3359 589 visione
3389 534 3591 588 Domini
3631 534 3847 603 dignum
3876 537 3975 588 ha-

2395 622 2581 677 bitum.
2612 626 2745 679 Dicit
2767 628 2907 680 enim
2934 644 2946 678 :
2978 625 3288 679 Obdormivit
3311 666 3327 691 ,
3355 627 3446 682 12.
3470 633 3515 677 et
3551 642 3663 678 ecce
3703 630 3841 679 scala
3866 640 3977 680 erat

2396 713 2597 781 ﬁrmata
2621 732 2771 781 super
2796 726 2998 779 ten-am,
3021 719 3167 782 cuius
3194 726 3348 785 caput
3375 717 3676 784 pertingebat
3697 717 3748 767 in
3769 718 3978 777 celum,

2396 814 2441 859 et
2470 808 2637 876 angeli
2676 806 2772 859 Dei
2794 808 3124 861 ascendebant
3146 818 3193 861 et
3222 807 3579 869 descendebant
3607 824 3757 871 super
3796 824 3909 859 eam
3933 810 3975 860 ‘.

2399 899 2486 951 13.
2516 899 2761 951 Dominus
2786 908 2953 952 autem
2978 900 3180 952 innixus
3213 908 3319 952 erat
3365 914 3515 966 super
3538 914 3649 951 eam
3674 940 3687 959 ,
3714 908 3763 950 et
3797 898 3931 950 dixit
3960 937 3974 949 .

2399 986 2511 1055 Ego
2533 988 2670 1043 Deus
2688 988 2961 1055 Abraham,
2985 1000 3032 1042 et
3056 989 3190 1042 Deus
3212 988 3362 1041 Isaac
3382 989 3539 1056 patris
3560 989 3632 1041 tui
3658 1003 3677 1041 :
3698 1004 3759 1039 ne
3777 990 3979 1042 timeas.

2396 1075 2685 1131 Considera
2714 1120 2729 1145 ,
2758 1080 3017 1144 obsecro,
3049 1080 3134 1134 hic
3180 1080 3434 1133 eximiam
3483 1093 3663 1132 curam
3700 1080 3981 1132 clementis

2401 1166 2513 1222 Dei.
2542 1168 2675 1232 Quia
2718 1170 2929 1224 videbat
2971 1186 3092 1224 eum
3140 1170 3431 1225 secundum
3472 1171 3749 1223 consilium
3794 1170 3982 1223 matris

2399 1268 2614 1327 prOpter
2643 1258 2885 1313 timorem
2934 1259 3107 1313 fratris
3149 1260 3624 1329 peregrinationem
3668 1262 3983 1327 suscipere,

2396 1360 2449 1402 et
2475 1350 2624 1417 quasi
2653 1364 2901 1404 erronem
2931 1351 3214 1420 quemdam
3241 1352 3340 1405 iter
3367 1350 3541 1405 facere
3562 1390 3578 1415 ,
3610 1350 3782 1404 solum
3821 1358 3981 1417 atque
4032 1388 4037 1395 .

2398 1438 2465 1492 ab
2506 1440 2623 1493 aliis
2651 1440 2972 1493 abstractum
3006 1441 3304 1511 nullamque
3344 1441 3624 1496 habentem
3653 1440 3977 1493 consolatio-

2400 1544 2519 1582 nem
2549 1529 2657 1582 ullo
2685 1545 2750 1584 ex
2782 1529 2921 1595 loco,
2955 1532 3047 1585 scd
3076 1540 3241 1585 totum
3287 1531 3339 1584 in
3390 1546 3679 1598 supernum
3726 1529 3983 1582 auxilium

2400 1619 2763 1685 proﬁcientem
2793 1636 2808 1673 :
2834 1621 3010 1674 statim
3048 1621 3099 1674 in
3128 1622 3242 1689 ipso
3268 1622 3416 1675 initio
3446 1623 3627 1675 volens
3662 1622 3985 1674 continuare

2398 1708 2724 1763 alacritatem
2751 1710 2865 1779 ejus
2885 1750 2901 1774 ,
2930 1711 2977 1764 ei
3012 1721 3266 1780 apparet,
3290 1726 3353 1766 ac
3381 1712 3545 1767 dicit:
3574 1710 3683 1782 Ego
3706 1728 3822 1765 sum
3848 1710 3983 1765 Deus

2401 1799 2675 1865 Abraham,
2699 1810 2743 1855 et
2765 1799 2903 1855 Deus
2931 1801 3083 1856 Isaac
3104 1804 3264 1871 patris
3290 1804 3364 1856 lui
3408 1803 3519 1872 Ego
3544 1810 3599 1856 et
3628 1801 3981 1871 patriarchant

2400 1900 2453 1945 et
2481 1901 2682 1958 patrem
2720 1901 2865 1945 tuum
2907 1893 2958 1946 in
2988 1903 3187 1947 tantum
3219 1893 3557 1962 splendorem
3584 1894 3756 1947 evexi.
3783 1893 3861 1947 Ne
3892 1894 3986 1961 igi-

2404 1989 2488 2033 tur
2511 1982 2718 2045 timeas,
2741 1981 2835 2036 sed
2860 1983 3021 2037 crede
3052 1998 3155 2047 me,
3184 1984 3270 2052 qni
3300 1984 3509 2053 implevi
3542 1984 3643 2038 illis
3668 1984 3980 2054 promissio-

2403 2086 2527 2133 nes,
2561 2080 2612 2125 et
2651 2082 2703 2125 te
2740 2087 2856 2126 mea
2887 2088 3012 2126 cura
3044 2084 3095 2127 et
3137 2074 3465 2143 providentia
3495 2075 3857 2143 dignaturum.
3909 2076 3986 2129 Nc

2402 2160 2590 2213 timeas
2640 2176 2801 2231 ergo,
2824 2163 2917 2216 sed
2943 2163 3151 2219 conﬁde
3189 2182 3201 2217 :
3235 2173 3288 2219 ct
3316 2167 3459 2218 onmi
3489 2166 3676 2219 timore
3716 2166 3946 2233 depu‘so
3968 2207 3983 2230 ,

2400 2248 2559 2305 crede
2581 2251 2643 2305 iis
2670 2267 2787 2320 qum
2816 2268 2844 2305 a
2867 2267 2954 2308 me
2980 2254 3246 2308 dicuntur.
3274 2254 3476 2309 Etenim
3499 2266 3702 2319 terram,
3724 2258 3777 2309 in
3806 2274 3910 2327 qua
3935 2268 3986 2310 tu

2401 2340 2612 2407 dormis,
2635 2342 2723 2394 tibi
2746 2342 2877 2396 dabo
2902 2354 2948 2397 et
2980 2346 3156 2399 semini
3187 2354 3273 2399 tuo
3294 2388 3309 2410 ,
3344 2347 3427 2400 li.
3465 2356 3511 2399 et
3538 2348 3629 2399 erit
3654 2364 3822 2401 semen
3846 2360 3987 2400 tuum

2400 2430 2529 2483 sicut
2574 2449 2729 2487 arena
2764 2436 2942 2489 maris.
2968 2434 3045 2489 Ne
3076 2448 3259 2505 putes,
3292 2439 3493 2505 inquit,
3527 2439 3646 2507 quia
3693 2439 3745 2491 in
3789 2447 3985 2492 tetram

2400 2520 2629 2575 alienam
2659 2538 2799 2577 nunc
2827 2525 2996 2593 vadis,
3028 2527 3336 2595 privandum
3372 2537 3421 2581 te
3449 2538 3587 2580 terra
3617 2528 3668 2580 in
3697 2544 3799 2597 qua
3831 2539 3987 2583 natus

2402 2628 2482 2677 es,
2511 2614 2600 2667 ubi
2645 2615 2930 2683 educatus,
2982 2612 3068 2671 ubi
3115 2618 3409 2672 adolevisti.
3457 2619 3663 2674 Etenim
3711 2618 3804 2673 tibi
3851 2620 3989 2673 dabo

2403 2721 2519 2760 eam
2551 2718 2601 2761 et
2643 2709 2830 2762 semini
2862 2718 2969 2774 tuo,
3013 2711 3153 2779 quod
3184 2711 3321 2767 sicut
3354 2727 3571 2767 arenam
3608 2712 3769 2766 maris
3804 2712 3987 2781 augeri

2400 2800 2618 2860 Curabo,
2642 2799 2711 2851 Et
2739 2800 3030 2854 dilatabitur
3052 2803 3119 2855 ad
3160 2819 3327 2869 mare,
3368 2814 3414 2856 et
3443 2805 3688 2874 africum,
3717 2812 3763 2856 et
3786 2814 3989 2869 septen-

2402 2889 2631 2953 trionem,
2663 2899 2709 2941 et
2737 2891 2972 2944 orientem
2999 2906 3018 2944 :
3048 2891 3148 2947 hoc
3169 2902 3287 2960 est,
3327 2892 3520 2960 ubique
3565 2893 3942 2961 propagabitttr
3972 2909 3987 2943 :

2402 2978 2466 3032 Et
2486 2980 2833 3033 benedicentur
2850 2982 2902 3034 in
2924 2991 2971 3034 te
2991 2999 3161 3036 omnes
3178 2983 3333 3035 tribus
3360 2995 3523 3044 terrm,
3539 2993 3584 3034 et
3600 2983 3651 3035 in
3672 2982 3861 3035 semine
3881 2993 3986 3035 tuo.

2475 3068 2739 3133 Quomodo
2786 3081 3010 3124 exerceat
3052 3072 3307 3141 iustorum
3345 3072 3677 3125 obedientiam
3708 3070 3868 3124 Dens.
3917 3100 3988 3110 —

2404 3159 2536 3216 Vide
2562 3160 2829 3230 quomodo
2849 3160 2959 3229 jam
2987 3162 3163 3216 omnia
3192 3162 3239 3216 ei
3262 3179 3380 3231 qua:
3404 3172 3521 3231 post
3542 3162 3753 3230 longum
3778 3172 3990 3228 tempus

2402 3261 2653 3307 eventura
2678 3260 2857 3318 erant,
2890 3254 3153 3322 prtedicit.
3185 3252 3281 3307 llic
3308 3253 3450 3307 enim
3476 3266 3593 3307 mos
3630 3261 3713 3307 est
3743 3254 3988 3305 omnium

2402 3341 2649 3406 Domino,
2674 3350 2729 3394 ut
2752 3342 2970 3411 singulis
3000 3340 3211 3411 quidem
3234 3342 3395 3412 justis
3423 3357 3483 3397 se
3512 3341 3562 3395 id
3586 3342 3841 3395 facturum
3874 3339 3990 3409 pol-

2400 3428 2637 3495 liceatur,
2671 3445 2776 3485 non
2816 3440 2992 3485 autem
3029 3432 3282 3486 Continuo
3310 3432 3691 3500 prontissiunes
3722 3432 3941 3497 impleat
3969 3445 3988 3490 ;

2398 3520 2494 3575 sed
2518 3530 2765 3576 exerceat
2784 3521 3051 3590 justorum
3084 3521 3440 3577 obedientiam
3467 3533 3516 3577 et
3545 3522 3876 3592 patientiam,
3901 3529 3989 3573 at-

2399 3626 2502 3679 que
2545 3612 2623 3667 sic
2672 3611 2835 3665 multa
2887 3626 3008 3665 cum
3055 3610 3374 3667 liberalitate
3430 3613 3647 3680 impleat
3696 3610 3989 3680 promissa.

2401 3701 2601 3755 Deinde
2636 3701 2722 3755 ubi
2753 3702 3016 3770 pollicitus
3042 3712 3125 3756 est
3152 3702 3199 3755 ei
3228 3700 3422 3767 futura,
3451 3717 3571 3755 cum
3603 3702 3868 3770 indigeret
3893 3700 3989 3770 jn-

2398 3804 2513 3846 ειυς
2543 3794 2594 3847 in
2634 3794 2791 3847 rebus
2834 3794 3181 3860 praesentibus
3208 3807 3313 3845 non
3344 3792 3543 3862 vulgari
3573 3791 3939 3845 consolatione
3970 3807 3988 3846 :

2398 3884 2518 3938 vide
2560 3884 2827 3953 quomodo
2866 3884 3127 3953 benignus
3160 3884 3411 3938 Dominus
3448 3882 3621 3938 l‘utura
3650 3882 3989 3951 polliceatur,

2397 3985 2450 4029 et
2481 3989 2578 4044 per
2597 3976 2683 4029 illa
2712 3977 2821 4045 ipsa
2847 3992 2963 4045 quae
2994 3992 3135 4030 nunc
3165 3976 3214 4029 in
3242 3992 3363 4030 cum
3386 3976 3642 4039 declarat,
3680 3974 3748 4030 de
3786 3974 3893 4028 illis
3918 3973 3990 4029 li-

2398 4064 2608 4120 duciam
2636 4066 2787 4121 indit.
2816 4067 2953 4123 Dicit
2978 4069 3118 4121 enim
3153 4086 3167 4119 :
3199 4066 3277 4121 Ne
3306 4076 3459 4137 putes
3496 4082 3582 4121 me
3609 4066 3721 4121 bzec
3748 4066 3859 4122 sola
3889 4066 3987 4121 tibi

2401 4159 2636 4227 polliceri
2664 4175 2679 4223 ;
2718 4160 2810 4214 sed
2840 4171 2892 4215 et
2936 4176 3076 4216 nunc
3106 4161 3187 4215 15.
3229 4157 3412 4213 Tecum
3440 4176 3583 4225 sum,
3608 4160 3892 4213 custodiens
3938 4168 3991 4214 te

2398 4250 2450 4303 in
2480 4252 2615 4305 omni
2646 4252 2745 4315 via,
2772 4268 2871 4317 quo
2896 4253 3057 4305 vadis.
3093 4251 3169 4306 Ne
3200 4252 3359 4322 igitur
3389 4263 3561 4321 putes,
3594 4251 3784 4321 inquit,
3810 4260 3861 4306 te
3887 4266 3983 4306 so-

2400 4342 2508 4396 lum
2551 4343 2647 4397 iter
2693 4342 2870 4398 facere
2910 4360 2924 4396 :
2969 4358 3053 4398 me
3082 4342 3303 4397 habebis
3346 4343 3551 4397 itineris
3588 4342 3871 4407 comitem,
3898 4357 3990 4396 me

2399 4431 2617 4487 habebis
2645 4432 2919 4488 custodem
2954 4435 3004 4487 in
3050 4428 3196 4486 omni
3232 4432 3313 4485 via
3335 4473 3351 4497 ,
3382 4431 3559 4486 omnia
3605 4431 3697 4486 tibi
3748 4429 3988 4486 difﬁcilia

2402 4522 2571 4577 facilia
2602 4515 2945 4579 reddentem.
2974 4525 3174 4578 Exinde
3220 4526 3389 4595 magis
3429 4540 3630 4594 augens
3656 4524 3987 4593 consolatio-

2401 4631 2553 4681 nem,
2578 4615 2687 4685 jam
2736 4616 2969 4685 prtedicit
2994 4617 3041 4671 ei
3072 4616 3300 4671 reditum
3338 4616 3404 4670 ad
3435 4631 3550 4669 sua.
3579 4615 3646 4668 Et
3684 4614 3860 4669 reuerti
3901 4620 3989 4685 [a-

2399 4709 2529 4761 ciam
2555 4718 2620 4771 te,
2646 4708 2835 4777 inquit,
2865 4708 2918 4762 in
2958 4717 3139 4761 terram
3165 4712 3313 4761 lianc.
3345 4707 3422 4762 Ne
3451 4706 3702 4762 formides
3728 4748 3743 4771 ,
3771 4707 3948 4777 inquit
3972 4748 3989 4769 .

2398 4799 2548 4868 quasi
2579 4798 2631 4851 in
2657 4800 2825 4853 aliena
2858 4808 2995 4854 terra
3022 4809 3347 4854 versatttrus.
3378 4796 3441 4851 Et
3462 4800 3697 4877 reducam
3724 4807 3768 4851 te
3794 4798 3849 4850 in
3879 4808 3990 4850 ler—

2397 4908 2510 4944 ram
2530 4892 2679 4959 hanc,
2702 4902 2748 4945 et
2764 4892 2967 4945 minime
2985 4900 3033 4944 te
3058 4891 3419 4961 derelinquam,
3442 4890 3601 4943 donec
3623 4894 3788 4960 fecero
3816 4890 3992 4943 omnia

2396 4998 2511 5052 quae
2538 4983 2773 5053 loquutus
2820 5000 2930 5038 sum
2970 4983 3075 5035 tibi.
3108 4982 3222 5036 Non
3270 4982 3559 5052 despiciam
3598 4992 3649 5036 te
3674 5023 3689 5047 ,
3720 4996 3893 5050 neque
3936 4991 3991 5037 to

2396 5074 2604 5127 consilii
2632 5074 2840 5143 inopem
2867 5075 3037 5129 sinam
3062 5088 3078 5138 ;
3102 5073 3195 5127 sed
3222 5074 3336 5128 hate
3366 5088 3712 5143 quotcumque
3736 5073 3825 5127 tibi
3856 5089 3989 5140 pru-

2396 5166 2515 5219 misi
2560 5167 2610 5220 in
2653 5181 2787 5236 Opus
2824 5166 3103 5221 adducam.
3128 5166 3406 5232 Quomodo
3442 5166 3562 5235 quis
3592 5180 3687 5233 pro
3725 5164 3990 5231 dignitate

2396 5256 2745 5313 admirabitur
2782 5266 2836 5313 ct
2876 5257 3216 5327 obstupescet
3243 5256 3483 5312 divinam
3506 5257 3891 5330 benignitatem
3930 5263 3989 5309 ct

2398 5350 2823 5406 inaestimabilem
2874 5350 3298 5421 indulgentiam?
3331 5349 3461 5404 Vide
3516 5347 3659 5402 enim
3720 5356 3984 5416 quantum

2397 5442 2604 5512 pondus
2629 5443 3039 5512 promissionum
3066 5443 3155 5497 dat
3178 5444 3341 5511 justo,
3366 5449 3420 5495 et
3446 5438 3715 5509 quomodo
3742 5438 3987 5493 animum

2397 5536 2515 5606 ejus
2541 5536 2734 5591 erexit.
2765 5534 2948 5604 Cogita
2992 5536 3117 5590 item
3157 5544 3212 5591 et
3254 5532 3382 5603 justi
3421 5530 3578 5599 hujus
3616 5540 3823 5600 gratum
3851 5528 3989 5584 εσθ-

2452 5644 2467 5675 ¹
2498 5642 2563 5689 lla
2589 5640 2753 5689 Codex
2784 5652 2930 5692 unus.
2953 5644 3102 5700 atque
3134 5636 3207 5685 sie
3231 5634 3445 5700 habetur
3473 5636 3519 5700 in
3544 5631 3731 5700 bibliis
3760 5629 3982 5700 grecis,

2390 5712 2438 5752 et
2468 5704 2643 5751 eodem
2684 5702 2828 5751 modo
2871 5703 2994 5763 legit
3022 5694 3310 5763 interpres.
3341 5697 3391 5745 In
3424 5695 3601 5763 Editis,
3644 5702 3697 5744 et
3729 5694 3842 5763 aliis
3868 5706 3957 5763 om

2389 5765 2564 5877 Sibusl
2591 5766 2704 5813 Mss.
2765 5757 2996 5823 Μυῖα
3055 5757 3403 5814 descentlebmrt
3464 5760 3581 5821 (καὶ
3644 5759 3925 5808 micam»
3941 5760 3989 5820 ),

2426 5843 2543 5877 L'atttt
2576 5866 2583 5875 .
