4182 6322
202 377 300 435 ιπ

193 505 373 556 ama,
404 498 463 546 et
500 487 775 561 quomodo
802 492 924 559 post
949 482 1073 541 illas
1109 481 1498 556 promissiones
1526 476 1667 550 apud
1697 476 1803 533 La-

194 586 303 639 ban
344 582 531 651 viginti
576 581 735 636 annis
780 577 1057 635 laboribus
1099 574 1360 639 slliictus,
1392 587 1499 628 non
1545 569 1804 642 gravatim

194 676 353 736 tulit.
381 690 488 729 non
533 674 749 745 segnior
789 670 891 727 fuit
930 679 1041 725 tam
1080 668 1334 730 diuturno
1380 674 1661 735 tempore;
1707 660 1805 717 sed

191 780 381 820 omnia
433 763 646 818 fortiter
681 760 976 825 sustinuit,
1018 767 1337 828 exspectans
1372 754 1804 825 promissionum

186 867 417 927 tempus
444 898 459 920 ,
491 866 547 911 et
568 855 745 909 sciens
775 868 880 908 non
905 866 1067 922 posse
1092 849 1413 907 intercidere
1453 862 1575 916 qua:
1616 860 1645 899 a
1691 844 1805 899 Deo

194 950 341 1005 dicta
372 958 498 1004 sunt
529 965 544 1001 :
573 947 808 1001 maxime
834 945 962 1000 siet
1004 957 1103 999 nos
1138 942 1331 998 afferre
1370 949 1553 995 nostra
1588 937 1805 993 studea-

193 1055 342 1104 mus,
373 1038 532 1094 iidem
558 1047 613 1092 et
643 1036 972 1111 patientiam,
994 1042 1050 1090 et
1076 1035 1147 1089 ita
1176 1033 1314 1088 bene
1340 1030 1567 1085 ﬁdamus
1595 1030 1658 1082 iis
1684 1042 1804 1097 qua:

193 1130 491 1186 aDomino
512 1129 775 1199 promissa
819 1136 986 1191 sunt,
1018 1135 1179 1195 atque
1224 1125 1270 1177 si
1312 1122 1422 1193 jam
1468 1121 1684 1190 impleti
1713 1132 1803 1173 es-

192 1230 339 1278 sent.
366 1220 496 1279 Hac
523 1220 669 1276 enim
701 1233 825 1274 vera
852 1216 986 1272 fides
1020 1225 1103 1271 est
1123 1255 1140 1281 ,
1162 1213 1573 1276 nonattendere
1598 1227 1658 1266 ea
1681 1223 1803 1280 qua:

192 1312 485 1377 videntur,
517 1312 678 1368 etiam
704 1311 749 1366 si
777 1310 1000 1365 omnino
1029 1309 1143 1366 sint
1170 1314 1392 1363 adversa
1426 1303 1800 1377 promissioni,

193 1405 288 1461 sed
340 1406 442 1460 soli
488 1404 848 1475 promittentis
886 1402 1144 1472 pctentia:
1195 1399 1485 1456 conlidere.
1518 1397 1636 1453 Jam
1676 1411 1805 1451 vero

195 1497 477 1553 videamus
498 1497 631 1566 justi
658 1497 817 1566 hujus
844 1504 1052 1566 gratum
1092 1494 1353 1548 animum.
1381 1492 1469 1546 16.
1502 1490 1568 1545 Et
1594 1489 1803 1560 euigila-

195 1589 282 1652 rit,
317 1588 512 1658 inquit,
537 1586 699 1642 Iacob
726 1588 789 1641 de
821 1601 999 1641 somno
1025 1600 1139 1650 suo,
1168 1594 1217 1638 et
1244 1584 1373 1637 dixit
1400 1598 1418 1636 :
1447 1582 1695 1636 Dominus
1730 1589 1805 1634 est

194 1682 249 1735 iu
298 1681 414 1735 loco
461 1680 588 1746 isto,
620 1697 711 1751 ego
752 1691 921 1733 autem
966 1679 1265 1733 nesciebam.
1287 1678 1379 1731 17.
1408 1675 1475 1730 Et
1527 1674 1725 1735 timuit,
1758 1681 1806 1727 et

195 1771 329 1826 dixit
355 1786 375 1825 .'
396 1771 563 1837 Quam
590 1771 827 1825 terribilis
850 1780 923 1824 est
954 1770 1095 1824 locus
1116 1768 1243 1823 iste!
1274 1766 1397 1822 Non
1422 1776 1496 1820 est
1525 1766 1621 1820 hoc
1640 1764 1801 1829 aliud,

196 1879 352 1933 quam
400 1862 583 1916 domus
621 1860 719 1914 Dei
748 1876 768 1915 :
796 1871 843 1915 et
867 1861 976 1914 luet:
1011 1870 1085 1914 est
1116 1870 1263 1929 porta
1307 1860 1439 1914 ewli.
1479 1858 1807 1928 Stupescens

198 1939 372 2023 justus
414 1961 637 2024 propter
675 1966 922 2022 magnam
965 1949 1390 2006 misericordiam
1434 1949 1556 2016 Dei,
1594 1948 1804 2012 timuit,

198 2042 393 2114 inquit,
418 2051 476 2098 et
499 2042 633 2098 dixit
661 2060 674 2095 :
702 2040 822 2096 Non
852 2052 925 2095 est
954 2042 1049 2109 hoc
1076 2041 1176 2095 nisi
1193 2040 1374 2095 domus
1397 2038 1512 2106 Dei,
1542 2048 1589 2093 et
1617 2040 1715 2093 ista
1734 2049 1808 2092 est

197 2142 349 2201 porta
382 2132 517 2187 ccli.
552 2131 657 2187 llic
686 2132 837 2187 locus
863 2131 992 2186 mihi
1031 2129 1255 2203 posthac
1286 2144 1381 2200 pro
1406 2128 1569 2185 domo
1595 2130 1689 2185 Dei
1720 2144 1808 2184 re-

198 2223 496 2294 putabitur.
518 2223 691 2278 ‘l‘anta
716 2223 873 2293 igitur
898 2223 1105 2287 visione
1126 2221 1320 2292 dignus
1348 2221 1578 2285 habitus,
1606 2228 1660 2275 et
1684 2235 1806 2275 cum

200 2317 373 2385 ipsam
398 2356 415 2382 ,
446 2327 506 2369 ut
540 2315 613 2370 ita
641 2315 841 2382 dicam,
874 2314 1025 2385 quasi
1053 2314 1171 2369 caeli
1200 2320 1405 2383 portam
1434 2313 1657 2368 viderim
1679 2352 1695 2376 ,
1724 2311 1810 2381 ju-

198 2413 344 2461 stum
377 2405 557 2469 fuerit,
593 2415 652 2461 ut
678 2406 913 2462 debitum
958 2405 1045 2460 hic
1083 2405 1374 2474 gratiarum
1406 2404 1674 2457 actionem
1708 2402 1812 2456 Do-

200 2498 351 2553 nino
394 2496 619 2554 reddam
668 2507 723 2552 et
764 2497 1006 2552 olleram.
1040 2496 1128 2551 18.
1165 2496 1231 2549 Et
1280 2495 1499 2549 surrexit
1542 2493 1725 2557 Jacob,
1764 2502 1811 2546 et

201 2589 397 2658 accepit
434 2588 658 2657 lapidem
686 2604 836 2657 quem
864 2596 1100 2658 posuerat
1129 2588 1197 2639 ad
1234 2594 1386 2655 caput
1419 2601 1602 2650 suum,
1632 2593 1679 2637 et
1704 2591 1810 2636 sta-

200 2682 294 2735 tuit
321 2698 439 2737 eum
464 2681 520 2735 in
544 2682 851 2746 columnam,
881 2690 928 2734 et
955 2680 1145 2751 infudit
1182 2679 1352 2733 oleum
1380 2694 1535 2745 super
1556 2692 1812 2731 summum

202 2777 335 2837 eius.
380 2774 474 2830 19.
506 2774 573 2829 Et
618 2775 811 2828 vocavit
847 2772 1009 2826 Iacob
1040 2788 1222 2826 nomen
1268 2770 1365 2825 loci
1405 2771 1546 2824 illius
1569 2810 1583 2835 ,
1620 2768 1813 2821 Domus

204 2865 320 2921 Dei.
345 2866 505 2921 Aliud
538 2866 807 2919 enim-erat
833 2879 1011 2917 nomen
1054 2863 1164 2916 loco
1197 2845 1375 2917 antea.
1401 2860 1686 2928 Postquam
1713 2872 1810 2911 au-

204 2969 314 3014 tem
346 2974 448 3029 per
478 2958 739 3013 visionem
765 2968 872 3011 tam
908 2971 1097 3025 magna
1126 2963 1489 3023 consequutus
1519 2952 1634 3014 fuit.
1657 2966 1827 3029 vocat

206 3050 335 3105 lrulo
362 3049 678 3104 memoriam
706 3047 826 3102 loco
856 3046 1150 3101 inscribere
1170 3045 1302 3108 vult,
1327 3044 1663 3113 posterisque
1690 3057 1811 3095 eum

200 3141 388 3197 facere
416 3140 712 3203 celebrem,
748 3138 920 3207 lapide
948 3152 1043 3207 pro
1065 3137 1312 3193 columna
1340 3144 1544 3201 erecto,
1570 3134 1817 3203 superfu-

197 3244 375 3300 soque
410 3229 538 3286 oleo
566 3229 878 3300 (verisimile
903 3229 1045 3283 enim
1092 3237 1175 3282 est
1195 3224 1495 3297 quod'illud
1524 3225 1696 3279 solum
1732 3239 1820 3278 se-

207 3336 328 3377 cum
389 3321 605 3389 tulerit,
660 3329 845 3391 utpote
920 3319 1021 3374 iter
1087 3316 1374 3387 faciens),
1420 3325 1605 3371 votum
1662 3314 1817 3369 oﬂ'ert

203 3412 445 3480 benigno
476 3410 607 3478 Deo,
636 3411 784 3465 omni
813 3410 1029 3479 plenum
1060 3408 1415 3478 philosophia.

268 3503 335 3559 '5.
379 3501 447 3556 Et
496 3500 544 3556 si
584 3499 777 3567 vultis,
808 3500 971 3554 etiam
1018 3499 1132 3567 ipsa
1174 3499 1455 3553 audiamus
1496 3498 1679 3553 verba.
1721 3496 1813 3551 20.

222 3592 370 3647 γονὴ
390 3594 526 3647 enim
546 3601 745 3658 uotum,
766 3591 938 3645 dicens
959 3606 979 3645 :
1006 3589 1068 3645 Si
1095 3590 1246 3661 fuerit
1274 3587 1524 3643 Dominus
1553 3588 1689 3641 Deus
1715 3604 1820 3641 me-

209 3701 350 3748 eum,
380 3695 427 3739 et
449 3682 742 3739 custodierit
762 3681 1009 3737 mein'tn'a
1035 3682 1149 3747 hac,
1174 3696 1274 3751 qua
1300 3697 1391 3751 ego
1420 3680 1642 3734 ambulo.
1669 3679 1818 3746 Quo-

213 3776 358 3831 niam
396 3775 605 3831 dixerat
627 3816 645 3843 ,
676 3773 791 3846 Ego
818 3784 981 3829 tecum
1007 3790 1151 3839 sum,
1181 3782 1229 3827 et
1257 3772 1541 3827 custodiam
1575 3780 1621 3825 te
1661 3771 1713 3824 in
1739 3773 1819 3823 via

212 3869 308 3923 hac
336 3884 438 3940 qua
479 3866 709 3922 Mutus
738 3881 759 3922 :
786 3874 1003 3937 propter
1046 3866 1150 3921 hoc
1190 3873 1245 3921 et
1285 3864 1399 3935 ipso
1433 3864 1564 3917 dicit
1596 3882 1608 3916 :
1642 3862 1695 3919 Si
1727 3862 1818 3917 illa

213 3958 346 4012 mihi
393 3957 677 4021 eveniant,
702 3972 826 4026 qua:
863 3956 1072 4011 scilicet
1113 3964 1167 4011 te
1213 3954 1461 4009 daturum
1505 3951 1817 4020 promisisti.

214 4042 420 4096 Deinde
451 4047 505 4091 et
535 4035 853 4106 petitionem
883 4034 1063 4097 aliert,
1103 4032 1289 4087 dicens
1316 4048 1331 4085 :
1356 4032 1419 4086 Si
1449 4031 1649 4086 dederit
1692 4028 1820 4083 mihi

212 4130 473 4185 Dominus
498 4143 682 4199 pauent
706 4126 777 4180 ad
800 4125 1241 4188 manducandum,
1260 4132 1308 4178 et
1336 4132 1521 4177 uestem
1550 4124 1619 4177 ad
1650 4134 1819 4196 tegen-

210 4221 357 4273 dum.
385 4218 508 4273 Non
533 4217 771 4287 divitias,
797 4232 905 4272 non
934 4212 1319 4270 abundantiam
1362 4214 1652 4284 quamdam
1687 4213 1821 4281 peti-

211 4313 317 4378 vit;
352 4312 449 4367 sed
484 4325 674 4381 panem
705 4319 763 4366 et
802 4318 1010 4365 vestem
1040 4318 1130 4362 :et
1160 4308 1299 4363 hanc
1328 4308 1396 4361 ad
1425 4306 1819 4376 contegendum

210 4418 437 4474 corpus,
464 4402 612 4458 illum
634 4416 766 4457 vero
789 4401 843 4456 in
868 4399 1237 4456 necessarium
1262 4398 1600 4453 alimentum.
1630 4399 1819 4452 Consi-

210 4494 344 4549 dera
375 4492 649 4563 quomodo
694 4493 854 4548 nobis
896 4492 1253 4561 apostolicum
1284 4490 1653 4547 characterem
1685 4492 1821 4569 peti-

212 4590 365 4645 tione
404 4600 503 4642 sua
531 4584 897 4656 significavit:
929 4594 1081 4641 tanto
1117 4585 1396 4653 sapientia:
1423 4583 1603 4638 studio
1632 4583 1821 4651 plenus

210 4693 333 4736 erat
359 4679 495 4749 justi
522 4679 759 4735 animus.
781 4677 916 4734 Nam
943 4677 996 4733 id
1024 4678 1168 4747 quod
1198 4677 1445 4732 Christus
1476 4676 1711 4743 dicebat,
1740 4674 1823 4729 Ne

210 4775 525 4843 possidentis
573 4789 789 4835 aurum.
839 4771 919 4827 vel
968 4781 1273 4841 argentum,
1325 4771 1404 4825 vel
1449 4772 1582 4824 duas
1624 4772 1825 4823 tunicas

211 4866 439 4939 (ιιωή.
475 4864 565 4922 10.
594 4864 654 4936 9)
680 4882 694 4920 :
720 4864 825 4921 hoc
853 4865 955 4920 iste
989 4864 1228 4919 nondum
1254 4879 1284 4917 a
1312 4878 1582 4934 quoquam
1610 4862 1824 4928 doctus,

210 4960 309 5015 sed
340 4972 376 5013 ι
402 4958 610 5027 seipse,
631 4965 688 5012 et
714 4956 784 5013 ab
813 4957 979 5012 insito
1000 4948 1206 5010 natura:
1234 4965 1432 5010 nostra:
1465 4955 1723 5022 magistro
1745 4954 1827 5007 di-

210 5052 373 5115 dicit,
391 5060 448 5107 et
464 5047 677 5120 optavit
695 5062 727 5103 a
747 5048 977 5103 Domino
995 5062 1095 5103 suo
1116 5048 1344 5116 praeberi
1370 5061 1561 5115 panem
1588 5046 1655 5101 ad
1677 5059 1825 5100 com-

212 5143 528 5210 edendum,
576 5151 631 5197 et
680 5152 888 5198 vestem
936 5140 1007 5196 ad
1047 5140 1356 5212 tegendum.
1416 5139 1474 5196 Si
1526 5139 1646 5195 haec
1691 5140 1827 5195 mihi

215 5234 445 5300 fuerint,
476 5232 674 5302 inquit,
701 5231 756 5286 in
794 5240 936 5286 terra
984 5229 1183 5294 aliena,
1216 5227 1306 5285 21.
1345 5228 1415 5283 Et
1454 5229 1722 5285 reduxerit
1748 5247 1827 5284 me

217 5323 706 5379 Dominus’salrum
734 5323 789 5376 in
808 5322 1018 5376 domum
1040 5322 1205 5394 patris
1227 5323 1348 5389 mei,
1373 5322 1517 5377 sicut
1544 5321 1827 5391 promisit:

214 5417 314 5471 erit
354 5414 608 5470 Dominus
658 5412 784 5468 mihi
813 5413 871 5469 in
916 5411 1120 5479 Deum,
1150 5411 1239 5467 22.
1271 5422 1322 5468 et
1371 5412 1506 5483 lapis
1546 5415 1639 5468 iste
1680 5429 1832 5482 quem

216 5506 362 5561 erexi
396 5508 454 5560 in
494 5506 812 5573 columnam,
843 5506 942 5561 erit
983 5504 1111 5558 milli
1140 5504 1323 5558 domus
1357 5503 1451 5559 Dei
1475 5518 1493 5559 :
1514 5514 1565 5559 et
1597 5505 1828 5560 omnium

215 5613 335 5665 qua
358 5598 484 5651 mihi
505 5597 732 5667 dederis,
754 5598 980 5652 decimas
999 5598 1092 5653 tibi
1120 5596 1358 5666 oﬂ'eram.
1385 5597 1522 5653 Vide
1546 5598 1676 5668 justi
1703 5614 1828 5669 ιντο-

217 5690 351 5746 bum
378 5689 655 5747 sﬂ‘ectum.
693 5689 917 5748 Petebat
944 5690 1183 5761 quidem,
1221 5699 1279 5747 at
1323 5689 1458 5747 nihil
1501 5692 1824 5761 pretiosum,

222 5780 319 5838 sed
342 5796 537 5857 panem
557 5798 616 5845 et
638 5793 848 5843 vestem
880 5797 899 5851 ς
931 5781 1279 5855 promittebat
1308 5792 1487 5841 autem
1519 5793 1574 5840 et
1596 5798 1692 5840 sua
1726 5784 1828 5842 Do-

1248 364 1316 424 ΙΝ
1351 360 1510 422 CAP.
1540 357 1785 419 XXVIII.
1814 355 2062 416 GENES.
2105 356 2337 415 HOHIL.
2377 357 2516 415 LW.

1920 460 2089 543 mino,
2109 489 2310 546 gnarus
2348 491 2510 546 quam
2552 464 2726 532 certet
2764 474 3108 543 muneribus,
3135 482 3191 531 et
3215 490 3378 547 quam
3426 490 3529 533 no-

1913 577 2055 629 stras
2093 568 2448 639 cogitationes
2490 567 2841 625 retribuendo
2872 569 3256 637 transcendat,
3297 568 3481 641 aitque
3512 589 3527 626 :

1914 658 1981 714 Et
2002 654 2306 715 cclumuam
2330 660 2469 718 hanc
2494 662 2550 717 in
2570 661 2787 717 domum
2811 662 2909 717 Dei
2932 661 3163 728 habebo,
3188 674 3245 719 et
3274 663 3517 721 ontniuttt

1912 764 2033 818 qua:
2060 751 2190 805 mihi
2215 766 2245 805 a
2274 758 2327 807 te
2353 751 2837 821 suppeditabuntur
2864 753 3101 807 decimas
3140 753 3301 809 dabo.
3334 755 3523 810 Vidisti

1912 849 2147 896 mentem
2192 842 2332 911 piam
2361 858 2425 898 ac
2455 843 2758 913 religiosam
2788 843 2973 899 ?Nihil
3002 844 3179 899 adhuc
3202 856 3531 916 acceperat,

1910 941 1963 986 et
1994 932 2239 1001 promisit
2273 947 2335 988 se
2363 933 2474 989 Deo
2502 933 2743 989 decimas
2772 949 2959 990 eorum
2986 952 3105 1006 qua:
3134 936 3237 993 sibi
3274 937 3525 995 donamla

1909 1032 2063 1078 erant
2092 1024 2418 1079 oblaturum.

1984 1112 2203 1168 Muralis
2253 1116 2503 1186 epilogus.
2535 1143 2607 1156 —-
2645 1114 2725 1171 Ne
2755 1116 3107 1187 simpliciter,
3133 1118 3350 1186 dilecti,
3380 1134 3523 1189 pra:-

1913 1213 2183 1258 tercamus
2208 1220 2328 1275 qua:
2354 1206 2494 1260 dicta
2521 1217 2665 1269 sunt,
2691 1206 2786 1261 sed
2816 1208 3135 1262 minuletnnr
3158 1223 3351 1265 omnes
3377 1209 3522 1267 hunc
3552 1236 3555 1237 ν

1906 1295 2111 1365 justum
2144 1311 2159 1348 :
2192 1305 2249 1352 et
2270 1311 2368 1352 nos
2392 1298 2482 1368 qui
2510 1298 2563 1352 in
2585 1298 2775 1367 gratia,
2799 1313 2923 1353 eum
2950 1300 3041 1369 qui
3068 1309 3195 1355 ante
3224 1298 3396 1370 legem
3428 1314 3443 1353 :
3470 1309 3529 1356 et

1912 1388 2047 1442 nihil
2089 1389 2382 1459 temporale
2407 1399 2655 1459 petamus
2698 1404 2726 1441 a
2774 1389 3021 1445 Domino.
3046 1390 3231 1460 Neque
3254 1392 3398 1446 enim
3420 1407 3522 1447 ex-

1916 1487 2124 1547 spectat
2154 1479 2326 1535 donec
2359 1495 2389 1533 a
2417 1482 2572 1534 nobis
2592 1481 2966 1547 admoneatur,
2999 1482 3092 1535 sed
3122 1496 3177 1537 et
3204 1498 3308 1537 non
3334 1468 3522 1552 peten-

1914 1570 2052 1623 tibus
2094 1571 2246 1625 nobis
2290 1571 2513 1640 largitur
2541 1587 2602 1625 ea
2640 1587 2758 1641 qua:
2784 1572 2849 1624 ad
2881 1586 3035 1626 usum
3070 1574 3357 1640 pt-rt'nent.
3385 1572 3526 1627 Oriri

1911 1661 2053 1716 enim
2081 1662 2203 1729 facit
2232 1662 2389 1715 solum
2412 1678 2566 1731 super
2596 1663 2757 1715 malos
2781 1671 2827 1715 et
2847 1661 3022 1727 bonos,
3048 1673 3093 1716 et
3120 1664 3248 1732 pluit
3268 1680 3421 1733 super
3436 1663 3535 1735 ju-

1911 1764 2014 1808 stas
2041 1764 2086 1807 et
2127 1756 2341 1825 injustas
2370 1756 2389 1826 (
2418 1755 2601 1808 Matth.
2632 1756 2685 1819 5.
2710 1756 2826 1824 45).
2858 1755 2923 1809 Et
2948 1755 3233 1809 credamus
3262 1756 3311 1809 ei
3338 1755 3529 1808 admo-

1914 1846 2079 1907 nenti,
2111 1854 2163 1900 el
2185 1845 2381 1900 dicenti
2412 1864 2425 1899 :
2460 1845 2681 1911 Quwrite
2712 1846 2929 1913 primum
2955 1863 3165 1915 regnum
3198 1845 3309 1910 Dei,
3342 1856 3386 1899 et
3418 1848 3528 1901 hac

1912 1937 2082 1989 Omnia
2125 1946 2446 2005 opponentur
2494 1937 2632 1989 vobis
2664 1936 2874 2005 (Matth.
2907 1937 2961 1990 6.
2990 1938 3105 2005 55).
3147 1936 3306 1991 Vides
3351 1936 3528 2006 ipsum

1916 2026 2069 2081 nobis
2100 2028 2260 2081 ctiam
2312 2028 2399 2080 illa
2436 2027 2485 2079 in
2520 2027 2719 2080 donum
2758 2028 3180 2097 prmparavisse,
3220 2037 3273 2081 et
3314 2026 3429 2081 lucc
3474 2027 3527 2083 in

1915 2117 2048 2172 lucri
2096 2128 2150 2172 et
2196 2118 2417 2173 auctarii
2464 2128 2617 2188 parte
2661 2118 2908 2173 daturum
2955 2132 3015 2173 se
3048 2116 3405 2187 promittere?
3448 2114 3528 2174 Ne

1914 2208 2075 2277 igitur
2117 2224 2177 2263 ea
2218 2224 2336 2278 qua:
2370 2220 2638 2277 tamquam
2682 2208 2907 2263 auctarii
2942 2209 3060 2262 loco
3086 2218 3405 2279 accepturus
3430 2210 3529 2275 es;

1915 2303 2066 2373 quasi
2123 2304 2373 2372 primaria
2426 2311 2548 2371 pete
2582 2320 2593 2355 :
2629 2318 2695 2357 ne
2743 2303 3073 2357 iuvertamus
3110 2304 3387 2366 ordinem,
3427 2302 3525 2357 scd

1915 2410 2219 2465 qureramus
2246 2395 2332 2448 illa
2362 2395 2499 2450 sicut
2528 2394 2799 2464 praecepit,
2831 2404 2889 2447 ut
2917 2402 2971 2447 et
2999 2394 3081 2446 his
3110 2403 3165 2449 et
3193 2393 3299 2448 illis
3328 2392 3429 2447 frui
3464 2391 3530 2447 li-

1916 2493 2054 2540 ceat.
2085 2487 2157 2539 Ea
2189 2486 2331 2539 enim
2360 2485 2435 2539 de
2462 2499 2621 2538 causa
2653 2485 2704 2538 in
2732 2484 2991 2538 orationis
3021 2494 3221 2537 nostra:
3254 2484 3431 2539 verbis
3460 2483 3529 2538 li-

1917 2577 2073 2631 mites
2099 2587 2153 2630 et
2184 2576 2392 2645 regulas
2418 2575 2569 2629 nobis
2601 2574 2858 2628 Dominus
2887 2575 3231 2643 praescripsit,
3260 2582 3527 2642 quatenus

1920 2668 2144 2737 petenda
2178 2668 2284 2719 sint
2313 2666 2644 2735 temporalia.
2680 2666 2853 2720 Verba
2896 2666 2981 2719 illa
3007 2666 3158 2734 jubet
3202 2679 3298 2720 nos
3324 2666 3529 2731 dicere,

1919 2772 2037 2826 qua:
2070 2758 2214 2810 omni
2251 2756 2588 2826 philoSOpbia
2620 2758 2634 2787 ί
2665 2766 2788 2810 sunt
2812 2755 3031 2819 referta,
3061 2754 3256 2809 Panem
3295 2767 3530 2812 nostrum

1918 2850 2273 2917 quotidianum
2303 2851 2369 2900 da
2412 2850 2553 2902 nobis
2581 2850 2730 2902 hodie
2761 2849 2779 2920 (
2807 2848 2995 2901 Matth.
3023 2834 3074 2903 6.
3111 2849 3203 2917 11)
3229 2867 3241 2901 :
3272 2849 3377 2903 dici
3422 2849 3526 2903 ali-

1918 2948 2157 2992 mentum
2186 2982 2199 3001 ,
2230 2932 2444 3008 inquif:
2480 2938 2529 2992 id
2562 2942 2703 3008 quod
2747 2940 2925 3008 justus
2973 2939 3072 2992 iste
3094 2981 3107 3005 ,
3140 2939 3353 2994 tametsi
3394 2939 3530 2997 nihil

1920 3028 2109 3081 horum
2138 3029 2401 3092 audierat,
2434 3038 2679 3097 precatus
2706 3038 2808 3093 est,
2830 3030 3013 3082 dicens
3043 3046 3055 3080 :
3093 3028 3155 3082 Si
3180 3028 3376 3091 dederit
3400 3028 3529 3083 mihi

1923 3119 2172 3172 Dominus
2214 3136 2401 3184 panem
2422 3121 2490 3170 ad
2528 3120 2910 3185 comedendum,
2951 3129 2997 3171 et
3022 3130 3219 3171 .vrstcm
3255 3121 3323 3172 ad
3360 3127 3535 3190 legen-

1921 3210 2063 3265 dum.
2094 3211 2169 3265 Ne
2213 3211 2373 3280 igitur
2406 3212 2699 3281 temporale
2742 3212 2941 3280 aliquid
2986 3212 3127 3265 aliud
3170 3212 3238 3267 ab
3276 3227 3344 3266 eo
3382 3224 3534 3281 peta-

1924 3317 2062 3356 mus.
2090 3302 2367 3372 lndignum
2397 3303 2539 3357 enim
2565 3303 2718 3358 valde
2745 3313 2847 3367 est,
2868 3320 2898 3357 a
2929 3315 3036 3358 tam
3062 3306 3270 3359 liberali
3297 3316 3351 3360 et
3382 3314 3530 3361 tanta

1922 3392 2118 3446 virtute
2168 3394 2439 3462 praestanti
2481 3393 2785 3463 hujusmodi
2829 3405 3043 3463 petere,
3086 3412 3206 3465 qua:
3236 3411 3357 3449 cum
3391 3412 3534 3467 pra:-

1922 3482 2063 3535 senti
2088 3484 2192 3535 vita
2230 3481 2614 3546 dissolvuntur,
2648 3493 2701 3537 et
2744 3498 2990 3553 magnam
3029 3484 3449 3541 vicissitudinem
3475 3496 3531 3542 ct

1922 3576 2644 3645 muutionenuxperiuntur
2668 3593 2680 3629 :
2712 3576 2763 3631 id
2784 3593 2952 3647 genus
2973 3578 3117 3633 enim
3139 3588 3266 3633 sunt
3292 3576 3528 3634 humana

1924 3668 2125 3733 omnia,
2158 3670 2271 3723 sive
2298 3667 2515 3723 divitias
2542 3668 2763 3733 dixeris,
2796 3672 2908 3724 sive
2930 3670 3250 3741 potentiam,
3280 3671 3393 3727 sive
3425 3670 3531 3727 hu-
3628 3706 3635 3713 -

1924 3774 2138 3814 manam
2160 3761 2381 3831 gloriam
2416 3778 2429 3814 :
2462 3760 2556 3815 sed
2583 3771 2828 3830 petamus
2853 3776 3070 3832 semper
3098 3763 3387 3829 manentia,
3418 3766 3533 3820 sul-

1925 3854 2195 3923 ﬁcientia,
2246 3856 2633 3912 vicissitudinis
2678 3858 2877 3912 nescia.
2930 3858 2997 3912 Et
3040 3860 3273 3913 scientes
3322 3858 3537 3917 Domini

1925 3949 2093 4003 nostri
2154 3949 2444 4003 bonitatem
2470 3950 2681 4015 ,nihili
2727 3949 3022 4019 pendamus
3066 3951 3351 4020 praesentia
3377 3993 3392 4014 ,
3440 3951 3539 4007 sed

1926 4054 2089 4095 omne
2142 4050 2384 4097 nostrum
2444 4041 2680 4097 studium
2745 4042 2798 4097 in
2856 4041 3152 4097 caelestium
3205 4042 3536 4099 desiderium

1924 4132 2335 4189 transferamus.
2366 4134 2499 4191 Nam
2555 4137 2601 4190 si
2648 4135 2823 4197 Solem
2858 4152 3010 4191 suum
3051 4136 3177 4190 oriri
3216 4135 3342 4205 facit
3380 4154 3535 4205 super

1926 4229 2087 4282 malos
2125 4238 2172 4282 et
2198 4229 2378 4295 bonos,
2410 4240 2457 4283 et
2490 4230 2619 4299 pluit
2656 4246 2809 4297 super
2824 4230 2995 4300 justas
3031 4238 3079 4283 et
3103 4228 3339 4298 injustas,
3369 4230 3540 4286 multo

1928 4322 2096 4388 magis
2125 4321 2458 4376 abstinentes
2499 4337 2529 4376 a
2573 4322 2793 4385 malitia,
2826 4330 2880 4375 et
2911 4322 3226 4390 injustitiam
3270 4320 3540 4390 fugientes

1928 4428 2036 4468 non
2066 4414 2368 4483 despiciet:
2400 4414 2494 4469 sed
2540 4414 2705 4469 multa
2746 4413 2939 4484 dignos
2976 4414 3136 4469 ducet
3172 4415 3502 4484 providentia
3524 4457 3539 4480 ,

1931 4511 1988 4558 et
2032 4518 2126 4559 sua
2180 4504 2541 4561 sollicitudine
2592 4504 2737 4559 omni
2795 4513 3041 4575 tempore
3102 4506 3427 4574 dignabitur.
3486 4506 3541 4561 ld

1866 4638 1877 4645 ,
1932 4595 2185 4659 scientes,
2215 4595 2414 4659 dilecti,
2442 4611 2510 4651 ne
2547 4596 2805 4651 increduli
2842 4597 3011 4650 simus
3046 4596 3245 4653 divinis
3276 4598 3544 4667 pollicita-

1933 4684 2187 4751 tionibus,
2216 4701 2387 4756 neque
2415 4687 2680 4741 contraria
2708 4686 2774 4741 iis
2798 4701 2919 4756 quae
2953 4686 3041 4741 ille
3079 4685 3237 4756 jussit
3257 4687 3539 4744 faciamus.

1936 4772 2225 4830 Enimvero
2254 4786 2511 4846 quantum
2538 4775 2604 4832 ad
2630 4791 2690 4830 ea
2716 4792 2834 4848 qua:
2862 4793 3002 4836 tuine
3026 4793 3055 4830 a
3085 4777 3242 4833 nobis
3266 4779 3422 4846 llunt,
3454 4779 3542 4836 tti-

1936 4864 2010 4921 hil
2054 4866 2123 4922 ab
2169 4866 2473 4923 inﬁdelibus
2503 4866 2820 4923 diﬂerimus.
2848 4867 3077 4934 Quando
3100 4867 3246 4924 enim
3276 4869 3392 4939 ipse
3416 4870 3542 4940 qui-

1936 4958 2059 5015 dem
2085 4958 2258 5014 futura
2283 4959 2437 5014 nobis
2460 4960 2740 5028 promittit,
2767 4974 2867 5013 nos
2893 4970 3071 5015 autent
3103 4958 3357 5016 nolumus
3379 4959 3550 5016 ﬁdere

1936 5049 2080 5106 illius
2122 5050 2587 5119 promissionibus,
2624 5049 2718 5105 sed
2760 5066 2913 5120 pnes:
2936 5052 3116 5105 utilius
3152 5064 3338 5105 sumus
3377 5048 3546 5116 sl‘llxi,

1937 5143 2080 5213 quod
2121 5143 2264 5196 aliud
2306 5142 2698 5197 incredulitatis
2730 5141 2986 5195 indit-ium
3016 5142 3192 5196 adhuc
3222 5142 3541 5210 requiritur,

1939 5233 2104 5287 rebus
2137 5231 2266 5301 ipsis
2299 5242 2405 5286 tam
2435 5232 2581 5287 clara
2614 5246 2745 5286 voce
2770 5232 3189 5287 stu-stantibus?
3218 5232 3284 5287 Et
3310 5248 3546 5300 rursum,

1939 5324 2155 5380 Christo
2176 5324 2397 5393 jubente
2424 5338 2524 5378 nos
2551 5323 2681 5378 nihil
2705 5338 2737 5377 a
2765 5337 2823 5377 se
2845 5334 3030 5393 petere
3058 5322 3325 5393 fragilium
3352 5322 3547 5379 horum

1941 5423 1999 5471 et
2019 5414 2411 5483 temporalium,
2444 5415 2537 5470 sed
2568 5416 2745 5486 potius
2786 5415 2875 5469 illa
2913 5415 3204 5484 postulare,
3236 5431 3331 5471 nos
3366 5393 3416 5472 ei
3455 5433 3547 5472 re-

1946 5518 2241 5579 pugnantes
2260 5548 2277 5573 ,
2306 5523 2425 5577 quae
2456 5516 2641 5576 petere
2680 5506 2986 5577 prohibuit,
3011 5507 3099 5561 illa
3127 5512 3419 5578 qua'rimus
3449 5523 3464 5561 :
3492 5517 3550 5564 et

1944 5614 2066 5671 qua:
2089 5598 2246 5670 jussit
2267 5598 2455 5670 quaeri,
2488 5598 2577 5654 illa
2613 5613 2721 5655 non
2748 5600 3062 5671 qumrimus.
3093 5596 3163 5655 Et
3196 5597 3313 5655 hac
3342 5598 3547 5656 nucleu-

2013 5728 2027 5758 ι
2071 5720 2159 5771 Sic
2203 5718 2359 5773 ssvil.
2394 5725 2450 5783 et
2490 5714 2717 5779 quinque
2919 5713 3098 5783 hiare}.
3124 5725 3299 5783 Δηιηηόξ
3343 5716 3552 5783 paterno

1944 5784 2117 5855 alecttt
2144 5773 2544 5849 (φιλοστοργίας),
2570 5773 2681 5843 pro,
2715 5773 3029 5841 philosophia
3051 5773 3400 5843 (φιλοσοφία).

3420 359 3526 419 iis
3613 336 3618 343 ’
