4182 6322
698 375 801 432 479
828 367 849 388 ³

697 496 774 537 tes
794 523 808 548 ,
837 491 892 536 et
917 489 1022 533 tam
1049 478 1194 547 pigre
1229 475 1562 543 segniterque
1609 480 1785 525 nostra
1820 467 2174 529 mstituentes,
2205 471 2262 517 et

604 568 605 571 “
695 570 1070 625 ωιιςθὼπηιεδ
1109 566 1287 618 mitem
1335 572 1389 616 et
1437 560 1721 614 humanum
1767 556 2079 617 Dominum,
2111 552 2259 623 quasi

696 662 840 715 obliti
880 672 1063 713 eorum
1096 670 1213 724 qua:
1253 668 1352 706 nos
1394 651 1671 706 fecerimus
1694 690 1709 712 ,
1733 662 1945 703 causam
1977 644 2261 714 quaerimus

695 751 809 818 ejus
836 762 958 817 erga
988 761 1085 800 nos
1126 743 1519 813 indignationis,
1550 752 1603 796 et
1641 751 1804 810 quare
1851 753 1947 792 nos
1994 751 2135 805 saepe
2164 734 2260 788 de-

694 839 911 907 spiciat,
939 852 1059 891 cum
1104 836 1154 889 in
1184 836 1352 889 varias
1388 832 1666 886 incidimus
1700 829 2013 884 tentationes
2041 835 2132 880 :et
2156 838 2259 877 non

694 931 986 999 cogitantes
1046 935 1378 996 peccatorum
1448 932 1748 976 nostrorum
1802 918 2211 988 magnitudinem
2242 954 2258 981 ,

696 1022 1048 1088 nosmetipsos
1086 1019 1224 1072 ultro
1250 1015 1555 1083 decipimus.
1591 1013 1788 1067 Idcirco
1826 1013 2047 1064 obsecro
2067 1050 2081 1073 ,
2111 1017 2169 1061 ut
2199 1008 2261 1061 iis

696 1112 941 1165 omnibus
983 1108 1238 1175 repulsis,
1286 1104 1425 1175 nihil.
1468 1102 1619 1156 saluti
1665 1112 1859 1155 nostra:
1898 1097 2259 1169 praeferamus.

698 1201 832 1266 Quid
858 1199 996 1252 enim
1022 1198 1218 1265 prodest
1244 1195 1452 1258 homini,
1479 1194 1522 1245 si
1560 1202 1711 1245 totum
1741 1196 1980 1243 mundum
2009 1189 2223 1241 lucretur
2245 1226 2261 1251 ,

695 1292 877 1343 auium?
902 1304 1015 1341 vero
1041 1303 1147 1340 sua:
1175 1286 1523 1338 detrimentum
1550 1285 1770 1349 patiatur
1802 1280 2009 1349 (Matth.
2027 1279 2111 1333 i6.
2128 1276 2219 1346 26)
2241 1277 2263 1329 ?

698 1381 761 1433 Et
789 1391 1145 1448 supervacuas
1172 1375 1383 1428 divitias
1406 1374 1513 1442 jam
1541 1386 1855 1427 evacuemus
1885 1372 1933 1422 in
1966 1381 2224 1438 pauperes
2245 1407 2261 1432 ,

699 1483 1048 1537 magnumque
1096 1466 1366 1534 sapientiae
1404 1464 1561 1516 studii
1607 1462 1873 1530 Specimcn
1922 1461 1975 1512 in
2020 1458 2265 1512 omnibus

696 1561 1071 1623 cxhibeamus,
1095 1566 1282 1610 vanam
1317 1554 1535 1622 gloriam
1566 1552 1913 1619 despicientcs
1934 1592 1948 1612 ,
1978 1548 2262 1602 lmmanum

698 1652 885 1705 fastum
916 1648 1299 1705 conculcantcs,
1328 1652 1382 1697 et
1407 1658 1561 1695 omne
1584 1642 1815 1695 caritatis
1840 1640 2069 1693 studium
2100 1628 2264 1690 aliiin

698 1741 829 1793 alios
854 1749 1037 1792 mutuo
1065 1734 1427 1803 impendentes
1457 1749 1468 1786 :
1502 1741 1557 1785 ut
1580 1741 1635 1786 et
1666 1730 2011 1798 pra-sentibus
2037 1736 2089 1780 et
2123 1726 2264 1780 iutu-

699 1832 772 1884 ris
815 1829 965 1883 bonis
1006 1826 1198 1899 perfrui
1245 1839 1563 1885 mereamur,
1608 1823 1773 1885 gratia
1812 1828 1866 1873 et
1905 1816 2265 1873 misericordia

701 1922 907 1976 Domini
938 1920 1099 1973 nostri
1130 1917 1257 1972 Jesu
1287 1915 1517 1977 Christi,
1553 1909 1640 1965 cui
1662 1920 1786 1959 cum
1814 1907 1969 1964 Patre
2007 1918 2059 1963 et
2082 1914 2267 1963 sancto

698 2012 894 2081 Spiritu
923 2013 989 2063 sit
1019 2009 1202 2079 gloria,
1233 2006 1532 2073 imperium,
1560 2002 1747 2065 honor,
1778 2015 1916 2054 nunc
1941 2008 1995 2053 et
2020 2012 2263 2066 semper,

696 2104 823 2157 etin
855 2089 1045 2156 smcbia
1074 2098 1407 2150 Sta-culorum.
1440 2095 1628 2146 Amen.

1274 2224 1550 2280 HOMILIA
1590 2221 1695 2276 LV.

700 2340 765 2395 Et
794 2342 915 2394 dixit
946 2340 1113 2392 Ιιικίιαη
1144 2340 1209 2391 ad
1242 2337 1399 2389 Iacob
1427 2352 1444 2389 :
1476 2334 1721 2399 Quoniam
1756 2334 1913 2401 frater
1943 2348 2079 2388 meus
2107 2349 2157 2385 es
2189 2342 2259 2397 tu,

766 2450 864 2487 non
889 2433 1067 2484 servies
1110 2429 1203 2481 mei
1248 2427 1442 2497 gratis;
1488 2427 1568 2477 die
1612 2424 1767 2488 mihi,
1813 2437 1926 2493 qua?
1963 2438 2146 2475 merces
2177 2431 2263 2472 tua

772 2525 932 2592 (Gen.
960 2523 1048 2576 ‘39.
1084 2522 1149 2574 15

774 2640 825 2695 1,
861 2636 1042 2688 Paucis
1072 2634 1204 2687 dicta
1231 2634 1335 2685 ﬁeri
1364 2634 1600 2695 resumit;
1631 2631 1981 2698 conﬁdentiam
2006 2632 2184 2683 Jacobi
2212 2632 2265 2683 iu

696 2727 857 2783 Deum
884 2724 1147 2791 pra‘dimt.
1173 2751 1245 2761 —
1266 2722 1403 2774 Satis
1431 2722 1541 2773 heri
1574 2737 1633 2772 ex
1670 2719 1938 2787 praeludiis
1966 2721 2270 2787 peregrina.

696 2816 852 2867 tionis
892 2815 1017 2881 jusﬁ
1047 2812 1219 2864 cdocti
1248 2825 1429 2863 sumus
1470 2819 1659 2878 Quanta
1698 2809 1855 2861 fuerit
1882 2809 1995 2876 ejus
2022 2809 2258 2877 philoso-

693 2906 830 2975 phizc
860 2902 1196 2971 magnitudo,
1234 2910 1447 2967 pmptcr
1474 2914 1627 2967 qnam
1660 2912 1870 2952 causam
1903 2906 2098 2951 tantam
2142 2913 2261 2963 pro-

694 2995 1002 3051 missionem
1034 3010 1061 3045 a
1094 2993 1199 3045 Deo
1226 2999 1579 3057 consequutus
1609 2999 1709 3043 est.
1744 2990 1933 3043 Iterum
1964 2998 2137 3041 autem
2167 3003 2263 3057 per

691 3100 876 3153 preces
918 3093 972 3137 et
1013 3094 1188 3136 votum
1216 3125 1229 3145 ,
1278 3098 1391 3150 qurc
1438 3082 1559 3134 fecit
1609 3080 1969 3134 universorum
2018 3081 2258 3146 Domino,

691 3176 1037 3229 sufﬁcientem
1070 3173 1365 3225 doctrinam
1398 3172 1547 3223 nobis
1572 3171 1813 3235 omnibus
1837 3170 1999 3233 dedit,
2027 3173 2069 3225 si
2102 3172 2263 3225 velle-

692 3280 809 3318 mus
850 3264 913 3315 ad
966 3261 1263 3315 imitandam
1313 3261 1556 3313 virtutem
1604 3261 1740 3313 illius
1770 3262 2005 3314 excitari.
2052 3261 2261 3315 Etenim

690 3354 1037 3408 admiratione
1079 3351 1292 3419 dignum
1339 3359 1450 3413 est,
1502 3350 1765 3419 quomodo
1796 3350 2041 3404 virtutem
2087 3352 2260 3405 sciens

688 3444 1077 3515 promittentis.
1112 3451 1163 3494 et
1189 3441 1406 3495 audiens
1449 3440 1858 3508 magnitudinem
1899 3440 1998 3495 sibi
2030 3441 2258 3509 promis-

688 3550 888 3599 sorum,
925 3549 1095 3601 neque
1136 3534 1210 3586 sic
1241 3547 1483 3599 magnum
1512 3532 1705 3598 aliquid
1736 3541 1788 3585 et
1827 3532 2052 3634 sgltlime
2082 3542 2259 3599 postu-

689 3627 798 3680 lare
826 3623 1161 3677 attentavcrit
1192 3640 1203 3677 :
1230 3624 1324 3678 sed
1354 3622 1441 3675 illa
1470 3622 1742 3674 dumtaxat
1771 3622 1939 3688 petiit,
1968 3638 2084 3690 qua:
2111 3622 2261 3676 audi-

686 3717 783 3769 stis
812 3714 922 3767 heri
948 3753 961 3777 ,
996 3728 1184 3779 nempe
1214 3726 1272 3765 ea
1302 3726 1417 3780 qua:
1459 3710 1522 3764 ad
1563 3710 1921 3779 quotidianum
1952 3712 2257 3767 alimentum

686 3802 785 3856 sibi
816 3802 1059 3855 sufﬁcere
1089 3801 1322 3869 possint,
1350 3808 1402 3852 et
1441 3800 1809 3853 vestimentum
1855 3799 1922 3851 ad
1959 3814 2151 3868 corpus
2180 3810 2258 3855 tc-

685 3892 913 3961 gendum
950 3909 962 3943 :
994 3898 1047 3943 et
1077 3890 1357 3957 promittit,
1394 3889 1437 3942 si
1468 3890 1693 3945 reditum
1727 3890 1825 3942 sibi
1866 3891 1918 3943 in
1950 3906 2040 3945 sua
2069 3906 2256 3946 conce-

684 3982 773 4035 dat
804 3982 960 4042 Deus,
992 3979 1129 4033 sicut
1156 3980 1252 4031 sibi
1284 3979 1920 4047 promiserat,¢daturum
1951 3982 2009 4034 se
2039 3981 2109 4034 illi
2140 3996 2254 4035 om-

686 4072 832 4125 nium
863 4086 980 4138 qua:
1025 4070 1091 4122 ab
1131 4083 1194 4121 eo
1224 4070 1442 4135 accipiet
1469 4069 1700 4122 decimas
1730 4086 1742 4122 :
1772 4085 1866 4138 per
1894 4072 2067 4124 omnia
2100 4087 2254 4125 mon-

686 4170 863 4215 strans
890 4159 1194 4227 religionem
1223 4172 1391 4223 suam,
1422 4167 1475 4213 ct
1500 4159 1669 4225 ipsum
1692 4158 1996 4214 adscribens
2019 4162 2255 4215 omnium

688 4251 1031 4317 largitorem;
1079 4247 1336 4316 docetque
1394 4258 1489 4301 nos
1534 4256 1587 4301 ut
1628 4248 1675 4301 ci
1724 4257 1922 4302 tantum
1971 4250 2257 4307 habeamus

684 4342 927 4411 gratiam.
960 4338 1188 4392 Noverat
1217 4339 1354 4392 enim
1392 4337 1565 4405 justus
1610 4338 1924 4393 ineﬁ‘abilem
1963 4341 2076 4408 ejus
2106 4340 2256 4395 beni-

684 4428 971 4498 gnitatem,
1002 4427 1103 4481 hoc
1131 4428 1434 4494 conjectans
1460 4442 1521 4481 cx
1550 4428 1611 4481 iis
1641 4444 1757 4498 qua:
1790 4430 1838 4482 in
1869 4441 2070 4499 patrem
2102 4447 2255 4487 suum

685 4518 1019 4582 exhibuerat,
1043 4526 1096 4571 et
1126 4517 1324 4572 sciebat
1350 4532 1468 4571 eum
1492 4517 1589 4570 sibi
1614 4533 1854 4587 magnam
1877 4520 2255 4576 abundantiam

686 4621 1062 4661 concessurum
1095 4622 1213 4659 esse
1242 4624 1255 4659 :
1288 4617 1341 4660 et
1372 4607 1556 4660 hm'um
1579 4609 1795 4676 quidem
1828 4611 1938 4679 ipse
1968 4614 2093 4665 nihil
2128 4615 2257 4681 petit

685 4711 717 4751 ι
748 4698 969 4750 Domino
992 4738 1005 4761 ,
1034 4711 1203 4765 neque
1231 4698 1340 4751 vult
1369 4698 1435 4751 de
1468 4698 1539 4753 iis
1568 4700 1769 4765 precari
1794 4740 1809 4762 ,
1840 4702 1931 4754 sed
1958 4718 2077 4756 cum
2106 4704 2255 4759 decio

684 4801 801 4841 mas
822 4787 1054 4839 omnium
1082 4786 1323 4840 daturum
1350 4787 1723 4855 supellicctur,
1747 4790 1979 4844 ostendit
2002 4803 2255 4861 quantum

687 4877 741 4931 in
769 4878 1014 4931 omnibus
1039 4877 1339 4931 conﬁch
1364 4878 1481 4945 ejus
1508 4880 1751 4946 potentiae
1791 4881 1879 4948 qui
1922 4884 2253 4949 promiserat.

688 4967 971 5035 PrOpterea
997 4975 1049 5019 et
1074 4981 1186 5034 ipse
1213 4966 1421 5035 quando
1444 4980 1563 5021 cum
1584 4982 1649 5022 eo
1675 4969 2002 5038 loquebatur,
2026 4971 2252 5042 dicebat,

686 5054 797 5126 Ego
823 5073 935 5110 sunt
968 5056 1100 5109 Deus
1122 5055 1375 5109 Abraham
1402 5066 1446 5109 et
1473 5056 1623 5111 Isaac
1650 5060 1803 5126 patris
1832 5060 1905 5113 tui
1925 5078 1945 5125 ,'
1986 5078 2048 5114 ne
2083 5064 2255 5118 timeas

688 5152 711 5218 (
729 5146 853 5202 Gen.
876 5148 965 5202 26.
991 5148 1119 5217 24).
1150 5148 1330 5218 Cogita
1350 5189 1365 5214 ,
1396 5151 1599 5220 inquit,
1630 5160 1686 5207 et
1728 5156 2075 5223 patriarcltam
2106 5161 2255 5227 quasi

687 5240 1024 5311 peregrinum
1054 5248 1110 5293 et
1138 5240 1373 5310 ignotum
1404 5241 1455 5294 in
1489 5251 1684 5295 terram
1716 5242 1851 5298 hanc
1879 5245 2175 5311 advenisse,
2204 5259 2257 5303 et

686 5330 740 5382 in
769 5338 963 5383 tantam
987 5331 1193 5385 venisse
1214 5330 1454 5400 gloriam,
1482 5342 1540 5387 ut
1564 5335 1795 5389 omnium
1820 5352 1912 5391 ore
1935 5340 2250 5394 celebretur.

683 5418 872 5489 Cogita
918 5421 1041 5475 item
1084 5430 1138 5476 et
1181 5432 1383 5491 patrem
1421 5434 1600 5489 tuum,
1638 5426 1689 5479 in
1719 5435 1954 5481 extrema
1986 5440 2256 5487 senectute

689 5512 825 5578 patri
848 5525 947 5564 suo
972 5520 1148 5566 natum
1174 5527 1314 5578 esse,
1342 5523 1500 5583 atque
1526 5515 1596 5569 ita
1621 5516 1810 5584 opibus
1831 5530 2040 5573 anetum
2069 5519 2252 5588 fuisse,

690 5608 748 5654 ut
776 5600 1064 5657 invidiosus
1094 5601 1243 5657 ﬁeret
1286 5604 1565 5675 indigenis.
1610 5606 1808 5661 Eadem
1852 5608 2009 5676 igitur
2049 5620 2099 5664 et
2143 5611 2256 5678 ipse

688 5699 956 5760 carecta.
999 5707 1313 5765 onntcmque
1348 5696 1592 5753 tinnrem
1634 5706 1687 5752 et
1729 5698 2049 5755 anxietatem
2087 5699 2253 5770 depo-

1366 363 1425 420 S.
1462 360 1737 420 JOANNIS
1762 354 2230 416 CHRYSOSTOMI
2271 350 2586 409 ARCIIIEP.
2625 346 3158 408 CONSTANTINOP.

3840 344 3950 401 ιεο

2368 475 2521 523 nens,
2554 458 3029 528 peregrinationem
3068 457 3179 511 obi.
3211 456 3336 511 [hec
3370 468 3549 510 secum
3580 454 3819 523 cogitans
3853 454 3913 523 ju

2364 558 2477 605 stus
2500 591 2516 616 ,
2561 565 2666 613 non
2705 548 2772 602 ad
2815 556 3133 619 praesentem
3165 546 3483 616 respiciebat
3511 554 3735 607 statum,
3773 544 3951 614 (nihil

2363 642 2506 696 enim
2549 641 2767 695 omnino
2794 655 2974 703 secum
3016 638 3271 693 afferebat
3310 656 3324 692 :
3365 636 3815 706 quomoducnim
3842 644 3951 704 pug-

2366 733 2551 789 tuisset
2578 734 2666 799 qui
2694 734 2838 786 solus
2873 741 2987 785 erat
3022 741 3075 786 et
3102 733 3202 784 iter
3241 728 3418 783 facere
3448 726 3815 797 cogebatur?)
3848 724 3949 781 sed

2360 825 2470 893 jam
2500 825 2618 879 fidei
2651 823 2819 877 oculis
2850 837 2953 876 non
2994 823 3163 875 nmlto
3206 829 3326 889 post
3373 821 3600 873 futuram
3647 816 3949 885 przevidcne

2363 914 2741 969 abundantiam
2783 927 2933 965 suam
2956 952 2971 976 ,
3002 911 3306 964 declarabat
3342 918 3542 979 gratam
3573 907 3900 961 voluntatem
3930 922 3947 960 :

2367 1014 2422 1058 et
2446 1003 2534 1072 qui
2564 1003 2693 1056 nihil
2721 1002 2893 1056 adhuc
2936 1009 3234 1069 acceperat,
3278 1008 3473 1065 vovet,
3513 997 3809 1067 digniorem
3843 994 3951 1050 ﬁdo

2365 1093 2676 1145 existimans
2708 1090 3109 1159 promissionem
3138 1088 3381 1153 Domini‘,
3408 1101 3565 1156 quam
3597 1101 3777 1141 rerum
3820 1098 3949 1155 pos-

2366 1181 2683 1235 sessionem.
2727 1180 2908 1249 Neqne
2935 1180 3075 1234 enim
3117 1180 3184 1233 ita
3216 1178 3378 1233 ﬁdere
3419 1176 3675 1231 debemus
3703 1176 3789 1231 his
3830 1190 3951 1245 qua

2369 1271 2419 1323 in
2468 1270 2709 1325 nianibus
2741 1270 2995 1325 habemus
3026 1278 3080 1325 et
3108 1269 3380 1333 ridemus,
3424 1278 3479 1322 ut
3506 1269 3951 1338 promissionibus

2371 1361 2500 1423 Dei,
2547 1361 2753 1414 etiamsi
2802 1376 2905 1415 non
2954 1360 3201 1415 eveniant
3243 1361 3420 1414 statim
3466 1360 3637 1427 primo
3684 1368 3947 1426 tempore.

2368 1444 2749 1520 Justus‘igitur
2796 1462 3005 1521 sumpta
3053 1451 3117 1504 iis
3159 1465 3277 1519 qua:
3326 1451 3463 1503 Deus
3506 1448 3713 1503 dixerat
3757 1446 3949 1501 ﬁducia

2369 1543 2618 1607 maxima,
2655 1542 3134 1611 peregrinationem
3166 1539 3317 1593 obiit.
3346 1540 3462 1605 Quo
3493 1549 3645 1607 pacto
3670 1539 3815 1591 enim
3845 1550 3950 1591 non

2324 1630 2559 1683 -.ﬁsurus
2588 1638 2765 1692 esset,
2809 1629 2894 1683 cui
2933 1630 3128 1682 dictum
3156 1638 3267 1681 erat
3293 1667 3309 1690 ,
3350 1627 3481 1681 Ecce
3509 1642 3598 1695 ego
3629 1637 3791 1678 tecum
3817 1640 3950 1689 sum,

2368 1720 2652 1774 custodiens
2682 1730 2728 1774 te
2751 1720 2803 1773 in
2823 1721 2959 1773 omni
2978 1719 3078 1782 via,
3102 1734 3201 1786 qua
3224 1719 3388 1770 iturus
3417 1733 3469 1770 es
3492 1731 3510 1769 :
3534 1725 3581 1767 et
3605 1713 3953 1785 muttiplicabo

2369 1828 2534 1865 semen
2561 1821 2700 1864 tuum
2720 1851 2734 1874 ,
2773 1820 2820 1865 et
2848 1810 3086 1865 reducam
3116 1820 3161 1863 te
3188 1812 3365 1862 iterum
3394 1810 3445 1861 in
3474 1819 3660 1862 terram
3691 1808 3825 1859 hanc
3845 1848 3861 1874 ,
3907 1816 3953 1861 et

2370 1920 2469 1956 non
2493 1913 2539 1956 te
2563 1904 2904 1971 derelinquam
2927 1901 3075 1972 (Gen.
3100 1900 3189 1955 ‘28.
3212 1901 3322 1967 15),
3350 1915 3621 1969 nsquequo
3645 1899 3952 1967 complean-

2369 2000 2455 2045 tur
2483 1994 2740 2061 promissa
2766 1992 2988 2045 omnia?
3020 1991 3215 2046 Verum
3236 2032 3250 2056 ,
3283 2003 3342 2045 ut
3370 1991 3483 2044 heri
3514 1991 3621 2044 dixi
3649 2031 3663 2055 ,
3695 1992 3871 2060 cogita
3899 1998 3953 2044 et

2369 2083 2787 2149 omnipotentem
2817 2081 2911 2135 Dei
2940 2081 3277 2149 sapientiam,
3308 2089 3363 2135 ct
3382 2080 3510 2149 justi
3537 2081 3673 2135 illius
3702 2095 3951 2150 magnam

2368 2172 2677 2239 patientiam
2717 2181 2768 2225 et
2812 2179 3022 2239 gratum
3067 2171 3323 2224 animum.
3370 2171 3612 2225 Surrexit
3653 2172 3798 2225 enim
3832 2182 3949 2239 post

2367 2262 2747 2331 promissiones
2774 2262 2906 2324 illas,
2940 2271 2993 2315 et
3018 2262 3070 2315 in
3090 2261 3325 2316 Charran
3353 2261 3644 2325 contendit,
3674 2273 3727 2315 et
3756 2262 3951 2314 iterum

2366 2354 2473 2421 agit
2520 2362 2575 2405 ut
2618 2352 2929 2422 peregrinus
2964 2361 3018 2406 et
3064 2368 3259 2420 vagus,
3309 2362 3361 2406 et
3406 2353 3456 2406 in
3498 2351 3744 2405 onmibus
3771 2352 3950 2406 divina

2366 2444 2537 2512 gratia
2567 2441 2775 2507 fruitur,
2812 2443 3036 2512 benigno
3058 2443 3165 2496 Deo
3196 2441 3291 2509 ipsi
3318 2443 3455 2495 viam
3486 2442 3675 2510 ubique
3707 2452 3949 2509 parante,

2366 2545 2419 2589 et
2447 2549 2595 2589 suam
2626 2534 3030 2607 promissionem
3053 2532 3393 2601 adimplente.
3422 2531 3520 2597 Qui
3550 2533 3691 2586 enim
3719 2532 3948 2597 dixerat,

2367 2624 2555 2685 Ticum
2582 2638 2713 2689 sum,
2747 2624 3027 2676 custodiens
3057 2632 3103 2676 te
3143 2625 3195 2674 in
3225 2623 3361 2675 omni
3389 2623 3501 2687 via,
3536 2639 3633 2691 qua
3676 2625 3840 2675 itum:
3877 2639 3948 2689 cs,

2370 2715 2415 2767 is
2444 2713 2594 2765 duxit
2614 2714 2816 2780 justum
2848 2713 2911 2765 ad
2942 2712 3135 2765 fontem
3162 2726 3333 2779 aqum,
3368 2711 3453 2765 ubi
3481 2713 3747 2780 aquabant
3772 2722 3946 2781 pasto-

2364 2817 2451 2855 res
2495 2811 2651 2855 terra:
2694 2803 2883 2855 incola:
2928 2820 2941 2854 :
2986 2816 3017 2854 a
3056 2803 3247 2870 quibus
3291 2818 3411 2855 cum
3463 2804 3839 2871 intetrogasset
3882 2804 3947 2859 de

2366 2892 2545 2946 Laban
2579 2892 2741 2945 fratre
2772 2894 2955 2945 matris
3002 2906 3145 2956 suae,
3196 2903 3247 2945 et
3295 2893 3565 2945 didicisset
3609 2892 3787 2946 omnia
3832 2909 3949 2962 quze

2365 2981 2505 3035 circa
2534 2982 2679 3033 illum
2710 2982 3028 3050 gerebantur
3057 2998 3071 3034 :
3102 2980 3293 3036 deinde
3321 2996 3442 3033 cum
3484 2991 3536 3034 et
3578 2982 3733 3051 hujus
3764 2983 3946 3045 ﬁliam,

2367 3081 2420 3125 et
2445 3085 2632 3140 greges
2660 3072 2825 3125 oculis
2856 3080 3175 3139 spectasset,
3209 3071 3513 3141 videretque
3541 3071 3813 3141 indigenas
3844 3089 3947 3127 non

2366 3160 2613 3214 sufﬁcere
2646 3172 2699 3214 ut
2729 3159 2953 3229 lapidem
2981 3176 3009 3213 a
3040 3162 3181 3213 fonte
3208 3162 3303 3229 ipsi
3334 3173 3663 3225 amoverent,
3705 3174 3759 3217 et
3787 3178 3944 3232 aqua-

2365 3260 2485 3305 rent
2510 3266 2659 3313 oves,
2692 3252 2943 3315 accurrit,
2975 3259 3028 3303 ct
3057 3250 3106 3304 id
3153 3250 3293 3320 quod
3341 3252 3411 3305 illi
3454 3252 3627 3305 facere
3668 3268 3772 3313 non
3799 3254 3945 3308 valc-

2365 3343 2521 3405 bant,
2569 3344 2682 3409 ipse
2725 3356 2954 3410 superno
3002 3341 3198 3395 auxilio
3244 3342 3561 3407 roboratus,
3615 3346 4003 3411 praeveniens”

2363 3433 2636 3488 beneﬁciis
2666 3433 2843 3488 Laban
2867 3474 2881 3500 ,
2922 3435 3124 3488 amovit
3155 3434 3380 3504 lapidem
3413 3444 3467 3489 et
3506 3436 3786 3504 atlaquavit
3820 3453 3946 3492 oves

2363 3539 2493 3593 quas
2536 3524 2785 3593 pascebat
2815 3524 3037 3579 Rachel.
3077 3524 3205 3578 Dein
3240 3525 3326 3577 ubi
3369 3525 3642 3578 osculatus
3680 3534 3763 3580 est
3801 3528 3945 3595 pucl-

2363 3616 2489 3682 lam,
2522 3626 2574 3670 et
2602 3615 2918 3685 signiﬁcavit
2941 3616 3059 3685 quis
3086 3624 3227 3669 esset
3255 3623 3308 3669 et
3338 3616 3481 3670 unde
3514 3617 3762 3680 venisset,
3797 3634 3945 3672 man-

2363 3709 2433 3760 sit
2465 3708 2576 3774 ipse
2604 3706 2743 3775 apud
2774 3706 2991 3758 fontem.
3019 3705 3211 3760 Verum
3242 3706 3361 3774 quia
3388 3707 3524 3761 Deus
3554 3724 3612 3760 cr
3648 3718 3669 3760 t
3688 3711 3777 3777 qui
3804 3709 3947 3777 justo

2360 3797 2677 3864 disponebat
2704 3796 2912 3859 omnia,
2948 3795 3032 3849 hic
3057 3806 3109 3849 et
3141 3798 3368 3865 puellam
3401 3798 3649 3851 excitavit
3678 3810 3733 3852 ut
3758 3800 3946 3853 celeri-

2362 3898 2442 3943 ter
2466 3897 2739 3954 currcret,
2768 3896 2924 3957 atque
2955 3887 3070 3942 haec
3098 3890 3438 3943 annuntiat-et
3466 3891 3635 3959 patri,
3664 3892 3754 3960 qui
3782 3893 3946 3948 frater

2359 3986 2473 4033 erat
2502 3977 2655 4046 hujus
2684 3979 2869 4033 matris
2902 3996 2915 4030 :
2946 3988 3292 4048 narraretque
3337 3979 3655 4034 beneﬁcium
3693 3983 3839 4051 quod
3879 3984 3947 4037 ab

2360 4086 2426 4126 eo
2454 4072 2748 4140 praestitum
2786 4081 2929 4126 esset
2965 4082 3019 4125 et
3061 4072 3111 4126 in
3158 4073 3324 4141 ipsam
3364 4081 3417 4126 et
3459 4073 3507 4125 in
3538 4088 3727 4143 greges
3763 4091 3776 4128 :
3805 4084 3860 4129 et
3888 4090 3947 4131 se

2360 4178 2533 4231 neque
2562 4162 2895 4232 peregrinum
2924 4177 3064 4229 esse,
3108 4178 3279 4233 neque
3308 4163 3541 4232 ignotum
3565 4203 3579 4226 ,
3618 4164 3712 4219 sed
3738 4167 3945 4223 sororis

2362 4253 2545 4307 ﬁlium.

2432 4348 2634 4413 Quanta
2664 4356 2879 4401 veterum
2910 4347 3247 4417 hospitalitas.
3277 4347 3524 4417 Exemplo
3552 4348 3734 4404 Jacobi
3764 4353 3940 4420 probat

2361 4439 2527 4490 omnia
2553 4438 2762 4509 feliciter
2787 4438 3049 4491 succedere
3081 4438 3124 4491 ei
3152 4454 3297 4507 quem
3326 4437 3465 4492 Deus
3495 4439 3663 4507 juvat.
3692 4469 3765 4479 —
3800 4442 3942 4495 Con-

2360 4532 2531 4586 sidera
2554 4574 2567 4597 ,
2598 4534 2819 4585 obsecro
2839 4570 2852 4594 ,
2884 4531 3079 4585 dilecte
3100 4571 3114 4595 ,
3154 4531 3344 4585 divina:
3374 4530 3664 4600 Seiipturae
3707 4532 3941 4603 diligen—

2362 4624 2521 4686 tiam,
2570 4621 2835 4691 quomodo
2882 4622 3033 4676 nobis
3081 4623 3255 4675 omnia
3303 4623 3583 4678 manifeste
3638 4636 3939 4694 recenseat,

2360 4714 2603 4768 docendo
2629 4729 2724 4767 nos
2746 4728 2923 4767 mores
2944 4729 3203 4779 Veterum,
3226 4724 3276 4769 et
3297 4725 3510 4783 quanta:
3536 4715 3585 4767 in
3609 4714 3944 4783 excipiendis

2362 4804 2655 4873 hospitibus
2701 4805 2895 4858 fuerint
2922 4804 3231 4857 alacritatis.
3274 4804 3403 4861 Nam
3434 4814 3489 4857 ut
3520 4805 3708 4873 puella:
3740 4808 3945 4860 indicas

2358 4907 2435 4949 ret
2469 4893 2819 4956 alacritatem,
2853 4909 2956 4945 non
2985 4892 3299 4960 simpliciter
3326 4894 3482 4958 dixit,
3513 4910 3630 4948 eam
3658 4894 3858 4949 abiisse
3883 4905 3943 4952 et

2357 4984 2699 5037 annuntiasse
2737 5000 2853 5051 qua:
2892 4983 3022 5035 l'acta
3066 4984 3304 5046 fuerant,
3337 4984 3437 5037 sed
3469 4984 3801 5047 cucurrisse,
3837 4986 3947 5044 hoc

2358 5082 2471 5133 est,
2507 5088 2697 5140 magno
2732 5087 2851 5125 cum
2894 5072 3083 5141 gaudio
3111 5072 3276 5142 (Cap.
3304 5072 3392 5127 29.
3422 5090 3471 5126 υ.
3501 5072 3623 5145 12).
3657 5074 3859 5129 Deinde
3885 5089 3950 5135 et

2358 5162 2425 5217 de
2455 5163 2631 5217 Laban
2651 5203 2667 5227 ,
2696 5163 2784 5231 qui
2823 5171 2974 5232 pater
3003 5163 3143 5217 illius
3184 5175 3299 5217 erat
3322 5205 3338 5227 ,
3368 5164 3536 5227 dicit,
3566 5165 3708 5235 quod
3741 5166 3948 5225 auditis

2364 5253 2447 5309 bis
2472 5271 2500 5305 a
2533 5255 2732 5322 virgine
2751 5296 2766 5319 ,
2794 5256 3087 5311 cucurrerit
3116 5265 3171 5309 et
3203 5257 3314 5323 ipse
3354 5257 3404 5309 in
3445 5271 3723 5311 occursum
3746 5256 3937 5328 Iacob,

2358 5352 2411 5396 et
2441 5343 2708 5397 osculatus
2736 5344 2802 5397 sit
2830 5358 2949 5397 eum
2969 5385 2986 5412 ,
3018 5352 3075 5399 et
3120 5345 3390 5400 induxerit
3426 5345 3480 5400 in
3523 5346 3739 5403 domum
3777 5362 3940 5407 suam

2362 5432 2521 5502 (Ibid.
2548 5446 2594 5484 υ.
2628 5430 2738 5504 i5).

2429 5524 2485 5577 2.
2517 5524 2796 5593 Postquam
2826 5535 3003 5580 autem
3029 5526 3205 5582 Laban
3235 5528 3414 5583 omnia
3442 5529 3723 5599 diligenter
3749 5529 3939 5591 didictt

2360 5612 2427 5667 ab
2452 5629 2517 5668 eo
2540 5654 2554 5678 ,
2602 5614 2687 5668 Η.
2714 5613 2890 5679 Dixit,
2931 5617 3137 5687 inquit,
3167 5619 3216 5672 ei
3252 5633 3271 5673 :
3301 5619 3384 5673 Ea:
3424 5619 3619 5676 ossibus
3643 5622 3766 5678 meis
3797 5634 3845 5678 et
3874 5639 3940 5680 ea

2358 5719 2511 5758 came
2533 5717 2639 5758 mea
2665 5720 2715 5761 es
2739 5715 2791 5760 tu
2818 5705 2971 5779 (Cap.
3000 5708 3114 5779 29).
3139 5708 3351 5767 Sororis
3371 5750 3386 5779 ,
3413 5710 3619 5784 inquit,
3646 5727 3778 5769 mea:
3807 5728 3937 5773 cum
