4182 6322
126 401 200 456 tut
1157 396 1220 452 ut
1258 380 1418 452 cur.
1453 392 1649 448 XXIX.
1697 390 1939 448 ceves.
1989 392 2220 450 noun.
2267 394 2373 449 Lv.

124 518 185 574 sis
208 519 387 580 tilias,
421 517 554 572 nihil
595 517 744 572 aliud
791 530 950 586 quam
981 528 1107 570 caro
1149 523 1330 568 no.~tra
1360 525 1417 568 es
1457 519 1512 566 et
1551 508 1715 564 frater

123 624 316 664 inisset.
348 606 414 662 Et
453 620 559 664 erat
599 626 718 662 cum
744 623 838 672 eo,
882 605 1081 676 inquit,
1130 605 1198 658 ad
1238 620 1457 658 mensem
1497 601 1714 656 dierum.

124 703 240 755 fiein
284 703 438 770 quasi
483 703 537 756 in
566 701 731 756 domo
758 700 972 772 propria
1001 698 1144 768 apud
1184 712 1307 752 eum
1353 693 1623 766 impavide
1667 706 1719 746 et

119 796 175 851 sb
199 797 352 851 omni
383 810 512 850 cura
543 795 682 849 liber
719 793 928 863 agebat.
974 791 1240 847 Caeterum
1282 788 1534 859 quoniam
1580 787 1723 840 Deus

120 898 245 951 crat,
282 889 373 959 qni
400 890 580 941 omnia
606 886 674 940 ad
706 886 986 940 utilitatem
1014 882 1172 953 hujus
1195 882 1324 952 justi
1345 878 1714 950 dispensabat,

120 993 162 1037 rt
184 983 240 1036 in
267 980 525 1037 omnibus
551 979 600 1034 ei
629 993 782 1042 suam
811 977 1082 1048 praebebat
1107 975 1568 1044 eooperationem,
1604 972 1717 1041 ipse

121 1075 444 1128 alacritatem
475 1071 656 1125 Laban
687 1069 988 1124 excitavit:
1025 1077 1080 1122 et
1114 1067 1300 1121 videns
1330 1065 1426 1119 viri
1467 1078 1714 1118 mansue-

122 1167 391 1230 tudinem,
425 1163 558 1218 dicit
589 1161 641 1217 ei
673 1183 688 1218 :
724 1161 810 1225 15.
841 1160 1095 1228 Quoniam
1122 1159 1254 1213 enim
1297 1157 1457 1226 frater
1498 1171 1638 1208 meus
1666 1170 1716 1207 es

121 1275 181 1325 tu,
214 1275 324 1313 non
354 1257 543 1313 servies
572 1255 699 1309 mihi
735 1253 894 1326 gratis
923 1268 942 1307 :
966 1253 1049 1306 dic
1074 1252 1197 1305 milii
1219 1292 1233 1314 ,
1260 1265 1375 1315 qua:
1399 1264 1588 1301 merces
1629 1255 1714 1299 tua

119 1354 186 1406 sit.
222 1350 362 1407 Vide
390 1350 662 1421 quomodo
693 1350 806 1419 ipse
838 1349 1051 1417 quidem
1094 1345 1308 1417 petebat
1336 1344 1501 1407 nihil,
1533 1341 1712 1396 Laban

119 1457 288 1502 autem
320 1461 352 1500 a
385 1459 446 1500 se
473 1445 575 1499 huc
603 1445 855 1514 proponit
883 1442 1049 1514 justo.
1078 1441 1147 1496 Et
1182 1439 1431 1503 at'ende,
1463 1439 1710 1496 obsecro,

118 1539 383 1609 quomodo
412 1537 498 1591 cui
525 1536 702 1590 divina
733 1549 923 1590 manus
950 1534 1173 1600 a-siStit,
1207 1532 1254 1586 ei
1281 1531 1460 1586 omnia
1491 1527 1718 1584 feliciter

119 1629 423 1686 snecedant.
473 1627 595 1682 Non
639 1627 824 1682 servies
865 1626 1024 1691 mihi,
1059 1625 1262 1695 inquit,
1309 1624 1466 1694 gratis
1500 1621 1714 1675 :iudica

118 1725 229 1778 mihi
253 1739 373 1793 qua
412 1739 602 1777 merces
628 1731 718 1774 tua
742 1721 831 1775 sit.
868 1719 1122 1789 Quamvis
1149 1717 1334 1772 beatus
1374 1714 1463 1769 ille
1509 1728 1714 1783 magna:

113 1817 348 1873 caritatis
389 1816 513 1873 loco
551 1813 775 1868 haberet
801 1814 881 1867 vel
921 1811 1234 1882 simpliciter
1273 1807 1586 1878 quotidiana
1616 1806 1712 1858 ali-

119 1919 294 1965 mento
339 1908 440 1963 frui
469 1949 482 1969 ,
531 1906 861 1973 multamque
903 1918 1001 1974 pro
1045 1917 1111 1958 eo
1147 1902 1371 1972 gratiam
1421 1898 1711 1953 redderet:

115 2017 294 2056 certus)
325 2000 450 2071 quia
482 2000 673 2053 miram
707 1997 1091 2051 humanitatem
1121 2009 1228 2064 pra:
1256 2009 1314 2048 se
1344 1992 1566 2054 fert-bat,
1594 1991 1713 2044 ideo

119 2093 286 2148 Labant
312 2089 620 2148 mererdcm
642 2092 688 2145 ei
717 2090 1016 2160 pollicetur,
1036 2103 1195 2160 quam
1220 2088 1333 2157 ipse
1352 2082 1712 2156 proposuerit.

116 2185 240 2253 Quid
272 2186 438 2256 igitur
457 2181 673 2252 justus?
706 2181 858 2247 Vide,
888 2181 1131 2237 obsecro.
1165 2189 1220 2236 et
1249 2179 1332 2233 hic
1361 2178 1712 2233 excellentem

117 2278 221 2345 ejus
247 2275 602 2346 sagacitatem
623 2315 638 2340 ,
672 2283 728 2328 ct
767 2270 1037 2343 quomodo
1066 2271 1266 2326 nullam
1309 2267 1712 2339 congreganda-

119 2386 222 2422 rntn
251 2383 420 2438 opum
450 2367 698 2421 habuerit
726 2381 930 2421 curam.
957 2363 1072 2420 Non
1102 2364 1245 2419 enim
1275 2365 1413 2418 sicut
1442 2376 1714 2417 mercena-

115 2463 216 2514 rius
244 2459 449 2529 aliquis
490 2473 614 2514 cum
657 2457 840 2514 Laban
886 2455 1178 2522 convenit,
1211 2464 1265 2511 et
1293 2470 1514 2525 Operam
1562 2468 1714 2508 suam

112 2549 462 2622 exquisitiore
489 2547 742 2605 mercede
775 2548 913 2601 locat
938 2589 954 2611 ,
1002 2555 1056 2603 et
1079 2546 1225 2601 aliud
1254 2546 1382 2616 quid
1416 2546 1548 2615 petit
1578 2563 1588 2598 :
1621 2543 1716 2599 sed

114 2658 316 2698 HICIIIOI'
363 2642 554 2696 matris
591 2651 646 2697 et
689 2647 1076 2712 praceptorum
1120 2639 1320 2710 patris,
1353 2648 1404 2693 et
1434 2637 1715 2693 mirificam

108 2737 499 2792 continentiam
530 2752 639 2806 pra:
667 2751 728 2792 se
771 2734 984 2801 ferens,
1012 2733 1143 2789 dicit
1168 2733 1386 2788 Labano
1418 2750 1431 2787 :
1465 2733 1552 2788 l8.
1589 2732 1714 2787 Ser-

115 2831 238 2884 riam
287 2830 380 2884 tibi
422 2840 613 2900 septem
655 2829 802 2883 anuis
844 2845 937 2900 pro
985 2826 1175 2882 Rachel
1217 2829 1326 2896 ﬁlia
1371 2837 1457 2881 tua
1487 2827 1717 2897 juuiore.

114 2925 253 2980 lianc
277 2925 428 2979 cuitu
469 2941 592 2980 mox
623 2933 679 2979 ut
706 2923 844 2993 apud
880 2923 1082 2979 fontem
1109 2922 1252 2991 vidi,
1283 2924 1477 2978 amavi.
1509 2922 1575 2977 Et
1598 2922 1718 2976 vide

113 3017 545 3073 benevolentiam
575 3015 694 3071 viri.
734 3014 951 3086 Sibiipsi
985 3025 1039 3071 et
1068 3025 1275 3086 tempus
1295 3015 1602 3088 prmscrihit
1623 3056 1638 3080 ,
1665 3026 1718 3068 et

115 3119 255 3162 tanto
279 3120 530 3177 tempore
551 3107 826 3163 sufﬁciens
845 3119 1218 3180 argumentum
1242 3124 1352 3164 sua-
1374 3108 1719 3162 continentia!

114 3200 335 3268 pra-bet.
387 3199 456 3253 Et
499 3198 628 3268 quid
683 3199 1004 3264 admiraris,
1059 3199 1287 3265 dilecte,
1330 3198 1554 3253 audiens
1595 3212 1716 3252 eum

113 3303 314 3363 septem
358 3292 518 3345 annis
557 3305 616 3346 se
661 3292 985 3346 serviturum
1032 3294 1203 3362 promi
1240 3293 1344 3348 isce
1391 3307 1486 3360 iro
1524 3291 1719 3345 dilecta

114 3385 283 3452 puella
302 3385 328 3437 τ
362 3383 431 3439 Ut
461 3386 602 3438 enim
641 3384 894 3440 ostendat
925 3384 1078 3439 nobis
1106 3385 1378 3453 Scriptura
1402 3424 1416 3448 ,
1449 3383 1720 3453 quomodo

113 3492 259 3530 sutor
305 3492 535 3548 magnus
577 3486 632 3529 et
677 3476 914 3531 laborem
960 3485 1015 3530 et
1046 3477 1302 3546 temporis
1334 3476 1721 3546 longitudinem

112 3569 376 3634 succidit,
418 3577 478 3624 et
507 3577 564 3622 nt
606 3570 770 3624 breve
796 3567 1070 3623 videretur
1097 3567 1295 3635 effecit,
1329 3568 1457 3623 dicit
1488 3567 1618 3624 :20.
1658 3567 1722 3621 fit

112 3663 310 3718 mittit
337 3662 506 3716 Jacob
533 3679 626 3730 pro
655 3661 848 3716 Rachel
877 3663 1025 3715 annis
1050 3670 1274 3732 septem,
1305 3671 1354 3714 et
1379 3671 1523 3715 erant
1552 3678 1722 3714 eorum

109 3773 164 3810 eo
187 3757 342 3826 quasi
369 3756 478 3809 dies
506 3755 695 3825 pauci,
741 3771 798 3809 eo
824 3757 964 3826 quod
993 3756 1101 3825 ipse
1140 3756 1285 3808 illam
1329 3755 1576 3825 diligeret.
1621 3753 1720 3810 Se-

114 3857 278 3916 ptem,
306 3847 508 3918 inquit,
532 3846 681 3914 anni,
708 3847 860 3917 pauci
886 3846 1002 3901 dies
1025 3846 1342 3902 videbantur
1364 3846 1432 3900 ob
1455 3848 1722 3916 ingentem

109 3957 232 4012 erga
262 3941 500 4012 puellam
546 3956 808 3996 amorem.
849 3939 1076 4009 Quando
1119 3939 1262 3994 enim
1293 3939 1412 4009 quis
1455 3941 1725 3993 sanciatur

109 4036 354 4089 caritatis
377 4033 674 4098 desiderio,
702 4033 834 4088 nihil
862 4033 1082 4088 difficile
1108 4041 1317 4101 Spectat
1345 4051 1356 4085 :
1387 4032 1480 4088 sed
1511 4033 1561 4086 id
1586 4033 1724 4100 quod

110 4125 270 4179 fuerit
295 4124 519 4196 plenum
550 4125 804 4194 periculis
834 4135 889 4180 et
919 4125 1084 4178 multa
1115 4125 1352 4187 miseria,
1381 4126 1572 4180 leviter
1603 4127 1722 4191 fert,

108 4216 169 4268 ad
198 4217 303 4271 hoc
335 4233 503 4271 unum
535 4217 856 4286 respiciens,
901 4219 1172 4288 quomodo
1208 4231 1305 4271 suo
1338 4219 1571 4286 potiatur
1603 4229 1727 4272 voto

105 4319 158 4363 et
187 4309 492 4364 desiderio.

179 4399 407 4453 lloralis
429 4401 683 4471 epilogus.
727 4401 885 4454 Amor
912 4402 1094 4455 Jacobi
1137 4419 1259 4472 erga
1302 4401 1497 4456 Rachel
1523 4404 1728 4469 indi/fe-

105 4493 327 4545 reutiam
348 4501 577 4545 nostram
608 4509 730 4561 erga
762 4491 921 4546 Deum
947 4493 1228 4563 redarguit.
1279 4494 1546 4560 Quomodo
1578 4494 1724 4549 Putt-

107 4586 184 4635 ius
205 4585 450 4638 dilexerit
472 4583 636 4637 Deum
662 4601 679 4648 ,'
702 4585 866 4654 ipsum
893 4587 1082 4639 imitari
1112 4603 1229 4640 suos
1257 4589 1515 4641 auditores
1547 4590 1726 4642 liorta-

105 4690 207 4728 Iur.
242 4706 317 4716 —
346 4675 646 4730 Audiamus
673 4691 771 4731 nos
798 4677 971 4746 ignavi
1003 4688 1060 4731 et
1083 4678 1283 4746 supini,
1312 4681 1577 4747 ingratum
1598 4697 1726 4751 erga

107 4771 281 4825 ticum
309 4772 551 4822 animum
578 4770 914 4824 exhibentes.
947 4771 1078 4827 Nam
1105 4771 1149 4823 si
1178 4774 1357 4843 justus
1390 4774 1479 4827 ille
1512 4789 1729 4842 propter

105 4864 304 4927 tenella:
334 4879 582 4918 amorem
607 4865 945 4935 septennium
976 4870 1181 4923 servire
1213 4869 1460 4939 ferreque
1486 4881 1729 4938 pastora-

103 4955 234 5008 lium
263 4955 514 5008 labortnn
546 4970 819 5011 aerumnas
845 4957 1104 5022 decrevit,
1131 4970 1184 5013 et
1207 4941 1312 5013 min
1343 4961 1514 5014 sensit
1536 4962 1619 5015 vel
1652 4962 1728 5014 la-

103 5048 288 5110 bores,
318 5047 408 5103 vel
432 5049 690 5115 temporis
732 5051 1137 5121 longitudinem,
1171 5053 1263 5108 sed
1296 5053 1474 5107 omnia
1502 5057 1548 5109 ei
1591 5054 1728 5110 levia

102 5149 154 5190 et
183 5138 367 5194 facilia
394 5138 743 5206 videbantur,
781 5145 1289 5212 exspectationeqne
1316 5154 1370 5198 et
1398 5163 1492 5215 spe
1521 5147 1728 5201 fruendi

103 5228 296 5294 fultus,
327 5232 400 5284 ita
433 5240 493 5285 ut
515 5231 635 5287 dies
681 5249 878 5301 paucos
919 5235 1134 5306 longum
1163 5237 1292 5292 illud
1325 5248 1536 5309 tempus
1570 5251 1727 5310 puta-

99 5337 183 5380 ret
216 5345 232 5381 :
285 5324 507 5394 qualem
536 5341 640 5380 nos
672 5326 987 5382 habebimus
1027 5333 1451 5396 excusationem,
1499 5334 1587 5402 qni
1621 5351 1726 5390 non

100 5418 215 5486 pari
248 5417 434 5472 studio
458 5432 588 5484 erga
614 5418 900 5473 Dominum
952 5432 1195 5475 nostrum
1224 5433 1277 5478 et
1328 5425 1727 5481 benefactoretu

101 5523 150 5563 et
178 5519 520 5574 curatorem,
556 5519 610 5563 et
640 5510 728 5578 qui
759 5511 912 5567 nobis
954 5511 1022 5566 sit
1057 5516 1258 5582 omnia,
1287 5517 1596 5572 afticimur?
1623 5520 1728 5574 Sed

98 5603 189 5654 ubi
253 5601 578 5672 prouenitur
631 5602 834 5656 lncrmu
887 5607 1200 5673 temporale,
1254 5610 1432 5662 omnia
1485 5611 1733 5667 alacriter

102 5696 387 5749 sustinere
437 5696 706 5760 volumus,
746 5697 955 5752 etiamsi
987 5700 1112 5767 quid
1163 5701 1491 5758 laboriosum
1543 5705 1631 5769 sit,
1678 5719 1732 5762 et

103 5786 262 5840 valle
301 5802 672 5840 :eruninosuin
712 5800 765 5841 et
809 5791 1122 5858 sordidum,
1159 5806 1211 5847 et
1243 5810 1453 5864 pennam
1490 5798 1539 5849 in
1593 5817 1727 5867 prse-

106 5899 160 5934 ξιξ
208 5880 245 5929 ’Ξ
269 5888 324 5934 n',
343 5878 520 5932 ἷτιὶιιιη
540 5883 1527 5958 Sl‘ftllnpfft'iit‘ns1lit‘flplt"t'ltOSlt‘fttll
1553 5907 1724 5947 aulam

3343 413 3447 470 b3}.

1829 509 2083 575 salutem,
2114 519 2168 565 et
2201 522 2257 566 ut
2287 528 2580 582 supernum
2614 515 2768 572 nobis
2798 517 3040 574 favorem
3070 523 3438 591 conciliemus,

1834 602 2042 656 remissi
2071 611 2125 658 et
2151 604 2328 674 supini
2370 615 2423 660 et
2463 605 2708 662 dissoluti
2747 609 3014 665 videmur.
3047 613 3108 666 Et
3141 615 3313 683 qualis
3357 632 3442 671 uo-

1834 693 1914 749 bis
1943 695 2049 751 erit
2075 696 2228 752 venia
2257 738 2272 762 ,
2300 699 2542 769 qualisve
2569 703 2844 756 excusatio
2872 704 2949 758 sic
2979 706 3318 776 negligentia:
3344 709 3439 764 de-

1827 784 1976 852 ditis,
2007 788 2095 856 qui
2136 804 2311 860 neque
2351 800 2611 860 quantum
2643 793 2831 850 beatus
2859 795 2946 850 ille
2995 795 3048 850 in
3082 798 3312 866 puellam
3331 780 3440 856 lde-

1827 877 2048 932 claravit
2069 895 2331 949 amorem,
2356 891 2555 938 tantam
2577 885 2627 938 in
2653 886 2813 940 Deum
2837 889 3114 942 caritatem
3141 889 3398 945 habemus
3425 910 3439 945 :

1829 968 1988 1039 idque
2014 985 2136 1025 cum
2167 981 2308 1034 tanta
2343 976 2613 1044 possimus
2643 992 2933 1033 numerare
2965 979 3224 1035 beneficia
3259 983 3308 1036 in
3341 999 3442 1038 nos

1827 1062 2108 1129 eollocata,
2149 1073 2202 1118 et
2229 1081 2348 1136 quae
2376 1068 2615 1136 quntidie
2655 1069 3034 1125 collocantur?
3064 1071 3170 1126 Sed
3199 1074 3299 1128 etsi
3344 1090 3442 1129 nos

1829 1162 1935 1207 lant
1971 1155 2168 1226 ingrati
2203 1172 2410 1223 sumus,
2449 1174 2556 1214 non
2590 1161 2660 1214 ita
2690 1172 2836 1215 certe
2881 1163 3065 1217 beatus
3098 1164 3316 1232 Paulus,
3350 1169 3439 1235 qui

1829 1255 1932 1298 tam
1965 1247 2201 1305 fervebat
2227 1251 2490 1320 ctignitns
2512 1262 2626 1307 erat
2647 1255 2870 1308 caritate
2895 1256 2945 1309 in
2980 1257 3168 1326 Deum,
3198 1267 3255 1312 ut
3275 1261 3437 1314 verba

1827 1338 1914 1392 illa
1945 1348 2091 1394 tanto
2112 1341 2292 1396 animo
2318 1343 2472 1414 digna
2495 1345 2801 1414 loqueretur
2826 1357 2878 1401 et
2901 1347 3175 1411 clamaret,
3210 1349 3397 1404 dicens
3424 1369 3436 1405 :

1832 1430 1958 1498 Quis
2013 1449 2106 1488 nos
2151 1435 2405 1504 separabit
2438 1453 2468 1488 ιι
2501 1439 2745 1491 clamitare
2766 1437 2999 1492 Christi?
3031 1439 3161 1494 Vide
3190 1439 3442 1495 dictionis

1825 1525 2160 1594 emphasim,
2195 1535 2248 1580 et
2291 1528 2544 1582 latentem
2602 1530 2707 1584 vim
2764 1549 2775 1582 :
2831 1529 2953 1584 \ide
2986 1533 3187 1587 ann-ris
3221 1533 3438 1588 violenti

1827 1617 2117 1684 fervorem,
2151 1620 2270 1674 vide
2309 1621 2586 1675 caritatem
2619 1623 2770 1676 incen
2803 1639 2910 1676 am.
2949 1623 3073 1690 Quis
3102 1642 3191 1678 nos
3228 1642 3436 1695 separa-

1823 1709 1890 1762 bit
1929 1711 1950 1781 (
1981 1709 2127 1764 llam.
2154 1710 2205 1765 8.
2237 1711 2304 1765 53
2331 1713 2392 1781 )?
2435 1713 2593 1780 Quid,
2629 1715 2817 1783 inquit,
2843 1724 2944 1777 est,
2970 1718 3111 1784 quod
3147 1719 3313 1786 pOSsit
3338 1735 3435 1770 nos

1822 1816 1852 1853 a
1875 1802 2134 1856 charitate
2157 1803 2246 1856 Dei
2273 1806 2557 1872 separare?
2587 1806 2871 1875 quidinter
2893 1806 3118 1863 visibilia
3140 1809 3177 1874 ¹,
3200 1809 3325 1878 quid
3347 1809 3432 1862 in-

1826 1903 1907 1948 ter
1935 1895 2262 1949 invisibilia?

1897 1987 1947 2042 5.
1977 1987 2176 2043 Deinde
2205 1989 2392 2043 volens
2421 1998 2472 2042 et
2500 1989 2855 2058 particulatim
2883 1992 3061 2046 omnia
3093 2008 3432 2058 entuucrare,

1823 2087 1870 2131 et
1896 2078 2144 2132 omnibus
2177 2078 2330 2132 nobis
2361 2080 2700 2134 nianile-tum
2731 2080 2906 2135 facere
2933 2083 3296 2151 insuperabile
3327 2085 3425 2138 de—

1822 2168 2078 2222 siderium
2118 2171 2257 2239 quod
2289 2187 2411 2242 erga
2457 2172 2739 2225 Dominum
2798 2172 3142 2242 possidebat,
3200 2173 3436 2229 subdidit

1823 2264 2007 2318 dicens
2038 2283 2047 2315 :
2080 2263 2362 2319 Tribulatio
2385 2266 2411 2319 .9
2439 2284 2506 2319 au
2532 2267 2811 2338 angustia?
2832 2283 2898 2319 an
2927 2266 3127 2334 fames?
3154 2286 3219 2319 au
3249 2285 3392 2334 purse
3410 2297 3421 2306 -

1822 2357 2042 2425 quutio?
2083 2374 2148 2410 an
2180 2359 2425 2412 auditas?
2453 2377 2517 2411 au
2547 2360 2823 2428 periculum
2842 2359 2866 2412 ἶ)
2887 2376 2955 2412 an
2982 2360 3226 2430 gladius?
3251 2359 3296 2414 Ο
3325 2361 3444 2412 aui-

1825 2466 1988 2514 utam,
2025 2451 2250 2518 insania,
2276 2468 2393 2522 que
2420 2453 2762 2508 continentiae
2791 2469 2841 2506 in
2884 2463 2964 2507 ter
2992 2462 3095 2516 est,
3133 2443 3437 2507 furentem!

1825 2544 1986 2613 Quid,
2023 2545 2212 2616 inquit,
2252 2562 2320 2601 cx
2357 2547 2420 2601 iis
2460 2564 2576 2614 qua:
2622 2549 2774 2602 nobis
2829 2546 3012 2601 inferri
3062 2559 3310 2616 pessmtt,
3342 2562 3441 2600 nos

1826 2650 2058 2691 avocare
2105 2652 2134 2690 a
2163 2638 2387 2693 caritate
2435 2653 2554 2708 quae
2592 2648 2674 2693 est
2703 2639 2753 2691 in
2800 2639 2962 2692 Deum
2993 2639 3226 2708 poterit?
3285 2636 3439 2692 Affli-

1824 2732 2033 2786 etioncs
2063 2731 2429 2802 quotidiana?
2459 2732 2692 2787 Minime.
2734 2733 3047 2803 AngUstiaa?
3079 2730 3263 2802 Neque
3313 2731 3439 2786 ille.

1823 2823 1964 2879 Num
1991 2825 2473 2896 persequutiones"
2500 2825 2685 2897 Neque
2717 2826 2840 2881 ill-ar.
2869 2826 2973 2882 Sed
3002 2824 3167 2895 quid?
3197 2841 3322 2879 nmn
3357 2825 3437 2879 fa-

1825 2919 1978 2972 mes?
2008 2935 2134 2972 num
2182 2920 2430 2974 auditas?
2477 2935 2603 2974 num
2633 2921 2906 2990 pericula?
2943 2920 3136 2975 Verum
3165 2919 3292 2989 quid
3324 2919 3443 2973 dico

1828 3009 2045 3076 famem,
2076 3021 2129 3066 et
2159 3012 2476 3076 nuditatem,
2507 3021 2560 3065 et
2606 3013 2848 3080 pericula
2871 2998 3040 3067 ’ἳίιιιιιι
3071 3013 3322 3082 gladius?
3361 3013 3438 3069 Ne

1828 3119 1974 3160 mors
2003 3105 2220 3175 quidem
2247 3107 2382 3178 ipsa,
2413 3108 2457 3161 si
2504 3107 2808 3177 inlligalur,
2837 3109 2938 3163 hoc
2965 3111 3161 3178 poterit
3190 3109 3402 3164 efficere
3429 3127 3440 3160 :

1829 3197 1879 3251 id
1903 3198 2044 3252 enim
2089 3214 2312 3268 prorsus
2346 3201 2683 3270 impossibile
2727 3213 2831 3257 ρει.
2864 3201 3052 3257 Nullus
3093 3203 3228 3256 alius
3257 3205 3334 3258 sie
3361 3203 3443 3257 di-

1827 3300 2018 3359 gnatus
2045 3299 2131 3344 est
2177 3291 2401 3362 diligere
2454 3293 2760 3358 Dominum,
2808 3303 2866 3348 ut
2906 3295 3056 3349 beata
3105 3295 3188 3348 illa
3246 3295 3444 3350 anima.

1827 3379 1988 3446 Quasi
2019 3382 2164 3437 enim
2210 3383 2467 3440 liberatus
2509 3401 2538 3439 a
2580 3401 2830 3456 corpore,
2858 3397 2911 3443 et
2955 3389 3201 3443 sublimis
3255 3389 3447 3453 factus,

1830 3483 1887 3527 ut
1911 3474 1990 3528 sic
2007 3473 2203 3539 dicam,
2225 3489 2398 3546 neque
2426 3468 2588 3546 Super
2609 3487 2806 3533 terram
2834 3481 3108 3536 ambulare
3131 3499 3189 3536 se
3220 3491 3436 3551 putans,

1831 3562 1901 3616 ita
1931 3564 2185 3635 loquitur.
2221 3569 2388 3621 Amor
2415 3569 2562 3623 enim
2603 3571 2656 3624 in
2711 3570 2882 3624 Deum
2915 3580 2969 3626 et
3006 3587 3262 3627 succensa
3300 3577 3444 3628 eari-

1832 3665 1912 3711 tas
1955 3667 2190 3715 mentem
2204 3659 2324 3729 ejus
2337 3673 2365 3713 a
2379 3660 2808 3719 sensibilibusad
2826 3663 2978 3732 spirit
2991 3663 3131 3719 ualia
3151 3662 3451 3723 transtulit,

1831 3758 1886 3805 et
1910 3766 1939 3803 a
1969 3752 2324 3819 przrsentibus
2341 3753 2405 3806 ad
2432 3752 2629 3819 futura,
2662 3766 2716 3808 et
2744 3771 2773 3808 a
2798 3756 3100 3811 visibilihus
3136 3757 3202 3810 ad
3232 3771 3338 3812 non
3372 3759 3450 3809 vi-

1832 3840 2026 3895 sibilia.
2061 3841 2211 3896 Talis
2239 3845 2382 3898 enim
2421 3859 2506 3899 res
2536 3855 2616 3900 est
2647 3846 2778 3900 fides
2806 3857 2860 3901 et
2907 3851 3106 3903 caritas
3149 3850 3201 3903 in
3257 3851 3447 3904 licunt.

1835 3933 1893 3988 EI
1928 3943 1986 3988 ut
2010 3934 2188 3988 discas
2217 3952 2471 4007 magnum
2503 3939 2618 4007 ejus
2647 3940 2827 3995 cordis
2858 3941 3110 3996 affectum
3131 3985 3144 4008 ,
3184 3942 3308 3998 vide
3329 3961 3452 3997 cum

1833 4028 1921 4097 qui
1956 4030 2032 4082 sic
2059 4030 2345 4087 Dominum
2377 4035 2584 4101 dilexit,
2615 4046 2666 4090 et
2711 4037 2762 4090 in
2807 4038 2921 4106 ejus
2957 4039 3236 4092 caritatem
3295 4055 3455 4092 exar-

1833 4118 1922 4181 sit,
1955 4117 2147 4192 fugari,
2176 4126 2650 4195 persequutionem
2693 4128 2823 4197 pati,
2857 4124 3140 4197 flagellari,
3172 4130 3450 4185 innuntcra

1833 4209 2013 4278 gravia
2069 4211 2230 4279 ferre,
2265 4223 2318 4268 et
2365 4217 2545 4270 dicere
2581 4238 2593 4272 :
2629 4216 2694 4271 In
2729 4218 2983 4272 laboribus
3011 4220 3370 4285 abundantius,
3402 4223 3455 4276 in

1835 4302 2000 4373 plagis
2027 4321 2183 4374 supra
2213 4309 2440 4371 modum,
2479 4309 2530 4362 iu
2557 4312 2805 4365 mortibus
2828 4316 3119 4382 frequenter
3145 4330 3162 4367 :
3194 4331 3224 4366 a
3248 4313 3448 4369 ιΙιιιΙιιιὶε

1833 4400 2098 4472 quinquies
2138 4401 2491 4472 quadragenas
2539 4420 2640 4456 una
2688 4405 2854 4456 minus
2904 4406 3078 4475 accepi
3120 4420 3142 4460 :
3171 4415 3244 4459 ter
3302 4408 3456 4477 virgis

1834 4508 1999 4546 cessus
2049 4509 2182 4558 sum,
2213 4496 2366 4547 semel
2407 4494 2666 4566 lapidatus
2707 4512 2841 4560 sum,
2878 4504 2951 4548 ter
2977 4497 3306 4567 naufragium
3336 4499 3452 4568 feci,

1837 4595 1981 4637 nocte
2037 4595 2082 4637 et
2143 4585 2241 4652 die,
2274 4587 2326 4638 iu
2374 4587 2635 4657 profundo
2685 4589 2842 4640 maris
2894 4588 3012 4658 fui,
3066 4589 3118 4640 iu
3187 4589 3449 4641 itineribui

1835 4694 1970 4747 saipe
1995 4721 2007 4743 ,
2067 4680 2305 4748 periculis
2364 4681 2633 4749 fluminum
2656 4722 2668 4744 ,
2700 4683 2943 4750 periculis
2975 4683 3232 4736 latronum
3254 4727 3266 4743 ,
3320 4687 3453 4755 prri-

1837 4769 1966 4821 culis
1997 4769 2048 4820 iit
2095 4769 2239 4839 falsis
2280 4770 2554 4839 fratribus,
2582 4772 2633 4824 in
2665 4773 2838 4826 labore
2879 4784 2926 4826 et
2955 4789 3183 4827 wrunma
3216 4774 3233 4843 (
3261 4774 3312 4826 9.
3335 4773 3453 4830 Cor.

1839 4861 1927 4913 ll.
1959 4860 2158 4930 Ἐὖ-27)
2189 4878 2202 4914 :
2241 4873 2294 4917 ct
2324 4865 2444 4916 talia
2477 4866 2702 4933 patiens,
2751 4865 3018 4936 gaudebat
3049 4876 3100 4922 et
3129 4870 3444 4929 exsultabat.

1836 4948 2048 5004 Sciebat
2075 4954 2239 5018 enim,
2273 4964 2326 5008 ct
2357 4957 2688 5024 argumentis
2712 4958 2894 5011 multis
2923 4969 3103 5012 certus
3133 4970 3268 5022 erat,
3298 4960 3443 5014 labo—

1838 5060 1924 5099 res
1954 5057 2246 5114 przesenles
2279 5050 2511 5103 maxima
2544 5051 2643 5104 sibi
2690 5053 2909 5120 pra‘mia
2936 5054 3248 5119 conciliare,
3277 5065 3330 5107 et
3360 5069 3453 5122 rc-

1840 5139 2003 5192 ricula
2035 5155 2264 5196 Coronos
2296 5156 2503 5211 parere.
2535 5143 2667 5198 Nam
2692 5145 2734 5198 si
2763 5144 2929 5200 .laeob
2962 5158 3180 5216 propter
3207 5162 3448 5201 antorem

1839 5230 1894 5285 in
1923 5231 2208 5286 Rachcleni
2234 5235 2385 5303 quasi
2417 5237 2671 5304 pauculos
2698 5237 2814 5292 dies
2836 5242 3176 5308 septennium
3207 5243 3447 5311 putabat.

1839 5324 2008 5377 multo
2033 5327 2202 5394 magis
2229 5327 2415 5381 beatus
2444 5329 2532 5382 ille
2559 5330 2738 5382 omnia
2772 5330 2920 5383 nihili
2955 5331 3203 5394 faciebat,
3224 5348 3455 5387 succen—

1837 5431 1930 5470 sus
1957 5419 2124 5471 semel
2149 5434 2332 5473 amore
2357 5421 2408 5473 in
2443 5422 2634 5484 Deum,
2668 5430 2723 5476 et
2763 5436 2984 5491 prepter
3015 5424 3288 5477 (.‘hristum
3320 5425 3458 5478 dile—

1839 5517 1983 5562 ctum
2014 5512 2192 5564 omnia
2218 5511 2416 5565 ferens.
2448 5514 2771 5569 Studeamus
2792 5516 2968 5583 igitur,
2997 5517 3243 5578 obsecro,
3279 5527 3331 5569 et
3361 5533 3456 5570 nos

1839 5600 2060 5669 diligere
2104 5602 2397 5658 Christum.
2437 5604 2576 5659 Nihil
2605 5608 2747 5661 enim
2780 5607 2942 5668 aliud,
2983 5609 3173 5676 inquit,
3209 5608 3453 5661 Christus

1901 5789 1916 5820 ¹
1965 5786 2047 5836 Sic
2093 5787 2190 5834 duo
2241 5785 2335 5833 Mss
2366 5824 2377 5841 ,
2422 5793 2571 5845 atque.
2622 5785 2687 5833 ita
2737 5785 2856 5843 legit
2908 5786 3354 5846 vetnslnterpres.
3404 5787 3450 5831 in

1842 5851 1995 5899 litlitxs
2020 5851 2142 5898 lta‘t‘.
2168 5846 2287 5907 quid
2313 5846 2438 5916 inter
2466 5849 2534 5896 ris
2561 5847 2678 5916 i'iliu
2704 5850 2764 5900 [τί
2794 5851 2887 5894 ’ἀνι
2915 5852 2962 5908 ἐς
3001 5850 3207 5909 qvi-invi).
3246 5851 3410 5897 deﬁcit
3441 5878 3453 5883 -

1837 5914 1949 5961 l‘.:':i
1982 5926 1990 5964 ;
2024 5913 2108 5957 sel
2139 5933 2145 5944 ο
2173 5927 2194 5953 :t
2235 5911 2394 5957 S-‘ti:'-;
2423 5911 2721 5971 {astuti-al.
