4182 6322
656 419 786 476 υιιιι

677 530 901 602 requirit
925 542 954 582 a
984 537 1057 592 te,
1085 538 1244 596 quam
1267 531 1324 596 ut
1354 522 1524 591 ipsum
1549 518 1738 587 diligas
1766 530 1828 570 ex
1853 521 1964 567 toto
1989 509 2183 602 corde,
2206 515 2261 602 et

680 597 842 675 lacius
869 616 1117 672 mandata
1151 615 1265 683 ejus
1293 611 1484 685 (Marc.
1515 608 1602 664 η.
1622 607 1747 676 '50).
1792 604 1892 673 Qui
1921 601 2063 658 enim
2093 597 2263 668 diligit

677 718 814 765 sicut
864 690 1072 777 oportet
1127 706 1311 769 Deum,
1350 693 1688 757 manifestum
1723 696 1863 768 quod
1911 704 1968 751 et
2013 691 2261 747 mandata

674 801 791 869 ejus
815 797 1038 867 implere
1067 797 1284 850 nitatur.
1311 791 1535 861 Quando
1563 789 1706 844 etaim
1736 787 1855 855 quis
1874 799 2001 856 erga
2021 783 2254 852 aliquem

680 893 916 944 fraterne
939 887 1186 947 afﬁcitur,
1215 885 1393 940 omnia
1446 883 1618 936 facere
1664 878 1861 943 studet,
1909 885 1966 929 ut
2007 873 2260 928 dilectum

676 978 944 1034 attrahere
965 978 1132 1049 possit
1165 975 1218 1029 in
1243 987 1482 1028 amorem
1509 985 1685 1026 suum.
1739 968 1800 1022 Et
1853 979 1949 1020 nos
1976 976 2190 1033 quoque
2216 961 2259 1014 si

681 1068 961 1124 Dominum
989 1068 1196 1121 sincere
1222 1063 1582 1120 dilexerimus.
1605 1057 1850 1112 mandata
1879 1055 1996 1123 ejus
2018 1051 2259 1121 implere,

689 1156 932 1226 nihilque
958 1169 1164 1217 eorum,
1193 1167 1312 1222 qua:
1341 1149 1660 1204 exacerbare
1687 1153 1934 1215 poterunt
1984 1142 2259 1202 dilectum,

690 1246 866 1302 facere
889 1243 1235 1300 studebimus.
1260 1240 1373 1296 Hoc
1396 1238 1556 1294 fuerit
1579 1252 1800 1307 regnum
1837 1235 2114 1298 caelorum,
2165 1232 2266 1287 hoc

685 1338 944 1390 bonorum
971 1333 1186 1394 fruitio;
1214 1331 1316 1386 hoc
1355 1330 1558 1385 infinita
1600 1328 1738 1383 bona
1777 1327 2037 1390 continet,
2067 1325 2111 1379 si
2137 1340 2261 1395 ger-

681 1440 836 1480 triane
884 1434 940 1478 et
985 1424 1122 1478 sicut
1155 1430 1365 1492 oportet
1413 1435 1536 1476 eum
1580 1418 1831 1475 dilexeris
1864 1435 1877 1471 :
1911 1418 2058 1472 illum
2083 1423 2260 1471 autem

684 1516 890 1570 sincere
935 1513 1240 1583 diligimus,
1271 1512 1316 1566 si
1360 1519 1579 1581 propter
1620 1509 1894 1564 caritatem
1936 1511 1988 1561 ln
2016 1521 2160 1567 eum.
2210 1516 2264 1559 et

678 1621 801 1676 erga
826 1583 1116 1660 conservos
1155 1602 1385 1657 multam.
1427 1601 1776 1655 cxhibeanms
1805 1598 2164 1654 dilectionem.
2197 1595 2263 1650 In

677 1696 755 1749 Itis
780 1695 910 1749 enim
933 1693 1126 1747 duabus
1146 1691 1417 1755 mandatis,
1460 1689 1650 1758 inquit,
1693 1689 1924 1741 universa
1951 1688 2035 1742 lea:
2062 1695 2109 1740 et
2138 1701 2260 1756 pro-

676 1787 850 1855 pheta.
881 1777 1094 1854 pendent
1138 1781 1351 1854 (Matth.
1390 1781 1481 1834 22.
1535 1778 1643 1850 40)
1673 1796 1686 1832 :
1719 1793 1909 1847 nempe
1966 1786 2024 1831 ut
2075 1778 2264 1848 diligas

679 1876 961 1932 Dominum
991 1875 1154 1929 Deum
1201 1881 1346 1927 tuum
1381 1887 1446 1927 ex
1494 1880 1603 1925 toto
1627 1870 1790 1926 corde
1815 1880 1943 1937 tuo,
1978 1878 2032 1924 et
2059 1886 2122 1924 ex
2155 1879 2263 1926 tota

677 1977 858 2022 mente
888 1976 995 2032 tua,
1027 1975 1080 2020 et
1105 1979 1166 2020 ex
1195 1964 1440 2018 omnibus
1467 1962 1665 2016 viribus
1694 1965 1836 2026 tuis;
1871 1970 1926 2017 et
1963 1961 2264 2031 proxiumm

663 2067 827 2111 'tuum
841 2056 979 2110 sicut
1013 2054 1241 2124 teipsutn
1272 2053 1461 2127 (Marc.
1490 2053 1575 2107 12.
1607 2053 1692 2109 30.
1728 2052 1818 2123 51)
1873 2052 1998 2106 Haec
2026 2053 2261 2106 omnium

680 2146 934 2200 virtutum
958 2159 1186 2209 summa,
1216 2142 1313 2195 hoc
1331 2143 1752 2198 fundamentum.
1781 2141 1948 2196 Simul
1975 2142 2116 2196 enim
2141 2157 2261 2196 cum

675 2234 895 2289 caritate
919 2234 971 2287 in
1006 2233 1166 2286 Deum
1193 2231 1485 2301 ingreditur
1510 2232 1726 2286 dilectio
1750 2231 1994 2302 proximi.
2019 2229 2149 2284 Nam
2170 2229 2260 2300 qui

677 2323 841 2379 Deum
863 2322 1053 2393 diligit,
1087 2337 1190 2376 non
1218 2321 1475 2390 despiciet
1500 2321 1738 2387 fratrem,
1771 2336 1941 2390 neque
1971 2336 2100 2390 opes
2146 2321 2264 2391 plu-

675 2414 771 2478 ris,
803 2428 964 2484 quam
988 2412 1283 2467 membrum
1308 2426 1460 2466 suum
1486 2453 1500 2478 ,
1532 2411 1722 2476 faciet,
1751 2411 1846 2467 sed
1876 2427 2120 2482 magnam
2153 2428 2261 2483 pra:

675 2519 732 2557 se
764 2504 894 2559 feret
922 2504 1328 2573 benignitatem,
1367 2517 1572 2558 memor
1595 2503 1710 2566 eius
1737 2504 1826 2572 qui
1854 2503 1993 2558 dixit
2023 2522 2036 2557 :
2069 2503 2167 2571 Qui
2187 2506 2263 2574 fa-

675 2600 795 2652 teri!
819 2598 1013 2669 aliquid
1038 2597 1314 2652 tmiharttm
1330 2598 1668 2661 minimarum,
1691 2599 1815 2651 mihi
1832 2598 2004 2666 fecerit
2032 2597 2249 2670 (Matth.

679 2687 770 2744 25.
795 2687 922 2758 40).
956 2688 1021 2742 Et
1042 2690 1300 2758 cogitans,
1328 2697 1544 2758 propter
1568 2688 1917 2743 ministerium
1949 2690 2001 2743 in
2041 2704 2259 2745 conscr-

675 2794 796 2833 vum
830 2779 995 2833 Deum
1022 2780 1191 2847 ipsum
1221 2794 1339 2834 esse
1363 2780 1449 2846 qui
1480 2788 1535 2832 ut
1564 2778 1662 2833 sibi
1704 2779 1997 2848 prmstitum
2027 2778 2260 2835 officium

675 2871 958 2936 adseribal,
1009 2884 1196 2938 magna
1243 2884 1363 2923 cum
1393 2869 1667 2923 alacritate
1710 2869 1888 2922 omnia
1931 2869 2257 2938 operabitur,

675 2976 1024 3032 magnamque
1055 2959 1424 3014 liberalitatem
1465 2959 1735 3014 exhibebit
1777 2961 1918 3015 circa
1965 2960 2262 3032 elcemosy—

675 3071 817 3122 nam,
840 3070 941 3108 non
971 3052 1036 3107 ad
1063 3053 1312 3106 vilitatem
1341 3051 1628 3122 respiciens
1647 3051 1890 3120 pauperis
1907 3053 1996 3120 qui
2022 3060 2260 3120 apparet,

673 3145 767 3200 scd
796 3145 860 3198 ad
911 3143 1327 3215 magnitudinem
1367 3145 1484 3210 ejus
1529 3143 1618 3213 qui
1664 3143 1906 3211 promisit
1949 3158 2008 3198 se
2052 3143 2261 3198 habitu—

673 3252 789 3293 rum
822 3236 1040 3306 perinde
1071 3250 1134 3289 ac
1167 3235 1210 3288 si
1242 3234 1341 3290 sibi
1382 3232 1517 3288 facta
1549 3245 1750 3298 essent,
1781 3249 2132 3303 qiuecumque
2183 3233 2264 3288 illi

674 3331 807 3384 facta
836 3329 1044 3384 fuerint.
1077 3327 1153 3383 Ne
1179 3328 1334 3396 igitur
1378 3338 1756 3395 praetereamus
1781 3327 2111 3395 simpliciter,
2143 3341 2262 3394 oro,

675 3421 876 3475 lucrum
904 3428 1203 3472 nostrarum
1232 3417 1528 3470 animarum
1557 3426 1609 3471 et
1629 3417 1924 3471 remedium
1958 3426 2263 3471 nostrorum

677 3511 970 3565 vulnerum.
1003 3508 1115 3562 Hoc
1135 3507 1299 3570 enim,
1353 3505 1455 3560 hoc
1481 3507 1769 3562 maximum
1811 3507 2155 3578 pharmacum
2189 3509 2259 3564 ita

675 3604 879 3657 curabit
913 3610 968 3657 et
994 3600 1227 3657 abolebit
1257 3601 1437 3656 ulcera
1482 3601 1780 3656 animarum
1833 3613 2136 3657 nostrarum
2159 3645 2173 3669 ,
2207 3615 2266 3659 ut

679 3711 847 3764 neque
873 3695 1148 3764 vestigium
1174 3708 1345 3762 neque
1368 3693 1583 3746 cicatrix
1607 3693 1781 3763 aliqua
1807 3696 2114 3763 apparitura
2145 3697 2216 3750 sit
2246 3714 2259 3750 :

682 3785 729 3836 id
781 3781 920 3850 quod
969 3783 1021 3834 in
1063 3781 1305 3851 corporis
1347 3781 1652 3836 vulneribus
1701 3797 1804 3835 non
1857 3792 1940 3840 est
1993 3784 2261 3854 possibile.

680 3873 808 3926 Nam
841 3873 963 3926 Ιὶοιει
1000 3871 1116 3940 quis
1151 3871 1343 3925 millies
1389 3873 1770 3940 calaplasmata
1801 3885 2015 3942 accepta
2041 3890 2068 3926 a
2099 3875 2267 3930 medi-

691 3968 768 4021 cis
795 3973 1138 4035 superponat,
1157 3979 1375 4020 necesse
1396 3975 1475 4020 est
1513 3965 1810 4021 cicatricem
1833 3967 1883 4021 in
1901 3982 2123 4036 corpore
2155 3983 2269 4021 ma-

682 4072 811 4111 nere
835 4071 849 4119 ;
881 4065 932 4108 ct
959 4056 1146 4108 merito
1174 4072 1187 4108 :
1215 4069 1407 4122 corpus
1431 4056 1572 4108 enim
1605 4067 1685 4108 est
1731 4055 1872 4124 quod
1901 4065 2137 4111 curatur.
2171 4058 2266 4112 llic

683 4157 858 4200 autem
886 4146 1005 4214 quia
1029 4144 1201 4198 anima
1237 4153 1320 4199 est
1349 4162 1462 4213 qtnc
1493 4154 1708 4200 curatur
1731 4186 1747 4211 ,
1782 4146 1994 4214 quando
2023 4148 2140 4215 quis
2170 4147 2264 4201 bo-

687 4251 806 4289 nam
849 4248 995 4287 suam
1043 4233 1370 4286 voluntatem
1411 4233 1666 4301 declarat,
1711 4235 1930 4287 multam
1977 4235 2027 4287 in
2079 4236 2269 4290 melius

689 4325 1031 4378 mulationem
1061 4323 1250 4390 'ccipit
1283 4339 1294 4373 :
1330 4332 1382 4376 ct
1419 4322 1498 4375 sie
1523 4322 1701 4377 omnia
1735 4323 1913 4377 ulcera
1946 4323 2187 4395 depellit,
2215 4336 2271 4378 ut.

688 4425 876 4468 ventus
924 4412 1209 4467 vehemens
1251 4412 1524 4481 pulverem
1567 4413 1836 4468 deturbat.
1881 4416 2055 4484 Atque
2082 4415 2267 4470 horum

690 4504 924 4558 omnium
971 4502 1230 4571 exemplis
1258 4503 1429 4571 plena:
1475 4512 1599 4561 sunt
1628 4503 1941 4574 Scriptum.
1971 4504 2044 4559 Ita
2077 4505 2270 4560 Paulus

688 4597 959 4667 apostolus
987 4596 1151 4650 factus
1181 4606 1265 4652 est
1295 4612 1358 4650 ex
1385 4607 1786 4666 perscquutore,
1809 4611 1860 4654 et
1884 4603 1971 4670 qui
2001 4603 2145 4670 prius
2174 4604 2270 4656 ini-

684 4687 954 4756 pugnabat
983 4687 1295 4751 Ecclesiam,
1338 4697 1518 4754 postea
1545 4687 1716 4744 factus
1741 4701 1822 4745 est
1841 4693 1955 4761 ejus
1980 4691 2266 4762 pronubus.

768 4775 820 4829 ὁ.
872 4774 1014 4827 Brevi
1060 4784 1276 4844 tempore
1306 4785 1466 4845 potest
1511 4777 1807 4832 delictorum
1848 4782 2071 4835 remissio
2117 4785 2266 4851 impc-

699 4867 836 4919 trari.
879 4865 1217 4933 Etecmosyua:
1244 4866 1554 4934 magnitudo.
1577 4897 1648 4907 —
1665 4867 1850 4923 Vidisti
1882 4882 2072 4939 quanta
2095 4889 2270 4926 rerum

698 4957 1038 5012 vicissitudo?
1067 4958 1240 5010 vidisu
1271 4971 1461 5024 quanta
1486 4961 1894 5015 transmutatio?
1922 4961 2006 5016 Sic
2039 4973 2092 5016 ct
2116 4967 2268 5029 [ιιι-υ,

699 5051 784 5116 qui
817 5048 975 5099 multa
1005 5045 1198 5100 fecerat
1231 5048 1532 5115 homicidia,
1567 5049 1618 5102 in
1643 5067 1749 5104 uno
1775 5054 2032 5122 temporis
2061 5067 2270 5121 puncto,

702 5147 915 5207 propter
946 5152 1106 5203 pauca
1135 5138 1220 5187 illa
1255 5138 1412 5189 verba
1447 5141 1516 5190 ita
1546 5140 1724 5192 omnia
1751 5142 1915 5195 abluit
1958 5156 2191 5212 peccata,
2224 5158 2276 5200 nt

702 5230 906 5280 audiret
938 5243 963 5279 a
1014 5227 1234 5281 Domino
1279 5246 1289 5279 :
1348 5227 1512 5281 Hodie
1565 5248 1756 5284 mecum
1805 5235 1900 5288 eris
1947 5238 1997 5287 in
2043 5241 2278 5306 paradiso

708 5321 851 5388 (an.
878 5319 966 5372 2'5.
1003 5320 1068 5374 .43
1092 5321 1130 5387 ).
1159 5318 1249 5372 Sic
1274 5329 1325 5372 et
1347 5321 1681 5387 publicanus,
1708 5325 1797 5393 qui
1828 5340 2158 5394 percusserat
2191 5348 2280 5397 pe.-

704 5421 839 5462 ttlth.
875 5419 926 5460 et
951 5423 1042 5460 sua
1077 5420 1285 5475 peccata
1319 5410 1596 5466 confessus
1617 5423 1751 5478 erat,
1786 5416 2059 5472 descendit
2082 5421 2277 5489 justiti-

707 5512 848 5551 t-atn:
879 5503 1063 5565 magis,
1091 5514 1245 5567 qttam
1296 5501 1597 5556 Pharismus
1634 5503 1652 5573 (
1686 5504 1772 5557 Id.
1803 5507 1890 5561 .18.
1928 5509 2051 5578 i5).
2086 5511 2277 5565 Verum

709 5607 891 5641 uulnus
929 5591 975 5641 in
1027 5591 1217 5643 anima:
1257 5606 1364 5645 sua:
1396 5593 1591 5646 bonum
1635 5595 1880 5651 affectum
1927 5600 2279 5667 declararunt,

718 5771 991 5827 Videamus
1022 5783 1194 5827 autem
1220 5784 1269 5826 et
1300 5772 1456 5842 hujus
1487 5776 1717 5831 mandati
1744 5782 1917 5848 robur,
1939 5794 1998 5838 ,οι
2030 5798 2275 5858 manu",

1422 405 1480 463 S.
1519 397 1794 461 JO.\N.\'IS
1831 386 2300 451 CIIRYSOSTOIII
2341 384 2657 444 ARCHIEP.
2697 384 3233 444 CONSTANTINOP.

3850 381 3963 439 "8!

2370 503 2709 559 abundantiae
2737 504 2844 559 vim
2885 504 3155 575 possith
3182 503 3328 574 larga
3355 502 3699 572 elocutosyua
3725 541 3740 566 ,
3768 510 3824 555 ιιι
3852 513 3974 555 eum

2369 591 2713 649 didicerimus
2738 593 2942 650 lucrum
2963 593 3108 665 quod
3133 593 3259 649 inde
3281 594 3540 654 nascitur,
3570 592 3825 647 alacriter
3855 605 3975 646 eam

2369 683 2673 755 largiamur.
2704 685 2863 742 Forte
2887 685 3030 742 enim
3062 694 3209 741 tanta
3238 685 3356 755 ejus
3382 693 3463 740 est
3489 692 3748 756 potestas,
3780 693 3838 737 ut
3869 697 3976 738 nou

2369 778 2543 830 solum
2580 785 2793 845 peccata
2836 792 3081 849 purgare,
3110 777 3205 834 sed
3235 785 3289 832 et
3317 787 3543 831 mortem
3570 774 3756 844 fugare
3778 774 3979 828 valeat.

2371 866 2438 920 Et
2465 867 2750 936 quomodo,
2775 882 2877 938 ego
2904 867 3099 923 dicam.
3131 867 3196 922 Et
3224 867 3367 937 quis,
3396 865 3534 921 dicet
3565 865 3792 936 aliquis,
3821 863 3977 920 elec—

2371 970 2647 1027 mosyuam
2681 955 2900 1020 faciens,
2916 958 3158 1027 superior
3181 968 3354 1013 morte
3372 956 3541 1012 factus
3556 967 3639 1012 est
3657 956 3680 1009 ?
3698 955 3846 1011 Sane
3861 969 3984 1011 out-

2371 1062 2465 1101 nes
2498 1046 2742 1100 videmur
2763 1048 2863 1102 sub
2897 1048 3085 1103 mortis
3109 1046 3446 1120 tyrannidem
3478 1048 3709 1102 venisse.
3745 1043 3826 1100 Ne
3856 1055 3971 1101 tur-

2367 1137 2531 1201 beris,
2563 1134 2776 1200 dilecte,
2806 1136 2901 1192 sed
2927 1137 3088 1192 rebus
3103 1137 3232 1206 ipsis
3255 1135 3406 1191 disce
3431 1135 3700 1206 quomodo
3717 1134 3965 1191 eleemo-

2368 1243 2518 1301 syna:
2572 1230 2650 1283 vis
2699 1239 2752 1283 et
2805 1228 2993 1282 mortis
3023 1228 3150 1282 vicit
3179 1226 3536 1299 tjrannidem.
3593 1225 3831 1281 Tabitha
3863 1235 3981 1280 erat

2367 1321 2596 1384 mulier,
2630 1319 2784 1389 cujus
2834 1334 3028 1373 nomen
3065 1319 3109 1373 si
3140 1319 3261 1388 quis
3317 1319 3704 1388 interpretatur
3729 1359 3746 1383 ,
3775 1317 3979 1372 dicitur

2369 1408 2609 1463 Dorcas:
2651 1406 2766 1462 hate
2782 1406 3019 1477 quotidie
3037 1406 3454 1477 dabatoperam,
3495 1415 3553 1461 ut
3578 1406 3857 1477 colligeret
3902 1421 3974 1461 ex

2367 1501 2709 1571 elcemosyna
2739 1499 2969 1554 divitias.
3008 1497 3075 1553 Et
3120 1499 3401 1564 vestiebat,
3433 1499 3645 1568 inquit,
3668 1495 3887 1563 viduas,
3920 1509 3979 1551 ct

2368 1592 2501 1647 alios
2530 1606 2721 1647 omnes
2758 1599 3009 1660 sumptus
3039 1590 3118 1646 eis
3150 1590 3444 1660 prmbcbat.
3493 1589 3711 1644 Factum
3748 1592 3844 1646 est
3873 1604 3978 1643 au-

2369 1691 2477 1737 tem
2501 1693 2557 1737 ut
2607 1683 2875 1737 infirmata
2908 1683 3022 1752 ipsa
3058 1691 3378 1737 moreretur.
3407 1681 3512 1737 Sed
3542 1681 3661 1735 vide
3702 1681 3978 1752 quomodo

2370 1777 2452 1831 h.c
2479 1792 2599 1846 qua:
2625 1777 2694 1830 ab
2741 1776 2829 1830 illa
2859 1775 3204 1842 curabantur,
3235 1783 3291 1830 et
3320 1790 3453 1847 quas
3483 1774 3766 1841 vestiebat,
3808 1774 3977 1830 bene-

2369 1866 2521 1922 ficam
2552 1875 2850 1937 Opportune
2885 1866 3304 1921 remunerarint.
3347 1865 3562 1921 Stantes
3587 1865 3732 1919 εἰναι
3756 1872 3978 1934 aposto-

2367 1956 2475 2011 lum
2505 1998 2519 2022 ,
2553 1957 2944 2022 monstrabant,
2983 1957 3189 2028 inquit,
3217 1957 3265 2012 ei
3297 1966 3496 2024 vestes,
3525 1965 3579 2010 et
3627 1966 3821 2012 cuncta
3853 1971 3980 2028 quae

2367 2047 2616 2112 faciebat,
2663 2064 2784 2104 cum
2811 2049 2987 2104 adhuc
3025 2049 3080 2106 in
3128 2050 3378 2104 humanis
3405 2059 3587 2120 ageret
3639 2049 3841 2104 Dorcas
3873 2067 3887 2103 :
3923 2059 3982 2106 et

2365 2139 2634 2194 alumnam
2662 2140 3027 2210 requirebant,
3062 2141 3330 2212 lacrymas
3368 2141 3787 2212 profundebaut,
3821 2151 3878 2196 et
3906 2143 3979 2196 ad

2366 2247 2611 2303 magnam
2639 2233 3039 2290 miserationem
3069 2235 3374 2303 apostolum
3417 2236 3803 2303 provocabam.
3835 2233 3981 2303 Quid

2365 2323 2526 2394 igitur
2553 2323 2747 2379 beatus
2775 2324 3010 2380 Petrus?
3040 2323 3261 2379 Geuibns
3305 2325 3504 2394 positis,
3538 2325 3729 2394 inquit,
3754 2327 3928 2378 ararit
3959 2341 3981 2378 :

2365 2423 2410 2469 et
2429 2430 2696 2470 conuersus
2731 2415 2800 2470 ad
2824 2432 3032 2486 corpus,
3062 2417 3191 2470 diﬁt
3213 2433 3232 2470 :
3257 2414 3493 2480 Tabitlm,
3539 2433 3712 2488 surge.
3747 2415 3855 2471 Illa
3880 2433 3983 2470 ast-

2365 2517 2463 2562 tem
2500 2509 2698 2579 aperuit
2726 2509 2899 2564 oculos
2941 2525 3060 2564 suos
3083 2549 3099 2576 ,
3143 2518 3189 2562 et
3217 2517 3272 2562 ιιι
3316 2509 3438 2562 ridi:
3483 2507 3715 2576 Petram,
3767 2509 3976 2563 resedit.

2367 2599 2504 2654 Data
2528 2608 2701 2654 autem
2727 2599 2772 2654 ei
2798 2616 2972 2666 manu,
2993 2599 3150 2653 erexit
3165 2613 3275 2653 eam
3306 2613 3326 2652 :
3351 2607 3400 2652 et
3423 2599 3682 2652 accersitis
3712 2598 3906 2652 sanctis
3929 2607 3981 2652 et

2365 2689 2550 2754 viduis,
2577 2689 2942 2743 commendavit
2959 2688 3064 2742 illis
3089 2704 3201 2743 eam
3218 2688 3380 2742 vivam
3409 2686 3550 2760 (Act.
3578 2689 3634 2743 9.
3656 2689 3779 2757 40).
3815 2687 3975 2742 Vidi-

2364 2780 2433 2835 sti
2456 2781 2704 2835 virtutem
2735 2781 2980 2850 apostoli,
3011 2779 3120 2834 imo
3136 2779 3412 2848 operantis
3443 2795 3540 2850 per
3567 2794 3692 2835 eum
3720 2779 3983 2834 Domini?

2364 2870 2542 2926 vidisti
2566 2881 2762 2942 quanta
2787 2871 3068 2927 retributio
3088 2871 3456 2927 beneﬁcentia:
3479 2872 3531 2927 in
3560 2872 3771 2938 viduas,
3801 2873 3972 2928 etiam

2365 2963 2733 3033 in-przesenti?
2774 2963 2912 3030 Quid
2942 2963 3084 3018 enim
3112 2973 3342 3030 tantum,
3381 2980 3586 3035 quaeso,
3621 2944 3853 3034 prxbuit
3879 2963 3977 3018 illa

2366 3056 2559 3122 viduis,
2586 3065 2839 3126 quantum
2871 3056 2974 3112 illa:
3012 3058 3060 3112 ei
3089 3056 3492 3126 rependerunt?
3520 3056 3711 3112 Vestes
3744 3047 3982 3128 praebuit

2366 3155 2422 3201 et
2444 3147 2719 3209 alimenta,
2748 3147 2840 3200 sed
2884 3147 2987 3201 illa:
3027 3146 3094 3200 ad
3119 3148 3284 3202 vitam
3309 3146 3451 3201 hanc
3495 3145 3870 3216 reduxerunt;
3924 3162 3984 3206 et

2367 3246 2596 3292 mortem
2625 3239 2692 3291 ab
2711 3253 2772 3292 ea
2818 3241 3065 3308 fugarunt
3094 3256 3108 3292 :
3139 3238 3248 3292 imo
3276 3254 3382 3292 non
3429 3238 3554 3300 ill-.e,
3583 3238 3677 3293 sed
3722 3240 3986 3298 clemens

2369 3327 2624 3382 Dominus
2647 3336 2827 3382 uoster
2853 3337 3066 3399 propter
3083 3343 3274 3384 curam
3297 3344 3458 3399 quant
3485 3328 3984 3400 illisimpeuderat.

2371 3417 2588 3471 Vidistis
2636 3417 2906 3486 pharmaei
2953 3419 3272 3489 potentiam,
3305 3419 3685 3475 dilectissimi?
3713 3421 3831 3478 lloc
3860 3438 3992 3478 ont-

2368 3521 2465 3561 nes
2511 3507 2798 3578 nobisipsis
2840 3524 3133 3578 paremus:
3174 3525 3351 3581 neque
3405 3512 3548 3565 enim
3595 3521 3991 3583 sumptuosum

2370 3606 2472 3664 est,
2505 3600 2750 3667 quamvis
2773 3608 2820 3652 ta
2831 3610 2936 3654 nia!
2960 3602 3031 3656 sit
3059 3602 3290 3666 virtutis,
3315 3601 3410 3656 sed
3432 3612 3487 3658 et
3511 3602 3602 3657 vili
3622 3604 3849 3672 emitur,
3882 3620 3994 3661 nec

2370 3687 2538 3740 multo
2565 3696 2782 3756 sumptu
2830 3687 3052 3758 indiget.
3106 3689 3416 3760 Magnitudo
3442 3693 3584 3748 enim
3610 3691 3992 3767 elcemosysm

2370 3792 2474 3831 non
2504 3777 2556 3832 in
2588 3779 2925 3834 multitudine
2946 3781 3292 3850 pecuniarum
3318 3782 3398 3835 vel
3421 3797 3581 3852 opum
3611 3783 3713 3837 sita
3743 3793 3859 3848 est,
3886 3786 3994 3841 sed

2369 3881 2434 3922 ex
2464 3868 2735 3922 alacritate
2760 3867 2995 3942 dantiqu
3022 3869 3292 3939 judiCatur
3315 3870 3528 3943 (Matth.
3561 3873 3648 3928 10.
3686 3872 3806 3944 ιε).
3837 3874 3995 3930 Pro-

2373 3969 2488 4027 pter
2510 3959 2609 4013 hoc
2635 3969 2689 4013 et
2719 3960 2809 4030 qui
2857 3970 3038 4030 potum
3069 3977 3224 4032 aqua:
3265 3961 3473 4033 frigidae
3502 3962 3672 4030 dedit,
3716 3976 3998 4038 acceptus

2370 4061 2474 4114 est,
2516 4065 2723 4102 necnon
2756 4066 2816 4106 ea
2864 4067 2983 4121 qua:
3009 4053 3116 4106 duo
3142 4053 3347 4108 minuta
3390 4054 3442 4106 in
3487 4054 3779 4110 carbonum
3831 4058 3999 4115 misit

2372 4137 2527 4207 (Luc.
2557 4139 2648 4193 2|.
2671 4139 2783 4210 ‘2),
2832 4150 2890 4194 ut
2933 4141 3222 4206 discamus,
3253 4143 3451 4212 ubique
3499 4153 3700 4199 rectam
3735 4157 3995 4204 mentem

2374 4231 2571 4301 requiri
2600 4231 2666 4284 ab
2694 4231 3062 4286 universorum
3107 4234 3352 4287 Domino.
3390 4234 3531 4288 Fieri
3573 4243 3752 4304 potest
3785 4248 3845 4290 ιιι
3893 4242 3994 4310 qui

2377 4336 2558 4389 parum
2589 4321 2765 4385 habet,
2797 4338 3045 4393 magnam
3080 4339 3189 4393 pra:
3230 4339 3288 4379 se
3330 4323 3470 4380 ferat
3495 4325 3915 4394 liberalitatem,
3947 4334 3994 4386 si

2377 4428 2564 4483 magna
2592 4418 2731 4468 valet
2757 4415 3027 4469 alacritate
3058 4432 3073 4469 :
3102 4425 3158 4470 et
3178 4416 3268 4486 qui
3301 4417 3464 4471 multa
3493 4419 3727 4487 possidet
3753 4461 3768 4483 ,
3799 4421 4000 4478 minor

2388 4504 2631 4558 videatur
2663 4504 2725 4557 iis
2751 4505 2838 4573 qui
2876 4520 3060 4574 parum
3090 4506 3306 4574 habent,
3339 4522 3455 4576 pro;
3478 4517 3560 4562 ter
3583 4509 3789 4564 sordidi
3813 4513 3999 4570 animi

2378 4595 2732 4649 tenacitatem.
2810 4594 3156 4652 Elfundamus
3219 4599 3415 4668 igitur,
3471 4614 3689 4670 quasso,
3746 4601 4001 4660 faculta-

2380 4695 2457 4739 tes
2502 4694 2709 4740 nostras
2771 4685 2822 4739 in
2846 4701 3045 4755 egenos
3071 4699 3248 4743 mente
3279 4689 3508 4758 liberali,
3539 4707 3605 4745 ex
3635 4693 3698 4746 iis
3726 4709 3855 4763 qua:
3886 4711 3999 4751 no-

2379 4780 2458 4833 bis
2487 4778 2741 4831 Dominus
2786 4777 2932 4832 dedit
2963 4797 2976 4832 :
3006 4790 3058 4834 ct
3087 4795 3205 4849 qua:
3234 4781 3300 4834 ab
3322 4795 3388 4836 eo
3415 4782 3536 4836 data
3567 4795 3710 4849 sunt,
3741 4785 3847 4854 ipsi
3883 4788 4000 4845 ite-

2379 4887 2496 4926 rum
2523 4871 2728 4935 dcmus,
2785 4880 2842 4950 ut
2880 4874 2959 4926 sic
2998 4873 3188 4928 iterum
3232 4883 3410 4930 nostra
3457 4892 3579 4931 cum
3631 4879 3781 4934 lucro
3827 4883 3994 4937 fiant.

2381 4965 2548 5018 Tanta
2598 4964 2743 5018 enim
2799 4966 2917 5032 ejus
2969 4976 3052 5020 est
3107 4966 3430 5033 liberalitas,
3489 4981 3544 5023 ut
3589 4971 3712 5027 licet
3751 4976 4004 5044 accipiat

2382 5056 2448 5108 de
2480 5056 2543 5108 iis
2596 5072 2713 5125 quae
2757 5058 2870 5124 ipse
2916 5058 3084 5124 dedit,
3127 5073 3232 5113 non
3264 5069 3410 5129 putet
3458 5073 3634 5117 tamen
3673 5070 3902 5135 prOpria
3941 5086 4007 5126 se

2381 5149 2644 5214 accipere,
2691 5149 2784 5202 sed
2835 5163 3023 5218 magna
3070 5151 3428 5207 munificentia
3460 5154 3613 5208 nobis
3641 5173 3702 5209 ea
3738 5159 4008 5215 redditu-

2385 5254 2498 5292 rum
2527 5253 2585 5292 se
2615 5240 2931 5307 pollicetur;
2989 5249 3193 5294 tantum
3244 5243 3288 5298 si
3321 5259 3418 5296 nos
3460 5261 3578 5314 quae
3630 5258 3814 5301 nostra
3864 5265 4009 5306 sunt

2386 5329 2561 5385 facere
2608 5332 2870 5394 velimus,
2917 5342 2970 5385 et
2995 5331 3072 5385 sic
3117 5336 3435 5404 pauperibus
3465 5353 3772 5408 erogemus,
3833 5351 4008 5412 quasi

2388 5421 2716 5489 deponentes
2769 5436 2829 5474 ea
2889 5420 2940 5475 in
2987 5439 3177 5478 manus
3238 5427 3443 5481 Domini
3499 5448 3510 5481 :
3567 5432 3805 5485 scientes
3833 5451 4006 5503 qua:-

2387 5528 2612 5582 cumquc
2659 5514 2926 5581 acceperit
2983 5531 3171 5569 manus
3209 5518 3319 5578 illa,
3377 5535 3434 5570 ea
3479 5536 3580 5573 non
3632 5523 3810 5577 solum
3875 5531 4012 5585 red-

2331 5662 2336 5667 ,
2389 5605 2638 5670 dituram,
2685 5607 2781 5661 sed
2815 5608 3161 5676 multiplicata
3209 5613 3358 5667 nobis
3397 5615 3590 5667 iterum
3643 5617 4010 5687 largiturum,

709 5695 760 5733 et
803 5682 970 5749 piiora
1017 5681 1241 5733 confessi
1280 5693 1514 5746 peccata,
1569 5686 1934 5743 remissionem
1987 5692 2279 5748 obtinuere.

2391 5711 2502 5750 suae
2552 5697 2622 5750 lib
2659 5699 2880 5751 ralitatis
2918 5700 3139 5768 gloriam
3187 5703 3568 5759 declarantem.
3615 5706 3680 5760 Et
3727 5712 3872 5776 quid
3925 5732 4016 5769 as-

2393 5805 2534 5852 sero,
2559 5803 2618 5842 ea
2659 5789 2885 5843 reddere
2915 5791 3263 5861 multiplicata
3288 5792 3308 5845 ?
3338 5793 3521 5848 Manus
3543 5794 3634 5850 illa
3663 5811 3771 5851 non
3808 5816 3883 5859 ea
3916 5824 4008 5859 ξε)-
