  <div class='ocr_page' id='page_1' title='image "/cluster/home/n/w/nwhite01/storage/ocr_20150623/54/pst.000005712533/112.png"; bbox 0 0 4182 6322; ppageno 0'>
   <div class='ocr_carea' id='block_1_1' title="bbox 145 373 249 429">
    <p class='ocr_par' dir='ltr' id='par_1_1' title="bbox 145 373 249 429">
     <span class='ocr_line' id='line_1_1' title="bbox 145 373 249 429; baseline 0 -1"><span class='ocrx_word' id='word_1_1' title='bbox 145 373 249 429; x_wconf 73' lang='grc' dir='ltr'>ιεσ</span> 
     </span>
    </p>
   </div>
   <div class='ocr_carea' id='block_1_2' title="bbox 145 474 1729 548">
    <p class='ocr_par' dir='ltr' id='par_1_2' title="bbox 145 474 1729 548">
     <span class='ocr_line' id='line_1_2' title="bbox 145 474 1729 548; baseline -0.006 -11"><span class='ocrx_word' id='word_1_2' title='bbox 145 482 241 537; x_wconf 74' lang='grc' dir='ltr'>καὶ</span> <span class='ocrx_word' id='word_1_3' title='bbox 274 479 444 535; x_wconf 76' lang='grc' dir='ltr'>ποιεῖν</span> <span class='ocrx_word' id='word_1_4' title='bbox 469 476 570 544; x_wconf 83' lang='grc' dir='ltr'>τάς</span> <span class='ocrx_word' id='word_1_5' title='bbox 595 477 818 542; x_wconf 69' lang='grc' dir='ltr'>ἐντολὰς</span> <span class='ocrx_word' id='word_1_6' title='bbox 850 475 1036 532; x_wconf 87' lang='grc' dir='ltr'>αὐτοῦ.</span> <span class='ocrx_word' id='word_1_7' title='bbox 1080 477 1141 530; x_wconf 87' lang='lat'>&#39;0</span> <span class='ocrx_word' id='word_1_8' title='bbox 1171 475 1281 548; x_wconf 89' lang='grc' dir='ltr'>γάρ</span> <span class='ocrx_word' id='word_1_9' title='bbox 1309 474 1540 545; x_wconf 82' lang='grc' dir='ltr'>ἀγαπῶν</span> <span class='ocrx_word' id='word_1_10' title='bbox 1564 475 1729 530; x_wconf 80' lang='grc' dir='ltr'>αὐτὸν</span> 
     </span>
    </p>
   </div>
   <div class='ocr_carea' id='block_1_3' title="bbox 143 557 1730 634">
    <p class='ocr_par' dir='ltr' id='par_1_3' title="bbox 143 557 1730 634">
     <span class='ocr_line' id='line_1_3' title="bbox 143 557 1730 634; baseline -0.006 -15"><span class='ocrx_word' id='word_1_11' title='bbox 143 563 267 619; x_wconf 78' lang='grc' dir='ltr'>καθ’</span> <span class='ocrx_word' id='word_1_12' title='bbox 293 561 352 618; x_wconf 77' lang='grc' dir='ltr'>δν</span> <span class='ocrx_word' id='word_1_13' title='bbox 398 564 481 618; x_wconf 82' lang='grc' dir='ltr'>δεῖ</span> <span class='ocrx_word' id='word_1_14' title='bbox 513 561 718 634; x_wconf 80' lang='grc' dir='ltr'>τρόπον</span> <span class='ocrx_word' id='word_1_15' title='bbox 765 561 1007 632; x_wconf 77' lang='grc' dir='ltr'>ἀγαπᾷν,</span> <span class='ocrx_word' id='word_1_16' title='bbox 1042 559 1286 630; x_wconf 89' lang='grc' dir='ltr'>δηλονότι</span> <span class='ocrx_word' id='word_1_17' title='bbox 1318 557 1533 624; x_wconf 79' lang='grc' dir='ltr'>καὶτὰς</span> <span class='ocrx_word' id='word_1_18' title='bbox 1564 557 1730 613; x_wconf 84' lang='grc' dir='ltr'>αὐτοῦ</span> 
     </span>
    </p>
   </div>
   <div class='ocr_carea' id='block_1_4' title="bbox 141 641 1732 716">
    <p class='ocr_par' dir='ltr' id='par_1_4' title="bbox 141 641 1732 716">
     <span class='ocr_line' id='line_1_4' title="bbox 141 641 1732 716; baseline -0.006 -15"><span class='ocrx_word' id='word_1_19' title='bbox 141 646 426 716; x_wconf 76' lang='grc' dir='ltr'>ἐπείγεται</span> <span class='ocrx_word' id='word_1_20' title='bbox 469 644 690 707; x_wconf 76' lang='grc' dir='ltr'>ἐντολάς</span> <span class='ocrx_word' id='word_1_21' title='bbox 725 645 918 697; x_wconf 81' lang='grc' dir='ltr'>ποιεῖν.</span> <span class='ocrx_word' id='word_1_22' title='bbox 954 643 1125 696; x_wconf 85' lang='grc' dir='ltr'>Ὅταν</span> <span class='ocrx_word' id='word_1_23' title='bbox 1158 642 1268 714; x_wconf 80' lang='grc' dir='ltr'>γάρ</span> <span class='ocrx_word' id='word_1_24' title='bbox 1298 659 1385 706; x_wconf 87' lang='grc' dir='ltr'>τις</span> <span class='ocrx_word' id='word_1_25' title='bbox 1432 641 1561 712; x_wconf 88' lang='grc' dir='ltr'>περί</span> <span class='ocrx_word' id='word_1_26' title='bbox 1612 657 1732 693; x_wconf 84' lang='grc' dir='ltr'>τινα</span> 
     </span>
    </p>
   </div>
   <div class='ocr_carea' id='block_1_5' title="bbox 141 722 1732 799">
    <p class='ocr_par' dir='ltr' id='par_1_5' title="bbox 141 722 1732 799">
     <span class='ocr_line' id='line_1_5' title="bbox 141 722 1732 799; baseline -0.005 -17"><span class='ocrx_word' id='word_1_27' title='bbox 141 729 386 799; x_wconf 70' lang='grc' dir='ltr'>γνησίως</span> <span class='ocrx_word' id='word_1_28' title='bbox 408 727 696 788; x_wconf 83' lang='grc' dir='ltr'>διάκειται,</span> <span class='ocrx_word' id='word_1_29' title='bbox 731 727 910 780; x_wconf 85' lang='grc' dir='ltr'>πάντα</span> <span class='ocrx_word' id='word_1_30' title='bbox 950 726 1214 797; x_wconf 87' lang='grc' dir='ltr'>πράττειν</span> <span class='ocrx_word' id='word_1_31' title='bbox 1243 722 1559 788; x_wconf 73' lang='grc' dir='ltr'>σπουδάζει,</span> <span class='ocrx_word' id='word_1_32' title='bbox 1585 723 1620 776; x_wconf 81' lang='grc' dir='ltr'>ἀ</span> <span class='ocrx_word' id='word_1_33' title='bbox 1639 723 1732 775; x_wconf 82' lang='grc' dir='ltr'>τὸν</span> 
     </span>
    </p>
   </div>
   <div class='ocr_carea' id='block_1_6' title="bbox 141 805 1732 882">
    <p class='ocr_par' dir='ltr' id='par_1_6' title="bbox 141 805 1732 882">
     <span class='ocr_line' id='line_1_6' title="bbox 141 805 1732 882; baseline -0.006 -15"><span class='ocrx_word' id='word_1_34' title='bbox 141 811 510 882; x_wconf 73' lang='grc' dir='ltr'>ἀγαπώμενον</span> <span class='ocrx_word' id='word_1_35' title='bbox 560 807 884 878; x_wconf 67' lang='grc' dir='ltr'>ἐφέλκεσθαι</span> <span class='ocrx_word' id='word_1_36' title='bbox 913 807 1134 862; x_wconf 89' lang='grc' dir='ltr'>δύναται</span> <span class='ocrx_word' id='word_1_37' title='bbox 1173 808 1253 871; x_wconf 86' lang='grc' dir='ltr'>είς</span> <span class='ocrx_word' id='word_1_38' title='bbox 1281 807 1372 861; x_wconf 85' lang='grc' dir='ltr'>τδν</span> <span class='ocrx_word' id='word_1_39' title='bbox 1407 809 1536 877; x_wconf 82' lang='grc' dir='ltr'>περὶ</span> <span class='ocrx_word' id='word_1_40' title='bbox 1568 805 1732 858; x_wconf 81' lang='grc' dir='ltr'>αὐτὸν</span> 
     </span>
    </p>
   </div>
   <div class='ocr_carea' id='block_1_7' title="bbox 143 887 1733 962">
    <p class='ocr_par' dir='ltr' id='par_1_7' title="bbox 143 887 1733 962">
     <span class='ocr_line' id='line_1_7' title="bbox 143 887 1733 962; baseline -0.006 -12"><span class='ocrx_word' id='word_1_41' title='bbox 143 895 335 949; x_wconf 75' lang='grc' dir='ltr'>πόθον.</span> <span class='ocrx_word' id='word_1_42' title='bbox 374 893 483 947; x_wconf 86' lang='lat' dir='ltr'>Kal</span> <span class='ocrx_word' id='word_1_43' title='bbox 517 893 678 962; x_wconf 80' lang='grc' dir='ltr'>ἡμεῖς</span> <span class='ocrx_word' id='word_1_44' title='bbox 709 890 911 954; x_wconf 91' lang='grc' dir='ltr'>τοίνυν,</span> <span class='ocrx_word' id='word_1_45' title='bbox 943 891 1039 944; x_wconf 76' lang='grc' dir='ltr'>ἐὰν</span> <span class='ocrx_word' id='word_1_46' title='bbox 1083 891 1460 961; x_wconf 87' lang='grc' dir='ltr'>ἀγαπήσωμεν</span> <span class='ocrx_word' id='word_1_47' title='bbox 1491 887 1733 958; x_wconf 86' lang='grc' dir='ltr'>γνησίως</span> 
     </span>
    </p>
   </div>
   <div class='ocr_carea' id='block_1_8' title="bbox 139 969 1730 1045">
    <p class='ocr_par' dir='ltr' id='par_1_8' title="bbox 139 969 1730 1045">
     <span class='ocr_line' id='line_1_8' title="bbox 139 969 1730 1045; baseline -0.005 -15"><span class='ocrx_word' id='word_1_48' title='bbox 139 977 235 1030; x_wconf 73' lang='grc' dir='ltr'>τὸν</span> <span class='ocrx_word' id='word_1_49' title='bbox 269 975 575 1045; x_wconf 77' lang='grc' dir='ltr'>Διστιότην,</span> <span class='ocrx_word' id='word_1_50' title='bbox 607 977 702 1027; x_wconf 70' lang='grc' dir='ltr'>καὶ</span> <span class='ocrx_word' id='word_1_51' title='bbox 725 973 825 1037; x_wconf 88' lang='grc' dir='ltr'>τάς</span> <span class='ocrx_word' id='word_1_52' title='bbox 853 973 1074 1038; x_wconf 80' lang='grc' dir='ltr'>ἐντολὰς</span> <span class='ocrx_word' id='word_1_53' title='bbox 1109 971 1274 1026; x_wconf 81' lang='grc' dir='ltr'>αὐτοῦ</span> <span class='ocrx_word' id='word_1_54' title='bbox 1316 972 1604 1044; x_wconf 87' lang='grc' dir='ltr'>πληρῶσαι</span> <span class='ocrx_word' id='word_1_55' title='bbox 1637 969 1730 1022; x_wconf 85' lang='grc' dir='ltr'>δυ-</span> 
     </span>
    </p>
   </div>
   <div class='ocr_carea' id='block_1_9' title="bbox 139 1050 1732 1130">
    <p class='ocr_par' dir='ltr' id='par_1_9' title="bbox 139 1050 1732 1130">
     <span class='ocr_line' id='line_1_9' title="bbox 139 1050 1732 1130; baseline -0.004 -19"><span class='ocrx_word' id='word_1_56' title='bbox 139 1056 448 1130; x_wconf 81' lang='grc' dir='ltr'>νησόμεθα.</span> <span class='ocrx_word' id='word_1_57' title='bbox 482 1057 575 1110; x_wconf 77' lang='grc' dir='ltr'>καὶ</span> <span class='ocrx_word' id='word_1_58' title='bbox 606 1056 774 1128; x_wconf 81' lang='grc' dir='ltr'>μηδὲν</span> <span class='ocrx_word' id='word_1_59' title='bbox 804 1056 1066 1127; x_wconf 77' lang='grc' dir='ltr'>πράττειν</span> <span class='ocrx_word' id='word_1_60' title='bbox 1093 1055 1317 1110; x_wconf 84' lang='grc' dir='ltr'>ἐκείνων</span> <span class='ocrx_word' id='word_1_61' title='bbox 1348 1055 1456 1108; x_wconf 88' lang='grc' dir='ltr'>τῶν</span> <span class='ocrx_word' id='word_1_62' title='bbox 1488 1050 1732 1123; x_wconf 84' lang='grc' dir='ltr'>παροξῦ-</span> 
     </span>
    </p>
   </div>
   <div class='ocr_carea' id='block_1_10' title="bbox 140 1134 1733 1210">
    <p class='ocr_par' dir='ltr' id='par_1_10' title="bbox 140 1134 1733 1210">
     <span class='ocr_line' id='line_1_10' title="bbox 140 1134 1733 1210; baseline -0.006 -13"><span class='ocrx_word' id='word_1_63' title='bbox 140 1161 229 1198; x_wconf 86' lang='grc' dir='ltr'>ναι</span> <span class='ocrx_word' id='word_1_64' title='bbox 283 1139 600 1210; x_wconf 78' lang='grc' dir='ltr'>δυναμένων</span> <span class='ocrx_word' id='word_1_65' title='bbox 631 1139 724 1192; x_wconf 74' lang='grc' dir='ltr'>τὸν</span> <span class='ocrx_word' id='word_1_66' title='bbox 756 1136 1139 1210; x_wconf 82' lang='grc' dir='ltr'>ἀγαπώμενον.</span> <span class='ocrx_word' id='word_1_67' title='bbox 1199 1137 1371 1192; x_wconf 88' lang='grc' dir='ltr'>Τοῦτο</span> <span class='ocrx_word' id='word_1_68' title='bbox 1403 1140 1436 1208; x_wconf 85' lang='grc' dir='ltr'>ἡ</span> <span class='ocrx_word' id='word_1_69' title='bbox 1484 1134 1733 1205; x_wconf 88' lang='grc' dir='ltr'>βασιλεία</span> 
     </span>
    </p>
   </div>
   <div class='ocr_carea' id='block_1_11' title="bbox 137 1217 1733 1296">
    <p class='ocr_par' dir='ltr' id='par_1_11' title="bbox 137 1217 1733 1296">
     <span class='ocr_line' id='line_1_11' title="bbox 137 1217 1733 1296; baseline -0.006 -15"><span class='ocrx_word' id='word_1_70' title='bbox 137 1227 249 1281; x_wconf 87' lang='grc' dir='ltr'>τῶν</span> <span class='ocrx_word' id='word_1_71' title='bbox 281 1223 554 1296; x_wconf 80' lang='grc' dir='ltr'>οὐρανῶν,</span> <span class='ocrx_word' id='word_1_72' title='bbox 584 1221 742 1276; x_wconf 83' lang='grc' dir='ltr'>τοῦτο</span> <span class='ocrx_word' id='word_1_73' title='bbox 775 1225 809 1293; x_wconf 85' lang='grc' dir='ltr'>ή</span> <span class='ocrx_word' id='word_1_74' title='bbox 846 1223 1147 1286; x_wconf 85' lang='grc' dir='ltr'>ἀπόλαυσις</span> <span class='ocrx_word' id='word_1_75' title='bbox 1166 1221 1274 1276; x_wconf 87' lang='grc' dir='ltr'>τῶν</span> <span class='ocrx_word' id='word_1_76' title='bbox 1304 1219 1550 1290; x_wconf 88' lang='grc' dir='ltr'>ἀγαθῶν,</span> <span class='ocrx_word' id='word_1_77' title='bbox 1572 1217 1733 1272; x_wconf 88' lang='grc' dir='ltr'>τοῦτο</span> 
     </span>
    </p>
   </div>
   <div class='ocr_carea' id='block_1_12' title="bbox 137 1300 1734 1380">
    <p class='ocr_par' dir='ltr' id='par_1_12' title="bbox 137 1300 1734 1380">
     <span class='ocr_line' id='line_1_12' title="bbox 137 1300 1734 1380; baseline -0.005 -18"><span class='ocrx_word' id='word_1_78' title='bbox 137 1310 208 1363; x_wconf 64' lang='grc' dir='ltr'>τά</span> <span class='ocrx_word' id='word_1_79' title='bbox 241 1309 417 1380; x_wconf 85' lang='grc' dir='ltr'>μυρία</span> <span class='ocrx_word' id='word_1_80' title='bbox 442 1306 646 1376; x_wconf 79' lang='grc' dir='ltr'>ἀγαθά,</span> <span class='ocrx_word' id='word_1_81' title='bbox 675 1305 735 1359; x_wconf 79' lang='grc' dir='ltr'>τὸ</span> <span class='ocrx_word' id='word_1_82' title='bbox 771 1304 1176 1374; x_wconf 81' lang='grc' dir='ltr'>καταξιωθῆναι</span> <span class='ocrx_word' id='word_1_83' title='bbox 1214 1305 1454 1375; x_wconf 90' lang='grc' dir='ltr'>γνησίως</span> <span class='ocrx_word' id='word_1_84' title='bbox 1483 1302 1578 1357; x_wconf 78' lang='grc' dir='ltr'>καὶ</span> <span class='ocrx_word' id='word_1_85' title='bbox 1609 1300 1734 1356; x_wconf 80' lang='grc' dir='ltr'>καθ’</span> 
     </span>
    </p>
   </div>
   <div class='ocr_carea' id='block_1_13' title="bbox 137 1386 1735 1462">
    <p class='ocr_par' dir='ltr' id='par_1_13' title="bbox 137 1386 1735 1462">
     <span class='ocr_line' id='line_1_13' title="bbox 137 1386 1735 1462; baseline -0.003 -18"><span class='ocrx_word' id='word_1_86' title='bbox 137 1392 199 1445; x_wconf 73' lang='grc' dir='ltr'>ὃν</span> <span class='ocrx_word' id='word_1_87' title='bbox 218 1392 331 1462; x_wconf 80' lang='grc' dir='ltr'>χρὴ</span> <span class='ocrx_word' id='word_1_88' title='bbox 359 1392 426 1461; x_wconf 77' lang='grc' dir='ltr'>δὴ</span> <span class='ocrx_word' id='word_1_89' title='bbox 455 1390 654 1462; x_wconf 83' lang='grc' dir='ltr'>τρόπον</span> <span class='ocrx_word' id='word_1_90' title='bbox 678 1389 899 1459; x_wconf 69' lang='grc' dir='ltr'>ἀγαπᾷν</span> <span class='ocrx_word' id='word_1_91' title='bbox 919 1406 933 1420; x_wconf 90' lang='grc'><strong>·</strong></span> <span class='ocrx_word' id='word_1_92' title='bbox 960 1389 1321 1458; x_wconf 76' lang='grc' dir='ltr'>ἀγαπήσομεν</span> <span class='ocrx_word' id='word_1_93' title='bbox 1343 1387 1398 1440; x_wconf 79' lang='grc' dir='ltr'>δὲ</span> <span class='ocrx_word' id='word_1_94' title='bbox 1423 1386 1588 1440; x_wconf 76' lang='grc' dir='ltr'>αὑτὸν</span> <span class='ocrx_word' id='word_1_95' title='bbox 1609 1401 1735 1455; x_wconf 89' lang='grc' dir='ltr'>γνη-</span> 
     </span>
    </p>
   </div>
   <div class='ocr_carea' id='block_1_14' title="bbox 141 1469 1735 1544">
    <p class='ocr_par' dir='ltr' id='par_1_14' title="bbox 141 1469 1735 1544">
     <span class='ocr_line' id='line_1_14' title="bbox 141 1469 1735 1544; baseline -0.004 -15"><span class='ocrx_word' id='word_1_96' title='bbox 141 1477 297 1538; x_wconf 85' lang='grc' dir='ltr'>σίως,</span> <span class='ocrx_word' id='word_1_97' title='bbox 331 1473 428 1527; x_wconf 80' lang='grc' dir='ltr'>ἐάν</span> <span class='ocrx_word' id='word_1_98' title='bbox 459 1472 549 1528; x_wconf 75' lang='grc' dir='ltr'>διὰ</span> <span class='ocrx_word' id='word_1_99' title='bbox 574 1473 672 1544; x_wconf 83' lang='grc' dir='ltr'>τὴν</span> <span class='ocrx_word' id='word_1_100' title='bbox 703 1475 832 1544; x_wconf 73' lang='grc' dir='ltr'>περὶ</span> <span class='ocrx_word' id='word_1_101' title='bbox 864 1471 1028 1526; x_wconf 81' lang='grc' dir='ltr'>αὐτὸν</span> <span class='ocrx_word' id='word_1_102' title='bbox 1059 1473 1302 1541; x_wconf 84' lang='grc' dir='ltr'>ἀγάπην.</span> <span class='ocrx_word' id='word_1_103' title='bbox 1337 1471 1431 1524; x_wconf 78' lang='grc' dir='ltr'>καὶ</span> <span class='ocrx_word' id='word_1_104' title='bbox 1460 1469 1588 1533; x_wconf 78' lang='grc' dir='ltr'>περὶ</span> <span class='ocrx_word' id='word_1_105' title='bbox 1613 1470 1735 1532; x_wconf 74' lang='grc' dir='ltr'>τοὺς</span> 
     </span>
    </p>
   </div>
   <div class='ocr_carea' id='block_1_15' title="bbox 138 1553 1734 1628">
    <p class='ocr_par' dir='ltr' id='par_1_15' title="bbox 138 1553 1734 1628">
     <span class='ocr_line' id='line_1_15' title="bbox 138 1553 1734 1628; baseline -0.005 -14"><span class='ocrx_word' id='word_1_106' title='bbox 138 1556 473 1628; x_wconf 70' lang='grc' dir='ltr'>ὁμοδούλους</span> <span class='ocrx_word' id='word_1_107' title='bbox 530 1555 730 1628; x_wconf 78' lang='grc' dir='ltr'>πολλὴν</span> <span class='ocrx_word' id='word_1_108' title='bbox 779 1553 1177 1624; x_wconf 83' lang='grc' dir='ltr'>ἐπιδειξώμεθα</span> <span class='ocrx_word' id='word_1_109' title='bbox 1208 1555 1308 1626; x_wconf 84' lang='grc' dir='ltr'>τὴν</span> <span class='ocrx_word' id='word_1_110' title='bbox 1346 1554 1590 1622; x_wconf 87' lang='grc' dir='ltr'>ἀγάπην.</span> <span class='ocrx_word' id='word_1_111' title='bbox 1637 1553 1734 1606; x_wconf 81' lang='grc' dir='ltr'>Ἐν</span> 
     </span>
    </p>
   </div>
   <div class='ocr_carea' id='block_1_16' title="bbox 137 1636 1736 1709">
    <p class='ocr_par' dir='ltr' id='par_1_16' title="bbox 137 1636 1736 1709">
     <span class='ocr_line' id='line_1_16' title="bbox 137 1636 1736 1709; baseline -0.003 -15"><span class='ocrx_word' id='word_1_112' title='bbox 137 1640 388 1704; x_wconf 75' lang='grc' dir='ltr'>ταύταις</span> <span class='ocrx_word' id='word_1_113' title='bbox 419 1639 562 1708; x_wconf 75' lang='grc' dir='ltr'>γὰρ,</span> <span class='ocrx_word' id='word_1_114' title='bbox 605 1640 766 1709; x_wconf 76' lang='grc' dir='ltr'>φησὶ.</span> <span class='ocrx_word' id='word_1_115' title='bbox 812 1637 941 1704; x_wconf 83' lang='grc' dir='ltr'>ταῖς</span> <span class='ocrx_word' id='word_1_116' title='bbox 983 1638 1168 1691; x_wconf 71' lang='grc' dir='ltr'>δυσίν</span> <span class='ocrx_word' id='word_1_117' title='bbox 1199 1636 1483 1703; x_wconf 65' lang='grc' dir='ltr'>’ἐντολαῖς</span> <span class='ocrx_word' id='word_1_118' title='bbox 1515 1636 1664 1700; x_wconf 71' lang='grc' dir='ltr'>ὅλος</span> <span class='ocrx_word' id='word_1_119' title='bbox 1701 1638 1736 1690; x_wconf 81' lang='grc' dir='ltr'><em>ὁ</em></span> 
     </span>
    </p>
   </div>
   <div class='ocr_carea' id='block_1_17' title="bbox 137 1718 1734 1792">
    <p class='ocr_par' dir='ltr' id='par_1_17' title="bbox 137 1718 1734 1792">
     <span class='ocr_line' id='line_1_17' title="bbox 137 1718 1734 1792; baseline -0.005 -15"><span class='ocrx_word' id='word_1_120' title='bbox 137 1726 330 1792; x_wconf 79' lang='grc' dir='ltr'>νόμος</span> <span class='ocrx_word' id='word_1_121' title='bbox 350 1722 450 1776; x_wconf 76' lang='grc' dir='ltr'>καί</span> <span class='ocrx_word' id='word_1_122' title='bbox 479 1725 532 1776; x_wconf 81' lang='grc' dir='ltr'>οί</span> <span class='ocrx_word' id='word_1_123' title='bbox 554 1720 852 1791; x_wconf 64' lang='grc' dir='ltr'>προφῆται</span> <span class='ocrx_word' id='word_1_124' title='bbox 885 1721 1224 1790; x_wconf 81' lang='grc' dir='ltr'>κρέμανται,</span> <span class='ocrx_word' id='word_1_125' title='bbox 1258 1722 1316 1772; x_wconf 83' lang='grc' dir='ltr'>ἐν</span> <span class='ocrx_word' id='word_1_126' title='bbox 1343 1718 1422 1790; x_wconf 84' lang='grc' dir='ltr'>τῷ</span> <span class='ocrx_word' id='word_1_127' title='bbox 1449 1718 1734 1788; x_wconf 81' lang='grc' dir='ltr'>ἀγαπῆσαι</span> 
     </span>
    </p>
   </div>
   <div class='ocr_carea' id='block_1_18' title="bbox 139 1801 1736 1879">
    <p class='ocr_par' dir='ltr' id='par_1_18' title="bbox 139 1801 1736 1879">
     <span class='ocr_line' id='line_1_18' title="bbox 139 1801 1736 1879; baseline 0.004 -18"><span class='ocrx_word' id='word_1_128' title='bbox 139 1807 467 1879; x_wconf 78' lang='grc' dir='ltr'>Κύριοντὸν</span> <span class='ocrx_word' id='word_1_129' title='bbox 497 1807 629 1859; x_wconf 73' lang='grc' dir='ltr'>θεόν</span> <span class='ocrx_word' id='word_1_130' title='bbox 658 1823 749 1859; x_wconf 89' lang='grc' dir='ltr'>σου</span> <span class='ocrx_word' id='word_1_131' title='bbox 785 1805 845 1869; x_wconf 84' lang='grc' dir='ltr'>ἐξ</span> <span class='ocrx_word' id='word_1_132' title='bbox 867 1805 995 1873; x_wconf 83' lang='grc' dir='ltr'>ὅλης</span> <span class='ocrx_word' id='word_1_133' title='bbox 1028 1805 1127 1874; x_wconf 83' lang='grc' dir='ltr'>τῆς</span> <span class='ocrx_word' id='word_1_134' title='bbox 1149 1803 1374 1873; x_wconf 76' lang='grc' dir='ltr'>καρδίας</span> <span class='ocrx_word' id='word_1_135' title='bbox 1399 1820 1491 1856; x_wconf 79' lang='grc' dir='ltr'>σου</span> <span class='ocrx_word' id='word_1_136' title='bbox 1511 1842 1527 1865; x_wconf 76' lang='grc' dir='ltr'>ν</span> <span class='ocrx_word' id='word_1_137' title='bbox 1558 1803 1652 1855; x_wconf 67' lang='grc' dir='ltr'>καὶ</span> <span class='ocrx_word' id='word_1_138' title='bbox 1677 1801 1736 1867; x_wconf 71' lang='grc' dir='ltr'>ἐξ</span> 
     </span>
    </p>
   </div>
   <div class='ocr_carea' id='block_1_19' title="bbox 135 1885 1732 1961">
    <p class='ocr_par' dir='ltr' id='par_1_19' title="bbox 135 1885 1732 1961">
     <span class='ocr_line' id='line_1_19' title="bbox 135 1885 1732 1961; baseline -0.004 -18"><span class='ocrx_word' id='word_1_139' title='bbox 135 1892 271 1961; x_wconf 75' lang='grc' dir='ltr'>ὅλης</span> <span class='ocrx_word' id='word_1_140' title='bbox 299 1890 402 1959; x_wconf 79' lang='grc' dir='ltr'>τῆς</span> <span class='ocrx_word' id='word_1_141' title='bbox 434 1887 615 1958; x_wconf 89' lang='grc' dir='ltr'>ἰσχύος</span> <span class='ocrx_word' id='word_1_142' title='bbox 655 1904 780 1950; x_wconf 90' lang='grc' dir='ltr'>σου,</span> <span class='ocrx_word' id='word_1_143' title='bbox 817 1888 911 1941; x_wconf 77' lang='grc' dir='ltr'>καὶ</span> <span class='ocrx_word' id='word_1_144' title='bbox 937 1887 999 1951; x_wconf 84' lang='grc' dir='ltr'>ἐξ</span> <span class='ocrx_word' id='word_1_145' title='bbox 1027 1887 1156 1956; x_wconf 82' lang='grc' dir='ltr'>ὅλης</span> <span class='ocrx_word' id='word_1_146' title='bbox 1203 1889 1302 1957; x_wconf 77' lang='grc' dir='ltr'>τῆς</span> <span class='ocrx_word' id='word_1_147' title='bbox 1332 1885 1572 1948; x_wconf 72' lang='grc' dir='ltr'>διανοίας</span> <span class='ocrx_word' id='word_1_148' title='bbox 1615 1901 1732 1948; x_wconf 88' lang='grc' dir='ltr'>σου,</span> 
     </span>
    </p>
   </div>
   <div class='ocr_carea' id='block_1_20' title="bbox 140 1969 1737 2042">
    <p class='ocr_par' dir='ltr' id='par_1_20' title="bbox 140 1969 1737 2042">
     <span class='ocr_line' id='line_1_20' title="bbox 140 1969 1737 2042; baseline -0.006 -13"><span class='ocrx_word' id='word_1_149' title='bbox 140 1976 236 2028; x_wconf 73' lang='grc' dir='ltr'>καὶ</span> <span class='ocrx_word' id='word_1_150' title='bbox 259 1976 356 2028; x_wconf 78' lang='grc' dir='ltr'>τὸν</span> <span class='ocrx_word' id='word_1_151' title='bbox 392 1973 622 2042; x_wconf 83' lang='grc' dir='ltr'>πλησίον</span> <span class='ocrx_word' id='word_1_152' title='bbox 651 1989 743 2025; x_wconf 85' lang='grc' dir='ltr'>σου</span> <span class='ocrx_word' id='word_1_153' title='bbox 771 1970 848 2035; x_wconf 87' lang='grc' dir='ltr'>ὼς</span> <span class='ocrx_word' id='word_1_154' title='bbox 882 1971 1128 2024; x_wconf 86' lang='grc' dir='ltr'>σεαυτόν.</span> <span class='ocrx_word' id='word_1_155' title='bbox 1177 1970 1349 2024; x_wconf 89' lang='grc' dir='ltr'>Τοῦτο</span> <span class='ocrx_word' id='word_1_156' title='bbox 1381 1970 1491 2023; x_wconf 89' lang='grc' dir='ltr'>τῶν</span> <span class='ocrx_word' id='word_1_157' title='bbox 1524 1969 1737 2040; x_wconf 82' lang='grc' dir='ltr'>ἀρετῶν</span> 
     </span>
    </p>
   </div>
   <div class='ocr_carea' id='block_1_21' title="bbox 138 2052 1737 2128">
    <p class='ocr_par' dir='ltr' id='par_1_21' title="bbox 138 2052 1737 2128">
     <span class='ocr_line' id='line_1_21' title="bbox 138 2052 1737 2128; baseline -0.006 -14"><span class='ocrx_word' id='word_1_158' title='bbox 138 2060 200 2113; x_wconf 70' lang='grc' dir='ltr'>τὸ</span> <span class='ocrx_word' id='word_1_159' title='bbox 221 2058 544 2128; x_wconf 76' lang='grc' dir='ltr'>κεφάλαιον,</span> <span class='ocrx_word' id='word_1_160' title='bbox 568 2055 728 2109; x_wconf 85' lang='grc' dir='ltr'>τοῦτο</span> <span class='ocrx_word' id='word_1_161' title='bbox 767 2055 958 2109; x_wconf 76' lang='grc' dir='ltr'>πασῶν</span> <span class='ocrx_word' id='word_1_162' title='bbox 994 2053 1103 2107; x_wconf 85' lang='grc' dir='ltr'>τῶν</span> <span class='ocrx_word' id='word_1_163' title='bbox 1129 2052 1222 2108; x_wconf 80' lang='grc' dir='ltr'>τοῦ</span> <span class='ocrx_word' id='word_1_164' title='bbox 1271 2053 1408 2108; x_wconf 83' lang='grc' dir='ltr'>Θεοῦ</span> <span class='ocrx_word' id='word_1_165' title='bbox 1456 2052 1687 2105; x_wconf 87' lang='grc' dir='ltr'>ἐντολῶν</span> <span class='ocrx_word' id='word_1_166' title='bbox 1708 2054 1737 2105; x_wconf 93' lang='lat'>6</span> 
     </span>
    </p>
   </div>
   <div class='ocr_carea' id='block_1_22' title="bbox 141 2136 1738 2212">
    <p class='ocr_par' dir='ltr' id='par_1_22' title="bbox 141 2136 1738 2212">
     <span class='ocr_line' id='line_1_22' title="bbox 141 2136 1738 2212; baseline -0.004 -18"><span class='ocrx_word' id='word_1_167' title='bbox 141 2141 418 2212; x_wconf 74' lang='grc' dir='ltr'>θεμέλιος.</span> <span class='ocrx_word' id='word_1_168' title='bbox 453 2141 534 2210; x_wconf 79' lang='grc' dir='ltr'>Τῇ</span> <span class='ocrx_word' id='word_1_169' title='bbox 557 2139 667 2210; x_wconf 77' lang='grc' dir='ltr'>γάρ</span> <span class='ocrx_word' id='word_1_170' title='bbox 703 2139 893 2210; x_wconf 79' lang='grc' dir='ltr'>ἀγάπῃ</span> <span class='ocrx_word' id='word_1_171' title='bbox 929 2141 995 2208; x_wconf 80' lang='grc' dir='ltr'>τῇ</span> <span class='ocrx_word' id='word_1_172' title='bbox 1025 2139 1155 2209; x_wconf 70' lang='grc' dir='ltr'>περὶ</span> <span class='ocrx_word' id='word_1_173' title='bbox 1186 2137 1276 2190; x_wconf 77' lang='grc' dir='ltr'>τὸν</span> <span class='ocrx_word' id='word_1_174' title='bbox 1296 2136 1427 2189; x_wconf 78' lang='grc' dir='ltr'>Θεὸν</span> <span class='ocrx_word' id='word_1_175' title='bbox 1459 2136 1738 2207; x_wconf 82' lang='grc' dir='ltr'>συνεισέρ-</span> 
     </span>
    </p>
   </div>
   <div class='ocr_carea' id='block_1_23' title="bbox 141 2216 1739 2297">
    <p class='ocr_par' dir='ltr' id='par_1_23' title="bbox 141 2216 1739 2297">
     <span class='ocr_line' id='line_1_23' title="bbox 141 2216 1739 2297; baseline -0.006 -18"><span class='ocrx_word' id='word_1_176' title='bbox 141 2241 300 2297; x_wconf 86' lang='grc' dir='ltr'>χεται</span> <span class='ocrx_word' id='word_1_177' title='bbox 325 2222 419 2277; x_wconf 78' lang='grc' dir='ltr'>καὶ</span> <span class='ocrx_word' id='word_1_178' title='bbox 449 2225 482 2294; x_wconf 87' lang='grc' dir='ltr'>ή</span> <span class='ocrx_word' id='word_1_179' title='bbox 509 2224 638 2293; x_wconf 70' lang='grc' dir='ltr'>περὶ</span> <span class='ocrx_word' id='word_1_180' title='bbox 662 2222 754 2274; x_wconf 78' lang='grc' dir='ltr'>τὸν</span> <span class='ocrx_word' id='word_1_181' title='bbox 780 2221 1008 2292; x_wconf 80' lang='grc' dir='ltr'>πλησίον</span> <span class='ocrx_word' id='word_1_182' title='bbox 1033 2220 1249 2290; x_wconf 84' lang='grc' dir='ltr'>ἀγάπη.</span> <span class='ocrx_word' id='word_1_183' title='bbox 1284 2221 1343 2273; x_wconf 90' lang='grc'>’0</span> <span class='ocrx_word' id='word_1_184' title='bbox 1375 2219 1484 2289; x_wconf 85' lang='grc' dir='ltr'>γὰρ</span> <span class='ocrx_word' id='word_1_185' title='bbox 1506 2216 1739 2287; x_wconf 87' lang='grc' dir='ltr'>ἀγαπῶν</span> 
     </span>
    </p>
   </div>
   <div class='ocr_carea' id='block_1_24' title="bbox 137 2301 1739 2376">
    <p class='ocr_par' dir='ltr' id='par_1_24' title="bbox 137 2301 1739 2376">
     <span class='ocr_line' id='line_1_24' title="bbox 137 2301 1739 2376; baseline -0.002 -15"><span class='ocrx_word' id='word_1_186' title='bbox 137 2308 232 2361; x_wconf 71' lang='grc' dir='ltr'>τὸν</span> <span class='ocrx_word' id='word_1_187' title='bbox 263 2307 406 2362; x_wconf 74' lang='grc' dir='ltr'>Θεὸν</span> <span class='ocrx_word' id='word_1_188' title='bbox 445 2307 508 2360; x_wconf 88' lang='grc' dir='ltr'>οὐ</span> <span class='ocrx_word' id='word_1_189' title='bbox 540 2305 858 2376; x_wconf 75' lang='grc' dir='ltr'>περιόψεται</span> <span class='ocrx_word' id='word_1_190' title='bbox 915 2305 1008 2358; x_wconf 83' lang='grc' dir='ltr'>τὸν</span> <span class='ocrx_word' id='word_1_191' title='bbox 1058 2303 1311 2373; x_wconf 82' lang='grc' dir='ltr'>ἀδελφὸν,</span> <span class='ocrx_word' id='word_1_192' title='bbox 1345 2303 1466 2356; x_wconf 85' lang='grc' dir='ltr'>οὐδὲ</span> <span class='ocrx_word' id='word_1_193' title='bbox 1496 2301 1566 2355; x_wconf 75' lang='grc' dir='ltr'>τὰ</span> <span class='ocrx_word' id='word_1_194' title='bbox 1603 2303 1739 2372; x_wconf 81' lang='grc' dir='ltr'>χρή-</span> 
     </span>
    </p>
   </div>
   <div class='ocr_carea' id='block_1_25' title="bbox 143 2386 1739 2463">
    <p class='ocr_par' dir='ltr' id='par_1_25' title="bbox 143 2386 1739 2463">
     <span class='ocr_line' id='line_1_25' title="bbox 143 2386 1739 2463; baseline -0.004 -18"><span class='ocrx_word' id='word_1_195' title='bbox 143 2408 296 2463; x_wconf 86' lang='grc' dir='ltr'>ματα</span> <span class='ocrx_word' id='word_1_196' title='bbox 343 2390 440 2444; x_wconf 86' lang='grc' dir='ltr'>τοῦ</span> <span class='ocrx_word' id='word_1_197' title='bbox 494 2389 696 2443; x_wconf 75' lang='grc' dir='ltr'>οἰκείου</span> <span class='ocrx_word' id='word_1_198' title='bbox 730 2389 925 2461; x_wconf 87' lang='grc' dir='ltr'>μέλους</span> <span class='ocrx_word' id='word_1_199' title='bbox 982 2390 1329 2460; x_wconf 80' lang='grc' dir='ltr'>προτιμήσει,</span> <span class='ocrx_word' id='word_1_200' title='bbox 1374 2386 1511 2439; x_wconf 85' lang='grc' dir='ltr'>ἀλλά</span> <span class='ocrx_word' id='word_1_201' title='bbox 1537 2386 1739 2457; x_wconf 79' lang='grc' dir='ltr'>πολλὴν</span> 
     </span>
    </p>
   </div>
   <div class='ocr_carea' id='block_1_26' title="bbox 141 2471 1740 2546">
    <p class='ocr_par' dir='ltr' id='par_1_26' title="bbox 141 2471 1740 2546">
     <span class='ocr_line' id='line_1_26' title="bbox 141 2471 1740 2546; baseline -0.004 -18"><span class='ocrx_word' id='word_1_202' title='bbox 141 2474 273 2546; x_wconf 70' lang='grc' dir='ltr'>περὶ</span> <span class='ocrx_word' id='word_1_203' title='bbox 305 2473 472 2527; x_wconf 80' lang='grc' dir='ltr'>αὐτὸν</span> <span class='ocrx_word' id='word_1_204' title='bbox 501 2472 826 2536; x_wconf 77' lang='grc' dir='ltr'>ἐπιδείξεται</span> <span class='ocrx_word' id='word_1_205' title='bbox 877 2471 980 2543; x_wconf 76' lang='grc' dir='ltr'>τὴν</span> <span class='ocrx_word' id='word_1_206' title='bbox 1009 2471 1343 2542; x_wconf 77' lang='grc' dir='ltr'>φιλοτιμίαν,</span> <span class='ocrx_word' id='word_1_207' title='bbox 1393 2471 1740 2542; x_wconf 82' lang='grc' dir='ltr'>μεμνημένος</span> 
     </span>
    </p>
   </div>
   <div class='ocr_carea' id='block_1_27' title="bbox 137 2553 1742 2628">
    <p class='ocr_par' dir='ltr' id='par_1_27' title="bbox 137 2553 1742 2628">
     <span class='ocr_line' id='line_1_27' title="bbox 137 2553 1742 2628; baseline -0.002 -18"><span class='ocrx_word' id='word_1_208' title='bbox 137 2556 235 2610; x_wconf 87' lang='grc' dir='ltr'>τοῦ</span> <span class='ocrx_word' id='word_1_209' title='bbox 285 2558 593 2628; x_wconf 80' lang='grc' dir='ltr'>εἰρηκότος,</span> <span class='ocrx_word' id='word_1_210' title='bbox 646 2557 729 2609; x_wconf 81' lang='grc' dir='ltr'>ὅτι</span> <span class='ocrx_word' id='word_1_211' title='bbox 771 2557 833 2608; x_wconf 89' lang='grc' dir='ltr'><em>Ὀ</em></span> <span class='ocrx_word' id='word_1_212' title='bbox 893 2554 1155 2622; x_wconf 73' lang='grc' dir='ltr'>ποιήσας</span> <span class='ocrx_word' id='word_1_213' title='bbox 1192 2555 1281 2608; x_wconf 75' lang='grc' dir='ltr'>ἐνί</span> <span class='ocrx_word' id='word_1_214' title='bbox 1345 2558 1568 2609; x_wconf 80' lang='grc' dir='ltr'>τούτων</span> <span class='ocrx_word' id='word_1_215' title='bbox 1622 2553 1742 2608; x_wconf 81' lang='grc' dir='ltr'>τῶν</span> 
     </span>
    </p>
   </div>
   <div class='ocr_carea' id='block_1_28' title="bbox 137 2636 1741 2708">
    <p class='ocr_par' dir='ltr' id='par_1_28' title="bbox 137 2636 1741 2708">
     <span class='ocr_line' id='line_1_28' title="bbox 137 2636 1741 2708; baseline -0.004 -13"><span class='ocrx_word' id='word_1_216' title='bbox 137 2637 428 2708; x_wconf 64' lang='grc' dir='ltr'>ἀδείφῶτ·</span> <span class='ocrx_word' id='word_1_217' title='bbox 445 2657 564 2707; x_wconf 83' lang='grc' dir='ltr'>μου</span> <span class='ocrx_word' id='word_1_218' title='bbox 591 2638 710 2692; x_wconf 87' lang='grc' dir='ltr'>τῶν</span> <span class='ocrx_word' id='word_1_219' title='bbox 740 2639 1098 2708; x_wconf 71' lang='grc' dir='ltr'>ἐλαχίστων,</span> <span class='ocrx_word' id='word_1_220' title='bbox 1157 2638 1285 2708; x_wconf 79' lang='grc' dir='ltr'>ἐμοὶ</span> <span class='ocrx_word' id='word_1_221' title='bbox 1329 2639 1600 2706; x_wconf 82' lang='grc' dir='ltr'>ἐποίησε.</span> <span class='ocrx_word' id='word_1_222' title='bbox 1632 2636 1741 2689; x_wconf 88' lang='lat' dir='ltr'>Kal</span> 
     </span>
    </p>
   </div>
   <div class='ocr_carea' id='block_1_29' title="bbox 138 2720 1740 2795">
    <p class='ocr_par' dir='ltr' id='par_1_29' title="bbox 138 2720 1740 2795">
     <span class='ocr_line' id='line_1_29' title="bbox 138 2720 1740 2795; baseline -0.003 -18"><span class='ocrx_word' id='word_1_223' title='bbox 138 2725 364 2789; x_wconf 73' lang='grc' dir='ltr'>ἐνναῦν,</span> <span class='ocrx_word' id='word_1_224' title='bbox 387 2725 470 2776; x_wconf 74' lang='grc' dir='ltr'>ὅτι</span> <span class='ocrx_word' id='word_1_225' title='bbox 487 2723 572 2776; x_wconf 76' lang='grc' dir='ltr'>δια</span> <span class='ocrx_word' id='word_1_226' title='bbox 593 2724 691 2795; x_wconf 80' lang='grc' dir='ltr'>τῆς</span> <span class='ocrx_word' id='word_1_227' title='bbox 709 2726 788 2786; x_wconf 88' lang='grc' dir='ltr'>εἰς</span> <span class='ocrx_word' id='word_1_228' title='bbox 817 2724 908 2776; x_wconf 80' lang='grc' dir='ltr'>τὸν</span> <span class='ocrx_word' id='word_1_229' title='bbox 941 2721 1234 2793; x_wconf 78' lang='grc' dir='ltr'>ὁμόδουλον</span> <span class='ocrx_word' id='word_1_230' title='bbox 1252 2722 1548 2792; x_wconf 83' lang='grc' dir='ltr'>θεραπείας</span> <span class='ocrx_word' id='word_1_231' title='bbox 1578 2720 1740 2783; x_wconf 88' lang='grc' dir='ltr'>αὐτός</span> 
     </span>
    </p>
   </div>
   <div class='ocr_carea' id='block_1_30' title="bbox 139 2806 1743 2878">
    <p class='ocr_par' dir='ltr' id='par_1_30' title="bbox 139 2806 1743 2878">
     <span class='ocr_line' id='line_1_30' title="bbox 139 2806 1743 2878; baseline -0.005 -14"><span class='ocrx_word' id='word_1_232' title='bbox 139 2811 294 2864; x_wconf 78' lang='grc' dir='ltr'>ἐστιν</span> <span class='ocrx_word' id='word_1_233' title='bbox 328 2811 356 2861; x_wconf 98' lang='lat'>6</span> <span class='ocrx_word' id='word_1_234' title='bbox 380 2807 450 2859; x_wconf 80' lang='grc' dir='ltr'>τά</span> <span class='ocrx_word' id='word_1_235' title='bbox 484 2807 741 2878; x_wconf 85' lang='grc' dir='ltr'>γινόμενα</span> <span class='ocrx_word' id='word_1_236' title='bbox 769 2807 1140 2876; x_wconf 80' lang='grc' dir='ltr'>οἰκειούμενος</span> <span class='ocrx_word' id='word_1_237' title='bbox 1180 2808 1209 2858; x_wconf 93' lang='lat'>6</span> <span class='ocrx_word' id='word_1_238' title='bbox 1237 2807 1346 2859; x_wconf 86' lang='grc' dir='ltr'>τῶν</span> <span class='ocrx_word' id='word_1_239' title='bbox 1371 2806 1627 2859; x_wconf 83' lang='grc' dir='ltr'>ἁπάντων</span> <span class='ocrx_word' id='word_1_240' title='bbox 1652 2807 1743 2856; x_wconf 86' lang='grc' dir='ltr'>Δε-</span> 
     </span>
    </p>
   </div>
   <div class='ocr_carea' id='block_1_31' title="bbox 141 2889 1741 2962">
    <p class='ocr_par' dir='ltr' id='par_1_31' title="bbox 141 2889 1741 2962">
     <span class='ocr_line' id='line_1_31' title="bbox 141 2889 1741 2962; baseline -0.006 -14"><span class='ocrx_word' id='word_1_241' title='bbox 141 2894 372 2962; x_wconf 75' lang='grc' dir='ltr'>σπότης.</span> <span class='ocrx_word' id='word_1_242' title='bbox 403 2891 546 2960; x_wconf 78' lang='grc' dir='ltr'>μετά</span> <span class='ocrx_word' id='word_1_243' title='bbox 583 2891 780 2960; x_wconf 84' lang='grc' dir='ltr'>πολλῆς</span> <span class='ocrx_word' id='word_1_244' title='bbox 803 2890 903 2959; x_wconf 80' lang='grc' dir='ltr'>τῆς</span> <span class='ocrx_word' id='word_1_245' title='bbox 937 2889 1244 2961; x_wconf 80' lang='grc' dir='ltr'>προθυμίας</span> <span class='ocrx_word' id='word_1_246' title='bbox 1267 2890 1482 2943; x_wconf 76' lang='grc' dir='ltr'>ἅπαντα</span> <span class='ocrx_word' id='word_1_247' title='bbox 1512 2889 1741 2960; x_wconf 84' lang='grc' dir='ltr'>ἐργάσε-</span> 
     </span>
    </p>
   </div>
   <div class='ocr_carea' id='block_1_32' title="bbox 139 2972 1740 3044">
    <p class='ocr_par' dir='ltr' id='par_1_32' title="bbox 139 2972 1740 3044">
     <span class='ocr_line' id='line_1_32' title="bbox 139 2972 1740 3044; baseline -0.001 -16"><span class='ocrx_word' id='word_1_248' title='bbox 139 2993 252 3037; x_wconf 86' lang='grc' dir='ltr'>ται,</span> <span class='ocrx_word' id='word_1_249' title='bbox 285 2975 383 3028; x_wconf 71' lang='grc' dir='ltr'>καὶ</span> <span class='ocrx_word' id='word_1_250' title='bbox 412 2973 610 3044; x_wconf 76' lang='grc' dir='ltr'>πολλὴν</span> <span class='ocrx_word' id='word_1_251' title='bbox 639 2974 737 3044; x_wconf 83' lang='grc' dir='ltr'>τὴν</span> <span class='ocrx_word' id='word_1_252' title='bbox 768 2973 1052 3041; x_wconf 84' lang='grc' dir='ltr'>δαψίλειαν</span> <span class='ocrx_word' id='word_1_253' title='bbox 1079 2975 1209 3044; x_wconf 75' lang='grc' dir='ltr'>περὶ</span> <span class='ocrx_word' id='word_1_254' title='bbox 1241 2974 1340 3044; x_wconf 82' lang='grc' dir='ltr'>τὴν</span> <span class='ocrx_word' id='word_1_255' title='bbox 1372 2972 1740 3042; x_wconf 71' lang='grc' dir='ltr'>ἐλεημοσύνην</span> 
     </span>
    </p>
   </div>
   <div class='ocr_carea' id='block_1_33' title="bbox 141 3055 1742 3126">
    <p class='ocr_par' dir='ltr' id='par_1_33' title="bbox 141 3055 1742 3126">
     <span class='ocr_line' id='line_1_33' title="bbox 141 3055 1742 3126; baseline -0.001 -15"><span class='ocrx_word' id='word_1_256' title='bbox 141 3057 477 3122; x_wconf 74' lang='grc' dir='ltr'>ἐπιδείξεται</span> <span class='ocrx_word' id='word_1_257' title='bbox 498 3097 513 3116; x_wconf 90' lang='grc'>,</span> <span class='ocrx_word' id='word_1_258' title='bbox 543 3058 604 3109; x_wconf 86' lang='grc' dir='ltr'>ού</span> <span class='ocrx_word' id='word_1_259' title='bbox 659 3057 794 3125; x_wconf 73' lang='grc' dir='ltr'>πρὸς</span> <span class='ocrx_word' id='word_1_260' title='bbox 818 3055 916 3125; x_wconf 85' lang='grc' dir='ltr'>τὴν</span> <span class='ocrx_word' id='word_1_261' title='bbox 945 3056 1219 3108; x_wconf 81' lang='grc' dir='ltr'>εὐτέλειαν</span> <span class='ocrx_word' id='word_1_262' title='bbox 1255 3055 1399 3126; x_wconf 82' lang='grc' dir='ltr'>ὀρῶν</span> <span class='ocrx_word' id='word_1_263' title='bbox 1427 3056 1519 3107; x_wconf 87' lang='grc' dir='ltr'>τοῦ</span> <span class='ocrx_word' id='word_1_264' title='bbox 1557 3073 1742 3124; x_wconf 82' lang='grc' dir='ltr'>φαινο-</span> 
     </span>
    </p>
   </div>
   <div class='ocr_carea' id='block_1_34' title="bbox 143 3139 1742 3212">
    <p class='ocr_par' dir='ltr' id='par_1_34' title="bbox 143 3139 1742 3212">
     <span class='ocr_line' id='line_1_34' title="bbox 143 3139 1742 3212; baseline -0.003 -16"><span class='ocrx_word' id='word_1_265' title='bbox 143 3143 340 3212; x_wconf 83' lang='grc' dir='ltr'>μένου,</span> <span class='ocrx_word' id='word_1_266' title='bbox 374 3140 511 3193; x_wconf 70' lang='grc' dir='ltr'>ἀλλὰ</span> <span class='ocrx_word' id='word_1_267' title='bbox 538 3139 674 3209; x_wconf 67' lang='grc' dir='ltr'>πρὸς</span> <span class='ocrx_word' id='word_1_268' title='bbox 706 3140 767 3192; x_wconf 77' lang='grc' dir='ltr'>τὸ</span> <span class='ocrx_word' id='word_1_269' title='bbox 796 3139 1025 3208; x_wconf 86' lang='grc' dir='ltr'>μέγεθος</span> <span class='ocrx_word' id='word_1_270' title='bbox 1079 3139 1534 3192; x_wconf 80' lang='grc' dir='ltr'>τοῦ¹οίκειοῦσθαι</span> <span class='ocrx_word' id='word_1_271' title='bbox 1565 3142 1742 3208; x_wconf 80' lang='grc' dir='ltr'>ἐπαγ-</span> 
     </span>
    </p>
   </div>
   <div class='ocr_carea' id='block_1_35' title="bbox 142 3223 1745 3294">
    <p class='ocr_par' dir='ltr' id='par_1_35' title="bbox 142 3223 1745 3294">
     <span class='ocr_line' id='line_1_35' title="bbox 142 3223 1745 3294; baseline -0.002 -15"><span class='ocrx_word' id='word_1_272' title='bbox 142 3225 474 3294; x_wconf 85' lang='grc' dir='ltr'>γειλαμένου</span> <span class='ocrx_word' id='word_1_273' title='bbox 505 3224 574 3276; x_wconf 70' lang='grc' dir='ltr'>τὰ</span> <span class='ocrx_word' id='word_1_274' title='bbox 597 3226 675 3285; x_wconf 85' lang='grc' dir='ltr'>εἰς</span> <span class='ocrx_word' id='word_1_275' title='bbox 705 3224 830 3285; x_wconf 73' lang='grc' dir='ltr'>τοὺς</span> <span class='ocrx_word' id='word_1_276' title='bbox 857 3223 1095 3293; x_wconf 79' lang='grc' dir='ltr'>πένητας</span> <span class='ocrx_word' id='word_1_277' title='bbox 1123 3224 1403 3294; x_wconf 84' lang='grc' dir='ltr'>γινόμενα.</span> <span class='ocrx_word' id='word_1_278' title='bbox 1438 3225 1526 3293; x_wconf 81' lang='grc' dir='ltr'>Μὴ</span> <span class='ocrx_word' id='word_1_279' title='bbox 1560 3224 1623 3292; x_wconf 79' lang='grc' dir='ltr'>δὴ</span> <span class='ocrx_word' id='word_1_280' title='bbox 1646 3240 1745 3276; x_wconf 84' lang='grc' dir='ltr'>πα-</span> 
     </span>
    </p>
   </div>
   <div class='ocr_carea' id='block_1_36' title="bbox 145 3307 1744 3380">
    <p class='ocr_par' dir='ltr' id='par_1_36' title="bbox 145 3307 1744 3380">
     <span class='ocr_line' id='line_1_36' title="bbox 145 3307 1744 3380; baseline -0.001 -18"><span class='ocrx_word' id='word_1_281' title='bbox 145 3309 514 3380; x_wconf 79' lang='grc' dir='ltr'>ρατρέχωμεν</span> <span class='ocrx_word' id='word_1_282' title='bbox 541 3307 749 3368; x_wconf 79' lang='grc' dir='ltr'>ἁπλῶς,</span> <span class='ocrx_word' id='word_1_283' title='bbox 793 3307 1120 3376; x_wconf 78' lang='grc' dir='ltr'>παρακαλῶ,</span> <span class='ocrx_word' id='word_1_284' title='bbox 1147 3308 1209 3360; x_wconf 77' lang='grc' dir='ltr'>τὸ</span> <span class='ocrx_word' id='word_1_285' title='bbox 1241 3308 1432 3376; x_wconf 83' lang='grc' dir='ltr'>κέρδος</span> <span class='ocrx_word' id='word_1_286' title='bbox 1462 3307 1569 3360; x_wconf 88' lang='grc' dir='ltr'>τῶν</span> <span class='ocrx_word' id='word_1_287' title='bbox 1604 3310 1744 3379; x_wconf 85' lang='grc' dir='ltr'>ἡμε-</span> 
     </span>
    </p>
   </div>
   <div class='ocr_carea' id='block_1_37' title="bbox 144 3388 1741 3461">
    <p class='ocr_par' dir='ltr' id='par_1_37' title="bbox 144 3388 1741 3461">
     <span class='ocr_line' id='line_1_37' title="bbox 144 3388 1741 3461; baseline 0.004 -23"><span class='ocrx_word' id='word_1_288' title='bbox 144 3392 200 3443; x_wconf 78' lang='grc' dir='ltr'><em>τέ</em></span> <span class='ocrx_word' id='word_1_289' title='bbox 211 3408 324 3461; x_wconf 80' lang='grc' dir='ltr'>ρων</span> <span class='ocrx_word' id='word_1_290' title='bbox 341 3390 555 3458; x_wconf 82' lang='grc' dir='ltr'>ψυχῶν,</span> <span class='ocrx_word' id='word_1_291' title='bbox 573 3389 632 3440; x_wconf 74' lang='grc' dir='ltr'>τὸ</span> <span class='ocrx_word' id='word_1_292' title='bbox 651 3389 942 3458; x_wconf 66' lang='grc' dir='ltr'>φάρμακον</span> <span class='ocrx_word' id='word_1_293' title='bbox 959 3388 1064 3440; x_wconf 89' lang='grc' dir='ltr'>τῶν</span> <span class='ocrx_word' id='word_1_294' title='bbox 1089 3390 1371 3460; x_wconf 76' lang='grc' dir='ltr'>ἡμετέρων</span> <span class='ocrx_word' id='word_1_295' title='bbox 1388 3391 1741 3461; x_wconf 77' lang='grc' dir='ltr'>τραυμάτων.</span> 
     </span>
    </p>
   </div>
   <div class='ocr_carea' id='block_1_38' title="bbox 146 3469 1746 3544">
    <p class='ocr_par' dir='ltr' id='par_1_38' title="bbox 146 3469 1746 3544">
     <span class='ocr_line' id='line_1_38' title="bbox 146 3469 1746 3544; baseline 0 -20"><span class='ocrx_word' id='word_1_296' title='bbox 146 3471 324 3526; x_wconf 79' lang='grc' dir='ltr'>Τοῦτο</span> <span class='ocrx_word' id='word_1_297' title='bbox 378 3471 511 3540; x_wconf 78' lang='grc' dir='ltr'>γάρ,</span> <span class='ocrx_word' id='word_1_298' title='bbox 562 3469 720 3522; x_wconf 85' lang='grc' dir='ltr'>τοῦτο</span> <span class='ocrx_word' id='word_1_299' title='bbox 766 3470 1001 3540; x_wconf 84' lang='grc' dir='ltr'>μάλιστα</span> <span class='ocrx_word' id='word_1_300' title='bbox 1040 3471 1100 3524; x_wconf 77' lang='grc' dir='ltr'>τὸ</span> <span class='ocrx_word' id='word_1_301' title='bbox 1143 3472 1434 3543; x_wconf 79' lang='grc' dir='ltr'>φάρμακον</span> <span class='ocrx_word' id='word_1_302' title='bbox 1475 3473 1746 3544; x_wconf 83' lang='grc' dir='ltr'>τοσαύτην</span> 
     </span>
    </p>
   </div>
   <div class='ocr_carea' id='block_1_39' title="bbox 149 3554 1748 3626">
    <p class='ocr_par' dir='ltr' id='par_1_39' title="bbox 149 3554 1748 3626">
     <span class='ocr_line' id='line_1_39' title="bbox 149 3554 1748 3626; baseline 0.002 -18"><span class='ocrx_word' id='word_1_303' title='bbox 149 3560 279 3626; x_wconf 73' lang='grc' dir='ltr'>ἡμῖν</span> <span class='ocrx_word' id='word_1_304' title='bbox 309 3555 540 3624; x_wconf 76' lang='grc' dir='ltr'>παρέξει</span> <span class='ocrx_word' id='word_1_305' title='bbox 586 3554 683 3624; x_wconf 72' lang='grc' dir='ltr'>τὴν</span> <span class='ocrx_word' id='word_1_306' title='bbox 717 3555 1033 3626; x_wconf 84' lang='grc' dir='ltr'>θεραπείαν,</span> <span class='ocrx_word' id='word_1_307' title='bbox 1065 3557 1158 3608; x_wconf 75' lang='grc' dir='ltr'>καὶ</span> <span class='ocrx_word' id='word_1_308' title='bbox 1187 3555 1360 3619; x_wconf 75' lang='grc' dir='ltr'>οὕτως</span> <span class='ocrx_word' id='word_1_309' title='bbox 1395 3558 1650 3625; x_wconf 78' lang='grc' dir='ltr'>ἀφανίσει</span> <span class='ocrx_word' id='word_1_310' title='bbox 1679 3558 1748 3611; x_wconf 73' lang='grc' dir='ltr'>τὰ</span> 
     </span>
    </p>
   </div>
   <div class='ocr_carea' id='block_1_40' title="bbox 148 3637 1747 3711">
    <p class='ocr_par' dir='ltr' id='par_1_40' title="bbox 148 3637 1747 3711">
     <span class='ocr_line' id='line_1_40' title="bbox 148 3637 1747 3711; baseline 0.001 -19"><span class='ocrx_word' id='word_1_311' title='bbox 148 3640 281 3709; x_wconf 67' lang='grc' dir='ltr'>ἕλκη</span> <span class='ocrx_word' id='word_1_312' title='bbox 333 3639 444 3690; x_wconf 88' lang='grc' dir='ltr'>τῶν</span> <span class='ocrx_word' id='word_1_313' title='bbox 489 3638 772 3707; x_wconf 78' lang='grc' dir='ltr'>ἡμετέρων</span> <span class='ocrx_word' id='word_1_314' title='bbox 822 3637 1047 3708; x_wconf 82' lang='grc' dir='ltr'>ψυχῶν,</span> <span class='ocrx_word' id='word_1_315' title='bbox 1093 3639 1165 3703; x_wconf 85' lang='grc' dir='ltr'>ὡς</span> <span class='ocrx_word' id='word_1_316' title='bbox 1237 3639 1369 3709; x_wconf 85' lang='grc' dir='ltr'>μηδέ</span> <span class='ocrx_word' id='word_1_317' title='bbox 1419 3642 1563 3710; x_wconf 81' lang='grc' dir='ltr'>ἴχνος</span> <span class='ocrx_word' id='word_1_318' title='bbox 1612 3641 1747 3711; x_wconf 86' lang='grc' dir='ltr'>μηδέ</span> 
     </span>
    </p>
   </div>
   <div class='ocr_carea' id='block_1_41' title="bbox 148 3722 1750 3796">
    <p class='ocr_par' dir='ltr' id='par_1_41' title="bbox 148 3722 1750 3796">
     <span class='ocr_line' id='line_1_41' title="bbox 148 3722 1750 3796; baseline 0.001 -20"><span class='ocrx_word' id='word_1_319' title='bbox 148 3723 313 3790; x_wconf 75' lang='grc' dir='ltr'>οὐλὴν</span> <span class='ocrx_word' id='word_1_320' title='bbox 332 3722 763 3791; x_wconf 60' lang='grc' dir='ltr'>καταλειφθῆναι</span> <span class='ocrx_word' id='word_1_321' title='bbox 786 3737 799 3749; x_wconf 91' lang='grc'><strong>·</strong></span> <span class='ocrx_word' id='word_1_322' title='bbox 829 3724 965 3794; x_wconf 84' lang='grc' dir='ltr'>ὅπερ</span> <span class='ocrx_word' id='word_1_323' title='bbox 987 3724 1078 3776; x_wconf 76' lang='grc' dir='ltr'>ἐπὶ</span> <span class='ocrx_word' id='word_1_324' title='bbox 1100 3724 1208 3776; x_wconf 89' lang='grc' dir='ltr'>τῶν</span> <span class='ocrx_word' id='word_1_325' title='bbox 1235 3725 1562 3793; x_wconf 83' lang='grc' dir='ltr'>σωματικῶν</span> <span class='ocrx_word' id='word_1_326' title='bbox 1584 3743 1750 3796; x_wconf 82' lang='grc' dir='ltr'>τραυ-</span> 
     </span>
    </p>
   </div>
   <div class='ocr_carea' id='block_1_42' title="bbox 151 3800 1748 3878">
    <p class='ocr_par' dir='ltr' id='par_1_42' title="bbox 151 3800 1748 3878">
     <span class='ocr_line' id='line_1_42' title="bbox 151 3800 1748 3878; baseline 0.002 -20"><span class='ocrx_word' id='word_1_327' title='bbox 151 3806 346 3874; x_wconf 88' lang='grc' dir='ltr'>μάτων</span> <span class='ocrx_word' id='word_1_328' title='bbox 372 3806 473 3874; x_wconf 81' lang='grc' dir='ltr'>οὐχ</span> <span class='ocrx_word' id='word_1_329' title='bbox 492 3800 604 3859; x_wconf 78' lang='grc' dir='ltr'>οἷόν</span> <span class='ocrx_word' id='word_1_330' title='bbox 632 3823 689 3858; x_wconf 89' lang='grc' dir='ltr'>τε</span> <span class='ocrx_word' id='word_1_331' title='bbox 718 3805 991 3874; x_wconf 85' lang='grc' dir='ltr'>γενέσθαι.</span> <span class='ocrx_word' id='word_1_332' title='bbox 1017 3807 1258 3878; x_wconf 80' lang='grc' dir='ltr'>Κᾶνγὰρ</span> <span class='ocrx_word' id='word_1_333' title='bbox 1282 3808 1541 3878; x_wconf 77' lang='grc' dir='ltr'>μυριάκις</span> <span class='ocrx_word' id='word_1_334' title='bbox 1572 3827 1654 3871; x_wconf 86' lang='grc' dir='ltr'>τις</span> <span class='ocrx_word' id='word_1_335' title='bbox 1681 3809 1748 3861; x_wconf 64' lang='grc' dir='ltr'>τὰ</span> 
     </span>
    </p>
   </div>
   <div class='ocr_carea' id='block_1_43' title="bbox 151 3888 1748 3960">
    <p class='ocr_par' dir='ltr' id='par_1_43' title="bbox 151 3888 1748 3960">
     <span class='ocr_line' id='line_1_43' title="bbox 151 3888 1748 3960; baseline 0.001 -19"><span class='ocrx_word' id='word_1_336' title='bbox 151 3889 430 3959; x_wconf 71' lang='grc' dir='ltr'>φάρμακα</span> <span class='ocrx_word' id='word_1_337' title='bbox 466 3888 546 3959; x_wconf 83' lang='grc' dir='ltr'>τῷ</span> <span class='ocrx_word' id='word_1_338' title='bbox 593 3890 779 3959; x_wconf 86' lang='grc' dir='ltr'>οἰκείῳ</span> <span class='ocrx_word' id='word_1_339' title='bbox 832 3889 1106 3960; x_wconf 76' lang='grc' dir='ltr'>τραύματι</span> <span class='ocrx_word' id='word_1_340' title='bbox 1145 3890 1306 3960; x_wconf 84' lang='grc' dir='ltr'>ἐπιθῇ</span> <span class='ocrx_word' id='word_1_341' title='bbox 1358 3890 1426 3942; x_wconf 78' lang='grc' dir='ltr'>τά</span> <span class='ocrx_word' id='word_1_342' title='bbox 1462 3892 1614 3960; x_wconf 71' lang='grc' dir='ltr'>παρὰ</span> <span class='ocrx_word' id='word_1_343' title='bbox 1639 3891 1748 3942; x_wconf 82' lang='grc' dir='ltr'>τῶν</span> 
     </span>
    </p>
   </div>
   <div class='ocr_carea' id='block_1_44' title="bbox 155 3973 1751 4045">
    <p class='ocr_par' dir='ltr' id='par_1_44' title="bbox 155 3973 1751 4045">
     <span class='ocr_line' id='line_1_44' title="bbox 155 3973 1751 4045; baseline 0 -19"><span class='ocrx_word' id='word_1_344' title='bbox 155 3973 361 4044; x_wconf 79' lang='grc' dir='ltr'>ἰατρῶν</span> <span class='ocrx_word' id='word_1_345' title='bbox 396 3973 943 4044; x_wconf 78' lang='grc' dir='ltr'>κατασκευαζόμενα,</span> <span class='ocrx_word' id='word_1_346' title='bbox 975 3976 1190 4044; x_wconf 84' lang='grc' dir='ltr'>ἀνάγκη</span> <span class='ocrx_word' id='word_1_347' title='bbox 1230 3975 1328 4044; x_wconf 78' lang='grc' dir='ltr'>τὴν</span> <span class='ocrx_word' id='word_1_348' title='bbox 1361 3975 1523 4045; x_wconf 77' lang='grc' dir='ltr'>οὐλὴν</span> <span class='ocrx_word' id='word_1_349' title='bbox 1560 3977 1618 4027; x_wconf 89' lang='grc' dir='ltr'>ἐν</span> <span class='ocrx_word' id='word_1_350' title='bbox 1673 3975 1751 4043; x_wconf 81' lang='grc' dir='ltr'>τῷ</span> 
     </span>
    </p>
   </div>
   <div class='ocr_carea' id='block_1_45' title="bbox 154 4057 1753 4128">
    <p class='ocr_par' dir='ltr' id='par_1_45' title="bbox 154 4057 1753 4128">
     <span class='ocr_line' id='line_1_45' title="bbox 154 4057 1753 4128; baseline 0.001 -20"><span class='ocrx_word' id='word_1_351' title='bbox 154 4058 374 4126; x_wconf 79' lang='grc' dir='ltr'>σώματι</span> <span class='ocrx_word' id='word_1_352' title='bbox 394 4057 752 4126; x_wconf 80' lang='grc' dir='ltr'>ἐναπομένειν</span> <span class='ocrx_word' id='word_1_353' title='bbox 777 4075 789 4087; x_wconf 89' lang='grc'>·</span> <span class='ocrx_word' id='word_1_354' title='bbox 821 4058 914 4111; x_wconf 68' lang='grc' dir='ltr'>καὶ</span> <span class='ocrx_word' id='word_1_355' title='bbox 937 4058 1163 4121; x_wconf 82' lang='grc' dir='ltr'>εἰκότως</span> <span class='ocrx_word' id='word_1_356' title='bbox 1181 4074 1196 4087; x_wconf 85' lang='lat'><strong><em>°</em></strong></span> <span class='ocrx_word' id='word_1_357' title='bbox 1226 4059 1385 4127; x_wconf 80' lang='grc' dir='ltr'>σῶμα</span> <span class='ocrx_word' id='word_1_358' title='bbox 1417 4057 1521 4128; x_wconf 84' lang='grc' dir='ltr'>γάρ</span> <span class='ocrx_word' id='word_1_359' title='bbox 1546 4060 1663 4109; x_wconf 81' lang='grc' dir='ltr'>ἐστι</span> <span class='ocrx_word' id='word_1_360' title='bbox 1693 4058 1753 4110; x_wconf 80' lang='grc' dir='ltr'>τὸ</span> 
     </span>
    </p>
   </div>
   <div class='ocr_carea' id='block_1_46' title="bbox 151 4138 1753 4211">
    <p class='ocr_par' dir='ltr' id='par_1_46' title="bbox 151 4138 1753 4211">
     <span class='ocr_line' id='line_1_46' title="bbox 151 4138 1753 4211; baseline 0.002 -21"><span class='ocrx_word' id='word_1_361' title='bbox 151 4138 624 4208; x_wconf 79' lang='grc' dir='ltr'>θεραπευόμενον.</span> <span class='ocrx_word' id='word_1_362' title='bbox 657 4140 922 4194; x_wconf 80' lang='grc' dir='ltr'>Ἐνταῦθα</span> <span class='ocrx_word' id='word_1_363' title='bbox 949 4142 1006 4194; x_wconf 77' lang='grc' dir='ltr'>δέ</span> <span class='ocrx_word' id='word_1_364' title='bbox 1034 4142 1219 4211; x_wconf 79' lang='grc' dir='ltr'>ἐπειδὴ</span> <span class='ocrx_word' id='word_1_365' title='bbox 1242 4142 1386 4211; x_wconf 82' lang='grc' dir='ltr'>ψυχή</span> <span class='ocrx_word' id='word_1_366' title='bbox 1418 4143 1565 4193; x_wconf 87' lang='grc' dir='ltr'>ἐστιν</span> <span class='ocrx_word' id='word_1_367' title='bbox 1600 4142 1631 4211; x_wconf 85' lang='grc' dir='ltr'>ἡ</span> <span class='ocrx_word' id='word_1_368' title='bbox 1666 4141 1753 4193; x_wconf 82' lang='grc' dir='ltr'>θε·</span> 
     </span>
    </p>
   </div>
   <div class='ocr_carea' id='block_1_47' title="bbox 156 4222 1754 4295">
    <p class='ocr_par' dir='ltr' id='par_1_47' title="bbox 156 4222 1754 4295">
     <span class='ocr_line' id='line_1_47' title="bbox 156 4222 1754 4295; baseline 0.001 -20"><span class='ocrx_word' id='word_1_369' title='bbox 156 4222 543 4292; x_wconf 75' lang='grc' dir='ltr'>ραπευομένη,</span> <span class='ocrx_word' id='word_1_370' title='bbox 573 4222 792 4276; x_wconf 75' lang='grc' dir='ltr'>ἐπειδὰν</span> <span class='ocrx_word' id='word_1_371' title='bbox 820 4223 917 4294; x_wconf 80' lang='grc' dir='ltr'>τὴν</span> <span class='ocrx_word' id='word_1_372' title='bbox 948 4226 1157 4278; x_wconf 74' lang='grc' dir='ltr'>οἰκείαν</span> <span class='ocrx_word' id='word_1_373' title='bbox 1183 4225 1607 4295; x_wconf 73' lang='grc' dir='ltr'>εὐγνωμοσύνην</span> <span class='ocrx_word' id='word_1_374' title='bbox 1633 4227 1754 4277; x_wconf 83' lang='grc' dir='ltr'>ἐπι-</span> 
     </span>
    </p>
   </div>
   <div class='ocr_carea' id='block_1_48' title="bbox 151 4303 1756 4377">
    <p class='ocr_par' dir='ltr' id='par_1_48' title="bbox 151 4303 1756 4377">
     <span class='ocr_line' id='line_1_48' title="bbox 151 4303 1756 4377; baseline 0.003 -22"><span class='ocrx_word' id='word_1_375' title='bbox 151 4303 425 4375; x_wconf 78' lang='grc' dir='ltr'>δείξηται,</span> <span class='ocrx_word' id='word_1_376' title='bbox 464 4304 665 4375; x_wconf 78' lang='grc' dir='ltr'>πολλὴν</span> <span class='ocrx_word' id='word_1_377' title='bbox 690 4305 902 4375; x_wconf 85' lang='grc' dir='ltr'>δέχεται</span> <span class='ocrx_word' id='word_1_378' title='bbox 937 4306 1034 4375; x_wconf 74' lang='grc' dir='ltr'>τὴν</span> <span class='ocrx_word' id='word_1_379' title='bbox 1070 4307 1162 4360; x_wconf 72' lang='grc' dir='ltr'>ἐπὶ</span> <span class='ocrx_word' id='word_1_380' title='bbox 1187 4308 1246 4360; x_wconf 77' lang='grc' dir='ltr'>τὸ</span> <span class='ocrx_word' id='word_1_381' title='bbox 1278 4307 1485 4377; x_wconf 84' lang='grc' dir='ltr'>βέλτιον</span> <span class='ocrx_word' id='word_1_382' title='bbox 1521 4309 1756 4377; x_wconf 67' lang='grc' dir='ltr'>μεταεο-</span> 
     </span>
    </p>
   </div>
   <div class='ocr_carea' id='block_1_49' title="bbox 155 4386 1758 4461">
    <p class='ocr_par' dir='ltr' id='par_1_49' title="bbox 155 4386 1758 4461">
     <span class='ocr_line' id='line_1_49' title="bbox 155 4386 1758 4461; baseline 0.002 -22"><span class='ocrx_word' id='word_1_383' title='bbox 155 4386 274 4457; x_wconf 82' lang='grc' dir='ltr'>).ὴν,</span> <span class='ocrx_word' id='word_1_384' title='bbox 310 4387 410 4440; x_wconf 72' lang='grc' dir='ltr'>καὶ</span> <span class='ocrx_word' id='word_1_385' title='bbox 443 4386 616 4450; x_wconf 71' lang='grc' dir='ltr'>οὕτως</span> <span class='ocrx_word' id='word_1_386' title='bbox 645 4388 862 4443; x_wconf 68' lang='grc' dir='ltr'>ἅπαντα</span> <span class='ocrx_word' id='word_1_387' title='bbox 902 4389 1261 4458; x_wconf 77' lang='grc' dir='ltr'>φυγαδεύεται</span> <span class='ocrx_word' id='word_1_388' title='bbox 1285 4391 1353 4444; x_wconf 78' lang='grc' dir='ltr'>τά</span> <span class='ocrx_word' id='word_1_389' title='bbox 1380 4390 1537 4461; x_wconf 85' lang='grc' dir='ltr'>ἐλκη,</span> <span class='ocrx_word' id='word_1_390' title='bbox 1572 4391 1646 4453; x_wconf 82' lang='grc' dir='ltr'>ὡς</span> <span class='ocrx_word' id='word_1_391' title='bbox 1692 4391 1758 4443; x_wconf 86' lang='grc' dir='ltr'>ἂν</span> 
     </span>
    </p>
   </div>
   <div class='ocr_carea' id='block_1_50' title="bbox 157 4470 1760 4545">
    <p class='ocr_par' dir='ltr' id='par_1_50' title="bbox 157 4470 1760 4545">
     <span class='ocr_line' id='line_1_50' title="bbox 157 4470 1760 4545; baseline 0.003 -23"><span class='ocrx_word' id='word_1_392' title='bbox 157 4470 465 4540; x_wconf 75' lang='grc' dir='ltr'>κονιορτὸς,</span> <span class='ocrx_word' id='word_1_393' title='bbox 499 4471 703 4542; x_wconf 81' lang='grc' dir='ltr'>ἀνέμου</span> <span class='ocrx_word' id='word_1_394' title='bbox 736 4473 965 4544; x_wconf 66' lang='grc' dir='ltr'>σιςοδροῦ</span> <span class='ocrx_word' id='word_1_395' title='bbox 989 4473 1380 4545; x_wconf 82' lang='grc' dir='ltr'>διεγερθέντος.</span> <span class='ocrx_word' id='word_1_396' title='bbox 1424 4475 1532 4528; x_wconf 82' lang='lat' dir='ltr'>Kal</span> <span class='ocrx_word' id='word_1_397' title='bbox 1555 4474 1760 4527; x_wconf 82' lang='grc' dir='ltr'>τούτων</span> 
     </span>
    </p>
   </div>
   <div class='ocr_carea' id='block_1_51' title="bbox 155 4554 1758 4628">
    <p class='ocr_par' dir='ltr' id='par_1_51' title="bbox 155 4554 1758 4628">
     <span class='ocr_line' id='line_1_51' title="bbox 155 4554 1758 4628; baseline 0.003 -23"><span class='ocrx_word' id='word_1_398' title='bbox 155 4554 421 4606; x_wconf 73' lang='grc' dir='ltr'>ἁπάντων</span> <span class='ocrx_word' id='word_1_399' title='bbox 469 4555 579 4608; x_wconf 85' lang='grc' dir='ltr'>τῶν</span> <span class='ocrx_word' id='word_1_400' title='bbox 621 4556 1041 4626; x_wconf 79' lang='grc' dir='ltr'>ὑποδειγμάτων</span> <span class='ocrx_word' id='word_1_401' title='bbox 1093 4559 1466 4628; x_wconf 82' lang='grc' dir='ltr'>ὐπερπλὴρεις</span> <span class='ocrx_word' id='word_1_402' title='bbox 1519 4560 1650 4628; x_wconf 86' lang='grc' dir='ltr'>ἡμῖν</span> <span class='ocrx_word' id='word_1_403' title='bbox 1702 4559 1758 4611; x_wconf 89' lang='grc' dir='ltr'>αἱ</span> 
     </span>
    </p>
   </div>
   <div class='ocr_carea' id='block_1_52' title="bbox 156 4637 1759 4710">
    <p class='ocr_par' dir='ltr' id='par_1_52' title="bbox 156 4637 1759 4710">
     <span class='ocr_line' id='line_1_52' title="bbox 156 4637 1759 4710; baseline 0.004 -21"><span class='ocrx_word' id='word_1_404' title='bbox 156 4638 402 4707; x_wconf 74' lang='grc' dir='ltr'>ι’ραφαί.</span> <span class='ocrx_word' id='word_1_405' title='bbox 430 4637 618 4701; x_wconf 82' lang='grc' dir='ltr'>Οῦτως</span> <span class='ocrx_word' id='word_1_406' title='bbox 644 4641 671 4689; x_wconf 88' lang='lat'>6</span> <span class='ocrx_word' id='word_1_407' title='bbox 693 4642 961 4710; x_wconf 85' lang='grc' dir='ltr'>μακάριος</span> <span class='ocrx_word' id='word_1_408' title='bbox 991 4641 1201 4704; x_wconf 81' lang='grc' dir='ltr'>Παῦλος</span> <span class='ocrx_word' id='word_1_409' title='bbox 1224 4642 1520 4705; x_wconf 78' lang='grc' dir='ltr'>ἀπόστολος</span> <span class='ocrx_word' id='word_1_410' title='bbox 1537 4643 1759 4709; x_wconf 83' lang='grc' dir='ltr'>γέγονεν</span> 
     </span>
    </p>
   </div>
   <div class='ocr_carea' id='block_1_53' title="bbox 157 4719 1755 4796">
    <p class='ocr_par' dir='ltr' id='par_1_53' title="bbox 157 4719 1755 4796">
     <span class='ocr_line' id='line_1_53' title="bbox 157 4719 1755 4796; baseline 0.003 -23"><span class='ocrx_word' id='word_1_411' title='bbox 157 4723 266 4775; x_wconf 79' lang='grc' dir='ltr'>ἀπὸ</span> <span class='ocrx_word' id='word_1_412' title='bbox 288 4719 548 4787; x_wconf 81' lang='grc' dir='ltr'>διώκτου,</span> <span class='ocrx_word' id='word_1_413' title='bbox 577 4723 672 4775; x_wconf 73' lang='grc' dir='ltr'>καὶ</span> <span class='ocrx_word' id='word_1_414' title='bbox 696 4725 724 4775; x_wconf 86' lang='grc' dir='ltr'>ὁ</span> <span class='ocrx_word' id='word_1_415' title='bbox 751 4723 1015 4794; x_wconf 82' lang='grc' dir='ltr'>πρότερον</span> <span class='ocrx_word' id='word_1_416' title='bbox 1046 4725 1262 4796; x_wconf 78' lang='grc' dir='ltr'>πορθῶν</span> <span class='ocrx_word' id='word_1_417' title='bbox 1283 4726 1380 4796; x_wconf 75' lang='grc' dir='ltr'>τὴν</span> <span class='ocrx_word' id='word_1_418' title='bbox 1410 4725 1755 4796; x_wconf 82' lang='grc' dir='ltr'>Ἐκκλησίαν,</span> 
     </span>
    </p>
   </div>
   <div class='ocr_carea' id='block_1_54' title="bbox 66 4803 1441 4890">
    <p class='ocr_par' dir='ltr' id='par_1_54' title="bbox 66 4803 1441 4890">
     <span class='ocr_line' id='line_1_54' title="bbox 66 4803 1441 4890; baseline 0.004 -35"><span class='ocrx_word' id='word_1_419' title='bbox 66 4873 73 4890; x_wconf 45' lang='grc'><strong>¹</strong></span> <span class='ocrx_word' id='word_1_420' title='bbox 157 4803 394 4875; x_wconf 75' lang='grc' dir='ltr'>ὕστερον</span> <span class='ocrx_word' id='word_1_421' title='bbox 435 4804 596 4866; x_wconf 71' lang='grc' dir='ltr'>αὐτὸς</span> <span class='ocrx_word' id='word_1_422' title='bbox 633 4805 802 4875; x_wconf 80' lang='grc' dir='ltr'>αὐτῆς</span> <span class='ocrx_word' id='word_1_423' title='bbox 830 4807 1020 4874; x_wconf 88' lang='grc' dir='ltr'>γέγονε</span> <span class='ocrx_word' id='word_1_424' title='bbox 1054 4808 1441 4877; x_wconf 78' lang='grc' dir='ltr'>νυμφαγωγός.</span> 
     </span>
    </p>
   </div>
   <div class='ocr_carea' id='block_1_55' title="bbox 224 4903 1756 4982">
    <p class='ocr_par' dir='ltr' id='par_1_55' title="bbox 224 4903 1756 4982">
     <span class='ocr_line' id='line_1_55' title="bbox 224 4903 1756 4982; baseline 0.004 -22"><span class='ocrx_word' id='word_1_425' title='bbox 224 4908 292 4961; x_wconf 82' lang='grc' dir='ltr'>δ’.</span> <span class='ocrx_word' id='word_1_426' title='bbox 320 4903 480 4970; x_wconf 72' lang='grc' dir='ltr'>Εἶδες</span> <span class='ocrx_word' id='word_1_427' title='bbox 508 4907 686 4979; x_wconf 78' lang='grc' dir='ltr'>ἄκραν</span> <span class='ocrx_word' id='word_1_428' title='bbox 721 4907 821 4978; x_wconf 79' lang='grc' dir='ltr'>τὴν</span> <span class='ocrx_word' id='word_1_429' title='bbox 860 4909 1200 4980; x_wconf 80' lang='grc' dir='ltr'>μεταδολήν;</span> <span class='ocrx_word' id='word_1_430' title='bbox 1242 4909 1378 4974; x_wconf 84' lang='grc' dir='ltr'>εἶδες</span> <span class='ocrx_word' id='word_1_431' title='bbox 1412 4913 1619 4982; x_wconf 66' lang='grc' dir='ltr'>ἄφατον</span> <span class='ocrx_word' id='word_1_432' title='bbox 1657 4914 1756 4982; x_wconf 74' lang='grc' dir='ltr'>τὴν</span> 
     </span>
    </p>
   </div>
   <div class='ocr_carea' id='block_1_56' title="bbox 160 4994 1761 5070">
    <p class='ocr_par' dir='ltr' id='par_1_56' title="bbox 160 4994 1761 5070">
     <span class='ocr_line' id='line_1_56' title="bbox 160 4994 1761 5070; baseline 0.004 -23"><span class='ocrx_word' id='word_1_433' title='bbox 160 4995 502 5065; x_wconf 79' lang='grc' dir='ltr'>μετάστασιν</span> <span class='ocrx_word' id='word_1_434' title='bbox 524 5011 538 5058; x_wconf 89' lang='grc'>;</span> <span class='ocrx_word' id='word_1_435' title='bbox 568 4994 723 5047; x_wconf 65' lang='grc' dir='ltr'>Οὕτω</span> <span class='ocrx_word' id='word_1_436' title='bbox 741 4996 834 5048; x_wconf 72' lang='grc' dir='ltr'>καὶ</span> <span class='ocrx_word' id='word_1_437' title='bbox 861 4999 889 5049; x_wconf 91' lang='lat'>6</span> <span class='ocrx_word' id='word_1_438' title='bbox 909 4997 1110 5068; x_wconf 70' lang='grc' dir='ltr'>λῃστὴς</span> <span class='ocrx_word' id='word_1_439' title='bbox 1134 5001 1361 5068; x_wconf 84' lang='grc' dir='ltr'>μυρίους</span> <span class='ocrx_word' id='word_1_440' title='bbox 1386 5001 1761 5070; x_wconf 82' lang='grc' dir='ltr'>ἐργασάμενος</span> 
     </span>
    </p>
   </div>
   <div class='ocr_carea' id='block_1_57' title="bbox 158 5081 1756 5155">
    <p class='ocr_par' dir='ltr' id='par_1_57' title="bbox 158 5081 1756 5155">
     <span class='ocr_line' id='line_1_57' title="bbox 158 5081 1756 5155; baseline 0.004 -20"><span class='ocrx_word' id='word_1_441' title='bbox 158 5087 382 5153; x_wconf 69' lang='grc' dir='ltr'>φόνους,</span> <span class='ocrx_word' id='word_1_442' title='bbox 417 5084 475 5134; x_wconf 90' lang='grc' dir='ltr'>ἐν</span> <span class='ocrx_word' id='word_1_443' title='bbox 522 5083 621 5152; x_wconf 81' lang='grc' dir='ltr'>μιᾷ</span> <span class='ocrx_word' id='word_1_444' title='bbox 658 5081 848 5153; x_wconf 70' lang='grc' dir='ltr'>καιροῦ</span> <span class='ocrx_word' id='word_1_445' title='bbox 880 5087 1018 5155; x_wconf 71' lang='grc' dir='ltr'>ῥοπῇ</span> <span class='ocrx_word' id='word_1_446' title='bbox 1048 5085 1136 5138; x_wconf 74' lang='grc' dir='ltr'>διὰ</span> <span class='ocrx_word' id='word_1_447' title='bbox 1164 5087 1271 5138; x_wconf 87' lang='grc' dir='ltr'>τῶν</span> <span class='ocrx_word' id='word_1_448' title='bbox 1305 5088 1500 5154; x_wconf 81' lang='grc' dir='ltr'>ὀλίγων</span> <span class='ocrx_word' id='word_1_449' title='bbox 1532 5088 1756 5147; x_wconf 80' lang='grc' dir='ltr'>ἐκείνων</span> 
     </span>
    </p>
   </div>
   <div class='ocr_carea' id='block_1_58' title="bbox 161 5168 1756 5246">
    <p class='ocr_par' dir='ltr' id='par_1_58' title="bbox 161 5168 1756 5246">
     <span class='ocr_line' id='line_1_58' title="bbox 161 5168 1756 5246; baseline 0.003 -25"><span class='ocrx_word' id='word_1_450' title='bbox 161 5171 435 5241; x_wconf 74' lang='grc' dir='ltr'>ῥημάτων</span> <span class='ocrx_word' id='word_1_451' title='bbox 461 5168 632 5233; x_wconf 72' lang='grc' dir='ltr'>οὕτως</span> <span class='ocrx_word' id='word_1_452' title='bbox 668 5170 886 5224; x_wconf 75' lang='grc' dir='ltr'>ἅπαντα</span> <span class='ocrx_word' id='word_1_453' title='bbox 921 5172 1221 5242; x_wconf 81' lang='grc' dir='ltr'>ἀπενίψατο</span> <span class='ocrx_word' id='word_1_454' title='bbox 1251 5174 1318 5226; x_wconf 68' lang='grc' dir='ltr'>τα</span> <span class='ocrx_word' id='word_1_455' title='bbox 1359 5176 1756 5246; x_wconf 78' lang='grc' dir='ltr'>ἁμαρτήματα,</span> 
     </span>
    </p>
   </div>
   <div class='ocr_carea' id='block_1_59' title="bbox 157 5256 1760 5332">
    <p class='ocr_par' dir='ltr' id='par_1_59' title="bbox 157 5256 1760 5332">
     <span class='ocr_line' id='line_1_59' title="bbox 157 5256 1760 5332; baseline 0.006 -24"><span class='ocrx_word' id='word_1_456' title='bbox 157 5259 234 5322; x_wconf 85' lang='grc' dir='ltr'>ὡς</span> <span class='ocrx_word' id='word_1_457' title='bbox 277 5256 522 5310; x_wconf 83' lang='grc' dir='ltr'>ἀκοῦσαι</span> <span class='ocrx_word' id='word_1_458' title='bbox 553 5257 705 5326; x_wconf 65' lang='grc' dir='ltr'>παρὰ</span> <span class='ocrx_word' id='word_1_459' title='bbox 735 5258 829 5309; x_wconf 77' lang='grc' dir='ltr'>τοῦ</span> <span class='ocrx_word' id='word_1_460' title='bbox 877 5261 1168 5323; x_wconf 84' lang='grc' dir='ltr'>Δεσπότου,</span> <span class='ocrx_word' id='word_1_461' title='bbox 1197 5263 1278 5314; x_wconf 78' lang='grc' dir='ltr'>ὅτι</span> <span class='ocrx_word' id='word_1_462' title='bbox 1325 5261 1596 5332; x_wconf 69' lang='grc' dir='ltr'>Σήμερον</span> <span class='ocrx_word' id='word_1_463' title='bbox 1631 5268 1760 5332; x_wconf 79' lang='grc' dir='ltr'>μετ’</span> 
     </span>
    </p>
   </div>
   <div class='ocr_carea' id='block_1_60' title="bbox 159 5343 1758 5418">
    <p class='ocr_par' dir='ltr' id='par_1_60' title="bbox 159 5343 1758 5418">
     <span class='ocr_line' id='line_1_60' title="bbox 159 5343 1758 5418; baseline 0.003 -21"><span class='ocrx_word' id='word_1_464' title='bbox 159 5344 314 5413; x_wconf 75' lang='grc' dir='ltr'>ἐμοῦ</span> <span class='ocrx_word' id='word_1_465' title='bbox 340 5343 457 5410; x_wconf 75' lang='grc' dir='ltr'>ἔσῃ</span> <span class='ocrx_word' id='word_1_466' title='bbox 484 5344 554 5397; x_wconf 84' lang='grc' dir='ltr'>ἑν</span> <span class='ocrx_word' id='word_1_467' title='bbox 571 5345 648 5408; x_wconf 83' lang='grc' dir='ltr'>τῷ</span> <span class='ocrx_word' id='word_1_468' title='bbox 664 5344 1029 5413; x_wconf 77' lang='grc' dir='ltr'>παραδείσῳ.</span> <span class='ocrx_word' id='word_1_469' title='bbox 1063 5345 1216 5418; x_wconf 70' lang='grc'>[555]</span> <span class='ocrx_word' id='word_1_470' title='bbox 1241 5347 1400 5401; x_wconf 80' lang='grc' dir='ltr'>Οῦτω</span> <span class='ocrx_word' id='word_1_471' title='bbox 1427 5350 1517 5402; x_wconf 73' lang='grc' dir='ltr'>καὶ</span> <span class='ocrx_word' id='word_1_472' title='bbox 1545 5352 1571 5401; x_wconf 79' lang='grc' dir='ltr'>ό</span> <span class='ocrx_word' id='word_1_473' title='bbox 1593 5351 1758 5403; x_wconf 78' lang='grc' dir='ltr'>τελώ-</span> 
     </span>
    </p>
   </div>
   <div class='ocr_carea' id='block_1_61' title="bbox 162 5431 1758 5507">
    <p class='ocr_par' dir='ltr' id='par_1_61' title="bbox 162 5431 1758 5507">
     <span class='ocr_line' id='line_1_61' title="bbox 162 5431 1758 5507; baseline 0.005 -24"><span class='ocrx_word' id='word_1_474' title='bbox 162 5448 284 5502; x_wconf 87' lang='grc' dir='ltr'>νης,</span> <span class='ocrx_word' id='word_1_475' title='bbox 313 5431 514 5501; x_wconf 73' lang='grc' dir='ltr'>στῆθος</span> <span class='ocrx_word' id='word_1_476' title='bbox 545 5431 773 5502; x_wconf 79' lang='grc' dir='ltr'>πλήξας,</span> <span class='ocrx_word' id='word_1_477' title='bbox 815 5433 995 5487; x_wconf 75' lang='grc' dir='ltr'>καὶτὰ</span> <span class='ocrx_word' id='word_1_478' title='bbox 1026 5437 1201 5488; x_wconf 83' lang='grc' dir='ltr'>οἰκεῖα</span> <span class='ocrx_word' id='word_1_479' title='bbox 1231 5435 1600 5507; x_wconf 56' lang='grc' dir='ltr'>ἁμαρτήματα</span> <span class='ocrx_word' id='word_1_480' title='bbox 1625 5440 1758 5507; x_wconf 75' lang='grc' dir='ltr'>ὁμο-</span> 
     </span>
    </p>
   </div>
   <div class='ocr_carea' id='block_1_62' title="bbox 161 5519 1755 5595">
    <p class='ocr_par' dir='ltr' id='par_1_62' title="bbox 161 5519 1755 5595">
     <span class='ocr_line' id='line_1_62' title="bbox 161 5519 1755 5595; baseline 0.004 -21"><span class='ocrx_word' id='word_1_481' title='bbox 161 5520 430 5589; x_wconf 73' lang='grc' dir='ltr'>λογήσας,</span> <span class='ocrx_word' id='word_1_482' title='bbox 457 5519 692 5589; x_wconf 84' lang='grc' dir='ltr'>κατῆλθε</span> <span class='ocrx_word' id='word_1_483' title='bbox 714 5520 1130 5592; x_wconf 86' lang='grc' dir='ltr'>δεδικαιωμένος</span> <span class='ocrx_word' id='word_1_484' title='bbox 1166 5523 1306 5594; x_wconf 85' lang='grc' dir='ltr'>ὑπὲρ</span> <span class='ocrx_word' id='word_1_485' title='bbox 1338 5523 1427 5576; x_wconf 79' lang='grc' dir='ltr'>τὸν</span> <span class='ocrx_word' id='word_1_486' title='bbox 1442 5526 1755 5595; x_wconf 77' lang='grc' dir='ltr'>Φαρισαῖον.</span> 
     </span>
    </p>
   </div>
   <div class='ocr_carea' id='block_1_63' title="bbox 175 5605 1760 5682">
    <p class='ocr_par' dir='ltr' id='par_1_63' title="bbox 175 5605 1760 5682">
     <span class='ocr_line' id='line_1_63' title="bbox 175 5605 1760 5682; baseline 0.003 -20"><span class='ocrx_word' id='word_1_487' title='bbox 175 5605 348 5662; x_wconf 81' lang='grc' dir='ltr'>’Δλλά</span> <span class='ocrx_word' id='word_1_488' title='bbox 369 5606 574 5659; x_wconf 76' lang='grc' dir='ltr'>τούτων</span> <span class='ocrx_word' id='word_1_489' title='bbox 599 5607 696 5676; x_wconf 86' lang='grc' dir='ltr'>μὲν</span> <span class='ocrx_word' id='word_1_490' title='bbox 721 5607 952 5671; x_wconf 71' lang='grc' dir='ltr'>ἕκαστος</span> <span class='ocrx_word' id='word_1_491' title='bbox 988 5609 1169 5680; x_wconf 81' lang='grc' dir='ltr'>ψυχῆς</span> <span class='ocrx_word' id='word_1_492' title='bbox 1194 5610 1617 5682; x_wconf 74' lang='grc' dir='ltr'>εὐγνωμοσύνην</span> <span class='ocrx_word' id='word_1_493' title='bbox 1639 5615 1760 5666; x_wconf 82' lang='grc' dir='ltr'>ἐπι-</span> 
     </span>
    </p>
   </div>
   <div class='ocr_carea' id='block_1_64' title="bbox 164 5692 1753 5770">
    <p class='ocr_par' dir='ltr' id='par_1_64' title="bbox 164 5692 1753 5770">
     <span class='ocr_line' id='line_1_64' title="bbox 164 5692 1753 5770; baseline 0.001 -23"><span class='ocrx_word' id='word_1_494' title='bbox 164 5692 508 5764; x_wconf 76' lang='grc' dir='ltr'>δειξάμενος,</span> <span class='ocrx_word' id='word_1_495' title='bbox 542 5696 638 5748; x_wconf 75' lang='grc' dir='ltr'>καὶ</span> <span class='ocrx_word' id='word_1_496' title='bbox 665 5693 734 5747; x_wconf 86' lang='grc' dir='ltr'>τά</span> <span class='ocrx_word' id='word_1_497' title='bbox 762 5696 1005 5768; x_wconf 81' lang='grc' dir='ltr'>πρότερα</span> <span class='ocrx_word' id='word_1_498' title='bbox 1031 5697 1372 5767; x_wconf 87' lang='grc' dir='ltr'>ὁμολογήσας</span> <span class='ocrx_word' id='word_1_499' title='bbox 1416 5699 1753 5770; x_wconf 84' lang='grc' dir='ltr'>πταίσματα.</span> 
     </span>
    </p>
   </div>
   <div class='ocr_carea' id='block_1_65' title="bbox 164 5779 1762 5855">
    <p class='ocr_par' dir='ltr' id='par_1_65' title="bbox 164 5779 1762 5855">
     <span class='ocr_line' id='line_1_65' title="bbox 164 5779 1762 5855; baseline 0.002 -19"><span class='ocrx_word' id='word_1_500' title='bbox 164 5779 315 5838; x_wconf 77' lang='grc' dir='ltr'>οὕτω</span> <span class='ocrx_word' id='word_1_501' title='bbox 329 5783 430 5852; x_wconf 80' lang='grc' dir='ltr'>τῆς</span> <span class='ocrx_word' id='word_1_502' title='bbox 455 5785 857 5853; x_wconf 84' lang='grc' dir='ltr'>συγχωρήσεως</span> <span class='ocrx_word' id='word_1_503' title='bbox 873 5784 1209 5854; x_wconf 85' lang='grc' dir='ltr'>ἀπήλαυσεν.</span> <span class='ocrx_word' id='word_1_504' title='bbox 1234 5785 1462 5854; x_wconf 78' lang='grc' dir='ltr'>Ἰδωμεν</span> <span class='ocrx_word' id='word_1_505' title='bbox 1486 5785 1541 5838; x_wconf 79' lang='grc' dir='ltr'>δὲ</span> <span class='ocrx_word' id='word_1_506' title='bbox 1557 5787 1762 5855; x_wconf 80' lang='grc' dir='ltr'>ταύτης</span> 
     </span>
    </p>
   </div>
   <div class='ocr_carea' id='block_1_66' title="bbox 167 5871 1766 5947">
    <p class='ocr_par' dir='ltr' id='par_1_66' title="bbox 167 5871 1766 5947">
     <span class='ocr_line' id='line_1_66' title="bbox 167 5871 1766 5947; baseline 0.004 -23"><span class='ocrx_word' id='word_1_507' title='bbox 167 5871 263 5938; x_wconf 75' lang='grc' dir='ltr'>τῆς</span> <span class='ocrx_word' id='word_1_508' title='bbox 294 5871 518 5940; x_wconf 77' lang='grc' dir='ltr'>ἐντολῆς</span> <span class='ocrx_word' id='word_1_509' title='bbox 549 5872 642 5940; x_wconf 78' lang='grc' dir='ltr'>τήν</span> <span class='ocrx_word' id='word_1_510' title='bbox 687 5873 858 5942; x_wconf 73' lang='grc' dir='ltr'>ἰσχὺν,</span> <span class='ocrx_word' id='word_1_511' title='bbox 883 5873 978 5928; x_wconf 74' lang='grc' dir='ltr'>καὶ</span> <span class='ocrx_word' id='word_1_512' title='bbox 1010 5873 1142 5943; x_wconf 80' lang='grc' dir='ltr'>ὅσην</span> <span class='ocrx_word' id='word_1_513' title='bbox 1187 5875 1502 5944; x_wconf 76' lang='grc' dir='ltr'>περιουσίας</span> <span class='ocrx_word' id='word_1_514' title='bbox 1537 5876 1766 5947; x_wconf 76' lang='grc' dir='ltr'>δύναμιν</span> 
     </span>
    </p>
   </div>
   <div class='ocr_carea' id='block_1_67' title="bbox 175 5959 1765 6036">
    <p class='ocr_par' dir='ltr' id='par_1_67' title="bbox 175 5959 1765 6036">
     <span class='ocr_line' id='line_1_67' title="bbox 175 5959 1765 6036; baseline 0.003 -25"><span class='ocrx_word' id='word_1_515' title='bbox 175 5960 431 6036; x_wconf 64' lang='grc' dir='ltr'>κέκτηται</span> <span class='ocrx_word' id='word_1_516' title='bbox 462 5959 750 6032; x_wconf 48' lang='grc' dir='ltr'>ἡνδαψιλὴς</span> <span class='ocrx_word' id='word_1_517' title='bbox 777 5961 1135 6034; x_wconf 79' lang='grc' dir='ltr'>ἐλεημοσύνη,</span> <span class='ocrx_word' id='word_1_518' title='bbox 1183 5963 1268 6017; x_wconf 72' lang='grc' dir='ltr'>ἵνα</span> <span class='ocrx_word' id='word_1_519' title='bbox 1305 5963 1566 6034; x_wconf 68' lang='grc' dir='ltr'>μαθόντες</span> <span class='ocrx_word' id='word_1_520' title='bbox 1595 5966 1652 6018; x_wconf 71' lang='grc' dir='ltr'>τδ</span> <span class='ocrx_word' id='word_1_521' title='bbox 1710 5967 1765 6024; x_wconf 67' lang='grc' dir='ltr'>ἐξ</span> 
     </span>
    </p>
   </div>
   <div class='ocr_carea' id='block_1_68' title="bbox 1137 357 2328 417">
    <p class='ocr_par' dir='ltr' id='par_1_68' title="bbox 1137 357 2328 417">
     <span class='ocr_line' id='line_1_68' title="bbox 1137 357 2328 417; baseline -0.003 0"><span class='ocrx_word' id='word_1_522' title='bbox 1137 359 1206 417; x_wconf 82' lang='grc' dir='ltr'><strong>ΙΝ</strong></span> <span class='ocrx_word' id='word_1_523' title='bbox 1243 359 1398 415; x_wconf 74' lang='lat' dir='ltr'>CAP.</span> <span class='ocrx_word' id='word_1_524' title='bbox 1439 357 1611 414; x_wconf 66' lang='lat' dir='ltr'><strong>XXIX</strong></span> <span class='ocrx_word' id='word_1_525' title='bbox 1648 358 1904 416; x_wconf 81' lang='lat' dir='ltr'>GENES.</span> <span class='ocrx_word' id='word_1_526' title='bbox 1944 357 2184 415; x_wconf 77' lang='lat' dir='ltr'>HOMIL.</span> <span class='ocrx_word' id='word_1_527' title='bbox 2217 358 2328 415; x_wconf 82' lang='lat' dir='ltr'>LV.</span> 
     </span>
    </p>
   </div>
   <div class='ocr_carea' id='block_1_69' title="bbox 3319 359 3422 415">
    <p class='ocr_par' dir='ltr' id='par_1_69' title="bbox 3319 359 3422 415">
     <span class='ocr_line' id='line_1_69' title="bbox 3319 359 3422 415; baseline 0.029 -5"><span class='ocrx_word' id='word_1_528' title='bbox 3319 359 3422 415; x_wconf 69' lang='grc' dir='ltr'>ιει</span> 
     </span>
    </p>
   </div>
   <div class='ocr_carea' id='block_1_70' title="bbox 1830 472 3423 548">
    <p class='ocr_par' dir='ltr' id='par_1_70' title="bbox 1830 472 3423 548">
     <span class='ocr_line' id='line_1_70' title="bbox 1830 472 3423 548; baseline -0.002 -20"><span class='ocrx_word' id='word_1_529' title='bbox 1830 475 2001 548; x_wconf 84' lang='grc' dir='ltr'>αὐτῆς</span> <span class='ocrx_word' id='word_1_530' title='bbox 2038 478 2170 548; x_wconf 84' lang='grc' dir='ltr'>ἡμῖν</span> <span class='ocrx_word' id='word_1_531' title='bbox 2219 475 2572 547; x_wconf 79' lang='grc' dir='ltr'>ἐγγινόμενον</span> <span class='ocrx_word' id='word_1_532' title='bbox 2616 472 2846 547; x_wconf 79' lang='grc' dir='ltr'>κέρδος,</span> <span class='ocrx_word' id='word_1_533' title='bbox 2896 472 3190 546; x_wconf 85' lang='grc' dir='ltr'>προθύμως</span> <span class='ocrx_word' id='word_1_534' title='bbox 3251 474 3423 544; x_wconf 75' lang='grc' dir='ltr'>αὐτὴν</span> 
     </span>
    </p>
   </div>
   <div class='ocr_carea' id='block_1_71' title="bbox 1833 556 3422 632">
    <p class='ocr_par' dir='ltr' id='par_1_71' title="bbox 1833 556 3422 632">
     <span class='ocr_line' id='line_1_71' title="bbox 1833 556 3422 632; baseline -0.001 -22"><span class='ocrx_word' id='word_1_535' title='bbox 1833 557 2201 628; x_wconf 83' lang='grc' dir='ltr'>μετέλθωμεν.</span> <span class='ocrx_word' id='word_1_536' title='bbox 2229 557 2385 629; x_wconf 86' lang='grc' dir='ltr'>Τάχα</span> <span class='ocrx_word' id='word_1_537' title='bbox 2432 556 2542 632; x_wconf 88' lang='grc' dir='ltr'>γάρ</span> <span class='ocrx_word' id='word_1_538' title='bbox 2567 556 2807 628; x_wconf 86' lang='grc' dir='ltr'>τοσαύτη</span> <span class='ocrx_word' id='word_1_539' title='bbox 2832 557 3004 628; x_wconf 86' lang='grc' dir='ltr'>αὐτῆς</span> <span class='ocrx_word' id='word_1_540' title='bbox 3041 558 3075 627; x_wconf 84' lang='grc' dir='ltr'>ἡ</span> <span class='ocrx_word' id='word_1_541' title='bbox 3109 557 3422 628; x_wconf 84' lang='grc' dir='ltr'>περιουσία,</span> 
     </span>
    </p>
   </div>
   <div class='ocr_carea' id='block_1_72' title="bbox 1825 639 3428 714">
    <p class='ocr_par' dir='ltr' id='par_1_72' title="bbox 1825 639 3428 714">
     <span class='ocr_line' id='line_1_72' title="bbox 1825 639 3428 714; baseline 0.001 -23"><span class='ocrx_word' id='word_1_542' title='bbox 1825 639 1904 703; x_wconf 81' lang='grc' dir='ltr'>ὡς</span> <span class='ocrx_word' id='word_1_543' title='bbox 1936 640 2010 711; x_wconf 82' lang='grc' dir='ltr'>μὴ</span> <span class='ocrx_word' id='word_1_544' title='bbox 2045 640 2207 711; x_wconf 91' lang='grc' dir='ltr'>μόνον</span> <span class='ocrx_word' id='word_1_545' title='bbox 2232 642 2610 714; x_wconf 80' lang='grc' dir='ltr'>ἁμαρτήματα</span> <span class='ocrx_word' id='word_1_546' title='bbox 2641 640 3015 714; x_wconf 82' lang='grc' dir='ltr'>ἐκκαθαίρειν,</span> <span class='ocrx_word' id='word_1_547' title='bbox 3045 639 3188 714; x_wconf 59' lang='grc' dir='ltr'>ἀλλα</span> <span class='ocrx_word' id='word_1_548' title='bbox 3214 641 3307 693; x_wconf 73' lang='grc' dir='ltr'>καὶ</span> <span class='ocrx_word' id='word_1_549' title='bbox 3334 640 3428 694; x_wconf 82' lang='grc' dir='ltr'>αὐ·</span> 
     </span>
    </p>
   </div>
   <div class='ocr_carea' id='block_1_73' title="bbox 1829 721 3419 796">
    <p class='ocr_par' dir='ltr' id='par_1_73' title="bbox 1829 721 3419 796">
     <span class='ocr_line' id='line_1_73' title="bbox 1829 721 3419 796; baseline 0.002 -23"><span class='ocrx_word' id='word_1_550' title='bbox 1829 721 1922 773; x_wconf 81' lang='grc' dir='ltr'>τὸν</span> <span class='ocrx_word' id='word_1_551' title='bbox 1948 722 2039 774; x_wconf 86' lang='grc' dir='ltr'>τὸν</span> <span class='ocrx_word' id='word_1_552' title='bbox 2072 721 2303 777; x_wconf 89' lang='grc' dir='ltr'>θάνατον</span> <span class='ocrx_word' id='word_1_553' title='bbox 2336 723 2681 792; x_wconf 72' lang='grc' dir='ltr'>φυγαδεύειν.</span> <span class='ocrx_word' id='word_1_554' title='bbox 2716 723 2826 776; x_wconf 97' lang='lat' dir='ltr'>Kal</span> <span class='ocrx_word' id='word_1_555' title='bbox 2884 722 3028 790; x_wconf 83' lang='grc' dir='ltr'>λέγω</span> <span class='ocrx_word' id='word_1_556' title='bbox 3073 722 3164 776; x_wconf 84' lang='grc' dir='ltr'>τὸν</span> <span class='ocrx_word' id='word_1_557' title='bbox 3197 723 3419 796; x_wconf 82' lang='grc' dir='ltr'>τρόπον.</span> 
     </span>
    </p>
   </div>
   <div class='ocr_carea' id='block_1_74' title="bbox 1832 803 3426 877">
    <p class='ocr_par' dir='ltr' id='par_1_74' title="bbox 1832 803 3426 877">
     <span class='ocr_line' id='line_1_74' title="bbox 1832 803 3426 877; baseline 0.001 -21"><span class='ocrx_word' id='word_1_558' title='bbox 1832 803 1942 857; x_wconf 86' lang='lat' dir='ltr'>Kal</span> <span class='ocrx_word' id='word_1_559' title='bbox 1965 803 2068 868; x_wconf 87' lang='grc' dir='ltr'>τίς,</span> <span class='ocrx_word' id='word_1_560' title='bbox 2103 805 2292 876; x_wconf 75' lang='grc' dir='ltr'>φησὶν,</span> <span class='ocrx_word' id='word_1_561' title='bbox 2327 805 2703 876; x_wconf 77' lang='grc' dir='ltr'>ἐλεημοσύνην</span> <span class='ocrx_word' id='word_1_562' title='bbox 2732 805 3165 877; x_wconf 85' lang='grc' dir='ltr'>ἐπιδειξάμενος,</span> <span class='ocrx_word' id='word_1_563' title='bbox 3201 805 3299 859; x_wconf 91' lang='grc' dir='ltr'>τοῦ</span> <span class='ocrx_word' id='word_1_564' title='bbox 3323 804 3426 858; x_wconf 83' lang='grc' dir='ltr'>θα-</span> 
     </span>
    </p>
   </div>
   <div class='ocr_carea' id='block_1_75' title="bbox 1831 886 3426 959">
    <p class='ocr_par' dir='ltr' id='par_1_75' title="bbox 1831 886 3426 959">
     <span class='ocr_line' id='line_1_75' title="bbox 1831 886 3426 959; baseline 0.002 -22"><span class='ocrx_word' id='word_1_565' title='bbox 1831 886 1992 939; x_wconf 86' lang='grc' dir='ltr'>νάτου</span> <span class='ocrx_word' id='word_1_566' title='bbox 2033 889 2298 958; x_wconf 82' lang='grc' dir='ltr'>κρείττων</span> <span class='ocrx_word' id='word_1_567' title='bbox 2345 888 2579 958; x_wconf 88' lang='grc' dir='ltr'>γέγονε;</span> <span class='ocrx_word' id='word_1_568' title='bbox 2634 888 2744 941; x_wconf 90' lang='lat' dir='ltr'>Kal</span> <span class='ocrx_word' id='word_1_569' title='bbox 2791 887 2898 958; x_wconf 85' lang='grc' dir='ltr'>μὴν</span> <span class='ocrx_word' id='word_1_570' title='bbox 2934 889 3180 950; x_wconf 70' lang='grc' dir='ltr'>ἅπαντας</span> <span class='ocrx_word' id='word_1_571' title='bbox 3206 887 3426 959; x_wconf 75' lang='grc' dir='ltr'>ὁρῶμεν</span> 
     </span>
    </p>
   </div>
   <div class='ocr_carea' id='block_1_76' title="bbox 1833 969 3428 1043">
    <p class='ocr_par' dir='ltr' id='par_1_76' title="bbox 1833 969 3428 1043">
     <span class='ocr_line' id='line_1_76' title="bbox 1833 969 3428 1043; baseline 0.001 -21"><span class='ocrx_word' id='word_1_572' title='bbox 1833 969 1938 1022; x_wconf 74' lang='grc' dir='ltr'>ὐπὸ</span> <span class='ocrx_word' id='word_1_573' title='bbox 1959 969 2060 1041; x_wconf 80' lang='grc' dir='ltr'>τὴν</span> <span class='ocrx_word' id='word_1_574' title='bbox 2082 971 2374 1042; x_wconf 85' lang='grc' dir='ltr'>τυραννίδα</span> <span class='ocrx_word' id='word_1_575' title='bbox 2394 971 2487 1025; x_wconf 86' lang='grc' dir='ltr'>τοῦ</span> <span class='ocrx_word' id='word_1_576' title='bbox 2518 969 2754 1026; x_wconf 86' lang='grc' dir='ltr'>θανάτου</span> <span class='ocrx_word' id='word_1_577' title='bbox 2787 971 3128 1041; x_wconf 83' lang='grc' dir='ltr'>γινομένους.</span> <span class='ocrx_word' id='word_1_578' title='bbox 3157 970 3248 1043; x_wconf 80' lang='grc' dir='ltr'>Μή</span> <span class='ocrx_word' id='word_1_579' title='bbox 3266 969 3428 1042; x_wconf 89' lang='grc' dir='ltr'>θορυ-</span> 
     </span>
    </p>
   </div>
   <div class='ocr_carea' id='block_1_77' title="bbox 1832 1051 3430 1126">
    <p class='ocr_par' dir='ltr' id='par_1_77' title="bbox 1832 1051 3430 1126">
     <span class='ocr_line' id='line_1_77' title="bbox 1832 1051 3430 1126; baseline 0.001 -22"><span class='ocrx_word' id='word_1_580' title='bbox 1832 1051 2026 1123; x_wconf 74' lang='grc' dir='ltr'>ϐηθῇς,</span> <span class='ocrx_word' id='word_1_581' title='bbox 2058 1053 2330 1125; x_wconf 44' lang='grc' dir='ltr'>ἀγαπητὴ</span> <span class='ocrx_word' id='word_1_582' title='bbox 2361 1054 2496 1108; x_wconf 81' lang='grc' dir='ltr'>ἀλλά</span> <span class='ocrx_word' id='word_1_583' title='bbox 2529 1054 2670 1126; x_wconf 83' lang='grc' dir='ltr'>μάθε</span> <span class='ocrx_word' id='word_1_584' title='bbox 2703 1054 2771 1108; x_wconf 87' lang='grc' dir='ltr'>δι’</span> <span class='ocrx_word' id='word_1_585' title='bbox 2803 1053 2983 1108; x_wconf 89' lang='grc' dir='ltr'>αὐτῶν</span> <span class='ocrx_word' id='word_1_586' title='bbox 3029 1053 3140 1107; x_wconf 89' lang='grc' dir='ltr'>τῶν</span> <span class='ocrx_word' id='word_1_587' title='bbox 3166 1052 3430 1126; x_wconf 84' lang='grc' dir='ltr'>πραγμά-</span> 
     </span>
    </p>
   </div>
   <div class='ocr_carea' id='block_1_78' title="bbox 1832 1136 3433 1208">
    <p class='ocr_par' dir='ltr' id='par_1_78' title="bbox 1832 1136 3433 1208">
     <span class='ocr_line' id='line_1_78' title="bbox 1832 1136 3433 1208; baseline 0.001 -22"><span class='ocrx_word' id='word_1_588' title='bbox 1832 1151 1963 1197; x_wconf 89' lang='grc' dir='ltr'>των,</span> <span class='ocrx_word' id='word_1_589' title='bbox 1996 1137 2145 1200; x_wconf 83' lang='grc' dir='ltr'>ὄπως</span> <span class='ocrx_word' id='word_1_590' title='bbox 2174 1139 2207 1208; x_wconf 86' lang='grc' dir='ltr'>ἡ</span> <span class='ocrx_word' id='word_1_591' title='bbox 2234 1137 2334 1206; x_wconf 72' lang='grc' dir='ltr'>τῆς</span> <span class='ocrx_word' id='word_1_592' title='bbox 2388 1137 2763 1208; x_wconf 88' lang='grc' dir='ltr'>ἐλεημοσύνης</span> <span class='ocrx_word' id='word_1_593' title='bbox 2819 1136 3050 1208; x_wconf 87' lang='grc' dir='ltr'>δύναμις</span> <span class='ocrx_word' id='word_1_594' title='bbox 3087 1137 3306 1207; x_wconf 83' lang='grc' dir='ltr'>ἐνίκησε</span> <span class='ocrx_word' id='word_1_595' title='bbox 3333 1137 3433 1189; x_wconf 76' lang='grc' dir='ltr'>καὶ</span> 
     </span>
    </p>
   </div>
   <div class='ocr_carea' id='block_1_79' title="bbox 1833 1219 3433 1293">
    <p class='ocr_par' dir='ltr' id='par_1_79' title="bbox 1833 1219 3433 1293">
     <span class='ocr_line' id='line_1_79' title="bbox 1833 1219 3433 1293; baseline 0.001 -22"><span class='ocrx_word' id='word_1_596' title='bbox 1833 1219 2026 1272; x_wconf 88' lang='grc' dir='ltr'>τούτου</span> <span class='ocrx_word' id='word_1_597' title='bbox 2058 1220 2158 1290; x_wconf 75' lang='grc' dir='ltr'>τήν</span> <span class='ocrx_word' id='word_1_598' title='bbox 2189 1221 2500 1293; x_wconf 88' lang='grc' dir='ltr'>τυραννίδα.</span> <span class='ocrx_word' id='word_1_599' title='bbox 2533 1220 2748 1275; x_wconf 73' lang='grc' dir='ltr'>Ταϐιθά</span> <span class='ocrx_word' id='word_1_600' title='bbox 2767 1238 2852 1282; x_wconf 91' lang='grc' dir='ltr'>τις</span> <span class='ocrx_word' id='word_1_601' title='bbox 2878 1220 3099 1288; x_wconf 86' lang='grc' dir='ltr'>ἐγένετο</span> <span class='ocrx_word' id='word_1_602' title='bbox 3123 1219 3281 1291; x_wconf 78' lang='grc' dir='ltr'>γυνὴ,</span> <span class='ocrx_word' id='word_1_603' title='bbox 3306 1220 3433 1291; x_wconf 80' lang='grc' dir='ltr'>ἡτις</span> 
     </span>
    </p>
   </div>
   <div class='ocr_carea' id='block_1_80' title="bbox 1832 1300 3433 1374">
    <p class='ocr_par' dir='ltr' id='par_1_80' title="bbox 1832 1300 3433 1374">
     <span class='ocr_line' id='line_1_80' title="bbox 1832 1300 3433 1374; baseline 0.003 -21"><span class='ocrx_word' id='word_1_604' title='bbox 1832 1300 2299 1373; x_wconf 79' lang='grc' dir='ltr'>διερμηνευομένη</span> <span class='ocrx_word' id='word_1_605' title='bbox 2328 1304 2543 1372; x_wconf 87' lang='grc' dir='ltr'>λέγεται</span> <span class='ocrx_word' id='word_1_606' title='bbox 2571 1306 2782 1374; x_wconf 79' lang='grc' dir='ltr'>Δορκάς</span> <span class='ocrx_word' id='word_1_607' title='bbox 2803 1321 2816 1334; x_wconf 72' lang='grc' dir='ltr'>ο</span> <span class='ocrx_word' id='word_1_608' title='bbox 2843 1301 2984 1374; x_wconf 78' lang='grc' dir='ltr'>αὐτη</span> <span class='ocrx_word' id='word_1_609' title='bbox 3006 1303 3167 1374; x_wconf 71' lang='grc' dir='ltr'>ἔργον</span> <span class='ocrx_word' id='word_1_610' title='bbox 3194 1305 3433 1358; x_wconf 85' lang='grc' dir='ltr'>ἐποιεῖτο</span> 
     </span>
    </p>
   </div>
   <div class='ocr_carea' id='block_1_81' title="bbox 1835 1383 3434 1458">
    <p class='ocr_par' dir='ltr' id='par_1_81' title="bbox 1835 1383 3434 1458">
     <span class='ocr_line' id='line_1_81' title="bbox 1835 1383 3434 1458; baseline 0.003 -22"><span class='ocrx_word' id='word_1_611' title='bbox 1835 1383 1955 1436; x_wconf 81' lang='grc' dir='ltr'>καθ’</span> <span class='ocrx_word' id='word_1_612' title='bbox 1980 1384 2219 1454; x_wconf 75' lang='grc' dir='ltr'>ἑκάστην</span> <span class='ocrx_word' id='word_1_613' title='bbox 2259 1387 2471 1457; x_wconf 81' lang='grc' dir='ltr'>ἡμέραν</span> <span class='ocrx_word' id='word_1_614' title='bbox 2491 1386 2588 1456; x_wconf 80' lang='grc' dir='ltr'>τὴν</span> <span class='ocrx_word' id='word_1_615' title='bbox 2610 1385 2717 1438; x_wconf 78' lang='grc' dir='ltr'>ἀπὸ</span> <span class='ocrx_word' id='word_1_616' title='bbox 2741 1389 2843 1456; x_wconf 80' lang='grc' dir='ltr'>τῆς</span> <span class='ocrx_word' id='word_1_617' title='bbox 2873 1385 3248 1458; x_wconf 86' lang='grc' dir='ltr'>ἐλεημοσύνης</span> <span class='ocrx_word' id='word_1_618' title='bbox 3275 1387 3434 1439; x_wconf 85' lang='grc' dir='ltr'>εὐπο-</span> 
     </span>
    </p>
   </div>
   <div class='ocr_carea' id='block_1_82' title="bbox 1838 1468 3461 1540">
    <p class='ocr_par' dir='ltr' id='par_1_82' title="bbox 1838 1468 3461 1540">
     <span class='ocr_line' id='line_1_82' title="bbox 1838 1468 3461 1540; baseline 0.004 -21"><span class='ocrx_word' id='word_1_619' title='bbox 1838 1468 1958 1538; x_wconf 85' lang='grc' dir='ltr'>ρίαν</span> <span class='ocrx_word' id='word_1_620' title='bbox 1988 1468 2264 1536; x_wconf 80' lang='grc' dir='ltr'>συλλέγειν</span> <span class='ocrx_word' id='word_1_621' title='bbox 2285 1471 2454 1540; x_wconf 82' lang='grc' dir='ltr'>ἐαυτῇ</span> <span class='ocrx_word' id='word_1_622' title='bbox 2477 1487 2489 1498; x_wconf 96' lang='grc'><strong>·</strong></span> <span class='ocrx_word' id='word_1_623' title='bbox 2525 1471 2616 1522; x_wconf 80' lang='grc' dir='ltr'>καὶ</span> <span class='ocrx_word' id='word_1_624' title='bbox 2652 1470 2984 1532; x_wconf 84' lang='grc' dir='ltr'>ἐνεδίδυσκε,</span> <span class='ocrx_word' id='word_1_625' title='bbox 3013 1471 3170 1540; x_wconf 65' lang='grc' dir='ltr'>φησι,</span> <span class='ocrx_word' id='word_1_626' title='bbox 3204 1469 3304 1533; x_wconf 74' lang='grc' dir='ltr'>τὰς</span> <span class='ocrx_word' id='word_1_627' title='bbox 3331 1470 3434 1540; x_wconf 84' lang='grc' dir='ltr'>χή-</span> <span class='ocrx_word' id='word_1_628' title='bbox 3459 1531 3461 1534; x_wconf 11' lang='grc' dir='ltr'>ς</span> 
     </span>
    </p>
   </div>
   <div class='ocr_carea' id='block_1_83' title="bbox 1837 1551 3429 1625">
    <p class='ocr_par' dir='ltr' id='par_1_83' title="bbox 1837 1551 3429 1625">
     <span class='ocr_line' id='line_1_83' title="bbox 1837 1551 3429 1625; baseline 0.002 -21"><span class='ocrx_word' id='word_1_629' title='bbox 1837 1568 1957 1620; x_wconf 88' lang='grc' dir='ltr'>ρας,</span> <span class='ocrx_word' id='word_1_630' title='bbox 1979 1554 2073 1606; x_wconf 76' lang='grc' dir='ltr'>καὶ</span> <span class='ocrx_word' id='word_1_631' title='bbox 2098 1551 2197 1624; x_wconf 84' lang='grc' dir='ltr'>τὴν</span> <span class='ocrx_word' id='word_1_632' title='bbox 2216 1553 2384 1622; x_wconf 82' lang='grc' dir='ltr'>ἀλλην</span> <span class='ocrx_word' id='word_1_633' title='bbox 2408 1554 2629 1607; x_wconf 79' lang='grc' dir='ltr'>ἃπασαν</span> <span class='ocrx_word' id='word_1_634' title='bbox 2647 1553 2910 1624; x_wconf 80' lang='grc' dir='ltr'>εὐπορίαν</span> <span class='ocrx_word' id='word_1_635' title='bbox 2924 1553 3119 1617; x_wconf 89' lang='grc' dir='ltr'>αὐταῖς</span> <span class='ocrx_word' id='word_1_636' title='bbox 3147 1556 3429 1625; x_wconf 86' lang='grc' dir='ltr'>παρεῖχεν.</span> 
     </span>
    </p>
   </div>
   <div class='ocr_carea' id='block_1_84' title="bbox 1849 1633 3433 1706">
    <p class='ocr_par' dir='ltr' id='par_1_84' title="bbox 1849 1633 3433 1706">
     <span class='ocr_line' id='line_1_84' title="bbox 1849 1633 3433 1706; baseline 0.002 -20"><span class='ocrx_word' id='word_1_637' title='bbox 1849 1634 2097 1701; x_wconf 83' lang='grc' dir='ltr'>Ἐγένετο</span> <span class='ocrx_word' id='word_1_638' title='bbox 2127 1636 2185 1689; x_wconf 77' lang='grc' dir='ltr'>δὲ</span> <span class='ocrx_word' id='word_1_639' title='bbox 2239 1635 2620 1706; x_wconf 87' lang='grc' dir='ltr'>ἀσθενήσασαν</span> <span class='ocrx_word' id='word_1_640' title='bbox 2672 1635 2842 1706; x_wconf 81' lang='grc' dir='ltr'>αὐτὴν</span> <span class='ocrx_word' id='word_1_641' title='bbox 2877 1633 3192 1688; x_wconf 85' lang='grc' dir='ltr'>ἀποθανεῖν.</span> <span class='ocrx_word' id='word_1_642' title='bbox 3272 1635 3433 1689; x_wconf 82' lang='grc' dir='ltr'>Ἀλλά</span> 
     </span>
    </p>
   </div>
   <div class='ocr_carea' id='block_1_85' title="bbox 1837 1716 3433 1791">
    <p class='ocr_par' dir='ltr' id='par_1_85' title="bbox 1837 1716 3433 1791">
     <span class='ocr_line' id='line_1_85' title="bbox 1837 1716 3433 1791; baseline 0.004 -24"><span class='ocrx_word' id='word_1_643' title='bbox 1837 1716 2000 1786; x_wconf 82' lang='grc' dir='ltr'>βλέπε</span> <span class='ocrx_word' id='word_1_644' title='bbox 2030 1736 2119 1788; x_wconf 91' lang='grc' dir='ltr'>μοι</span> <span class='ocrx_word' id='word_1_645' title='bbox 2168 1717 2425 1784; x_wconf 83' lang='grc' dir='ltr'>ἐνταῦθα,</span> <span class='ocrx_word' id='word_1_646' title='bbox 2467 1719 2739 1788; x_wconf 85' lang='grc' dir='ltr'>ἀγαπητέ,</span> <span class='ocrx_word' id='word_1_647' title='bbox 2767 1718 2885 1781; x_wconf 88' lang='grc' dir='ltr'>πῶς</span> <span class='ocrx_word' id='word_1_648' title='bbox 2913 1720 2969 1770; x_wconf 82' lang='grc' dir='ltr'>αί</span> <span class='ocrx_word' id='word_1_649' title='bbox 3002 1717 3102 1788; x_wconf 81' lang='grc' dir='ltr'>τῆς</span> <span class='ocrx_word' id='word_1_650' title='bbox 3133 1719 3433 1791; x_wconf 81' lang='grc' dir='ltr'>θεραπείας</span> 
     </span>
    </p>
   </div>
   <div class='ocr_carea' id='block_1_86' title="bbox 1835 1800 3431 1873">
    <p class='ocr_par' dir='ltr' id='par_1_86' title="bbox 1835 1800 3431 1873">
     <span class='ocr_line' id='line_1_86' title="bbox 1835 1800 3431 1873; baseline 0.003 -20"><span class='ocrx_word' id='word_1_651' title='bbox 1835 1800 2230 1867; x_wconf 80' lang='grc' dir='ltr'>ἀπολαύουσαι,</span> <span class='ocrx_word' id='word_1_652' title='bbox 2265 1803 2360 1854; x_wconf 77' lang='grc' dir='ltr'>καὶ</span> <span class='ocrx_word' id='word_1_653' title='bbox 2383 1803 2453 1854; x_wconf 87' lang='grc' dir='ltr'>τά</span> <span class='ocrx_word' id='word_1_654' title='bbox 2480 1801 2708 1871; x_wconf 86' lang='grc' dir='ltr'>σώματα</span> <span class='ocrx_word' id='word_1_655' title='bbox 2744 1802 3084 1872; x_wconf 88' lang='grc' dir='ltr'>σκεπόμεναι</span> <span class='ocrx_word' id='word_1_656' title='bbox 3114 1802 3211 1856; x_wconf 82' lang='grc' dir='ltr'>ἀπ’</span> <span class='ocrx_word' id='word_1_657' title='bbox 3236 1803 3431 1873; x_wconf 85' lang='grc' dir='ltr'>αὐτῆς,</span> 
     </span>
    </p>
   </div>
   <div class='ocr_carea' id='block_1_87' title="bbox 1837 1883 3434 1956">
    <p class='ocr_par' dir='ltr' id='par_1_87' title="bbox 1837 1883 3434 1956">
     <span class='ocr_line' id='line_1_87' title="bbox 1837 1883 3434 1956; baseline 0 -20"><span class='ocrx_word' id='word_1_658' title='bbox 1837 1885 1894 1936; x_wconf 85' lang='grc' dir='ltr'>ἐν</span> <span class='ocrx_word' id='word_1_659' title='bbox 1922 1883 2099 1954; x_wconf 87' lang='grc' dir='ltr'>καιρῷ</span> <span class='ocrx_word' id='word_1_660' title='bbox 2120 1883 2218 1956; x_wconf 83' lang='grc' dir='ltr'>τὴν</span> <span class='ocrx_word' id='word_1_661' title='bbox 2243 1884 2524 1955; x_wconf 80' lang='grc' dir='ltr'>εὐεργέτιν</span> <span class='ocrx_word' id='word_1_662' title='bbox 2546 1884 2928 1955; x_wconf 75' lang='grc' dir='ltr'>ἀμειϐόμεναι,</span> <span class='ocrx_word' id='word_1_663' title='bbox 2952 1884 3319 1955; x_wconf 85' lang='grc' dir='ltr'>περιεστῶσαι</span> <span class='ocrx_word' id='word_1_664' title='bbox 3340 1883 3434 1938; x_wconf 80' lang='grc' dir='ltr'>τὸν</span> 
     </span>
    </p>
   </div>
   <div class='ocr_carea' id='block_1_88' title="bbox 1836 1965 3435 2038">
    <p class='ocr_par' dir='ltr' id='par_1_88' title="bbox 1836 1965 3435 2038">
     <span class='ocr_line' id='line_1_88' title="bbox 1836 1965 3435 2038; baseline 0.003 -19"><span class='ocrx_word' id='word_1_665' title='bbox 1836 1965 2157 2032; x_wconf 80' lang='grc' dir='ltr'>ἀπόστολον,</span> <span class='ocrx_word' id='word_1_666' title='bbox 2186 1968 2556 2031; x_wconf 83' lang='grc' dir='ltr'>ἐπεδείκνυον,</span> <span class='ocrx_word' id='word_1_667' title='bbox 2613 1967 2767 2038; x_wconf 71' lang='grc' dir='ltr'>φησὶ,</span> <span class='ocrx_word' id='word_1_668' title='bbox 2810 1967 2878 2020; x_wconf 81' lang='grc' dir='ltr'>τά</span> <span class='ocrx_word' id='word_1_669' title='bbox 2912 1969 3126 2038; x_wconf 78' lang='grc' dir='ltr'>ἱμάτια.</span> <span class='ocrx_word' id='word_1_670' title='bbox 3188 1968 3278 2023; x_wconf 79' lang='grc' dir='ltr'>καὶ</span> <span class='ocrx_word' id='word_1_671' title='bbox 3332 1969 3435 2023; x_wconf 81' lang='grc' dir='ltr'>ὅσα</span> 
     </span>
    </p>
   </div>
   <div class='ocr_carea' id='block_1_89' title="bbox 1838 2048 3435 2123">
    <p class='ocr_par' dir='ltr' id='par_1_89' title="bbox 1838 2048 3435 2123">
     <span class='ocr_line' id='line_1_89' title="bbox 1838 2048 3435 2123; baseline 0.003 -21"><span class='ocrx_word' id='word_1_672' title='bbox 1838 2050 2011 2104; x_wconf 79' lang='grc' dir='ltr'>ἐποίει</span> <span class='ocrx_word' id='word_1_673' title='bbox 2046 2053 2164 2122; x_wconf 84' lang='grc' dir='ltr'>μετ’</span> <span class='ocrx_word' id='word_1_674' title='bbox 2199 2052 2378 2106; x_wconf 86' lang='grc' dir='ltr'>αὐτῶν</span> <span class='ocrx_word' id='word_1_675' title='bbox 2419 2048 2619 2123; x_wconf 80' lang='grc' dir='ltr'>οὗσαὴ</span> <span class='ocrx_word' id='word_1_676' title='bbox 2673 2052 2916 2123; x_wconf 80' lang='grc' dir='ltr'>Δορκάς,</span> <span class='ocrx_word' id='word_1_677' title='bbox 2948 2055 3041 2106; x_wconf 70' lang='grc' dir='ltr'>καὶ</span> <span class='ocrx_word' id='word_1_678' title='bbox 3088 2052 3184 2121; x_wconf 81' lang='grc' dir='ltr'>τὴν</span> <span class='ocrx_word' id='word_1_679' title='bbox 3238 2053 3435 2123; x_wconf 76' lang='grc' dir='ltr'>τροφὸν</span> 
     </span>
    </p>
   </div>
   <div class='ocr_carea' id='block_1_90' title="bbox 1838 2134 3435 2207">
    <p class='ocr_par' dir='ltr' id='par_1_90' title="bbox 1838 2134 3435 2207">
     <span class='ocr_line' id='line_1_90' title="bbox 1838 2134 3435 2207; baseline 0.002 -20"><span class='ocrx_word' id='word_1_680' title='bbox 1838 2134 2158 2205; x_wconf 74' lang='grc' dir='ltr'>ἐπεζήτουν,</span> <span class='ocrx_word' id='word_1_681' title='bbox 2188 2135 2282 2188; x_wconf 74' lang='grc' dir='ltr'>καὶ</span> <span class='ocrx_word' id='word_1_682' title='bbox 2304 2134 2515 2206; x_wconf 86' lang='grc' dir='ltr'>δάκρυα</span> <span class='ocrx_word' id='word_1_683' title='bbox 2543 2134 2674 2198; x_wconf 74' lang='grc' dir='ltr'>ἴσως</span> <span class='ocrx_word' id='word_1_684' title='bbox 2697 2137 3012 2207; x_wconf 79' lang='grc' dir='ltr'>προσέχεον,</span> <span class='ocrx_word' id='word_1_685' title='bbox 3043 2138 3136 2190; x_wconf 79' lang='grc' dir='ltr'>καὶ</span> <span class='ocrx_word' id='word_1_686' title='bbox 3163 2137 3244 2200; x_wconf 86' lang='grc' dir='ltr'>είς</span> <span class='ocrx_word' id='word_1_687' title='bbox 3266 2136 3435 2190; x_wconf 79' lang='grc' dir='ltr'>πολὺν</span> 
     </span>
    </p>
   </div>
   <div class='ocr_carea' id='block_1_91' title="bbox 1838 2211 3438 2291">
    <p class='ocr_par' dir='ltr' id='par_1_91' title="bbox 1838 2211 3438 2291">
     <span class='ocr_line' id='line_1_91' title="bbox 1838 2211 3438 2291; baseline 0.002 -21"><span class='ocrx_word' id='word_1_688' title='bbox 1838 2211 2017 2270; x_wconf 79' lang='grc' dir='ltr'>οἶκτον</span> <span class='ocrx_word' id='word_1_689' title='bbox 2047 2219 2137 2271; x_wconf 78' lang='grc' dir='ltr'>τὸν</span> <span class='ocrx_word' id='word_1_690' title='bbox 2172 2219 2495 2271; x_wconf 82' lang='grc' dir='ltr'>Ἀπόστολον</span> <span class='ocrx_word' id='word_1_691' title='bbox 2522 2219 2856 2286; x_wconf 58' lang='grc' dir='ltr'>ἐσείλκοντο.</span> <span class='ocrx_word' id='word_1_692' title='bbox 2890 2220 2956 2273; x_wconf 83' lang='grc' dir='ltr'>Τί</span> <span class='ocrx_word' id='word_1_693' title='bbox 2981 2216 3075 2273; x_wconf 79' lang='grc' dir='ltr'>οὖν</span> <span class='ocrx_word' id='word_1_694' title='bbox 3104 2223 3133 2273; x_wconf 96' lang='lat'>6</span> <span class='ocrx_word' id='word_1_695' title='bbox 3164 2220 3438 2291; x_wconf 84' lang='grc' dir='ltr'>μακάριος</span> 
     </span>
    </p>
   </div>
   <div class='ocr_carea' id='block_1_92' title="bbox 1840 2302 3433 2373">
    <p class='ocr_par' dir='ltr' id='par_1_92' title="bbox 1840 2302 3433 2373">
     <span class='ocr_line' id='line_1_92' title="bbox 1840 2302 3433 2373; baseline 0.002 -17"><span class='ocrx_word' id='word_1_696' title='bbox 1840 2302 2081 2373; x_wconf 84' lang='grc' dir='ltr'>Πέτρος;</span> <span class='ocrx_word' id='word_1_697' title='bbox 2138 2302 2214 2356; x_wconf 82' lang='grc' dir='ltr'>Τὰ</span> <span class='ocrx_word' id='word_1_698' title='bbox 2246 2305 2468 2371; x_wconf 73' lang='grc' dir='ltr'>γόνατα</span> <span class='ocrx_word' id='word_1_699' title='bbox 2503 2304 2646 2368; x_wconf 70' lang='grc' dir='ltr'>θεὶς,</span> <span class='ocrx_word' id='word_1_700' title='bbox 2692 2304 2847 2372; x_wconf 81' lang='grc' dir='ltr'>φησὶ,</span> <span class='ocrx_word' id='word_1_701' title='bbox 2883 2305 3294 2372; x_wconf 76' lang='grc' dir='ltr'>προσηύξατο,</span> <span class='ocrx_word' id='word_1_702' title='bbox 3333 2307 3433 2360; x_wconf 77' lang='grc' dir='ltr'>καί</span> 
     </span>
    </p>
   </div>
   <div class='ocr_carea' id='block_1_93' title="bbox 1838 2387 3437 2458">
    <p class='ocr_par' dir='ltr' id='par_1_93' title="bbox 1838 2387 3437 2458">
     <span class='ocr_line' id='line_1_93' title="bbox 1838 2387 3437 2458; baseline 0.004 -17"><span class='ocrx_word' id='word_1_703' title='bbox 1838 2388 2210 2457; x_wconf 69' lang='grc' dir='ltr'>ἐπιστρέψας</span> <span class='ocrx_word' id='word_1_704' title='bbox 2247 2387 2398 2456; x_wconf 78' lang='grc' dir='ltr'>πρὸς</span> <span class='ocrx_word' id='word_1_705' title='bbox 2451 2389 2515 2442; x_wconf 86' lang='grc' dir='ltr'>τὸ</span> <span class='ocrx_word' id='word_1_706' title='bbox 2546 2387 2719 2458; x_wconf 80' lang='grc' dir='ltr'>σῶμα</span> <span class='ocrx_word' id='word_1_707' title='bbox 2738 2429 2752 2452; x_wconf 89' lang='grc'>,</span> <span class='ocrx_word' id='word_1_708' title='bbox 2784 2389 2916 2444; x_wconf 74' lang='grc' dir='ltr'>εἶπε</span> <span class='ocrx_word' id='word_1_709' title='bbox 2941 2409 2952 2421; x_wconf 90' lang='grc'>·</span> <span class='ocrx_word' id='word_1_710' title='bbox 2995 2393 3206 2446; x_wconf 81' lang='grc' dir='ltr'>Ταϐιθὰ</span> <span class='ocrx_word' id='word_1_711' title='bbox 3227 2434 3241 2456; x_wconf 91' lang='grc'>,</span> <span class='ocrx_word' id='word_1_712' title='bbox 3287 2392 3437 2447; x_wconf 70' lang='lat' dir='ltr'>dmi-</span> 
     </span>
    </p>
   </div>
   <div class='ocr_carea' id='block_1_94' title="bbox 1838 2471 3437 2546">
    <p class='ocr_par' dir='ltr' id='par_1_94' title="bbox 1838 2471 3437 2546">
     <span class='ocr_line' id='line_1_94' title="bbox 1838 2471 3437 2546; baseline 0.004 -21"><span class='ocrx_word' id='word_1_713' title='bbox 1838 2476 2038 2538; x_wconf 84' lang='grc' dir='ltr'>στηθι.</span> <span class='ocrx_word' id='word_1_714' title='bbox 2088 2472 2146 2527; x_wconf 81' lang='grc' dir='ltr'><em>Ἡ</em></span> <span class='ocrx_word' id='word_1_715' title='bbox 2173 2472 2240 2525; x_wconf 82' lang='grc' dir='ltr'>δὲ</span> <span class='ocrx_word' id='word_1_716' title='bbox 2262 2471 2470 2540; x_wconf 77' lang='grc' dir='ltr'>ἤνοιξε</span> <span class='ocrx_word' id='word_1_717' title='bbox 2504 2473 2648 2539; x_wconf 85' lang='grc' dir='ltr'>τοὺς</span> <span class='ocrx_word' id='word_1_718' title='bbox 2694 2476 3039 2545; x_wconf 63' lang='grc' dir='ltr'>ὀφθαλμοὺς</span> <span class='ocrx_word' id='word_1_719' title='bbox 3082 2477 3296 2546; x_wconf 83' lang='grc' dir='ltr'>αὐτῆς,</span> <span class='ocrx_word' id='word_1_720' title='bbox 3337 2477 3437 2532; x_wconf 76' lang='grc' dir='ltr'>καί</span> 
     </span>
    </p>
   </div>
   <div class='ocr_carea' id='block_1_95' title="bbox 1842 2553 3438 2630">
    <p class='ocr_par' dir='ltr' id='par_1_95' title="bbox 1842 2553 3438 2630">
     <span class='ocr_line' id='line_1_95' title="bbox 1842 2553 3438 2630; baseline 0.004 -22"><span class='ocrx_word' id='word_1_721' title='bbox 1842 2553 2059 2609; x_wconf 67' lang='grc' dir='ltr'>ἰδοῦσα</span> <span class='ocrx_word' id='word_1_722' title='bbox 2105 2555 2212 2608; x_wconf 80' lang='grc' dir='ltr'>τὸν</span> <span class='ocrx_word' id='word_1_723' title='bbox 2257 2555 2485 2623; x_wconf 81' lang='grc' dir='ltr'>Πέτρον</span> <span class='ocrx_word' id='word_1_724' title='bbox 2505 2576 2533 2621; x_wconf 88' lang='grc'>,·</span> <span class='ocrx_word' id='word_1_725' title='bbox 2556 2557 2902 2612; x_wconf 74' lang='grc' dir='ltr'>ἀνεκάθισε.</span> <span class='ocrx_word' id='word_1_726' title='bbox 2960 2560 3110 2623; x_wconf 85' lang='grc' dir='ltr'>Δοὺς</span> <span class='ocrx_word' id='word_1_727' title='bbox 3167 2560 3237 2614; x_wconf 81' lang='grc' dir='ltr'>δὲ</span> <span class='ocrx_word' id='word_1_728' title='bbox 3280 2562 3438 2630; x_wconf 80' lang='grc' dir='ltr'>αὐτῇ</span> 
     </span>
    </p>
   </div>
   <div class='ocr_carea' id='block_1_96' title="bbox 1840 2637 3440 2714">
    <p class='ocr_par' dir='ltr' id='par_1_96' title="bbox 1840 2637 3440 2714">
     <span class='ocr_line' id='line_1_96' title="bbox 1840 2637 3440 2714; baseline 0.005 -23"><span class='ocrx_word' id='word_1_729' title='bbox 1840 2637 2029 2708; x_wconf 81' lang='grc' dir='ltr'>χεῖρα,</span> <span class='ocrx_word' id='word_1_730' title='bbox 2044 2637 2390 2707; x_wconf 78' lang='grc' dir='ltr'>ἀνέστησεν</span> <span class='ocrx_word' id='word_1_731' title='bbox 2401 2640 2618 2705; x_wconf 78' lang='grc' dir='ltr'>αὐτὴν,</span> <span class='ocrx_word' id='word_1_732' title='bbox 2638 2641 2736 2693; x_wconf 81' lang='grc' dir='ltr'>καὶ</span> <span class='ocrx_word' id='word_1_733' title='bbox 2753 2642 3047 2710; x_wconf 70' lang='grc' dir='ltr'>φωνήσας</span> <span class='ocrx_word' id='word_1_734' title='bbox 3069 2644 3213 2711; x_wconf 83' lang='grc' dir='ltr'>τοὺς</span> <span class='ocrx_word' id='word_1_735' title='bbox 3227 2645 3440 2714; x_wconf 77' lang='grc' dir='ltr'>ἁγίους</span> 
     </span>
    </p>
   </div>
   <div class='ocr_carea' id='block_1_97' title="bbox 1841 2720 3440 2793">
    <p class='ocr_par' dir='ltr' id='par_1_97' title="bbox 1841 2720 3440 2793">
     <span class='ocr_line' id='line_1_97' title="bbox 1841 2720 3440 2793; baseline 0.002 -18"><span class='ocrx_word' id='word_1_736' title='bbox 1841 2721 1943 2776; x_wconf 79' lang='grc' dir='ltr'>καὶ</span> <span class='ocrx_word' id='word_1_737' title='bbox 1973 2720 2082 2787; x_wconf 84' lang='grc' dir='ltr'>τὰς</span> <span class='ocrx_word' id='word_1_738' title='bbox 2115 2721 2327 2790; x_wconf 71' lang='grc' dir='ltr'>χήρας,</span> <span class='ocrx_word' id='word_1_739' title='bbox 2359 2722 2751 2790; x_wconf 81' lang='grc' dir='ltr'>παρέστησεν</span> <span class='ocrx_word' id='word_1_740' title='bbox 2781 2725 2982 2793; x_wconf 81' lang='grc' dir='ltr'>αὐτὴν</span> <span class='ocrx_word' id='word_1_741' title='bbox 3015 2723 3231 2786; x_wconf 74' lang='grc' dir='ltr'>ζῶσαν.</span> <span class='ocrx_word' id='word_1_742' title='bbox 3285 2722 3440 2790; x_wconf 85' lang='grc' dir='ltr'>Εἶδες</span> 
     </span>
    </p>
   </div>
   <div class='ocr_carea' id='block_1_98' title="bbox 1841 2804 3442 2881">
    <p class='ocr_par' dir='ltr' id='par_1_98' title="bbox 1841 2804 3442 2881">
     <span class='ocr_line' id='line_1_98' title="bbox 1841 2804 3442 2881; baseline 0.004 -23"><span class='ocrx_word' id='word_1_743' title='bbox 1841 2804 2068 2875; x_wconf 86' lang='grc' dir='ltr'>δύναμιν</span> <span class='ocrx_word' id='word_1_744' title='bbox 2106 2804 2198 2857; x_wconf 84' lang='grc' dir='ltr'>τοῦ</span> <span class='ocrx_word' id='word_1_745' title='bbox 2265 2805 2589 2869; x_wconf 89' lang='grc' dir='ltr'>ἀποστόλου,</span> <span class='ocrx_word' id='word_1_746' title='bbox 2628 2806 2829 2876; x_wconf 77' lang='grc' dir='ltr'>μᾶλλον</span> <span class='ocrx_word' id='word_1_747' title='bbox 2852 2808 2910 2860; x_wconf 80' lang='grc' dir='ltr'>δὲ</span> <span class='ocrx_word' id='word_1_748' title='bbox 2948 2808 3044 2862; x_wconf 88' lang='grc' dir='ltr'>τοῦ</span> <span class='ocrx_word' id='word_1_749' title='bbox 3089 2810 3442 2881; x_wconf 81' lang='grc' dir='ltr'>ἐνεργοῦντος</span> 
     </span>
    </p>
   </div>
   <div class='ocr_carea' id='block_1_99' title="bbox 1842 2884 3442 2964">
    <p class='ocr_par' dir='ltr' id='par_1_99' title="bbox 1842 2884 3442 2964">
     <span class='ocr_line' id='line_1_99' title="bbox 1842 2884 3442 2964; baseline 0.005 -25"><span class='ocrx_word' id='word_1_750' title='bbox 1842 2887 1901 2940; x_wconf 84' lang='grc' dir='ltr'>ἐν</span> <span class='ocrx_word' id='word_1_751' title='bbox 1924 2886 2074 2957; x_wconf 80' lang='grc' dir='ltr'>αὐτῷ</span> <span class='ocrx_word' id='word_1_752' title='bbox 2121 2887 2429 2951; x_wconf 87' lang='grc' dir='ltr'>Δεσπότου;</span> <span class='ocrx_word' id='word_1_753' title='bbox 2474 2884 2613 2952; x_wconf 74' lang='grc' dir='ltr'>εἶδες</span> <span class='ocrx_word' id='word_1_754' title='bbox 2640 2890 2740 2958; x_wconf 82' lang='grc' dir='ltr'>ὅση</span> <span class='ocrx_word' id='word_1_755' title='bbox 2775 2890 2876 2959; x_wconf 75' lang='grc' dir='ltr'>τῆς</span> <span class='ocrx_word' id='word_1_756' title='bbox 2905 2894 2986 2954; x_wconf 90' lang='grc' dir='ltr'>είς</span> <span class='ocrx_word' id='word_1_757' title='bbox 3006 2895 3103 2956; x_wconf 71' lang='grc' dir='ltr'>τὰς</span> <span class='ocrx_word' id='word_1_758' title='bbox 3137 2895 3314 2964; x_wconf 90' lang='grc' dir='ltr'>χήρας</span> <span class='ocrx_word' id='word_1_759' title='bbox 3347 2893 3442 2946; x_wconf 85' lang='grc' dir='ltr'>εῦ-</span> 
     </span>
    </p>
   </div>
   <div class='ocr_carea' id='block_1_100' title="bbox 1843 2970 3444 3046">
    <p class='ocr_par' dir='ltr' id='par_1_100' title="bbox 1843 2970 3444 3046">
     <span class='ocr_line' id='line_1_100' title="bbox 1843 2970 3444 3046; baseline 0.004 -24"><span class='ocrx_word' id='word_1_760' title='bbox 1843 2972 2027 3033; x_wconf 86' lang='grc' dir='ltr'>ποιίας</span> <span class='ocrx_word' id='word_1_761' title='bbox 2078 2971 2282 3040; x_wconf 70' lang='grc' dir='ltr'>ἀμοιϐὴ</span> <span class='ocrx_word' id='word_1_762' title='bbox 2312 2973 2406 3024; x_wconf 72' lang='grc' dir='ltr'>καὶ</span> <span class='ocrx_word' id='word_1_763' title='bbox 2439 2973 2498 3024; x_wconf 90' lang='grc' dir='ltr'>ἐν</span> <span class='ocrx_word' id='word_1_764' title='bbox 2528 2970 2606 3042; x_wconf 83' lang='grc' dir='ltr'>τῷ</span> <span class='ocrx_word' id='word_1_765' title='bbox 2647 2973 2877 3044; x_wconf 82' lang='grc' dir='ltr'>παρόντι</span> <span class='ocrx_word' id='word_1_766' title='bbox 2908 2975 3085 3046; x_wconf 81' lang='grc' dir='ltr'>καιρῷ</span> <span class='ocrx_word' id='word_1_767' title='bbox 3115 2978 3338 3044; x_wconf 86' lang='grc' dir='ltr'>γέγονε;</span> <span class='ocrx_word' id='word_1_768' title='bbox 3377 2975 3444 3029; x_wconf 90' lang='grc' dir='ltr'>Τί</span> 
     </span>
    </p>
   </div>
   <div class='ocr_carea' id='block_1_101' title="bbox 1843 3053 3440 3130">
    <p class='ocr_par' dir='ltr' id='par_1_101' title="bbox 1843 3053 3440 3130">
     <span class='ocr_line' id='line_1_101' title="bbox 1843 3053 3440 3130; baseline 0.004 -23"><span class='ocrx_word' id='word_1_769' title='bbox 1843 3053 1953 3125; x_wconf 86' lang='grc' dir='ltr'>γὰρ</span> <span class='ocrx_word' id='word_1_770' title='bbox 1981 3053 2255 3117; x_wconf 83' lang='grc' dir='ltr'>τοσοῦτον,</span> <span class='ocrx_word' id='word_1_771' title='bbox 2292 3055 2413 3107; x_wconf 84' lang='grc' dir='ltr'>εἰπέ</span> <span class='ocrx_word' id='word_1_772' title='bbox 2443 3072 2554 3125; x_wconf 90' lang='grc' dir='ltr'>μοι,</span> <span class='ocrx_word' id='word_1_773' title='bbox 2584 3055 2862 3126; x_wconf 83' lang='grc' dir='ltr'>παρέσχεν</span> <span class='ocrx_word' id='word_1_774' title='bbox 2888 3056 3028 3127; x_wconf 76' lang='grc' dir='ltr'>αὕτη</span> <span class='ocrx_word' id='word_1_775' title='bbox 3060 3062 3181 3122; x_wconf 89' lang='grc' dir='ltr'>ταῖς</span> <span class='ocrx_word' id='word_1_776' title='bbox 3221 3060 3440 3130; x_wconf 87' lang='grc' dir='ltr'>χήραις,</span> 
     </span>
    </p>
   </div>
   <div class='ocr_carea' id='block_1_102' title="bbox 1843 3131 3447 3211">
    <p class='ocr_par' dir='ltr' id='par_1_102' title="bbox 1843 3131 3447 3211">
     <span class='ocr_line' id='line_1_102' title="bbox 1843 3131 3447 3211; baseline 0.004 -21"><span class='ocrx_word' id='word_1_777' title='bbox 1843 3139 1967 3190; x_wconf 88' lang='grc' dir='ltr'>ὅσον</span> <span class='ocrx_word' id='word_1_778' title='bbox 2002 3131 2162 3190; x_wconf 71' lang='grc' dir='ltr'>αὗται</span> <span class='ocrx_word' id='word_1_779' title='bbox 2189 3136 2360 3207; x_wconf 78' lang='grc' dir='ltr'>αὐτὴν</span> <span class='ocrx_word' id='word_1_780' title='bbox 2404 3138 2747 3208; x_wconf 80' lang='grc' dir='ltr'>ἡμείψαντο;</span> <span class='ocrx_word' id='word_1_781' title='bbox 2793 3139 3012 3209; x_wconf 86' lang='grc' dir='ltr'>Ίμάτια</span> <span class='ocrx_word' id='word_1_782' title='bbox 3059 3141 3305 3211; x_wconf 85' lang='grc' dir='ltr'>παρέσχε</span> <span class='ocrx_word' id='word_1_783' title='bbox 3351 3144 3447 3196; x_wconf 62' lang='grc' dir='ltr'>καὶ⁸</span> 
     </span>
    </p>
   </div>
   <div class='ocr_carea' id='block_1_103' title="bbox 1843 3216 3448 3295">
    <p class='ocr_par' dir='ltr' id='par_1_103' title="bbox 1843 3216 3448 3295">
     <span class='ocr_line' id='line_1_103' title="bbox 1843 3216 3448 3295; baseline 0.004 -23"><span class='ocrx_word' id='word_1_784' title='bbox 1843 3219 2051 3290; x_wconf 87' lang='grc' dir='ltr'>τροφὰς</span> <span class='ocrx_word' id='word_1_785' title='bbox 2081 3220 2294 3282; x_wconf 87' lang='grc' dir='ltr'>αὐταῖς,</span> <span class='ocrx_word' id='word_1_786' title='bbox 2335 3219 2446 3274; x_wconf 83' lang='grc' dir='ltr'>ἀλλ’</span> <span class='ocrx_word' id='word_1_787' title='bbox 2464 3216 2626 3275; x_wconf 75' lang='grc' dir='ltr'>αὗται</span> <span class='ocrx_word' id='word_1_788' title='bbox 2647 3223 2781 3294; x_wconf 83' lang='grc' dir='ltr'>πρὸς</span> <span class='ocrx_word' id='word_1_789' title='bbox 2808 3222 2953 3293; x_wconf 80' lang='grc' dir='ltr'>ζωὴν</span> <span class='ocrx_word' id='word_1_790' title='bbox 2987 3223 3158 3295; x_wconf 80' lang='grc' dir='ltr'>αὐτὴν</span> <span class='ocrx_word' id='word_1_791' title='bbox 3176 3226 3448 3295; x_wconf 80' lang='grc' dir='ltr'>ἐπανήγα-</span> 
     </span>
    </p>
   </div>
   <div class='ocr_carea' id='block_1_104' title="bbox 1845 3303 3444 3384">
    <p class='ocr_par' dir='ltr' id='par_1_104' title="bbox 1845 3303 3444 3384">
     <span class='ocr_line' id='line_1_104' title="bbox 1845 3303 3444 3384; baseline 0.004 -27"><span class='ocrx_word' id='word_1_792' title='bbox 1845 3321 1962 3372; x_wconf 91' lang='grc' dir='ltr'>γον,</span> <span class='ocrx_word' id='word_1_793' title='bbox 1989 3304 2084 3357; x_wconf 70' lang='grc' dir='ltr'>καὶ</span> <span class='ocrx_word' id='word_1_794' title='bbox 2105 3303 2196 3356; x_wconf 81' lang='grc' dir='ltr'>τὸν</span> <span class='ocrx_word' id='word_1_795' title='bbox 2219 3304 2450 3384; x_wconf 76' lang='grc' dir='ltr'>θάνατον</span> <span class='ocrx_word' id='word_1_796' title='bbox 2472 3305 2531 3370; x_wconf 89' lang='grc' dir='ltr'>ἐξ</span> <span class='ocrx_word' id='word_1_797' title='bbox 2557 3307 2729 3376; x_wconf 77' lang='grc' dir='ltr'>αὐτῆς</span> <span class='ocrx_word' id='word_1_798' title='bbox 2745 3308 2847 3378; x_wconf 90' lang='grc' dir='ltr'>δρα</span> <span class='ocrx_word' id='word_1_799' title='bbox 2858 3309 3115 3364; x_wconf 86' lang='grc' dir='ltr'>πετεῦσαι</span> <span class='ocrx_word' id='word_1_800' title='bbox 3145 3310 3411 3384; x_wconf 82' lang='grc' dir='ltr'>ἐποίησαν</span> <span class='ocrx_word' id='word_1_801' title='bbox 3429 3327 3444 3343; x_wconf 72' lang='grc' dir='ltr'><strong>ο</strong></span> 
     </span>
    </p>
   </div>
   <div class='ocr_carea' id='block_1_105' title="bbox 1851 3381 3451 3467">
    <p class='ocr_par' dir='ltr' id='par_1_105' title="bbox 1851 3381 3451 3467">
     <span class='ocr_line' id='line_1_105' title="bbox 1851 3381 3451 3467; baseline 0.006 -27"><span class='ocrx_word' id='word_1_802' title='bbox 1851 3387 2051 3457; x_wconf 75' lang='grc' dir='ltr'>μᾶλλον</span> <span class='ocrx_word' id='word_1_803' title='bbox 2080 3388 2136 3440; x_wconf 81' lang='grc' dir='ltr'>δὲ</span> <span class='ocrx_word' id='word_1_804' title='bbox 2165 3388 2262 3458; x_wconf 71' lang='grc' dir='ltr'>οὐχ</span> <span class='ocrx_word' id='word_1_805' title='bbox 2291 3381 2477 3452; x_wconf 70' lang='grc' dir='ltr'>αὗται,</span> <span class='ocrx_word' id='word_1_806' title='bbox 2509 3389 2646 3442; x_wconf 77' lang='grc' dir='ltr'>ἀλλὰ</span> <span class='ocrx_word' id='word_1_807' title='bbox 2671 3391 2758 3443; x_wconf 61' lang='grc' dir='ltr'>διὰ.</span> <span class='ocrx_word' id='word_1_808' title='bbox 2788 3393 2887 3463; x_wconf 82' lang='grc' dir='ltr'>τὴν</span> <span class='ocrx_word' id='word_1_809' title='bbox 2934 3395 3014 3457; x_wconf 82' lang='grc' dir='ltr'>είς</span> <span class='ocrx_word' id='word_1_810' title='bbox 3044 3394 3248 3458; x_wconf 86' lang='grc' dir='ltr'>ταύτας</span> <span class='ocrx_word' id='word_1_811' title='bbox 3287 3381 3451 3467; x_wconf 75' lang='grc' dir='ltr'>θερα-</span> 
     </span>
    </p>
   </div>
   <div class='ocr_carea' id='block_1_106' title="bbox 1849 3469 3450 3548">
    <p class='ocr_par' dir='ltr' id='par_1_106' title="bbox 1849 3469 3450 3548">
     <span class='ocr_line' id='line_1_106' title="bbox 1849 3469 3450 3548; baseline 0.005 -27"><span class='ocrx_word' id='word_1_812' title='bbox 1849 3469 2008 3522; x_wconf 86' lang='grc' dir='ltr'>πείαν</span> <span class='ocrx_word' id='word_1_813' title='bbox 2036 3472 2065 3523; x_wconf 90' lang='grc' dir='ltr'>ό</span> <span class='ocrx_word' id='word_1_814' title='bbox 2094 3471 2482 3540; x_wconf 79' lang='grc' dir='ltr'>φιλάνθρωπος</span> <span class='ocrx_word' id='word_1_815' title='bbox 2505 3473 2666 3542; x_wconf 86' lang='grc' dir='ltr'>ἡμῶν</span> <span class='ocrx_word' id='word_1_816' title='bbox 2701 3477 3000 3544; x_wconf 82' lang='grc' dir='ltr'>Δεσπότης.</span> <span class='ocrx_word' id='word_1_817' title='bbox 3032 3476 3214 3529; x_wconf 83' lang='grc' dir='ltr'>Είδετε</span> <span class='ocrx_word' id='word_1_818' title='bbox 3234 3477 3450 3548; x_wconf 80' lang='grc' dir='ltr'>φαρμά-</span> 
     </span>
    </p>
   </div>
   <div class='ocr_carea' id='block_1_107' title="bbox 1850 3554 3447 3626">
    <p class='ocr_par' dir='ltr' id='par_1_107' title="bbox 1850 3554 3447 3626">
     <span class='ocr_line' id='line_1_107' title="bbox 1850 3554 3447 3626; baseline 0.005 -20"><span class='ocrx_word' id='word_1_819' title='bbox 1850 3571 1948 3606; x_wconf 88' lang='grc' dir='ltr'>κου</span> <span class='ocrx_word' id='word_1_820' title='bbox 1983 3554 2233 3625; x_wconf 86' lang='grc' dir='ltr'>δύναμιν.</span> <span class='ocrx_word' id='word_1_821' title='bbox 2268 3555 2544 3626; x_wconf 84' lang='grc' dir='ltr'>ἀγαπητοί</span> <span class='ocrx_word' id='word_1_822' title='bbox 2569 3574 2582 3621; x_wconf 88' lang='grc'>;</span> <span class='ocrx_word' id='word_1_823' title='bbox 2608 3556 2779 3610; x_wconf 86' lang='grc' dir='ltr'>Τοῦτο</span> <span class='ocrx_word' id='word_1_824' title='bbox 2801 3558 3002 3623; x_wconf 86' lang='grc' dir='ltr'>πάντες</span> <span class='ocrx_word' id='word_1_825' title='bbox 3024 3561 3238 3624; x_wconf 78' lang='grc' dir='ltr'>ἑαυτοῖς</span> <span class='ocrx_word' id='word_1_826' title='bbox 3277 3578 3447 3614; x_wconf 89' lang='grc' dir='ltr'>κατα-</span> 
     </span>
    </p>
   </div>
   <div class='ocr_carea' id='block_1_108' title="bbox 1853 3637 3450 3713">
    <p class='ocr_par' dir='ltr' id='par_1_108' title="bbox 1853 3637 3450 3713">
     <span class='ocr_line' id='line_1_108' title="bbox 1853 3637 3450 3713; baseline 0.006 -25"><span class='ocrx_word' id='word_1_827' title='bbox 1853 3637 2247 3707; x_wconf 89' lang='grc' dir='ltr'>σκευάσωμεν·</span> <span class='ocrx_word' id='word_1_828' title='bbox 2306 3638 2427 3692; x_wconf 85' lang='grc' dir='ltr'>οὐδὲ</span> <span class='ocrx_word' id='word_1_829' title='bbox 2486 3639 2593 3711; x_wconf 77' lang='grc' dir='ltr'>γὰρ</span> <span class='ocrx_word' id='word_1_830' title='bbox 2652 3640 2944 3705; x_wconf 85' lang='grc' dir='ltr'>πολυτελές</span> <span class='ocrx_word' id='word_1_831' title='bbox 2998 3645 3137 3706; x_wconf 86' lang='grc' dir='ltr'>ἐστι,</span> <span class='ocrx_word' id='word_1_832' title='bbox 3173 3643 3450 3713; x_wconf 81' lang='grc' dir='ltr'>καίτοιγε</span> 
     </span>
    </p>
   </div>
   <div class='ocr_carea' id='block_1_109' title="bbox 1850 3720 3450 3796">
    <p class='ocr_par' dir='ltr' id='par_1_109' title="bbox 1850 3720 3450 3796">
     <span class='ocr_line' id='line_1_109' title="bbox 1850 3720 3450 3796; baseline 0.005 -25"><span class='ocrx_word' id='word_1_833' title='bbox 1850 3720 2121 3789; x_wconf 85' lang='grc' dir='ltr'>τοσαύτην</span> <span class='ocrx_word' id='word_1_834' title='bbox 2145 3721 2268 3790; x_wconf 76' lang='grc' dir='ltr'>ἔχον</span> <span class='ocrx_word' id='word_1_835' title='bbox 2300 3721 2399 3793; x_wconf 79' lang='grc' dir='ltr'>τὴν</span> <span class='ocrx_word' id='word_1_836' title='bbox 2421 3721 2671 3792; x_wconf 88' lang='grc' dir='ltr'>δύναμιν,</span> <span class='ocrx_word' id='word_1_837' title='bbox 2700 3722 2835 3776; x_wconf 84' lang='grc' dir='ltr'>ἀλλά</span> <span class='ocrx_word' id='word_1_838' title='bbox 2859 3725 2959 3776; x_wconf 73' lang='grc' dir='ltr'>καὶ</span> <span class='ocrx_word' id='word_1_839' title='bbox 2987 3725 3194 3796; x_wconf 80' lang='grc' dir='ltr'>σφόδρα</span> <span class='ocrx_word' id='word_1_840' title='bbox 3223 3725 3450 3792; x_wconf 73' lang='grc' dir='ltr'>εὔωνον,</span> 
     </span>
    </p>
   </div>
   <div class='ocr_carea' id='block_1_110' title="bbox 1854 3802 3456 3880">
    <p class='ocr_par' dir='ltr' id='par_1_110' title="bbox 1854 3802 3456 3880">
     <span class='ocr_line' id='line_1_110' title="bbox 1854 3802 3456 3880; baseline 0.006 -25"><span class='ocrx_word' id='word_1_841' title='bbox 1854 3804 1948 3855; x_wconf 75' lang='grc' dir='ltr'>καὶ</span> <span class='ocrx_word' id='word_1_842' title='bbox 1977 3802 2098 3856; x_wconf 78' lang='grc' dir='ltr'>οὔτε</span> <span class='ocrx_word' id='word_1_843' title='bbox 2136 3804 2384 3876; x_wconf 79' lang='grc' dir='ltr'>δαπάνης</span> <span class='ocrx_word' id='word_1_844' title='bbox 2407 3805 2578 3859; x_wconf 85' lang='grc' dir='ltr'>δεῖται</span> <span class='ocrx_word' id='word_1_845' title='bbox 2610 3807 2832 3877; x_wconf 78' lang='grc' dir='ltr'>πολλῆς.</span> <span class='ocrx_word' id='word_1_846' title='bbox 2857 3809 2931 3860; x_wconf 83' lang='grc' dir='ltr'>Τὸ</span> <span class='ocrx_word' id='word_1_847' title='bbox 2957 3809 3067 3880; x_wconf 80' lang='grc' dir='ltr'>γάρ</span> <span class='ocrx_word' id='word_1_848' title='bbox 3093 3810 3193 3879; x_wconf 79' lang='grc' dir='ltr'>τῆς</span> <span class='ocrx_word' id='word_1_849' title='bbox 3225 3810 3456 3880; x_wconf 83' lang='grc' dir='ltr'>ἐλεημο-</span> 
     </span>
    </p>
   </div>
   <div class='ocr_carea' id='block_1_111' title="bbox 1855 3884 3456 3962">
    <p class='ocr_par' dir='ltr' id='par_1_111' title="bbox 1855 3884 3456 3962">
     <span class='ocr_line' id='line_1_111' title="bbox 1855 3884 3456 3962; baseline 0.006 -27"><span class='ocrx_word' id='word_1_850' title='bbox 1855 3884 2021 3956; x_wconf 86' lang='grc' dir='ltr'>σύνης</span> <span class='ocrx_word' id='word_1_851' title='bbox 2059 3885 2288 3956; x_wconf 88' lang='grc' dir='ltr'>μέγεθος</span> <span class='ocrx_word' id='word_1_852' title='bbox 2318 3888 2418 3941; x_wconf 86' lang='grc' dir='ltr'>οὐκ</span> <span class='ocrx_word' id='word_1_853' title='bbox 2445 3891 2501 3940; x_wconf 87' lang='grc' dir='ltr'>ἐν</span> <span class='ocrx_word' id='word_1_854' title='bbox 2540 3889 2619 3960; x_wconf 86' lang='grc' dir='ltr'>τῷ</span> <span class='ocrx_word' id='word_1_855' title='bbox 2658 3890 2854 3960; x_wconf 82' lang='grc' dir='ltr'>πλήθει</span> <span class='ocrx_word' id='word_1_856' title='bbox 2878 3893 2988 3945; x_wconf 87' lang='grc' dir='ltr'>τῶν</span> <span class='ocrx_word' id='word_1_857' title='bbox 3008 3893 3309 3962; x_wconf 87' lang='grc' dir='ltr'>χρημάτων</span> <span class='ocrx_word' id='word_1_858' title='bbox 3335 3893 3456 3962; x_wconf 79' lang='grc' dir='ltr'>κρί·</span> 
     </span>
    </p>
   </div>
   <div class='ocr_carea' id='block_1_112' title="bbox 1854 3968 3457 4044">
    <p class='ocr_par' dir='ltr' id='par_1_112' title="bbox 1854 3968 3457 4044">
     <span class='ocr_line' id='line_1_112' title="bbox 1854 3968 3457 4044; baseline 0.007 -25"><span class='ocrx_word' id='word_1_859' title='bbox 1854 3985 2027 4030; x_wconf 88' lang='grc' dir='ltr'>νεται,</span> <span class='ocrx_word' id='word_1_860' title='bbox 2063 3968 2176 4021; x_wconf 71' lang='grc' dir='ltr'>ἀλλ’</span> <span class='ocrx_word' id='word_1_861' title='bbox 2207 3970 2264 4021; x_wconf 85' lang='grc' dir='ltr'>ἐν</span> <span class='ocrx_word' id='word_1_862' title='bbox 2292 3973 2356 4042; x_wconf 82' lang='grc' dir='ltr'>τῇ</span> <span class='ocrx_word' id='word_1_863' title='bbox 2390 3971 2821 4044; x_wconf 62' lang='grc' dir='ltr'>προθυμίατῶ)</span> <span class='ocrx_word' id='word_1_864' title='bbox 2854 3973 3125 4028; x_wconf 80' lang='grc' dir='ltr'>διδόντων.</span> <span class='ocrx_word' id='word_1_865' title='bbox 3159 3976 3258 4030; x_wconf 87' lang='grc' dir='ltr'>Διά</span> <span class='ocrx_word' id='word_1_866' title='bbox 3297 3970 3457 4030; x_wconf 88' lang='grc' dir='ltr'>τοῦτο</span> 
     </span>
    </p>
   </div>
   <div class='ocr_carea' id='block_1_113' title="bbox 1857 4052 3456 4131">
    <p class='ocr_par' dir='ltr' id='par_1_113' title="bbox 1857 4052 3456 4131">
     <span class='ocr_line' id='line_1_113' title="bbox 1857 4052 3456 4131; baseline 0.005 -27"><span class='ocrx_word' id='word_1_867' title='bbox 1857 4052 1998 4104; x_wconf 84' lang='grc' dir='ltr'>καὶὸ</span> <span class='ocrx_word' id='word_1_868' title='bbox 2033 4054 2293 4123; x_wconf 86' lang='grc' dir='ltr'>ποτήριον</span> <span class='ocrx_word' id='word_1_869' title='bbox 2321 4054 2532 4125; x_wconf 84' lang='grc' dir='ltr'>ψυχροῦ</span> <span class='ocrx_word' id='word_1_870' title='bbox 2567 4055 2693 4120; x_wconf 78' lang='grc' dir='ltr'>δοὺς</span> <span class='ocrx_word' id='word_1_871' title='bbox 2718 4057 3017 4121; x_wconf 85' lang='grc' dir='ltr'>ἀπόδεκτος</span> <span class='ocrx_word' id='word_1_872' title='bbox 3048 4058 3261 4127; x_wconf 86' lang='grc' dir='ltr'>γέγονε,</span> <span class='ocrx_word' id='word_1_873' title='bbox 3294 4062 3389 4113; x_wconf 69' lang='grc' dir='ltr'>καὶ</span> <span class='ocrx_word' id='word_1_874' title='bbox 3422 4063 3456 4131; x_wconf 89' lang='grc' dir='ltr'>ἡ</span> 
     </span>
    </p>
   </div>
   <div class='ocr_carea' id='block_1_114' title="bbox 1855 4132 3461 4214">
    <p class='ocr_par' dir='ltr' id='par_1_114' title="bbox 1855 4132 3461 4214">
     <span class='ocr_line' id='line_1_114' title="bbox 1855 4132 3461 4214; baseline 0.007 -30"><span class='ocrx_word' id='word_1_875' title='bbox 1855 4132 1926 4185; x_wconf 77' lang='grc' dir='ltr'>τὰ</span> <span class='ocrx_word' id='word_1_876' title='bbox 1953 4133 2046 4186; x_wconf 87' lang='grc' dir='ltr'>δύο</span> <span class='ocrx_word' id='word_1_877' title='bbox 2073 4135 2250 4188; x_wconf 89' lang='grc' dir='ltr'>λεπτά</span> <span class='ocrx_word' id='word_1_878' title='bbox 2280 4136 2690 4201; x_wconf 75' lang='grc' dir='ltr'>καταϐαλοῦσα,</span> <span class='ocrx_word' id='word_1_879' title='bbox 2727 4141 2814 4195; x_wconf 81' lang='grc' dir='ltr'>ἴνα</span> <span class='ocrx_word' id='word_1_880' title='bbox 2848 4141 3217 4214; x_wconf 25' lang='grc' dir='ltr'>μάθωμεν-ὃτι</span> <span class='ocrx_word' id='word_1_881' title='bbox 3254 4159 3461 4196; x_wconf 77' lang='grc' dir='ltr'>παντα-⁸</span> 
     </span>
    </p>
   </div>
   <div class='ocr_carea' id='block_1_115' title="bbox 1861 4219 3462 4292">
    <p class='ocr_par' dir='ltr' id='par_1_115' title="bbox 1861 4219 3462 4292">
     <span class='ocr_line' id='line_1_115' title="bbox 1861 4219 3462 4292; baseline 0.006 -23"><span class='ocrx_word' id='word_1_882' title='bbox 1861 4219 1955 4287; x_wconf 84' lang='grc' dir='ltr'>χοῦ</span> <span class='ocrx_word' id='word_1_883' title='bbox 1992 4219 2219 4290; x_wconf 85' lang='grc' dir='ltr'>γνώμην</span> <span class='ocrx_word' id='word_1_884' title='bbox 2246 4220 2414 4291; x_wconf 82' lang='grc' dir='ltr'>ὀρθὴν</span> <span class='ocrx_word' id='word_1_885' title='bbox 2448 4223 2699 4292; x_wconf 74' lang='grc' dir='ltr'>ἐπιζητεῖ</span> <span class='ocrx_word' id='word_1_886' title='bbox 2727 4225 2754 4276; x_wconf 87' lang='grc' dir='ltr'>ὁ</span> <span class='ocrx_word' id='word_1_887' title='bbox 2808 4224 2914 4278; x_wconf 88' lang='grc' dir='ltr'>τῶν</span> <span class='ocrx_word' id='word_1_888' title='bbox 2949 4225 3209 4279; x_wconf 84' lang='grc' dir='ltr'>ἁπάντων</span> <span class='ocrx_word' id='word_1_889' title='bbox 3253 4229 3462 4279; x_wconf 81' lang='grc' dir='ltr'>Δεσπό-</span> 
     </span>
    </p>
   </div>
   <div class='ocr_carea' id='block_1_116' title="bbox 1858 4303 3461 4379">
    <p class='ocr_par' dir='ltr' id='par_1_116' title="bbox 1858 4303 3461 4379">
     <span class='ocr_line' id='line_1_116' title="bbox 1858 4303 3461 4379; baseline 0.006 -27"><span class='ocrx_word' id='word_1_890' title='bbox 1858 4317 1979 4370; x_wconf 87' lang='grc' dir='ltr'>της.</span> <span class='ocrx_word' id='word_1_891' title='bbox 2022 4303 2177 4354; x_wconf 84' lang='grc' dir='ltr'>Ἐστι</span> <span class='ocrx_word' id='word_1_892' title='bbox 2227 4303 2491 4367; x_wconf 77' lang='grc' dir='ltr'>πολλάκις</span> <span class='ocrx_word' id='word_1_893' title='bbox 2526 4306 2622 4358; x_wconf 74' lang='grc' dir='ltr'>καὶ</span> <span class='ocrx_word' id='word_1_894' title='bbox 2674 4307 2831 4375; x_wconf 88' lang='grc' dir='ltr'>όλίγα</span> <span class='ocrx_word' id='word_1_895' title='bbox 2887 4308 3079 4378; x_wconf 78' lang='grc' dir='ltr'>ἔχοντα</span> <span class='ocrx_word' id='word_1_896' title='bbox 3129 4309 3329 4379; x_wconf 79' lang='grc' dir='ltr'>πολλὴν</span> <span class='ocrx_word' id='word_1_897' title='bbox 3359 4311 3461 4378; x_wconf 77' lang='grc' dir='ltr'>τὴν</span> 
     </span>
    </p>
   </div>
   <div class='ocr_carea' id='block_1_117' title="bbox 1860 4384 3460 4466">
    <p class='ocr_par' dir='ltr' id='par_1_117' title="bbox 1860 4384 3460 4466">
     <span class='ocr_line' id='line_1_117' title="bbox 1860 4384 3460 4466; baseline 0.007 -30"><span class='ocrx_word' id='word_1_898' title='bbox 1860 4384 2146 4454; x_wconf 80' lang='grc' dir='ltr'>δαψίλειαν</span> <span class='ocrx_word' id='word_1_899' title='bbox 2176 4386 2276 4457; x_wconf 77' lang='grc' dir='ltr'>τῆς</span> <span class='ocrx_word' id='word_1_900' title='bbox 2308 4388 2681 4460; x_wconf 85' lang='grc' dir='ltr'>ἐλεημοσύνης</span> <span class='ocrx_word' id='word_1_901' title='bbox 2731 4391 3136 4458; x_wconf 84' lang='grc' dir='ltr'>ἐπιδείξασθαι,</span> <span class='ocrx_word' id='word_1_902' title='bbox 3187 4395 3320 4447; x_wconf 85' lang='grc' dir='ltr'>ὅταν</span> <span class='ocrx_word' id='word_1_903' title='bbox 3427 4395 3460 4463; x_wconf 86' lang='grc' dir='ltr'>ἡ</span> 
     </span>
    </p>
   </div>
   <div class='ocr_carea' id='block_1_118' title="bbox 1862 4470 3462 4543">
    <p class='ocr_par' dir='ltr' id='par_1_118' title="bbox 1862 4470 3462 4543">
     <span class='ocr_line' id='line_1_118' title="bbox 1862 4470 3462 4543; baseline 0.007 -23"><span class='ocrx_word' id='word_1_904' title='bbox 1862 4470 2144 4540; x_wconf 87' lang='grc' dir='ltr'>προθυμία</span> <span class='ocrx_word' id='word_1_905' title='bbox 2202 4473 2523 4543; x_wconf 69' lang='grc' dir='ltr'>ἐρρωμένη·</span> <span class='ocrx_word' id='word_1_906' title='bbox 2584 4476 2678 4526; x_wconf 79' lang='lat' dir='ltr'><strong><em>xal</em></strong></span> <span class='ocrx_word' id='word_1_907' title='bbox 2715 4476 2878 4528; x_wconf 85' lang='grc' dir='ltr'>πάλιν</span> <span class='ocrx_word' id='word_1_908' title='bbox 2927 4477 2986 4528; x_wconf 81' lang='grc' dir='ltr'>τὸ</span> <span class='ocrx_word' id='word_1_909' title='bbox 3027 4478 3292 4542; x_wconf 87' lang='grc' dir='ltr'>ἐναντίον,</span> <span class='ocrx_word' id='word_1_910' title='bbox 3343 4479 3462 4531; x_wconf 80' lang='grc' dir='ltr'>ἐστι</span> 
     </span>
    </p>
   </div>
   <div class='ocr_carea' id='block_1_119' title="bbox 1863 4554 3464 4630">
    <p class='ocr_par' dir='ltr' id='par_1_119' title="bbox 1863 4554 3464 4630">
     <span class='ocr_line' id='line_1_119' title="bbox 1863 4554 3464 4630; baseline 0.008 -25"><span class='ocrx_word' id='word_1_911' title='bbox 1863 4554 1958 4606; x_wconf 72' lang='grc' dir='ltr'>καὶ</span> <span class='ocrx_word' id='word_1_912' title='bbox 1988 4554 2160 4606; x_wconf 80' lang='grc' dir='ltr'>πολλά</span> <span class='ocrx_word' id='word_1_913' title='bbox 2201 4557 2540 4626; x_wconf 83' lang='grc' dir='ltr'>κεκτημένον</span> <span class='ocrx_word' id='word_1_914' title='bbox 2579 4558 2838 4611; x_wconf 81' lang='grc' dir='ltr'>ἐλάττονα</span> <span class='ocrx_word' id='word_1_915' title='bbox 2889 4559 3123 4630; x_wconf 76' lang='grc' dir='ltr'>ὀφθῆναι</span> <span class='ocrx_word' id='word_1_916' title='bbox 3159 4563 3267 4614; x_wconf 86' lang='grc' dir='ltr'>τῶν</span> <span class='ocrx_word' id='word_1_917' title='bbox 3303 4563 3464 4629; x_wconf 81' lang='grc' dir='ltr'>ὀλίγα</span> 
     </span>
    </p>
   </div>
   <div class='ocr_carea' id='block_1_120' title="bbox 1864 4637 3462 4720">
    <p class='ocr_par' dir='ltr' id='par_1_120' title="bbox 1864 4637 3462 4720">
     <span class='ocr_line' id='line_1_120' title="bbox 1864 4637 3462 4720; baseline 0.008 -32"><span class='ocrx_word' id='word_1_918' title='bbox 1864 4637 2097 4706; x_wconf 81' lang='grc' dir='ltr'>ἐχόντων</span> <span class='ocrx_word' id='word_1_919' title='bbox 2120 4637 2206 4691; x_wconf 90' lang='grc' dir='ltr'>διά</span> <span class='ocrx_word' id='word_1_920' title='bbox 2224 4638 2332 4720; x_wconf 73' lang='grc' dir='ltr'>ιτὴν</span> <span class='ocrx_word' id='word_1_921' title='bbox 2364 4640 2462 4710; x_wconf 86' lang='grc' dir='ltr'>τῆς</span> <span class='ocrx_word' id='word_1_922' title='bbox 2488 4640 2623 4704; x_wconf 82' lang='grc' dir='ltr'>ἰδίας</span> <span class='ocrx_word' id='word_1_923' title='bbox 2649 4641 2875 4712; x_wconf 76' lang='grc' dir='ltr'>γνώμης</span> <span class='ocrx_word' id='word_1_924' title='bbox 2906 4646 3281 4716; x_wconf 80' lang='grc' dir='ltr'>μικρολογίαν.</span> <span class='ocrx_word' id='word_1_925' title='bbox 3308 4646 3462 4720; x_wconf 75' lang='grc'>[5⁸57]</span> 
     </span>
    </p>
   </div>
   <div class='ocr_carea' id='block_1_121' title="bbox 1875 4719 3466 4803">
    <p class='ocr_par' dir='ltr' id='par_1_121' title="bbox 1875 4719 3466 4803">
     <span class='ocr_line' id='line_1_121' title="bbox 1875 4719 3466 4803; baseline 0.006 -29"><span class='ocrx_word' id='word_1_926' title='bbox 1875 4721 2191 4791; x_wconf 85' lang='grc' dir='ltr'>Ἐκχέωμεν</span> <span class='ocrx_word' id='word_1_927' title='bbox 2213 4719 2329 4785; x_wconf 80' lang='grc' dir='ltr'>οὖν,</span> <span class='ocrx_word' id='word_1_928' title='bbox 2366 4725 2689 4794; x_wconf 77' lang='grc' dir='ltr'>παρακαλῶ,</span> <span class='ocrx_word' id='word_1_929' title='bbox 2715 4727 2783 4778; x_wconf 71' lang='grc' dir='ltr'>τὰ</span> <span class='ocrx_word' id='word_1_930' title='bbox 2803 4728 2934 4780; x_wconf 83' lang='grc' dir='ltr'>ὄντα</span> <span class='ocrx_word' id='word_1_931' title='bbox 2966 4731 3044 4792; x_wconf 80' lang='grc' dir='ltr'>εἰς</span> <span class='ocrx_word' id='word_1_932' title='bbox 3073 4733 3197 4793; x_wconf 70' lang='grc' dir='ltr'>τοὺς</span> <span class='ocrx_word' id='word_1_933' title='bbox 3226 4733 3282 4783; x_wconf 86' lang='grc' dir='ltr'>ἐν</span> <span class='ocrx_word' id='word_1_934' title='bbox 3305 4719 3466 4803; x_wconf 63' lang='grc' dir='ltr'>χρεία</span> 
     </span>
    </p>
   </div>
   <div class='ocr_carea' id='block_1_122' title="bbox 1861 4803 3489 4886">
    <p class='ocr_par' dir='ltr' id='par_1_122' title="bbox 1861 4803 3489 4886">
     <span class='ocr_line' id='line_1_122' title="bbox 1861 4803 3489 4886; baseline 0.006 -31"><span class='ocrx_word' id='word_1_935' title='bbox 1861 4803 2023 4866; x_wconf 80' lang='grc' dir='ltr'>ὄντας</span> <span class='ocrx_word' id='word_1_936' title='bbox 2065 4805 2203 4873; x_wconf 79' lang='grc' dir='ltr'>μετά</span> <span class='ocrx_word' id='word_1_937' title='bbox 2258 4805 2517 4874; x_wconf 78' lang='grc' dir='ltr'>δαψιλοῦς</span> <span class='ocrx_word' id='word_1_938' title='bbox 2555 4808 2822 4880; x_wconf 74' lang='grc' dir='ltr'>γνώμης,</span> <span class='ocrx_word' id='word_1_939' title='bbox 2886 4812 2946 4876; x_wconf 89' lang='grc' dir='ltr'>ἐξ</span> <span class='ocrx_word' id='word_1_940' title='bbox 2983 4806 3058 4864; x_wconf 82' lang='grc' dir='ltr'>ὧν</span> <span class='ocrx_word' id='word_1_941' title='bbox 3106 4817 3134 4867; x_wconf 90' lang='lat'>6</span> <span class='ocrx_word' id='word_1_942' title='bbox 3180 4815 3489 4886; x_wconf 80' lang='grc' dir='ltr'>Δεσπότης,</span> 
     </span>
    </p>
   </div>
   <div class='ocr_carea' id='block_1_123' title="bbox 1863 4888 3466 4967">
    <p class='ocr_par' dir='ltr' id='par_1_123' title="bbox 1863 4888 3466 4967">
     <span class='ocr_line' id='line_1_123' title="bbox 1863 4888 3466 4967; baseline 0.009 -29"><span class='ocrx_word' id='word_1_943' title='bbox 1863 4889 1996 4955; x_wconf 87' lang='grc' dir='ltr'>ἡμῖν</span> <span class='ocrx_word' id='word_1_944' title='bbox 2025 4888 2389 4957; x_wconf 82' lang='grc' dir='ltr'>κεχάρισται,</span> <span class='ocrx_word' id='word_1_945' title='bbox 2431 4891 2523 4942; x_wconf 74' lang='grc' dir='ltr'>καὶ</span> <span class='ocrx_word' id='word_1_946' title='bbox 2551 4891 2690 4944; x_wconf 88' lang='grc' dir='ltr'>αὐτά</span> <span class='ocrx_word' id='word_1_947' title='bbox 2727 4894 2793 4945; x_wconf 81' lang='grc' dir='ltr'>τά</span> <span class='ocrx_word' id='word_1_948' title='bbox 2829 4895 2963 4966; x_wconf 80' lang='grc' dir='ltr'>παρ’</span> <span class='ocrx_word' id='word_1_949' title='bbox 2996 4895 3163 4948; x_wconf 82' lang='grc' dir='ltr'>αὐτοῦ</span> <span class='ocrx_word' id='word_1_950' title='bbox 3200 4899 3335 4967; x_wconf 85' lang='grc' dir='ltr'>ἡμῖν</span> <span class='ocrx_word' id='word_1_951' title='bbox 3377 4899 3466 4952; x_wconf 70' lang='grc' dir='ltr'>δτι-ο</span> 
     </span>
    </p>
   </div>
   <div class='ocr_carea' id='block_1_124' title="bbox 1865 4969 3466 5051">
    <p class='ocr_par' dir='ltr' id='par_1_124' title="bbox 1865 4969 3466 5051">
     <span class='ocr_line' id='line_1_124' title="bbox 1865 4969 3466 5051; baseline 0.009 -31"><span class='ocrx_word' id='word_1_952' title='bbox 1865 4969 2024 5023; x_wconf 84' lang='grc' dir='ltr'>θέντα</span> <span class='ocrx_word' id='word_1_953' title='bbox 2051 4971 2201 5040; x_wconf 79' lang='grc' dir='ltr'>αὐτῷ</span> <span class='ocrx_word' id='word_1_954' title='bbox 2234 4971 2395 5024; x_wconf 81' lang='grc' dir='ltr'>πάλιν</span> <span class='ocrx_word' id='word_1_955' title='bbox 2422 4974 2584 5043; x_wconf 83' lang='grc' dir='ltr'>ἡμεῖς</span> <span class='ocrx_word' id='word_1_956' title='bbox 2610 4973 2815 5046; x_wconf 87' lang='grc' dir='ltr'>δῶμεν,</span> <span class='ocrx_word' id='word_1_957' title='bbox 2854 4977 2941 5031; x_wconf 80' lang='grc' dir='ltr'>ἵνα</span> <span class='ocrx_word' id='word_1_958' title='bbox 2971 4977 3114 5032; x_wconf 72' lang='grc' dir='ltr'>οὕτω</span> <span class='ocrx_word' id='word_1_959' title='bbox 3138 4981 3299 5034; x_wconf 82' lang='grc' dir='ltr'>πάλιν</span> <span class='ocrx_word' id='word_1_960' title='bbox 3325 4983 3466 5051; x_wconf 86' lang='grc' dir='ltr'>μετά</span> 
     </span>
    </p>
   </div>
   <div class='ocr_carea' id='block_1_125' title="bbox 1868 5053 3466 5138">
    <p class='ocr_par' dir='ltr' id='par_1_125' title="bbox 1868 5053 3466 5138">
     <span class='ocr_line' id='line_1_125' title="bbox 1868 5053 3466 5138; baseline 0.009 -33"><span class='ocrx_word' id='word_1_961' title='bbox 1868 5053 2070 5138; x_wconf 62' lang='grc' dir='ltr'>πολλῇς</span> <span class='ocrx_word' id='word_1_962' title='bbox 2115 5055 2436 5125; x_wconf 83' lang='grc' dir='ltr'>προσθήκης</span> <span class='ocrx_word' id='word_1_963' title='bbox 2474 5058 2721 5129; x_wconf 85' lang='grc' dir='ltr'>ἡμέτερα</span> <span class='ocrx_word' id='word_1_964' title='bbox 2760 5061 3005 5129; x_wconf 84' lang='grc' dir='ltr'>γένηται.</span> <span class='ocrx_word' id='word_1_965' title='bbox 3064 5064 3316 5134; x_wconf 85' lang='grc' dir='ltr'>Τοσαύτη</span> <span class='ocrx_word' id='word_1_966' title='bbox 3357 5067 3466 5138; x_wconf 84' lang='grc' dir='ltr'>γὰρ</span> 
     </span>
    </p>
   </div>
   <div class='ocr_carea' id='block_1_126' title="bbox 1865 5136 3465 5219">
    <p class='ocr_par' dir='ltr' id='par_1_126' title="bbox 1865 5136 3465 5219">
     <span class='ocr_line' id='line_1_126' title="bbox 1865 5136 3465 5219; baseline 0.009 -30"><span class='ocrx_word' id='word_1_967' title='bbox 1865 5136 2030 5189; x_wconf 87' lang='grc' dir='ltr'>αὐτοῦ</span> <span class='ocrx_word' id='word_1_968' title='bbox 2125 5138 2408 5208; x_wconf 83' lang='grc' dir='ltr'>φιλοτιμία</span> <span class='ocrx_word' id='word_1_969' title='bbox 2430 5181 2443 5203; x_wconf 87' lang='grc'>,</span> <span class='ocrx_word' id='word_1_970' title='bbox 2476 5141 2556 5192; x_wconf 82' lang='grc' dir='ltr'>ὅτι</span> <span class='ocrx_word' id='word_1_971' title='bbox 2597 5143 2691 5194; x_wconf 72' lang='grc' dir='ltr'>καὶ</span> <span class='ocrx_word' id='word_1_972' title='bbox 2724 5143 2818 5211; x_wconf 75' lang='grc' dir='ltr'>ἀφ’</span> <span class='ocrx_word' id='word_1_973' title='bbox 2852 5139 2927 5198; x_wconf 77' lang='grc' dir='ltr'>ὧν</span> <span class='ocrx_word' id='word_1_974' title='bbox 2954 5145 3120 5199; x_wconf 74' lang='grc' dir='ltr'>ἔδωκε</span> <span class='ocrx_word' id='word_1_975' title='bbox 3148 5136 3465 5219; x_wconf 69' lang='grc' dir='ltr'>λαμϐάνων,</span> 
     </span>
    </p>
   </div>
   <div class='ocr_carea' id='block_1_127' title="bbox 1866 5220 3469 5304">
    <p class='ocr_par' dir='ltr' id='par_1_127' title="bbox 1866 5220 3469 5304">
     <span class='ocr_line' id='line_1_127' title="bbox 1866 5220 3469 5304; baseline 0.009 -33"><span class='ocrx_word' id='word_1_976' title='bbox 1866 5220 1965 5288; x_wconf 86' lang='grc' dir='ltr'>οὐχ</span> <span class='ocrx_word' id='word_1_977' title='bbox 2011 5221 2222 5288; x_wconf 81' lang='grc' dir='ltr'>ἡγεῖται</span> <span class='ocrx_word' id='word_1_978' title='bbox 2266 5222 2332 5273; x_wconf 74' lang='grc' dir='ltr'>τά</span> <span class='ocrx_word' id='word_1_979' title='bbox 2381 5222 2486 5275; x_wconf 82' lang='grc' dir='ltr'>ίδια</span> <span class='ocrx_word' id='word_1_980' title='bbox 2535 5224 2835 5294; x_wconf 76' lang='grc' dir='ltr'>λαμϐάνειν</span> <span class='ocrx_word' id='word_1_981' title='bbox 2860 5268 2874 5290; x_wconf 90' lang='grc'>,</span> <span class='ocrx_word' id='word_1_982' title='bbox 2913 5229 3048 5282; x_wconf 84' lang='grc' dir='ltr'>ἁλλά</span> <span class='ocrx_word' id='word_1_983' title='bbox 3087 5231 3224 5301; x_wconf 85' lang='grc' dir='ltr'>μετά</span> <span class='ocrx_word' id='word_1_984' title='bbox 3266 5233 3469 5304; x_wconf 78' lang='grc' dir='ltr'>πολλῆς</span> 
     </span>
    </p>
   </div>
   <div class='ocr_carea' id='block_1_128' title="bbox 1872 5304 3468 5386">
    <p class='ocr_par' dir='ltr' id='par_1_128' title="bbox 1872 5304 3468 5386">
     <span class='ocr_line' id='line_1_128' title="bbox 1872 5304 3468 5386; baseline 0.011 -32"><span class='ocrx_word' id='word_1_985' title='bbox 1872 5305 2002 5374; x_wconf 79' lang='grc' dir='ltr'>ἡμῖν</span> <span class='ocrx_word' id='word_1_986' title='bbox 2046 5304 2186 5358; x_wconf 84' lang='grc' dir='ltr'>αὐτά</span> <span class='ocrx_word' id='word_1_987' title='bbox 2226 5306 2324 5375; x_wconf 82' lang='grc' dir='ltr'>τῆς</span> <span class='ocrx_word' id='word_1_988' title='bbox 2363 5307 2680 5379; x_wconf 71' lang='grc' dir='ltr'>φιλοτιμίας</span> <span class='ocrx_word' id='word_1_989' title='bbox 2727 5311 3034 5366; x_wconf 83' lang='grc' dir='ltr'>ἀποδιδόναι</span> <span class='ocrx_word' id='word_1_990' title='bbox 3078 5317 3422 5386; x_wconf 78' lang='grc' dir='ltr'>ὑπισχνεῖται</span> <span class='ocrx_word' id='word_1_991' title='bbox 3453 5333 3468 5348; x_wconf 86' lang='grc'>⁶</span> 
     </span>
    </p>
   </div>
   <div class='ocr_carea' id='block_1_129' title="bbox 1875 5388 3471 5471">
    <p class='ocr_par' dir='ltr' id='par_1_129' title="bbox 1875 5388 3471 5471">
     <span class='ocr_line' id='line_1_129' title="bbox 1875 5388 3471 5471; baseline 0.009 -34"><span class='ocrx_word' id='word_1_992' title='bbox 1875 5388 2033 5458; x_wconf 81' lang='grc' dir='ltr'>μόνον</span> <span class='ocrx_word' id='word_1_993' title='bbox 2069 5388 2163 5440; x_wconf 71' lang='grc' dir='ltr'>ἐὰν</span> <span class='ocrx_word' id='word_1_994' title='bbox 2202 5390 2362 5457; x_wconf 84' lang='grc' dir='ltr'>ἡμεῖς</span> <span class='ocrx_word' id='word_1_995' title='bbox 2403 5392 2467 5443; x_wconf 65' lang='grc' dir='ltr'>τὰ</span> <span class='ocrx_word' id='word_1_996' title='bbox 2497 5395 2623 5462; x_wconf 80' lang='grc' dir='ltr'>παρ’</span> <span class='ocrx_word' id='word_1_997' title='bbox 2654 5395 2862 5446; x_wconf 83' lang='grc' dir='ltr'>ἑαυτῶν</span> <span class='ocrx_word' id='word_1_998' title='bbox 2887 5397 3256 5463; x_wconf 80' lang='grc' dir='ltr'>ἐπιδείξασθαι</span> <span class='ocrx_word' id='word_1_999' title='bbox 3281 5400 3471 5471; x_wconf 64' lang='grc' dir='ltr'>βουληι</span> 
     </span>
    </p>
   </div>
   <div class='ocr_carea' id='block_1_130' title="bbox 1871 5471 3472 5556">
    <p class='ocr_par' dir='ltr' id='par_1_130' title="bbox 1871 5471 3472 5556">
     <span class='ocr_line' id='line_1_130' title="bbox 1871 5471 3472 5556; baseline 0.011 -34"><span class='ocrx_word' id='word_1_1000' title='bbox 1871 5471 2074 5540; x_wconf 89' lang='grc' dir='ltr'>θῶμεν,</span> <span class='ocrx_word' id='word_1_1001' title='bbox 2108 5474 2200 5526; x_wconf 72' lang='grc' dir='ltr'>καὶ</span> <span class='ocrx_word' id='word_1_1002' title='bbox 2237 5473 2489 5542; x_wconf 83' lang='grc' dir='ltr'>καθάπερ</span> <span class='ocrx_word' id='word_1_1003' title='bbox 2522 5479 2586 5546; x_wconf 85' lang='grc' dir='ltr'>τῇ</span> <span class='ocrx_word' id='word_1_1004' title='bbox 2617 5477 2712 5528; x_wconf 90' lang='grc' dir='ltr'>τοῦ</span> <span class='ocrx_word' id='word_1_1005' title='bbox 2750 5477 2885 5531; x_wconf 82' lang='grc' dir='ltr'>Θεοῦ</span> <span class='ocrx_word' id='word_1_1006' title='bbox 2919 5483 3064 5551; x_wconf 71' lang='grc' dir='ltr'>χειρὶ</span> <span class='ocrx_word' id='word_1_1007' title='bbox 3085 5483 3257 5537; x_wconf 87' lang='grc' dir='ltr'>ταῦτα</span> <span class='ocrx_word' id='word_1_1008' title='bbox 3290 5503 3472 5556; x_wconf 88' lang='grc' dir='ltr'>παρα-</span> 
     </span>
    </p>
   </div>
   <div class='ocr_carea' id='block_1_131' title="bbox 1872 5556 3472 5640">
    <p class='ocr_par' dir='ltr' id='par_1_131' title="bbox 1872 5556 3472 5640">
     <span class='ocr_line' id='line_1_131' title="bbox 1872 5556 3472 5640; baseline 0.011 -34"><span class='ocrx_word' id='word_1_1009' title='bbox 1872 5556 2286 5625; x_wconf 71' lang='grc' dir='ltr'>κατατιθέμενοι</span> <span class='ocrx_word' id='word_1_1010' title='bbox 2310 5598 2322 5619; x_wconf 92' lang='grc'>,</span> <span class='ocrx_word' id='word_1_1011' title='bbox 2359 5557 2534 5621; x_wconf 71' lang='grc' dir='ltr'>οὕτως</span> <span class='ocrx_word' id='word_1_1012' title='bbox 2560 5559 2701 5612; x_wconf 81' lang='grc' dir='ltr'>αὐτὰ</span> <span class='ocrx_word' id='word_1_1013' title='bbox 2733 5564 2845 5625; x_wconf 88' lang='grc' dir='ltr'>τοῖς</span> <span class='ocrx_word' id='word_1_1014' title='bbox 2877 5565 3072 5638; x_wconf 88' lang='grc' dir='ltr'>πένησι</span> <span class='ocrx_word' id='word_1_1015' title='bbox 3103 5569 3433 5640; x_wconf 85' lang='grc' dir='ltr'>χορηγῶμεν</span> <span class='ocrx_word' id='word_1_1016' title='bbox 3459 5614 3472 5635; x_wconf 88' lang='grc'>,</span> 
     </span>
    </p>
   </div>
   <div class='ocr_carea' id='block_1_132' title="bbox 1872 5638 3475 5719">
    <p class='ocr_par' dir='ltr' id='par_1_132' title="bbox 1872 5638 3475 5719">
     <span class='ocr_line' id='line_1_132' title="bbox 1872 5638 3475 5719; baseline 0.011 -29"><span class='ocrx_word' id='word_1_1017' title='bbox 1872 5638 2073 5700; x_wconf 87' lang='grc' dir='ltr'>εἰδότες</span> <span class='ocrx_word' id='word_1_1018' title='bbox 2097 5639 2178 5690; x_wconf 85' lang='grc' dir='ltr'>ὅτι</span> <span class='ocrx_word' id='word_1_1019' title='bbox 2207 5639 2351 5710; x_wconf 74' lang='grc' dir='ltr'>ἅπερ</span> <span class='ocrx_word' id='word_1_1020' title='bbox 2387 5642 2450 5692; x_wconf 73' lang='grc' dir='ltr'>ἂν</span> <span class='ocrx_word' id='word_1_1021' title='bbox 2475 5643 2507 5710; x_wconf 81' lang='grc' dir='ltr'>ἡ</span> <span class='ocrx_word' id='word_1_1022' title='bbox 2541 5643 2661 5712; x_wconf 67' lang='grc' dir='ltr'>χεὶρ</span> <span class='ocrx_word' id='word_1_1023' title='bbox 2687 5644 2870 5716; x_wconf 83' lang='grc' dir='ltr'>ἐκείνη</span> <span class='ocrx_word' id='word_1_1024' title='bbox 2898 5648 3138 5719; x_wconf 88' lang='grc' dir='ltr'>δέξηται,</span> <span class='ocrx_word' id='word_1_1025' title='bbox 3165 5638 3264 5704; x_wconf 84' lang='grc' dir='ltr'>ούκ</span> <span class='ocrx_word' id='word_1_1026' title='bbox 3291 5638 3475 5706; x_wconf 74' lang='grc' dir='ltr'>ἐκεῖνα</span> 
     </span>
    </p>
   </div>
   <div class='ocr_carea' id='block_1_133' title="bbox 1874 5719 3473 5797">
    <p class='ocr_par' dir='ltr' id='par_1_133' title="bbox 1874 5719 3473 5797">
     <span class='ocr_line' id='line_1_133' title="bbox 1874 5719 3473 5797; baseline 0.012 -26"><span class='ocrx_word' id='word_1_1027' title='bbox 1874 5719 2032 5772; x_wconf 69' lang='grc' dir='ltr'>μόνον</span> <span class='ocrx_word' id='word_1_1028' title='bbox 2062 5722 2409 5790; x_wconf 85' lang='grc' dir='ltr'>ἀποδίδωσιν,</span> <span class='ocrx_word' id='word_1_1029' title='bbox 2434 5725 2570 5778; x_wconf 83' lang='grc' dir='ltr'>ἀλλά</span> <span class='ocrx_word' id='word_1_1030' title='bbox 2600 5726 2695 5797; x_wconf 72' lang='grc' dir='ltr'>καὶ</span> <span class='ocrx_word' id='word_1_1031' title='bbox 2727 5729 3129 5796; x_wconf 81' lang='grc' dir='ltr'>πολυπλασίονα</span> <span class='ocrx_word' id='word_1_1032' title='bbox 3155 5733 3223 5786; x_wconf 75' lang='grc' dir='ltr'>τὰ</span> <span class='ocrx_word' id='word_1_1033' title='bbox 3250 5735 3473 5790; x_wconf 78' lang='grc' dir='ltr'>δοθέντα</span> 
     </span>
    </p>
   </div>
   <div class='ocr_carea' id='block_1_134' title="bbox 1875 5798 3477 5890">
    <p class='ocr_par' dir='ltr' id='par_1_134' title="bbox 1875 5798 3477 5890">
     <span class='ocr_line' id='line_1_134' title="bbox 1875 5798 3477 5890; baseline 0.011 -34"><span class='ocrx_word' id='word_1_1034' title='bbox 1875 5798 2030 5890; x_wconf 68' lang='grc' dir='ltr'>οὗτος</span> <span class='ocrx_word' id='word_1_1035' title='bbox 2056 5806 2186 5876; x_wconf 82' lang='grc' dir='ltr'>ἡμῖν</span> <span class='ocrx_word' id='word_1_1036' title='bbox 2210 5807 2350 5861; x_wconf 79' lang='grc' dir='ltr'>αὐτὰ</span> <span class='ocrx_word' id='word_1_1037' title='bbox 2373 5809 2536 5861; x_wconf 80' lang='grc' dir='ltr'>πάλιν</span> <span class='ocrx_word' id='word_1_1038' title='bbox 2576 5811 2860 5881; x_wconf 78' lang='grc' dir='ltr'>χαρίζεται</span> <span class='ocrx_word' id='word_1_1039' title='bbox 2888 5856 2900 5877; x_wconf 88' lang='grc'>,</span> <span class='ocrx_word' id='word_1_1040' title='bbox 2938 5815 3038 5885; x_wconf 85' lang='grc' dir='ltr'>τὴν</span> <span class='ocrx_word' id='word_1_1041' title='bbox 3075 5819 3283 5872; x_wconf 84' lang='grc' dir='ltr'>οίκείαν</span> <span class='ocrx_word' id='word_1_1042' title='bbox 3326 5819 3477 5890; x_wconf 83' lang='grc' dir='ltr'>φιλο-</span> 
     </span>
    </p>
   </div>
   <div class='ocr_carea' id='block_1_135' title="bbox 1879 5889 3475 5970">
    <p class='ocr_par' dir='ltr' id='par_1_135' title="bbox 1879 5889 3475 5970">
     <span class='ocr_line' id='line_1_135' title="bbox 1879 5889 3475 5970; baseline 0.011 -31"><span class='ocrx_word' id='word_1_1043' title='bbox 1879 5889 2069 5956; x_wconf 87' lang='grc' dir='ltr'>τιμίαν</span> <span class='ocrx_word' id='word_1_1044' title='bbox 2091 5891 2178 5943; x_wconf 86' lang='grc' dir='ltr'>διά</span> <span class='ocrx_word' id='word_1_1045' title='bbox 2206 5892 2420 5944; x_wconf 77' lang='grc' dir='ltr'>πάντων</span> <span class='ocrx_word' id='word_1_1046' title='bbox 2445 5893 2909 5964; x_wconf 82' lang='grc' dir='ltr'>ἐπιδεικνύμενος.</span> <span class='ocrx_word' id='word_1_1047' title='bbox 2957 5900 3068 5952; x_wconf 86' lang='lat' dir='ltr'>Kal</span> <span class='ocrx_word' id='word_1_1048' title='bbox 3098 5902 3150 5952; x_wconf 87' lang='grc' dir='ltr'>τί</span> <span class='ocrx_word' id='word_1_1049' title='bbox 3181 5903 3324 5970; x_wconf 86' lang='grc' dir='ltr'>λέγω</span> <span class='ocrx_word' id='word_1_1050' title='bbox 3342 5889 3364 5967; x_wconf 15' lang='grc' dir='ltr'>ί,</span> <span class='ocrx_word' id='word_1_1051' title='bbox 3395 5904 3475 5956; x_wconf 76' lang='grc' dir='ltr'>ὅτι</span> 
     </span>
    </p>
   </div>
   <div class='ocr_carea' id='block_1_136' title="bbox 1878 5974 3473 6060">
    <p class='ocr_par' dir='ltr' id='par_1_136' title="bbox 1878 5974 3473 6060">
     <span class='ocr_line' id='line_1_136' title="bbox 1878 5974 3473 6060; baseline 0.009 -33"><span class='ocrx_word' id='word_1_1052' title='bbox 1878 5974 2015 6027; x_wconf 69' lang='grc' dir='ltr'>6,)τᾶ</span> <span class='ocrx_word' id='word_1_1053' title='bbox 2059 5975 2217 6029; x_wconf 66' lang='grc' dir='ltr'>πάλιν</span> <span class='ocrx_word' id='word_1_1054' title='bbox 2263 5978 2719 6044; x_wconf 71' lang='grc' dir='ltr'>πο&gt;,’.·πλασιάζει;</span> <span class='ocrx_word' id='word_1_1055' title='bbox 2781 5983 2842 6034; x_wconf 85' lang='grc' dir='ltr'><strong>Ἡ</strong></span> <span class='ocrx_word' id='word_1_1056' title='bbox 2882 5985 3004 6055; x_wconf 71' lang='grc' dir='ltr'>χεέρ</span> <span class='ocrx_word' id='word_1_1057' title='bbox 3047 5987 3228 6060; x_wconf 78' lang='grc' dir='ltr'>ἐκιῐνη</span> <span class='ocrx_word' id='word_1_1058' title='bbox 3263 5988 3473 6043; x_wconf 67' lang='grc' dir='ltr'>δίδωσιν</span> 
     </span>
    </p>
   </div>
  </div>
