4182 6322
213 394 318 448 εὸἶ

215 506 324 557 tum
353 502 546 567 reddit,
590 502 685 556 sed
718 516 841 556 cum
882 499 981 553 illis
1008 512 1229 568 regnum
1260 497 1512 551 cmlorum
1537 494 1720 558 donat,
1752 502 1807 546 et

216 596 472 657 celebrat,
501 599 666 664 atque
692 602 934 659 coronat,
978 592 1365 659 innumeraque
1395 589 1529 643 bona
1563 587 1806 655 largitur,

215 687 373 737 modo
404 701 469 738 ex
496 685 559 738 iis
586 700 705 755 qua:
734 686 802 738 ab
834 686 946 751 ipso
984 682 1107 736 data
1154 689 1278 735 sunt
1311 694 1528 749 parvum
1558 676 1807 746 quiddam

213 775 415 831 inferre
442 777 790 830 voluerimus.
821 775 952 829 Num
996 789 1157 843 grave
1188 771 1387 842 aliquid
1425 779 1478 825 et
1521 781 1807 823 onerosum

209 884 237 917 ει
270 868 427 921 nobis
458 867 727 935 requirit?
768 866 843 919 Ea
874 882 990 935 qua:
1016 863 1287 919 abundant
1307 871 1361 918 ct
1410 872 1807 931 supervacanea

208 967 337 1011 sunt
369 958 545 1021 nobis,
574 957 871 1010 necessaria
903 956 1053 1011 nobis
1081 954 1257 1010 facere
1280 954 1398 1008 vult
1425 971 1439 1007 :
1469 962 1521 1006 et
1548 965 1666 1021 qua:
1695 951 1807 1003 fru-

210 1061 321 1101 stra
352 1050 474 1102 etin
495 1064 685 1101 vanum
711 1049 760 1100 in
783 1047 1164 1116 promptuariis
1188 1045 1419 1115 reposita
1445 1052 1587 1104 sunt,
1616 1056 1677 1095 ea
1700 1040 1809 1094 vult

210 1154 236 1188 a
269 1139 428 1192 nobis
456 1138 588 1192 bene
613 1137 880 1201 distribui,
908 1147 963 1190 ut
989 1137 1268 1191 occasioae
1287 1145 1503 1203 accepta
1533 1134 1677 1198 hinc,
1710 1147 1809 1187 nos

206 1228 497 1296 splendide
523 1239 759 1283 coronet.
798 1228 1034 1281 Festinat
1054 1229 1199 1282 enim
1228 1237 1281 1280 et
1309 1236 1475 1294 urget,
1507 1235 1665 1295 atque
1694 1240 1808 1278 om-

210 1320 297 1371 nia
323 1319 451 1371 facit
496 1328 549 1373 et
577 1319 808 1381 molitur,
852 1329 904 1371 ut
930 1317 1121 1387 dignos
1145 1333 1241 1373 nos
1269 1317 1453 1372 reddat
1479 1316 1542 1371 iis
1568 1331 1686 1385 qua:
1723 1315 1809 1369 ille

206 1410 485 1479 promisit.

285 1500 340 1553 5.
375 1498 713 1568 Elcemosgna
744 1498 1141 1550 conmtendatur.
1165 1527 1235 1536 —
1264 1496 1341 1551 Ne
1368 1496 1547 1567 igitur,
1578 1510 1760 1565 qnazso
1790 1536 1804 1560 ,

207 1591 462 1657 nusipsos
520 1590 787 1656 pt'ivemus
844 1588 1001 1640 tantis
1049 1588 1222 1640 bonis.
1278 1586 1407 1656 Nam
1456 1587 1499 1639 si
1558 1584 1807 1638 laboriosi

206 1679 461 1747 agt-ictilte
488 1694 684 1748 penum
720 1694 867 1731 suum
889 1686 1163 1741 cvacuant,
1198 1687 1251 1730 et
1280 1677 1478 1730 semina
1506 1685 1660 1728 tet-rce
1682 1690 1809 1727 cou-

206 1769 456 1832 credunt,
490 1779 544 1823 ct
572 1770 696 1823 olim
726 1770 943 1822 collecta
968 1768 1303 1837 dispergunt,
1335 1767 1493 1835 idque
1536 1782 1659 1819 cum
1710 1781 1808 1819 νο-

208 1860 412 1929 luptate
446 1859 674 1922 faciunt,
696 1859 1013 1928 spe'majora
1036 1858 1327 1926 recipiendi
1358 1873 1415 1911 se
1446 1858 1679 1910 Sol-antes
1714 1874 1725 1909 :
1757 1868 1810 1911 et

206 1952 453 2021 quamvis
471 1952 644 2005 St'i.:nl
668 1951 961 2019 smpeaeris
987 1950 1380 2018 intemperiem,
1408 1964 1806 2016 nonnumquam

204 2051 260 2097 et
293 2054 450 2097 terrm
483 2044 822 2097 sterilitatem
869 2044 1079 2111 aliaque
1108 2043 1272 2096 multa
1302 2043 1616 2107 accidentia,
1652 2051 1705 2095 ut
1732 2042 1810 2095 lo-

204 2145 482 2189 custarum
515 2134 809 2189 exercitum
842 2135 891 2198 ¹,
926 2144 979 2187 et
1010 2134 1267 2203 rubiginis
1296 2135 1589 2199 incursum,
1620 2148 1808 2201 exspe-

204 2225 497 2279 ctationem
550 2239 700 2277 suam
752 2222 1050 2289 fefellisse;
1082 2234 1316 2277 attamen
1368 2224 1506 2278 bona
1554 2240 1651 2293 spe
1689 2238 1809 2277 sese

202 2317 440 2380 alentes,
471 2331 533 2369 ca
558 2331 677 2383 qua:
703 2316 754 2368 in
785 2317 1165 2385 promptuariis
1194 2316 1414 2370 collecta
1447 2327 1603 2382 sunt,
1652 2328 1808 2371 terra:

201 2410 544 2462 concredunt
574 2425 587 2461 :
620 2408 787 2462 multo
810 2408 977 2478 magis
995 2423 1092 2462 nos
1107 2424 1225 2477 qua:
1251 2408 1453 2478 absque
1484 2423 1581 2462 usu
1612 2425 1806 2463 recon-

200 2498 320 2552 dita
347 2510 491 2563 sunt,
524 2499 834 2568 dispergere
857 2499 907 2551 in
941 2513 1232 2569 pauperum
1267 2514 1393 2552 usus
1430 2509 1484 2553 et
1529 2499 1806 2553 educatio-

204 2604 334 2642 nem
361 2591 631 2654 convenit,
662 2589 747 2641 ubi
776 2603 1066 2658 numquam
1090 2603 1213 2657 spes
1234 2588 1487 2655 eluditur,
1519 2604 1689 2659 neque
1739 2590 1806 2645 ti-

201 2672 398 2733 menda
423 2678 600 2747 aliqua
651 2688 805 2733 terrm
834 2679 1108 2734 sterilitas.
1141 2679 1274 2734 Dicit
1302 2681 1443 2734 enim
1476 2698 1489 2734 :
1521 2678 1802 2749 Dispersil,

199 2772 347 2824 dedit
365 2772 698 2841 pauperibus.
728 2770 835 2825 Sed
865 2772 989 2826 audi
1015 2773 1174 2826 etiam
1201 2788 1318 2842 qute
1341 2782 1639 2842 sequuntur
1672 2792 1688 2828 :
1714 2772 1809 2827 Iu-

196 2864 343 2919 stitia
372 2868 669 2935 ejusmanet
690 2866 741 2917 in
765 2864 1013 2919 steculum
1034 2866 1211 2919 sa'culi
1236 2864 1411 2938 (Psal.
1453 2866 1508 2920 II
1528 2867 1572 2919 I.
1608 2866 1639 2921 9
1764 2866 1807 2920 0

199 2959 506 3013 mirabilem
538 2960 869 3012 sementem!
904 2959 1056 3012 Brevi
1088 2968 1329 3028 tempore
1358 2959 1650 3026 distribuit,
1675 2961 1804 3015 etin

198 3060 458 3118 perpetua
485 3049 681 3103 saecula
702 3048 904 3117 justitia
926 3049 1042 3118 ejus
1076 3058 1371 3119 permanet.
1394 3050 1528 3117 Quid
1550 3050 1652 3105 hoc
1674 3050 1803 3106 bea-

201 3142 314 3194 tius
342 3154 597 3210 umquam
626 3138 824 3193 fucrit?
852 3139 1053 3195 Idcirco
1080 3154 1198 3206 oro,
1231 3149 1288 3194 ut
1312 3140 1572 3209 justitiam
1600 3157 1719 3211 qua:
1736 3157 1801 3196 ex

198 3230 552 3299 eleemosyna
576 3238 659 3284 cst
687 3230 840 3283 nobis
868 3232 1231 3299 acquiramus,
1256 3242 1313 3284 ut
1338 3241 1391 3285 et
1421 3234 1486 3285 de
1514 3233 1667 3286 nobis
1720 3232 1803 3286 di-

195 3332 390 3377 catur:
431 3323 833 3391 Disperserunl,
882 3322 1145 3377 dederunt
1198 3325 1555 3392 pauperibus,
1598 3325 1803 3394 justitia

194 3429 387 3467 eorum
417 3423 599 3467 manet
628 3414 679 3466 in
712 3412 963 3467 sa-culum
990 3414 1193 3467 saeculi.
1226 3414 1514 3484 Postquam
1544 3416 1686 3469 enim
1722 3416 1804 3469 di-

196 3506 294 3565 xit,
324 3503 608 3574 Dispersit,
638 3504 799 3566 dedit,
835 3518 905 3558 ne
943 3514 1100 3573 putes
1129 3504 1367 3573 dispersa
1402 3505 1647 3572 periisse,
1684 3505 1802 3558 ideo

194 3594 377 3648 statim
410 3593 650 3647 subdidit
677 3612 690 3647 :
713 3593 924 3647 Iustitia
954 3596 1063 3663 ejus
1090 3605 1257 3648 manet
1271 3596 1323 3647 in
1341 3598 1584 3649 steatlum
1601 3596 1797 3649 strculi.

195 3682 326 3747 Illis,
356 3684 554 3753 inquit.
584 3682 864 3752 dispersis,
883 3683 1087 3753 justitia
1113 3694 1328 3738 maneat
1347 3685 1794 3753 inexpugnabilis,

191 3774 330 3829 etin
361 3790 529 3829 omne
576 3778 831 3829 ειυςυιιιιη
886 3790 947 3830 se
996 3775 1255 3830 extendat
1296 3792 1586 3846 numquam
1639 3776 1797 3832 linem

192 3867 469 3922 habitura.
508 3868 679 3937 Atque
701 3882 823 3921 cum
852 3868 1193 3939 cleemosyna
1227 3869 1387 3924 etiam
1413 3871 1545 3923 alias
1577 3870 1798 3926 virtutes

188 3957 481 4027 diligenter
501 3972 771 4022 curemus,
807 3968 861 4012 et
887 3957 1197 4013 affectiones
1221 3960 1397 4014 carnis
1416 3965 1795 4029 reprimamus,

188 4059 247 4102 et
300 4049 649 4103 eliminemus
682 4065 747 4103 ex
785 4051 963 4103 anima
996 4064 1213 4105 omnem
1258 4051 1495 4106 illicitam
1538 4054 1795 4123 concupi-

187 4140 475 4202 scentiam,
500 4155 713 4195 omnem
732 4140 926 4195 malam
943 4142 1341 4211 cogitationem,
1371 4142 1526 4209 iram,
1553 4143 1799 4215 indigna-

188 4231 421 4295 tionem,
457 4230 747 4298 invidiam;
773 4241 826 4286 et
845 4246 1101 4286 ornemus
1121 4233 1372 4288 omnibus
1402 4234 1574 4291 modis
1600 4237 1795 4292 animus

188 4323 669 4392 pulchritudinem,
695 4334 750 4379 ut
776 4326 1020 4381 claritate
1057 4327 1468 4395 pulchritudinis
1507 4330 1623 4399 ejus
1666 4347 1795 4417 coq-

183 4415 445 4469 eiliemus
473 4413 629 4469 nobis
660 4415 916 4470 ctelorum
948 4416 1256 4484 Dominum,
1291 4428 1346 4474 et
1375 4420 1514 4489 apud
1562 4437 1659 4477 nos
1700 4413 1794 4477 hav-

184 4506 363 4561 bitare
391 4505 663 4576 dignetur.
698 4506 829 4561 Nam
869 4508 957 4563 ubi
1004 4508 1400 4565 videritanimae
1430 4523 1791 4578 venustatem,

182 4598 371 4651 statim
403 4598 670 4652 adveniet.
700 4597 1001 4655 Dixitcnim
1030 4617 1044 4653 :
1078 4598 1248 4671 Super
1266 4618 1416 4673 quem
1443 4603 1603 4657 alium
1624 4608 1792 4675 respi—

178 4688 317 4742 ciam
341 4704 498 4759 quam
526 4704 680 4757 super
708 4700 1027 4743 mansuetum
1054 4697 1104 4743 et
1127 4692 1352 4760 quietum
1378 4702 1422 4747 et
1448 4695 1712 4761 humilem,
1740 4705 1787 4749 et

178 4785 482 4832 trementem
508 4793 767 4833 sermones
793 4794 931 4833 meos
953 4777 1117 4851 (Isai.
1146 4780 1235 4835 66.
1267 4781 1323 4854 2)
1351 4782 1373 4836 ?
1432 4783 1619 4839 Vidisti
1649 4802 1786 4854 quo-

178 4870 351 4924 modo
397 4882 498 4922 nos
522 4868 706 4923 docuit
734 4884 922 4925 omnes
959 4871 1265 4941 spirituales
1308 4874 1541 4942 colores,
1594 4878 1788 4948 quibus

176 4962 382 5016 anima:
411 4958 754 5029 pulchritudo
782 4971 958 5032 potest
1004 4962 1289 5020 decorari?
1335 4966 1509 5037 Super
1547 4985 1785 5024 mansue-

175 5063 314 5117 tum,
342 5050 535 5120 inquit,
576 5060 622 5104 et
642 5052 887 5123 quietum,
921 5063 968 5107 et
996 5055 1259 5110 humilem.
1292 5056 1497 5113 Deinde
1512 5060 1655 5131 quod
1672 5062 1785 5119 haec

172 5142 366 5198 munia
397 5140 568 5196 efﬁcit
610 5141 852 5197 addidit:
886 5142 953 5197 Et
998 5155 1289 5201 trementem
1320 5164 1579 5205 sermones
1625 5169 1779 5208 meos.

170 5235 323 5301 Quid
366 5245 470 5298 est,
529 5236 848 5313 Trementi»):
896 5258 1149 5298 sermones
1196 5245 1375 5299 meos?
1410 5245 1779 5303 Obedienliam

175 5327 271 5380 Dei
304 5327 574 5383 mandatis
595 5344 690 5399 per
711 5332 823 5399 ipsa
846 5348 1007 5401 opera
1041 5334 1375 5404 implentem,
1400 5338 1543 5407 quod
1574 5347 1628 5394 et
1652 5340 1779 5396 alibi

170 5420 310 5472 dicit
335 5436 349 5471 :
383 5417 571 5489 Beatus
598 5423 685 5493 qui
716 5424 851 5479 timet
877 5427 1048 5480 omnia
1073 5437 1278 5498 propter
1310 5431 1549 5497 pietatem
1578 5431 1776 5503 (Prov.

169 5510 264 5565 ξε.
283 5510 376 5581 il)
413 5509 546 5567 Nam
558 5513 603 5568 si
618 5528 735 5577 nos,
760 5529 879 5570 cum
899 5517 1140 5573 videmus
1152 5518 1407 5575 famulum
1429 5522 1516 5594 qui
1533 5525 1777 5581 mandata

173 5609 363 5656 nostra
384 5616 503 5657 cum
518 5601 794 5674 diligentia
827 5606 1122 5681 timoreque
1146 5611 1316 5667 multo
1334 5628 1397 5668 ac
1417 5622 1652 5673 tremore
1674 5618 1777 5673 im-

228 5772 240 5797 '
276 5766 689 5830 \‘us,e.rerri:ttut
712 5774 1092 5840 (mmmam),
1111 5779 1257 5830 deest
1279 5780 1326 5828 in
1349 5779 1640 5843 quibusdam
1666 5786 1776 5836 Mss.

1253 386 1314 440 IN
1356 384 1505 439 CAP.
1554 380 1743 436 XXIX.
1787 377 2034 435 GENES.
2068 378 2296 435 HOMIL.
2340 380 2471 437 LVI.

3417 387 3517 442 435

1919 490 2067 560 plere
2095 500 2267 559 curat,
2294 495 2555 563 majorem
2581 509 2707 563 erga
2738 494 2886 549 illum
2916 494 3254 552 declaramus
3283 498 3515 553 Iit-nevo-

1919 582 2137 638 lentiam
2192 594 2246 640 et
2293 587 2818 642 commiserationem
2861 604 2873 641 :
2924 589 3093 643 multo
3128 593 3305 660 magis
3347 596 3518 646 bonus

1920 676 2176 731 Dominus
2197 693 2323 747 erga
2348 694 2444 734 nos
2467 679 2516 733 id
2544 681 2857 735 declarabit.
2890 683 3120 752 Propter
3147 681 3248 737 hoc
3280 684 3513 737 dicebat:

1919 764 2089 835 Super
2117 768 2264 821 illum
2295 770 2561 839 respiciam
2604 782 2921 825 mansuetum
2957 783 3004 826 et
3031 775 3292 841 quietum,
3336 784 3383 827 et
3428 786 3517 827 tre-

1918 870 2130 913 mentem
2150 876 2407 916 sermones
2439 880 2594 918 meos.
2630 864 2947 919 Tremamus
2976 865 3156 935 igitur,
3189 876 3373 927 oro,et
3393 880 3516 919 cum

1918 962 2110 1018 magno
2152 951 2342 1007 timore
2375 967 2653 1010 sermones
2694 956 2809 1023 ejus
2848 957 3199 1025 impleamus;
3230 970 3353 1009 nam
3399 955 3519 1024 ejus

1917 1051 2041 1095 sunt
2067 1058 2345 1099 sermones
2373 1048 2526 1101 nobis
2550 1048 2619 1101 ab
2648 1049 2738 1102 illo
2765 1049 2956 1103 tradita
2984 1050 3233 1102 mandata
3268 1067 3279 1101 :
3315 1058 3514 1103 etcum

1915 1132 2261 1187 didicerimus
2284 1151 2400 1203 qum
2428 1136 2500 1190 illi
2532 1137 2771 1205 placent,
2820 1147 2875 1193 ct
2904 1154 3025 1208 qua}
3069 1142 3277 1208 prohat,
3319 1154 3378 1193 ea
3422 1140 3522 1193 ob-

1917 1243 2123 1290 eamus,
2144 1238 2195 1280 et
2225 1231 2357 1283 tales
2387 1230 2499 1283 fieri
2532 1232 2879 1296 Studeamus;
2914 1234 3170 1301 quietem,
3204 1244 3518 1287 mansuetu-

1915 1318 2118 1381 dinem,
2148 1320 2501 1374 humilitatem
2529 1338 2775 1391 magnam
2831 1324 3202 1389 exhibeamus,
3248 1334 3302 1378 ct
3333 1326 3513 1379 omnia

1914 1428 2033 1481 quae
2075 1414 2144 1467 ab
2180 1428 2245 1467 eo
2284 1415 2532 1469 mandata
2577 1428 2852 1469 suntcum
2892 1421 3194 1471 reverentia
3235 1430 3291 1472 et
3329 1419 3522 1471 timore

1916 1504 2342 1573 aditupleamus:
2386 1516 2441 1560 ut
2498 1522 2619 1560 cum
2666 1509 2974 1577 approbarit
3021 1509 3270 1563 affectum
3324 1510 3520 1563 mentis

1916 1605 2135 1663 nostrae,
2170 1597 2406 1664 placatus
2455 1610 2634 1651 nostra
2668 1599 2993 1663 obedientia,
3042 1601 3307 1667 respicere
3355 1600 3518 1653 etiam

1914 1702 2079 1755 super
2108 1702 2205 1740 nos
2234 1688 2500 1757 dignetur.
2541 1689 2694 1756 Quod
2716 1690 2760 1743 si
2804 1690 2958 1743 nobis
2984 1692 3281 1761 continget,
3318 1690 3520 1745 erimus

1918 1795 2013 1847 per
2041 1781 2217 1833 omnia
2251 1781 2427 1833 securi
2455 1800 2466 1833 :
2502 1781 2631 1834 dicit
2652 1782 2817 1845 enim,
2876 1782 3166 1852 Respiciam
3188 1824 3204 1845 ,
3256 1782 3359 1837 hoc
3388 1794 3469 1836 est
3498 1823 3513 1847 ,

1917 1871 2261 1926 Providentia
2287 1887 2401 1926 mea
2430 1872 2711 1942 dignabor,
2744 1889 2961 1927 niauum
2994 1875 3288 1943 porrigam,
3328 1876 3377 1927 in
3399 1890 3514 1928 om-

1916 1961 2073 2014 nibus
2103 1962 2389 2016 auxiliator
2413 1978 2532 2026 ero,
2565 1964 2795 2018 ubertim
2821 1963 2872 2016 in
2903 1978 3026 2017 cum
3062 1979 3235 2018 meam
3286 1964 3521 2019 liberalis

1917 2064 2077 2108 tatem
2097 2054 2431 2123 profundam.
2455 2056 2578 2110 Ilznc
2597 2057 2753 2125 igitur
2769 2058 2949 2111 munia
2972 2057 3248 2120 faciamus,
3267 2056 3519 2124 obsecro,

1916 2155 1973 2199 ut
2003 2146 2251 2215 reSpiciat
2286 2162 2447 2215 super
2482 2164 2579 2202 nos
2609 2149 2897 2216 Dominus,
2954 2165 3058 2217 quo
3096 2157 3150 2202 et
3198 2159 3518 2217 pra-sentem

1916 2238 2075 2290 vitam
2110 2238 2311 2307 absque
2346 2239 2556 2293 tristitia
2595 2241 2950 2309 transigamus
2974 2280 2987 2301 ,
3038 2250 3092 2293 et
3143 2240 3319 2294 futura
3371 2240 3511 2294 bona

1914 2329 2168 2398 consequi
2194 2330 2481 2397 possimus,
2507 2331 2672 2399 gratia
2723 2342 2775 2385 et
2806 2330 3134 2401 benignitate
3179 2331 3384 2385 Domini
3426 2348 3523 2385 no-

1916 2424 2009 2474 stri
2034 2421 2159 2476 Jesu
2182 2421 2401 2489 Ciil'iali,
2424 2440 2543 2476 cum
2565 2439 2672 2493 quo
2703 2425 2843 2477 Patri
2872 2424 3031 2478 simul
3062 2433 3115 2478 et
3148 2423 3369 2492 Spiritui
3398 2440 3523 2478 san-

1914 2521 2001 2565 cto
2028 2512 2095 2567 sit
2118 2512 2307 2583 gloria,
2339 2514 2645 2583 imperium,
2684 2515 2877 2581 honor,
2911 2531 3051 2569 nunc
3083 2526 3136 2569 et
3165 2532 3380 2584 semper
3403 2558 3418 2583 ,
3463 2523 3520 2570 ct

1917 2608 1967 2659 in
1996 2608 2192 2661 sascula
2217 2608 2560 2663 smculorum.
2586 2610 2782 2662 Amen.

2488 2723 2765 2779 IIOMILIA
2808 2724 2941 2779 LVI.

1917 2820 2057 2875 Dixit
2080 2830 2246 2874 autem
2275 2819 2435 2873 Iacob
2464 2820 2532 2873 ad
2561 2818 2738 2874 Laban
2767 2839 2786 2873 :
2822 2819 2899 2873 Da
2923 2820 3046 2872 mihi
3070 2834 3280 2872 uxorem
3311 2835 3478 2871 meam
3498 2835 3518 2873 :

1985 2911 2177 2981 impleti
2198 2922 2315 2965 sunt
2343 2914 2475 2963 enim
2504 2911 2630 2973 dies,
2675 2919 2726 2963 ut
2771 2911 3031 2982 ingrediar
3077 2910 3145 2963 ad
3190 2926 3301 2963 eam
3350 2907 3517 2981 (Gen.

1982 3005 2213 3075 29.21).

1986 3099 2036 3149 1.
2068 3095 2192 3150 IIeri
2225 3112 2253 3149 a
2278 3096 2564 3150 dilectione
2592 3094 2779 3161 Iacob,
2833 3110 2993 3164 quant
3044 3110 3170 3164 erga
3223 3093 3517 3150 Rachelem

1910 3188 2170 3250 exhibuit,
2199 3187 2264 3241 ad
2296 3187 2443 3241 I’auli
2470 3188 2747 3242 caritatem
2767 3198 2821 3241 et
2845 3187 3267 3256 magnitudinem
3294 3188 3518 3253 amoris,

1910 3295 2069 3347 quem
2100 3294 2225 3348 erga
2254 3278 2527 3333 Christum
2554 3278 2792 3347 gerebat,
2840 3286 3181 3332 transeuntes
3202 3321 3216 3344 ,
3262 3280 3415 3348 quasi
3451 3280 3519 3333 ab

1911 3370 2215 3440 impctuoso
2246 3370 2475 3439 quodam
2514 3379 2753 3425 torrente
2780 3370 2937 3440 rapti,
2990 3385 3097 3423 non
3137 3372 3409 3438 potuimus
3451 3370 3520 3425 ad

1908 3464 2103 3518 seriem
2132 3472 2186 3518 et
2207 3473 2517 3517 contextum
2543 3464 2811 3518 sermonis
2838 3464 3066 3533 regredi.
3089 3462 3233 3522 Ideo.
3254 3464 3298 3517 si
3322 3464 3515 3532 placet,

1910 3553 2069 3609 hodie
2116 3556 2395 3624 sequentia
2424 3554 2683 3624 aggressi,
2732 3569 2795 3607 ea
2834 3570 2955 3624 qua:
2992 3563 3120 3609 tunc
3164 3556 3349 3609 reliCIa
3394 3568 3519 3611 sunt

1908 3630 2230 3715 impleamus
2257 3665 2269 3700 :
2296 3657 2351 3700 ut
2391 3660 2459 3699 ex
2500 3646 2566 3700 iis
2611 3660 2731 3713 qua:
2780 3644 2938 3699 hodie
2985 3645 3235 3700 dicuntur
3268 3655 3518 3715 percepta

1908 3738 2140 3791 utilitate
2189 3738 2385 3807 aliqua,
2424 3738 2643 3792 domum
2674 3745 3008 3807 repetamus.
3045 3738 3205 3807 Igitur
3235 3748 3516 3808 postquam

1906 3828 2161 3898 impletus
2181 3839 2263 3883 est
2290 3839 2496 3898 septem
2527 3845 2791 3884 annorum
2823 3844 3104 3896 numerus,
3156 3829 3247 3884 20.
3299 3829 3366 3883 Et
3408 3833 3519 3901 fue-

1906 3931 2045 3985 runt,
2072 3922 2261 3991 inquit,
2292 3938 2464 3975 coram
2486 3921 2651 3977 Iacob
2671 3923 2816 3991 quasi
2848 3923 2956 3977 dies
2979 3924 3131 3993 pauci
3163 3931 3244 3977 tot
3274 3923 3398 3977 anni
3450 3925 3513 3976 ob

1906 4013 2094 4066 amoris
2119 4012 2504 4081 vehementiam,
2554 4014 2644 4070 2|.
2679 4016 2809 4069 dixit
2853 4015 2921 4068 ad
2967 4016 3147 4070 Laban
3199 4032 3217 4070 :
3263 4014 3349 4070 Da
3391 4016 3517 4070 milii

1904 4122 2116 4160 uxorem
2140 4123 2304 4161 meam
2330 4124 2348 4161 :
2376 4109 2570 4177 impleti
2593 4110 2727 4163 enim
2750 4120 2869 4163 sunt
2894 4109 3003 4163 dies
3021 4111 3137 4172 mei,
3170 4122 3224 4162 ut
3252 4110 3517 4179 ingrediar

1907 4200 1976 4250 ad
2006 4216 2138 4252 eam.
2168 4198 2259 4253 22.
2294 4198 2632 4272 Cougregavit
2654 4211 2823 4254 autem
2852 4199 3029 4254 Laban
3059 4217 3234 4255 omnes
3268 4202 3405 4256 viros
3436 4202 3515 4255 l0-

1902 4290 1967 4354 ci,
2000 4300 2045 4343 et
2073 4291 2189 4361 fecit
2219 4295 2446 4359 nuptias.
2471 4292 2561 4346 25.
2584 4291 2651 4345 Et
2678 4294 2870 4364 laetum
2900 4303 2971 4346 est
2994 4308 3217 4363 vespere,
3243 4304 3288 4346 et
3314 4294 3509 4364 accepit

1902 4382 2080 4436 Laban
2108 4381 2254 4435 Liam
2292 4384 2454 4452 filiam
2477 4400 2646 4449 suam,
2678 4384 3063 4454 introduxitquc
3089 4402 3201 4438 eam
3228 4386 3295 4437 ad
3321 4385 3509 4439 Iacob.

1975 4475 2039 4529 In
2070 4479 2327 4530 satanicas
2351 4479 2646 4549 nuptiarum
2679 4495 2893 4548 pompas
2916 4478 3188 4531 invehitur.
3210 4509 3281 4518 —
3315 4478 3506 4533 Vidisti

1899 4586 2019 4622 cum
2050 4580 2245 4639 quanta
2276 4570 2401 4623 olim
2449 4569 2732 4623 honestate
2765 4570 2977 4638 nuptias
3019 4569 3265 4639 egerint?
3314 4570 3509 4625 Audite

1898 4663 1985 4731 qui
2020 4661 2285 4716 satanicas
2312 4676 2534 4731 pompas
2562 4660 2925 4725 admiramini,
2958 4669 3011 4714 et
3043 4661 3225 4715 statim
3256 4663 3323 4715 ab
3352 4661 3509 4717 initio

1898 4754 2203 4823 nuptiarum
2232 4755 2569 4809 honestatem
2598 4752 2863 4809 dedecore
2904 4752 3136 4808 afficitis.
3190 4753 3327 4808 Num
3378 4763 3505 4810 tunc

1899 4846 2077 4901 tibiae?
2106 4862 2233 4901 num
2262 4854 2391 4900 tunc
2419 4846 2701 4916 cymbala?
2739 4860 2865 4900 num
2906 4852 3033 4900 tunc
3071 4845 3285 4899 choreas
3314 4845 3505 4900 diabo-

1840 4981 1845 4985 .
1896 4939 2047 4995 lium?
2077 4939 2255 5007 Quare
2279 4939 2446 5005 enim,
2478 4940 2564 4993 dic
2594 4940 2748 5015 mihi,
2780 4948 2984 4993 tantum
3018 4940 3199 4994 statim
3230 4940 3300 4993 ab
3349 4941 3503 4996 initio

1893 5034 2150 5088 damnum
2195 5032 2408 5087 inducis
2458 5033 2510 5087 in
2554 5033 2773 5088 dommn
2830 5042 2972 5087 tuam
3001 5075 3014 5097 ,
3062 5042 3114 5086 et
3157 5047 3251 5087 eos
3296 5033 3385 5105 qui
3440 5034 3491 5089 in

1893 5127 2071 5181 scenis
2100 5135 2156 5179 et
2186 5124 2480 5179 orchestris
2512 5138 2733 5194 operam
2758 5123 2937 5178 locant
2964 5138 3143 5188 vocas,
3174 5132 3230 5177 ut
3262 5140 3382 5177 cum
3421 5124 3504 5178 in-

1894 5220 2215 5290 tempestivo
2250 5227 2464 5287 sumptu
2511 5218 2733 5289 virginis
2771 5216 2936 5271 lmdas
2977 5218 3364 5272 continentiam
3390 5259 3404 5281 ,
3451 5231 3505 5274 et

1886 5312 2140 5381 juvenem
2171 5310 2624 5381 impudentiorem
2646 5308 2810 5364 iacias
2830 5310 2852 5362 ’ἔ
2876 5308 3127 5379 Optabile
3158 5310 3301 5363 enim
3328 5319 3382 5363 et
3411 5325 3500 5364 ar-

1890 5407 2054 5461 duum
2080 5414 2217 5472 erat,
2246 5404 2449 5474 absque
2494 5403 2597 5457 illis
2627 5402 2901 5457 fomitibus
2947 5402 3091 5455 illam
3143 5412 3356 5456 a-ta:etn
3408 5418 3501 5472 pu-

1891 5498 2054 5552 tnisse
2076 5494 2353 5550 moderate
2380 5492 2519 5549 ferre
2543 5502 2917 5563 tempestatem
2950 5491 3289 5547 affectionum
3324 5510 3338 5547 :
3372 5507 3493 5547 eum

1887 5599 2066 5645 autem
2118 5597 2174 5644 et
2223 5587 2339 5643 htec
2384 5588 2664 5654 accedant,
2718 5598 2824 5640 tam
2870 5603 2988 5657 qua:
3037 5586 3308 5650 videntur,
3335 5602 3496 5656 quam

1886 5700 2007 5755 qua:
2046 5682 2357 5745 audiuntur,
2384 5681 2509 5736 dum
2540 5681 2714 5751 majus
2739 5680 3050 5735 accenditur
3080 5679 3385 5734 incendium
3406 5721 3421 5744 ,
3445 5690 3496 5734 et

1892 5776 2079 5833 feruax
2129 5774 2688 5846 concupiscentia-um
2718 5774 2886 5844 magis
2919 5773 3310 5839 inflammatur,
3354 5791 3493 5843 quo-
