4182 6322
680 441 776 498 ιετ

684 555 844 610 modo
865 568 970 608 non
999 562 1211 623 pessum
1258 545 1299 601 it
1342 539 1695 600 adolescentis
1721 535 1938 594 anima?
1965 534 2098 590 lllnc
2123 533 2264 586 enim

682 649 860 701 nnmia
883 621 1107 714 pereunt
1129 646 1185 694 et
1207 642 1655 707 corrumpuntur:
1683 628 1805 702 quia
1836 627 1905 683 ab
1926 626 2078 681 initio
2106 621 2240 677 casti

692 740 775 788 tas
793 712 975 786 eorum
1001 717 1091 798 qui
1122 725 1262 780 inter
1281 737 1340 778 se
1358 716 1668 776 eonventuri
1690 721 1814 770 sunt
1840 717 2199 782 oppugnatur,
2217 712 2271 758 et

685 833 827 889 sape
845 797 1116 888 primordie
1132 811 1366 885 juvenis,
1393 808 1560 866 oculis
1582 805 1767 861 videns
1793 797 2266 860 incontinentibus,

684 912 793 967 tolo
817 910 1080 966 diabolico
1107 908 1161 963 in
1188 905 1364 961 anima
1394 902 1704 957 vulneratur
1730 913 1744 949 :
1774 903 1830 949 et
1857 891 2028 963 puclla
2071 903 2166 958 per
2208 901 2270 940 ca

681 1020 806 1077 qua:
827 1003 973 1057 audit
1000 1010 1056 1058 et
1083 998 1228 1054 videt
1252 994 1460 1064 captiva
1490 992 1566 1053 fit,
1594 987 1735 1044 etab
1759 1000 1824 1040 eo
1844 984 1932 1039 die
1953 990 2138 1051 postea
2153 991 2272 1032 cre-

689 1072 842 1149 scunt
869 1093 1106 1154 vulnera,
1129 1088 1406 1156 majusque
1430 1085 1486 1137 fit
1509 1080 1726 1137 malum.
1757 1074 1969 1131 Etenim
1991 1072 2133 1127 illinc
2158 1080 2271 1124 sta-

690 1186 784 1240 tim
811 1194 866 1240 et
908 1191 1144 1238 mutuam
1168 1175 1512 1233 concordiam
1540 1170 1838 1227 dilacerant
1861 1208 1876 1234 ,
1922 1174 1977 1219 et
2031 1175 2270 1217 amorem

688 1274 986 1330 debilitant.
1009 1269 1235 1340 Quando
1255 1267 1396 1322 enim
1424 1264 1512 1320 ille
1539 1269 1775 1316 mentem
1801 1257 1866 1312 ad
1898 1255 2057 1312 aliam
2088 1251 2268 1317 vertit,

688 1369 811 1422 hinc
839 1375 893 1421 et
920 1364 1044 1420 inde
1073 1361 1317 1418 dividens
1345 1358 1601 1420 animum,
1625 1368 1655 1407 a
1676 1349 1890 1406 diabolo
1911 1349 2028 1417 ipso
2056 1342 2267 1406 ductus,

687 1458 852 1512 multa
880 1453 1236 1510 amaritudine
1275 1450 1492 1506 domum
1531 1444 1733 1515 implet.
1779 1439 1930 1507 Quod
1977 1438 2024 1494 si
2080 1445 2134 1491 et
2182 1435 2271 1488 illa

684 1549 1012 1619 comperitur
1039 1547 1108 1600 ita
1131 1543 1316 1599 affecta
1347 1553 1489 1605 esse,
1520 1552 1584 1592 ex
1607 1535 1738 1605 ipsis
1761 1526 2122 1586 fundamentis
2149 1540 2271 1580 om-

687 1615 884 1708 nia,’ut
911 1640 981 1694 ita
1010 1638 1184 1693 dicam
1206 1676 1221 1701 ,
1273 1632 1656 1689 subvertuntur
1680 1643 1694 1680 :
1727 1632 1912 1694 postea
1939 1621 2074 1674 alter
2103 1617 2170 1671 ab
2194 1615 2271 1670 al-

687 1743 803 1787 tero
841 1730 1154 1792 occultatur,
1199 1733 1252 1780 et
1288 1726 1377 1783 ille
1430 1719 1644 1790 quidem
1689 1713 1984 1784 suspiciose
2025 1709 2274 1764 observat

690 1838 933 1889 uxorem,
962 1832 1017 1877 et
1065 1817 1311 1874 similiter
1337 1813 1426 1867 illa
1455 1812 1647 1866 virum.
1677 1810 1850 1876 Atque
1877 1804 1962 1858 ubi
1994 1800 2275 1872 oportebat

686 1916 1027 1974 concordiam
1076 1927 1195 1969 esse
1235 1920 1290 1966 et
1325 1906 1589 1978 copulam,
1621 1901 1818 1973 quippe
1845 1896 2112 1954 debebant
2154 1907 2275 1948 esse

687 2024 814 2065 caro
854 2022 958 2062 una
989 2004 1190 2076 (Erunt
1218 2003 1383 2068 enim,
1430 1997 1620 2068 inquit,
1659 1994 1761 2048 duo
1798 1992 1851 2045 in
1891 2003 2095 2044 carnem
2120 2000 2276 2039 uitam

689 2100 854 2176 [ϐαι.
880 2099 934 2153 2.
956 2093 1108 2170 24]),
1147 2095 1198 2148 hi
1228 2093 1283 2147 in
1312 2100 1454 2146 tanta
1489 2089 1676 2144 vivunt
1711 2083 2078 2142 dissensione,
2122 2076 2274 2148 quasi

688 2189 914 2261 sejuncti
958 2195 1159 2242 essent.
1195 2182 1446 2237 Diabolus
1469 2179 1615 2235 enim
1644 2176 2021 2244 subingressus
2070 2178 2274 2223 tantam

687 2285 740 2337 in
770 2282 849 2336 eis
877 2278 1169 2350 perniciem
1197 2282 1470 2345 operatur,
1496 2279 1555 2325 ut
1576 2266 1898 2339 quotidiana:
1921 2278 2114 2334 pugna:
2135 2261 2275 2315 inter

691 2387 784 2429 eos
812 2381 1101 2427 nascantur
1120 2379 1174 2423 et
1197 2382 1227 2421 a
1253 2365 1409 2422 malis
1440 2376 1728 2432 numquam
1757 2358 1990 2413 habeant
2013 2355 2269 2425 quietem.

687 2464 826 2535 Quid
871 2461 1016 2518 enim
1057 2461 1179 2532 quis
1222 2458 1415 2514 dixerit
1443 2453 1710 2526 quomodo
1762 2461 1944 2521 postea
1987 2463 2015 2500 a
2061 2445 2274 2501 famulis

685 2564 1121 2617 contemnantur,
1151 2548 1417 2621 quomodo
1459 2563 1489 2602 a
1528 2545 1716 2601 vicinis
1756 2543 2058 2604 rideantur,
2113 2551 2274 2608 quam

686 2648 825 2703 forda
852 2641 1186 2716 operentur?
1216 2641 1349 2696 Nam
1377 2638 1513 2693 sicut
1542 2634 1756 2707 quando
1781 2633 2162 2704 gubernatores
2194 2629 2274 2681 in-

687 2753 767 2798 ter
797 2755 857 2796 se
880 2737 1160 2801 dissident,
1188 2737 1350 2789 etiam
1373 2733 1460 2802 qui
1480 2731 1600 2786 navi
1623 2728 1909 2791 vehuntur,
1941 2740 2040 2779 una
2065 2720 2277 2792 pericli-

689 2843 890 2898 tantur,
917 2843 980 2882 ac
1009 2828 1197 2882 timent
1225 2839 1291 2879 ne
1315 2838 1436 2878 cum
1475 2822 1592 2875 navi
1619 2820 2028 2886 submergantur
2057 2831 2069 2867 :
2102 2815 2171 2866 ita
2219 2819 2275 2866 et

689 2924 792 2990 hic,
823 2923 867 2977 si
896 2918 1172 2975 discordes
1218 2916 1325 2970 sint
1355 2915 1435 2968 vir
1458 2925 1510 2968 ct
1554 2909 1768 2975 mulier,
1815 2918 2151 2974 consequens
2191 2910 2274 2957 est

687 3028 876 3070 omnes
903 3013 994 3085 qni
1026 3008 1169 3081 apud
1217 3008 1337 3062 illos
1361 3013 1489 3061 sunt
1520 3002 1805 3074 participes
1832 3013 1953 3054 esse
1983 2996 2267 3052 malorum.

693 3109 982 3176 Propterea
1008 3117 1106 3158 ore
1133 3110 1190 3155 ut
1216 3099 1330 3154 hcce
1361 3097 1537 3152 omnia
1565 3092 1948 3166 prmvidcntcs,
1994 3096 2277 3143 consuetu-

686 3203 868 3258 dinem
890 3215 959 3255 ne
986 3195 1286 3253 sectemini.
1317 3191 1441 3246 Scio
1461 3190 1608 3245 enim
1631 3189 1826 3242 multos
1851 3193 2128 3255 receptum
2154 3195 2275 3235 mo-

689 3308 804 3349 rem
830 3289 1142 3352 obtendere,
1167 3299 1340 3355 neque
1368 3281 1628 3353 patienter
1669 3278 1810 3333 ferre
1839 3290 1893 3330 ut
1921 3275 2037 3330 haec
2064 3289 2093 3328 a
2124 3270 2278 3327 nobis

691 3387 934 3440 dicantur
959 3398 973 3435 :
1003 3388 1240 3434 attamen
1265 3387 1484 3430 necesse
1511 3384 1592 3427 est
1617 3379 1672 3424 ut
1700 3383 1798 3423 nos
1821 3367 1966 3422 utilia
1994 3365 2273 3427 dicamus,

694 3484 886 3548 etquae
917 3474 1036 3528 illos
1087 3486 1116 3524 a
1161 3467 1339 3523 futuro
1366 3465 1628 3539 supplicio
1679 3461 1925 3516 liherent.
1977 3457 2078 3512 Ubi
2131 3454 2275 3508 enim

696 3577 904 3622 tantum
924 3567 1116 3619 animae
1143 3562 1417 3624 damnum,
1449 3571 1552 3628 qua
1579 3555 1647 3610 de
1689 3568 1848 3609 causa
1891 3550 2022 3605 mihi
2049 3562 2275 3604 consue-

693 3662 928 3715 tudinem
953 3666 1248 3728 przctexere
1272 3652 1476 3708 audes?
1509 3650 1645 3704 Ecce
1671 3647 1815 3702 enim
1839 3654 1896 3700 et
1919 3658 2019 3713 ego
2037 3642 2276 3696 tibicen-

692 3750 1025 3808 suetudinem
1052 3748 1330 3803 meliorem
1355 3744 1573 3815 objicio,
1605 3757 1724 3812 qua:
1741 3739 1879 3811 apud
1909 3746 2124 3794 veteres
2137 3746 2276 3800 erat,

693 3843 905 3914 quando
929 3840 1165 3896 nondum
1194 3847 1340 3893 tanta
1371 3837 1470 3905 piae
1496 3834 1771 3904 religionis
1798 3840 1912 3886 erat
1959 3829 2178 3899 agnitio.
2214 3827 2282 3881 Et

695 3951 760 3990 ne
786 3935 988 4004 justum
1019 3931 1104 3985 hic
1125 3928 1291 3986 Jacob
1321 3934 1526 3982 tantum
1571 3925 1791 3996 cogites,
1846 3920 1940 3976 sed
1992 3929 2045 3974 et
2098 3918 2279 3974 Laban

695 4029 868 4085 adhuc
913 4027 1178 4081 idolorum
1218 4022 1382 4078 cultui
1413 4020 1672 4085 deditum,
1724 4031 1823 4072 nec
1873 4015 1954 4070 vel
2004 4014 2281 4068 minimam

694 4137 834 4178 vera:
864 4117 1137 4189 religionis
1161 4115 1404 4171 notitiam
1435 4113 1743 4175 habentem,
1792 4118 1846 4164 et
1871 4117 2045 4162 tamen
2078 4114 2279 4160 tantam

697 4229 805 4283 pra:
831 4226 890 4265 se
911 4211 1166 4264 ferentem
1194 4203 1609 4277 phi1050phiam.
1661 4200 1844 4269 Neque
1868 4199 2010 4254 enim
2038 4197 2154 4251 haec
2186 4195 2280 4249 ho-

697 4315 877 4360 nestas
900 4302 1014 4373 ejus
1068 4309 1204 4365 erat,
1265 4296 1357 4368 qui
1399 4296 1659 4349 ducturus
1707 4292 1957 4361 puellam,
1987 4290 2083 4345 sed
2113 4288 2283 4359 patris

694 4412 812 4454 eam
843 4395 1121 4450 tradentis.
1147 4391 1270 4446 Ideo
1298 4398 1352 4444 et
1380 4389 1525 4442 illum
1550 4385 1650 4441 feci
1689 4398 2014 4448 sermonem,
2064 4381 2281 4448 non.ad

693 4501 919 4556 Sponsus
943 4494 1147 4540 tantum
1175 4490 1421 4553 spectans
1452 4487 1711 4548 quantum
1731 4476 1796 4530 ad
1837 4483 2107 4544 parentes,
2135 4483 2185 4527 ct
2216 4471 2282 4526 ad

699 4589 898 4648 patrem
916 4577 1006 4647 qui
1025 4576 1280 4645 virginem
1309 4573 1467 4627 locat.
1497 4567 1778 4637 Quomodo
1805 4569 1946 4622 enim
1971 4582 2078 4620 non
2100 4566 2286 4620 absur-

698 4671 862 4735 dum,
893 4673 938 4721 si
993 4681 1092 4721 nos
1129 4665 1218 4735 qui
1250 4675 1450 4718 tantam
1482 4662 1786 4730 accepimus
1833 4656 2278 4722 miscricordiam,

696 4772 752 4815 et
794 4770 900 4814 tam
948 4757 1267 4814 terribilium
1319 4752 1775 4821 ineﬂ‘abiliumque
1825 4761 2282 4804 sacramentorum

695 4851 984 4922 participes
1013 4862 1216 4915 sumus,
1252 4849 1350 4901 hac
1373 4848 1424 4900 in
1451 4861 1509 4901 re
1540 4843 1822 4899 inferiores
1847 4844 2014 4897 simus
2045 4841 2280 4908 Labano,

699 4947 790 5018 qui
817 4946 980 5002 cultui
1013 4945 1276 5000 idolorum
1299 4941 1473 4997 adhuc
1494 4949 1608 4995 erat
1636 4938 1888 4995 deditus?
1915 4940 2107 4992 Annon
2133 4938 2287 4992 audis

698 5037 920 5093 Paulum
948 5036 1213 5092 dicentem
1244 5041 1639 5088 sacramentum
1667 5045 1787 5088 esse
1829 5031 2043 5101 nuptias
2078 5042 2130 5083 et
2157 5031 2289 5084 ima-

698 5132 874 5200 ginem
902 5126 1204 5183 dilectionis
1229 5125 1447 5191 Christi,
1480 5140 1639 5195 quam
1670 5139 1793 5194 erga
1837 5123 2133 5178 Ecclesiam
2183 5137 2286 5177 ex-

706 5221 872 5276 hibuit
907 5219 1128 5292 (Ep/tes.
1159 5220 1210 5274 5.
1241 5217 1370 5289 5‘2)?
1400 5217 1476 5272 Ne
1506 5219 1661 5288 igitur
1686 5216 2078 5272 confundamus
2103 5216 2287 5288 nosip-

706 5331 815 5381 sos,
849 5324 901 5369 et
929 5313 1264 5369 honestatem
1292 5313 1596 5382 nuptiarum
1623 5327 2049 5382 corrumpamus.
2081 5313 2214 5368 Nam
2242 5317 2284 5368 si

704 5405 918 5475 quidem
968 5405 1167 5460 bonum
1219 5413 1272 5459 et
1320 5405 1451 5460 utile
1492 5403 1650 5459 fuerit
1700 5407 2026 5473 consilium,
2075 5407 2284 5462 etiamsi

702 5510 809 5551 non
837 5497 907 5551 sit
932 5496 1285 5562 consuetudo,
1315 5497 1406 5551 fiat
1430 5510 1445 5549 :
1476 5496 1558 5550 sin
1586 5495 1904 5551 damnosum
1938 5507 1992 5552 et
2019 5500 2284 5567 pernicio-

701 5601 820 5642 sum
842 5597 924 5643 est
950 5588 1002 5642 id
1024 5588 1166 5659 quod
1183 5603 1214 5644 a
1243 5589 1392 5645 vobis
1419 5587 1672 5656 efficitur,
1705 5591 1918 5645 etiamsi
1949 5593 2286 5647 consuetudo

699 5681 1100 5751 sit,rejiciatur.
1133 5681 1267 5737 Nam
1315 5683 1360 5739 si
1416 5682 1515 5737 hoc
1542 5682 1935 5750 admiserimus,
1983 5695 2037 5739 et
2084 5683 2191 5749 fur,
2235 5697 2285 5738 et

701 5771 930 5836 adulter,
962 5781 1018 5828 et
1042 5774 1382 5843 quantumvis
1426 5773 1596 5828 malus
1621 5774 1794 5842 alius,
1840 5776 2283 5831 consuetudinem

698 5862 955 5921 obtendet
981 5883 992 5917 :
1019 5877 1072 5919 at
1103 5865 1306 5921 nullum
1339 5865 1464 5920 hinc
1493 5866 1594 5920 illis
1627 5867 1830 5923 lucrum
1861 5878 1943 5925 cst
1969 5870 2051 5926 vel
2083 5871 2234 5927 venia
2261 5915 2275 5938 ,

1413 428 1468 485 S.
1507 424 1784 484 JO.\NNIS
1814 412 2287 477 CIIRYSOSTOHI
2329 406 2646 469 ARCHIEP.
2684 406 3222 469 CONSTANTINOP.

3873 410 3984 468 488

2379 527 2477 583 sed
2505 527 2678 598 major
2703 527 2883 599 potius
2907 528 3202 596 accusatio,
3234 525 3378 600 quod
3405 525 3602 584 malam
3629 527 3980 586 consuetudi-

2375 637 2497 675 nem
2529 635 2785 690 superare
2810 634 2918 675 non
2950 619 3246 675 valuerint.

2442 712 2498 767 2.
2538 710 2596 769 Si
2635 712 2780 768 enim
2819 712 3144 768 voluerimus
3177 711 3413 782 vigilare,
3440 719 3496 768 et
3537 726 3724 767 curam
3769 710 3980 766 habere

2377 813 2572 858 nostra:
2595 803 2806 870 salutis,
2833 817 3122 874 possumus
3145 809 3202 858 et
3234 817 3266 857 a
3292 803 3430 857 mala
3458 800 3850 860 consuetudine
3876 801 3979 856 deo

2374 896 2590 961 sistere,
2627 905 2682 950 et
2721 895 2774 948 in
2819 895 3012 949 bonam
3054 893 3501 950 consuetudinem
3543 907 3642 948 nos
3666 892 3930 948 reducere
3963 907 3976 942 :

2375 989 2562 1058 sicque
2591 988 2819 1059 posteris
2847 986 3048 1043 nostris
3075 1001 3182 1043 non
3214 1003 3431 1058 parvam
3460 987 3705 1042 dabimus
3733 985 3981 1042 occasio-

2375 1095 2497 1136 nem
2524 1079 2711 1136 eadem
2751 1078 3014 1144 imitandi,
3044 1088 3101 1134 et
3127 1079 3457 1149 accipiemus
3493 1081 3654 1134 etiam
3697 1092 3797 1133 nos
3826 1092 3980 1132 mer-

2331 1231 2333 1233 ,
2374 1171 2559 1227 cedem
2586 1187 2772 1227 eorum
2808 1187 2928 1243 quae
2967 1171 3036 1226 ab
3067 1171 3136 1226 iis
3165 1180 3416 1242 aguntur.
3457 1169 3592 1226 Nam
3637 1171 3726 1241 qni
3759 1169 3975 1225 initium

2376 1265 2528 1321 bona:
2557 1265 2656 1320 via:
2682 1264 2930 1336 prasbuit,
2965 1265 3054 1320 hic
3097 1274 3286 1318 auctor
3323 1272 3403 1318 est
3433 1277 3619 1317 eorum
3663 1278 3784 1332 qure
3824 1271 3879 1318 et
3906 1261 3981 1317 ab

2373 1359 2494 1414 aliis
2523 1367 2669 1415 recte
2695 1357 2847 1420 fiunt.
2876 1369 2932 1413 et
2957 1357 3223 1428 duplicem
3250 1356 3472 1428 recipiet
3499 1355 3828 1421 mercedem,
3865 1363 3976 1408 tam

2376 1465 2475 1520 pro
2505 1450 2570 1506 iis
2598 1466 2718 1521 qme
2758 1449 2875 1519 ipse
2917 1458 3064 1505 recte
3109 1447 3259 1514 facit,
3302 1462 3464 1518 quam
3505 1445 3700 1516 quibus
3733 1443 3871 1500 alios
3920 1443 3976 1497 in

2375 1542 2630 1610 Optimam
2671 1542 2813 1597 illam
2838 1540 3042 1596 inducit
3082 1537 3505 1611 philosophiam.
3535 1535 3614 1592 Ne
3642 1535 3974 1606 prmtexatis,

2374 1632 2621 1697 obsecro,
2655 1631 2843 1702 frigida
2871 1640 2927 1686 et
2952 1630 3175 1686 ridicula
3201 1629 3365 1685 verba
3393 1628 3531 1694 hznc,
3564 1627 3808 1682 dicentes
3837 1625 3974 1694 legi-

2376 1726 2502 1778 tima
2533 1723 2777 1792 qumdam
2813 1736 2936 1778 esse
2971 1722 3109 1788 hmo,
3150 1730 3206 1776 et
3247 1728 3529 1790 propterea
3559 1717 3769 1788 impleri
3808 1730 3978 1785 opor-r

2376 1827 2508 1871 tere.
2537 1814 2654 1871 Non
2678 1816 2819 1871 enim
2842 1815 2958 1870 hmc
2975 1814 3269 1885 legitimum
3297 1812 3499 1867 faciunt
3522 1811 3855 1880 conjugium,
3878 1807 3976 1862 sed

2373 1912 2418 1965 si
2448 1909 2739 1966 secundum
2765 1909 2910 1979 leges
2940 1907 3032 1962 Dei
3063 1921 3184 1961 cum
3213 1905 3460 1962 castitate
3486 1913 3540 1958 et
3567 1903 3852 1957 honestate
3887 1900 3978 1952 fiat

2375 2011 2694 2069 conventus,
2738 2013 2794 2058 et
2821 2001 2865 2055 si
2896 1998 3184 2056 concordia
3227 2011 3420 2067 magna
3463 1995 3776 2050 eohwreant
3817 1992 3852 2045 ii
3885 1990 3974 2062 qui

2376 2093 2721 2150 conveniunt.
2762 2090 3040 2147 Noverunt
3079 2090 3181 2144 hoc
3207 2089 3372 2143 etiam
3424 2097 3663 2141 externa:
3694 2082 3841 2153 leges
3877 2099 3890 2136 :
3922 2090 3974 2137 et

2374 2185 2561 2241 audies
2602 2199 2717 2250 eos,
2763 2185 2853 2253 qui
2908 2183 2994 2238 his
3035 2181 3374 2246 studuerunt,
3420 2177 3625 2242 dicere,
3661 2175 3974 2244 conjugium

2376 2276 2508 2332 nihil
2537 2275 2680 2331 aliud
2718 2275 3048 2331 constituere
3073 2287 3236 2344 quam
3269 2268 3739 2326 consuetudinem.
3769 2264 3848 2320 Ne
3879 2263 3978 2335 igi-

2375 2381 2462 2428 tur
2489 2371 2698 2427 divinas
2726 2370 2872 2441 leges
2909 2383 3031 2424 cum
3063 2365 3313 2421 humanis
3361 2360 3842 2432 transgrediamur,
3877 2371 3978 2412 nec

2377 2463 2727 2536 pra:feramus
2771 2462 3062 2518 diabolicas
3115 2460 3260 2530 leges
3326 2467 3381 2513 et
3430 2454 3788 2525 perniciosam
3838 2453 3978 2508 hanc

2375 2556 2816 2614 consuetudinem
2849 2573 2861 2608 :
2893 2554 3036 2608 illius
3055 2553 3203 2608 enim
3233 2551 3317 2605 lex
3345 2557 3469 2605 sunt
3496 2547 3636 2613 haec,
3659 2547 3750 2618 qui
3779 2543 3978 2616 gaudet

2375 2650 2441 2705 de
2463 2649 2680 2705 interitu
2711 2657 2914 2702 nostro.
2948 2644 3088 2714 Quid
3127 2643 3288 2714 igitur
3315 2636 3416 2696 liae
3437 2637 3832 2696 consuetudine
3861 2652 3976 2692 ma-

2375 2743 2454 2813 gis
2480 2743 2786 2798 ridieulum.
2825 2739 3040 2810 quando
3065 2739 3146 2791 vir
3189 2746 3247 2792 et
3286 2750 3428 2790 uxor
3457 2731 3756 2787 innumeris
3789 2729 3980 2785 convi-

2375 2834 2473 2890 ciis
2494 2846 2548 2890 et
2577 2831 2886 2888 scommatis
2905 2846 2935 2884 a
2962 2828 3134 2885 servis
3157 2826 3461 2894 nulliusque
3485 2823 3639 2894 pretii
3671 2819 3979 2876 hominibus

2377 2929 2736 2991 incessuntur,
2765 2939 2829 2979 ac
2855 2937 3013 2977 nemo
3042 2929 3126 2976 est
3150 2920 3240 2991 qui
3273 2919 3515 2985 increpet
3540 2934 3553 2970 :
3585 2915 3679 2970 sed
3709 2914 3836 2968 licet
3863 2913 3978 2967 cui.

2377 3022 2456 3075 vis
2480 3018 2681 3073 volenti
2712 3016 2776 3070 ad
2811 3029 3090 3086 vesperam
3122 3013 3300 3068 omnia
3336 3011 3504 3081 loqui,
3547 3019 3600 3065 et
3630 3008 3872 3063 convicia
3899 3007 3980 3075 jac

2376 3129 2500 3170 cere
2529 3112 2580 3167 in
2626 3125 2881 3181 sponsum
2909 3118 2965 3164 et
2993 3105 3290 3178 sponsam?
3320 3104 3387 3158 Et
3433 3105 3484 3156 in
3515 3103 3622 3156 alio
3651 3101 3741 3156 die
3784 3100 3828 3154 si
3857 3098 3978 3169 quis

2377 3212 2665 3261 conaretur
2689 3201 2761 3256 ita
2791 3200 2991 3256 salibus
3021 3197 3292 3263 mordere,
3334 3193 3750 3264 periclitaretur,
3778 3189 3846 3245 ad
3885 3190 3981 3244 tri-

2382 3295 2538 3352 bunal
2569 3294 2929 3350 abduceretur
2954 3300 3007 3347 et
3039 3290 3355 3360 puniretur:
3386 3295 3512 3341 tunc
3551 3295 3730 3339 autem
3761 3281 3981 3353 quando

2379 3386 2661 3456 plurimam
2707 3383 2989 3452 oportebat
3027 3395 3148 3436 esse
3188 3379 3567 3442 reverentiam,
3607 3376 3980 3446 majoremque

2380 3479 2716 3534 honestatem
2746 3485 2802 3530 et
2828 3474 3151 3540 castitatem,
3185 3480 3328 3526 tanta
3358 3468 3714 3524 obscmnitate
3744 3467 3980 3537 implen-

2380 3579 2467 3626 tur
2502 3569 2682 3626 omnia
2730 3567 2842 3632 illa,
2900 3577 2956 3621 ut
2990 3564 3267 3635 probabile
3309 3564 3380 3618 sit
3420 3561 3636 3616 diabolo
3676 3558 3817 3614 duce
3865 3557 3984 3612 hzec

2381 3661 2559 3716 omnia
2592 3661 2807 3715 inventa
2833 3673 2974 3713 esse.
3005 3656 3204 3712 Verum
3223 3671 3290 3710 ne
3319 3670 3462 3724 a-gre
3488 3653 3691 3716 feratis,
3717 3665 3818 3706 oro
3839 3668 3851 3704 :
3873 3665 3982 3704 non

2381 3754 2524 3810 enim
2552 3753 2756 3822 absque
2776 3765 2936 3807 causa
2961 3751 3014 3806 in
3040 3749 3179 3804 hunc
3195 3763 3499 3805 sermonem
3523 3746 3748 3817 digressi
3772 3758 3982 3809 sumus,

2384 3843 2480 3900 sed
2527 3857 2709 3899 curam
2743 3841 2950 3897 habens
2995 3849 3188 3896 vestra:
3209 3839 3398 3894 salutis
3426 3846 3480 3893 et
3511 3836 3842 3903 honestatis,
3874 3836 3980 3891 vel-

2385 3937 2489 3992 lem
2515 3936 2769 4006 optimam
2807 3934 2944 3989 hanc
2971 3934 3320 3989 mutationem
3351 3931 3483 3997 ﬁeri,
3535 3946 3736 3998 vosque
3763 3932 3978 4000 optima

2387 4031 2545 4100 hujus
2566 4028 2972 4085 consuetudinis
3001 4042 3122 4082 esse
3147 4027 3333 4081 duces.
3377 4024 3510 4080 Nam
3541 4026 3586 4080 si
3629 4024 3804 4078 solum
3835 4027 3977 4094 prin-

2383 4124 2582 4195 cipium
2608 4132 2662 4179 et
2691 4122 2772 4177 via
2803 4121 2895 4176 flat
2923 4122 3123 4191 Operis,
3159 4120 3415 4190 paulatim
3464 4133 3570 4173 uno
3601 4119 3834 4173 alterum
3866 4118 3976 4173 lan-

2385 4217 2546 4272 dabili
2561 4216 2661 4271 hac
2673 4215 3015 4271 asmulatione
3041 4215 3349 4280 aemulante,
3366 4228 3556 4267 OlllllCS
3571 4213 3880 4268 laudatores
3893 4212 3988 4266 ha-

2384 4309 2577 4365 bebitis
2595 4330 2608 4364 :
2623 4319 2671 4363 et
2688 4325 2792 4364 non
2812 4316 3013 4362 tantum
3029 4307 3119 4378 qui
3137 4305 3406 4362 civitatem
3423 4305 3678 4370 incolunt,
3701 4305 3978 4360 imitabun-

2387 4409 2472 4456 tur
2486 4401 2741 4470 Optimam
2767 4401 2902 4453 hanc
2922 4398 3319 4454 innovationem
3337 4438 3352 4464 ,
3385 4397 3478 4452 sed
3497 4407 3551 4452 et
3567 4413 3663 4454 eos
3681 4397 3771 4466 qni
3803 4397 3989 4466 procul

2388 4492 2624 4548 habitant
2669 4490 3039 4555 conciliabitis,
3092 4498 3146 4544 et
3195 4490 3490 4544 imitatores
3533 4497 3744 4545 vestros
3784 4489 3985 4543 consu-

2387 4585 2548 4639 tuetis
2578 4603 2592 4639 :
2622 4593 2781 4654 atque
2808 4585 3027 4653 insuper
3054 4583 3210 4653 longe
3236 4582 3551 4652 ampliorem
3593 4598 3621 4636 a
3654 4582 3766 4637 Deo
3803 4597 3985 4652 repor-

2387 4681 2567 4735 tabitis
2606 4695 2880 4742 coronam,
2921 4677 3060 4748 quod
3093 4687 3314 4749 propter
3355 4678 3447 4733 Dei
3493 4677 3741 4731 timorem
3787 4688 3843 4731 et
3872 4677 3988 4747 ejus

2389 4771 2695 4827 mandatum
2718 4772 3038 4826 diabolicam
3077 4771 3212 4824 hanc
3233 4769 3615 4838 superaveritis
3642 4768 3986 4824 consuetudi-

2389 4883 2533 4922 nem.
2562 4866 2668 4921 Sed
2697 4868 2838 4936 quod
2861 4866 3166 4936 suscepturi
3197 4867 3316 4920 sitis
3345 4880 3536 4935 magna
3577 4865 3858 4920 alacritate
3888 4865 3984 4922 hoc

2388 4967 2631 5014 nostrum
2673 4959 2980 5022 consilium,
3023 4968 3078 5014 et
3121 4973 3286 5027 opere
3317 4957 3609 5025 impleturi,
3663 4956 3821 5011 valde
3863 4973 3980 5011 con-

2390 5052 2515 5106 fido.
2551 5048 2752 5103 Videtis
2781 5051 2922 5104 enim
2975 5065 3072 5105 vos
3113 5065 3304 5118 magna
3349 5063 3472 5103 cum
3499 5049 3774 5117 voluptate
3805 5048 3988 5104 audire

2388 5160 2449 5200 ea
2475 5161 2594 5216 qua:
2617 5145 2883 5208 dicuntur,
2919 5143 2968 5197 id
2991 5158 3057 5197 ex
3079 5141 3339 5211 applausu
3367 5151 3420 5195 et
3450 5140 3698 5196 laudibus
3719 5141 3984 5210 conjecto,

2389 5251 2484 5291 vos
2511 5237 2671 5291 etiam
2704 5237 2952 5304 operibus
2981 5233 3122 5289 idem
3161 5233 3335 5303 ipsum
3365 5233 3823 5301 Ctlf‘lpl'ubilllll’os
3848 5248 3986 5287 esse.

2393 5329 2681 5398 Propterea
2718 5337 3003 5384 contentus
3027 5327 3205 5389 dictis,
3253 5326 3320 5380 ad
3361 5335 3650 5380 contextus
3679 5325 3879 5380 seriem
3907 5341 3988 5379 rc—

2389 5421 2622 5491 grediar.
2655 5419 2720 5473 Et
2753 5424 2884 5488 facta
2911 5429 3003 5482 est,
3037 5420 3226 5488 inquit,
3257 5433 3487 5486 uespera,
3514 5429 3559 5470 et
3590 5417 3786 5486 accepit
3817 5415 3989 5469 Laban

2393 5511 2535 5565 Liam
2565 5513 2726 5580 ﬁliam
2758 5529 2923 5575 suam,
2951 5523 2998 5566 et
3025 5511 3302 5565 introduxit
3330 5527 3443 5563 eam
3472 5511 3541 5562 ad
3572 5507 3758 5562 Jacob.

2464 5603 2733 5667 Quomodo
2751 5619 2782 5656 a
2805 5600 3016 5657 Labano
3043 5602 3282 5672 deceptus
3309 5602 3460 5672 fuerit
3480 5599 3646 5654 Iacob
3670 5615 3690 5664 ,'
3720 5600 3830 5671 ejus
3865 5601 3994 5654 sim-

2391 5696 2611 5763 plicitas.
2640 5726 2712 5735 —
2735 5695 2810 5750 Nc
2850 5695 3025 5750 obiter
3069 5696 3232 5750 etiam
3274 5693 3378 5748 hoc
3411 5703 3793 5764 prtetereamus
3827 5714 3840 5749 :
3871 5707 3989 5749 nam

2392 5789 2476 5844 hic
2503 5805 2715 5859 quoque
2742 5792 2905 5844 multa
2935 5790 3264 5846 considerari
3299 5800 3522 5860 possunt
3551 5808 3565 5845 :
3595 5790 3827 5860 prinnmt
3867 5788 3996 5843 sim-

2397 5881 2604 5950 plicitas
2635 5879 2818 5948 Jacob,
2868 5891 2914 5936 et
2957 5882 3226 5951 quomodo
3258 5881 3325 5937 ab
3355 5882 3500 5936 omni
3548 5881 3748 5936 malitia
3790 5881 3997 5935 alienus
