4182 6322
235 425 333 481 ιὸτ

233 533 407 605 ἀκοῆς
444 530 844 605 δαψιλεστέραν
881 529 1192 586 ἀνάπτοντα
1229 529 1328 601 τὴν
1371 527 1553 600 πυρὰν
1573 567 1588 592 ,
1622 527 1716 583 καὶ
1740 527 1840 599 τὴν

235 618 471 689 κάμινον
504 615 615 669 τῶν
641 615 828 671 παθῶν
857 612 1302 684 φλογωδεστέραν
1329 610 1698 683 ἐργαζόμενα,
1723 611 1843 674 πῶς

232 701 360 771 οὑχὶ
386 698 719 772 ὑποϐρύχιος
750 700 782 768 ἡ
812 696 906 751 τοῦ
936 697 1059 751 νέου
1084 696 1232 768 ψυχὴ
1269 696 1599 767 γενήσεται;
1636 693 1849 750 Ἐντεῦο

235 781 333 837 θεν
371 783 483 854 γὰρ
531 782 749 836 ἅπαντα
792 779 1039 834 ἀπόλωλε
1079 780 1175 834 καὶ
1215 777 1572 850 διέφθαρται,
1617 777 1726 832 ἀπδ
1752 775 1847 829 τοῦ

233 867 341 936 τὴν
371 862 732 935 σωφροσύνην
761 862 822 928 ἐξ
853 864 1030 934 ἀρχῆς
1055 860 1431 933 διορύττεσθαι
1460 860 1574 914 τῶν
1628 858 1850 930 μελλόν-

234 965 351 1002 των
399 947 652 1018 ἀλλήλοις
711 946 956 1000 συνιέναι
990 963 1004 978 ·
1047 945 1141 1000 καὶ
1195 943 1456 1008 πολλάκις
1511 945 1577 999 ἐκ
1625 942 1851 1014 πρώτης

239 1031 460 1104 ἡμέρας
493 1029 588 1082 καὶ
618 1031 647 1084 ό
675 1030 795 1094 νέος
820 1028 1040 1093 ἐδέξατο
1065 1028 1222 1099 βέλος
1251 1025 1541 1081 σατανικὸν
1568 1029 1627 1081 ἐν
1655 1029 1723 1098 τῇ
1747 1025 1851 1096 ψυο

238 1116 312 1184 κῇ
334 1155 349 1177 ,
383 1112 716 1176 ἀκολάστοις
745 1111 870 1166 ἰδὼν
911 1111 1248 1182 ὀφθαλμοῖς,
1281 1112 1430 1181 καὶὴ
1457 1111 1595 1182 κόρη
1630 1109 1726 1164 καὶ
1760 1107 1852 1163 διά

240 1198 340 1266 τῆς
365 1196 536 1267 ἀκοῆς
570 1196 664 1250 καὶ
689 1196 779 1252 διά
805 1196 906 1266 τῆς
931 1195 1111 1264 ὅψεως
1135 1194 1482 1266 αἰχμάλωτος
1508 1193 1724 1262 γέγονε,
1754 1191 1851 1246 καὶ

236 1278 417 1331 ταῦτα
461 1278 521 1347 ἐξ
571 1279 789 1350 ἐκείνης
827 1279 1017 1333 λοιπὸν
1063 1277 1167 1349 τῆς
1207 1277 1421 1349 ἡμέρας
1456 1276 1525 1332 τά
1558 1275 1850 1348 τραύματα

234 1361 587 1433 αὐξανόμενα
647 1364 832 1434 μεῖζον
895 1361 1188 1435 ἐργάζεται
1242 1360 1306 1415 τὸ
1352 1359 1546 1415 κακόν.
1589 1359 1698 1414 Καὶ
1743 1357 1852 1430 7&9

237 1444 465 1516 πρῶτον
513 1445 610 1516 μὲν
651 1447 753 1516 τὴν
794 1445 930 1517 πρὸς
970 1444 1241 1516 ἀλλήλους
1275 1443 1457 1498 αὑτῶν
1481 1441 1738 1513 ὁμόνοιαν
1770 1441 1853 1495 δι-

233 1526 483 1597 ορύττει,
521 1528 616 1581 καὶ
637 1528 729 1581 τὸν
763 1527 926 1581 πόθον
953 1525 1563 1598 καταμαραίνει.”οταν
1585 1524 1695 1595 γάρ
1716 1524 1852 1595 πρὸς

233 1611 442 1683 ἐτέραν
476 1612 687 1676 ἐκεῖνος
709 1615 922 1683 προσχῇ
953 1614 1019 1684 τῇ
1055 1609 1287 1683 διανοίᾳ,
1311 1604 1416 1665 ὦδε
1436 1611 1664 1664 κάκεῖσε
1696 1626 1854 1682 μερι-

236 1693 474 1764 ζόμενος
518 1694 611 1748 τὸν
653 1694 914 1766 λογισμὸν
936 1733 951 1757 ,
1000 1693 1098 1746 καὶ
1127 1693 1233 1746 ὑπὸ
1260 1691 1357 1746 τοῦ
1392 1690 1644 1745 διαϐόλου
1685 1688 1851 1745 αὑτοῦ

238 1777 754 1848 στρατηγούμενος,
777 1776 980 1846 πολλῆς
1005 1775 1200 1846 ἀηδίας
1225 1775 1508 1847 πληρώσει
1528 1773 1627 1845 τὴν
1654 1774 1852 1828 οἰκίαν.

236 1861 302 1914 Ei
327 1859 387 1914 δέ
419 1859 653 1930 κάκείνη
674 1859 924 1930 εὑρεθείη
946 1857 1188 1913 τοιοῦτόν
1203 1876 1254 1912 τι
1269 1856 1539 1922 παθοῦσα,
1568 1857 1626 1924 ἐξ
1649 1856 1852 1922 αὑτῶν,

235 1941 314 2005 ὡς
340 1944 548 2006 εἰπεῖν,
581 1941 690 1995 τῶν
720 1941 938 2012 βάθρων
962 1941 1178 1996 ἅπαντα
1211 1940 1597 2012 ἀνατρέπεται.
1623 1941 1718 1993 καὶ
1744 1938 1854 1993 λοι-

237 2026 344 2079 πὸν
374 2025 646 2098 ἀλλήλους
673 2023 1030 2097 κρύπτοντες,
1068 2026 1098 2080 6
1129 2025 1230 2094 μέν
1263 2024 1330 2078 δι’
1357 2023 1596 2095 ὑποψίας
1619 2022 1735 2094 ἔχει
1759 2020 1856 2093 τὴν

235 2108 530 2180 γαμετήν,
571 2111 604 2180 ή
639 2109 696 2162 δέ
735 2108 827 2162 τὸν
867 2108 1057 2181 ἀνδρα.
1097 2109 1209 2162 Καὶ
1242 2107 1371 2162 ἔνθα
1402 2109 1570 2180 ἐχρῆν
1601 2107 1855 2178 ὁμόνοιαν

237 2189 387 2245 εἷναι
422 2193 522 2245 καὶ
555 2190 871 2262 σύνδεσμον,
895 2191 989 2244 καὶ
1014 2191 1062 2245 οί
1087 2191 1396 2261 ὀφείλοντες
1427 2191 1565 2263 σὰρξ
1586 2185 1726 2244 εἶναι
1759 2189 1858 2260 μία

238 2272 568 2339 (”Εσονεαι
609 2273 740 2343 γὰρ,
785 2275 975 2343 φησὶν,
1024 2276 1080 2328 οι
1128 2274 1242 2328 δύο
1291 2276 1380 2340 εις
1426 2275 1628 2342 σάρκα
1660 2273 1855 2345 μίαν),

239 2349 394 2409 οὗτοι
621 2357 681 2409 ἐν
712 2355 951 2428 τοσαύτη
987 2355 1250 2428 διαιρέσει
1279 2355 1667 2426 τυγχάνουσιν,
1693 2356 1769 2419 ὡς
1810 2355 1858 2409 εί

240 2441 340 2495 καὶ
371 2441 864 2512 κατατετμημένοι
887 2435 1047 2511 ἦσαν.
1093 2440 1458 2494 Ἐπεισελθὼν
1481 2441 1590 2512 7&9
1618 2441 1646 2493 6
1669 2439 1857 2494 διάϐο-

238 2524 334 2588 λος
373 2523 656 2594 τοσαύτην
706 2524 765 2576 ἐν
810 2525 996 2587 αὑτοῖς
1043 2523 1340 2597 ἐργάζεται
1386 2523 1486 2595 τήν
1533 2522 1733 2595 λύμην,
1781 2523 1858 2588 ὡς

239 2606 526 2678 πολέμους
555 2607 652 2660 καὶ
687 2608 867 2677 μάχας
896 2605 1274 2679 καθημερινὰς
1296 2606 1598 2669 τίκτεσθαι,
1629 2608 1724 2660 καὶ
1755 2625 1859 2678 μη·

237 2690 438 2743 δέποτε
477 2690 802 2744 ἀνάπαυλαν
833 2689 980 2761 ἔχειν
1006 2691 1115 2744 τῶν
1158 2690 1365 2744 κακῶν.
1401 2691 1466 2743 Τί
1514 2691 1625 2760 γάρ
1661 2690 1727 2744 ἀν
1774 2707 1860 2754 τις

240 2777 389 2830 είποι
445 2776 633 2830 λοιπὸν
669 2775 778 2830 τῶν
827 2777 1056 2831 οίκετῶν
1103 2775 1204 2842 τὰς
1253 2779 1710 2850 καταφρονήσεις,
1750 2777 1860 2830 τῶν

241 2859 482 2929 πλησίον
516 2859 812 2913 οἰκούντων
854 2861 947 2913 τὸν
998 2859 1235 2928 γέλωτα,
1289 2860 1390 2924 τὰς
1436 2861 1858 2932 ἀσχημοσύναςς

244 2940 523 3013 Καθάπερ
557 2944 669 3015 γάρ
695 2943 805 2997 τῶν
839 2944 1190 3016 κυϐερνητῶν
1227 2944 1651 3009 στασιαζόντων,
1680 2944 1772 2998 καὶ
1810 2945 1861 2998 οἱ

240 3026 584 3092 ἐμπλέοντες
608 3026 717 3079 τῶν
759 3026 1019 3081 κινδύνων
1051 3027 1517 3094 συναπολαύουσι,
1549 3029 1644 3080 καὶ
1665 3027 1862 3081 αὔταν-

241 3110 371 3181 δρον
400 3111 622 3179 ἀνάγκη
650 3110 751 3182 τὴν
779 3108 915 3163 ναῦν
949 3109 1477 3180 καταποντισθῆναι·
1507 3111 1651 3163 οῦτω
1669 3112 1734 3182 δὴ
1765 3113 1861 3166 καὶ

244 3192 510 3255 ἐνταῦθα,
548 3191 642 3246 τοῦ
674 3193 869 3264 ἀνδρὸς
898 3194 990 3246 καὶ
1024 3194 1123 3264 τῆς
1153 3193 1412 3261 γυναικὸς
1440 3194 1577 3265 πρὸς
1601 3195 1862 3264 ἀλλήλους

241 3273 781 3338 διαστασιαζόντων,
816 3275 912 3328 καὶ
951 3276 1079 3340 τοὺς
1112 3275 1306 3338 ἄλλους
1339 3275 1587 3340 ἅπαντας
1627 3295 1864 3332 συναποο

243 3359 436 3413 λαύειν
461 3357 575 3411 τῶν
606 3358 794 3411 κακῶν
827 3358 996 3421 εἰκός.
1019 3358 1116 3411 Διὰ
1148 3359 1309 3411 τοῦτο
1335 3360 1658 3430 παρακαλῶ,
1685 3361 1865 3416 ταῦτα

247 3444 470 3496 ’ἅπαντα
491 3440 934 3510 προορωμένους,
961 3439 1035 3511 μὴ
1051 3444 1118 3511 τῇ
1136 3441 1395 3513 συνηθείᾳ
1420 3443 1861 3498 κατακολουθεῖν.

246 3521 380 3580 οἶδα
399 3525 515 3595 7&9
539 3524 621 3577 ὅτι
647 3522 832 3576 πολλοὶ
857 3523 1062 3595 ταύτην
1092 3525 1226 3594 ἡμῖν
1259 3525 1691 3596 προϐαλλόμενοι
1739 3527 1864 3580 οὑδὲ

246 3607 539 3679 ἀνέχονται
582 3605 694 3659 τῶν
749 3608 879 3678 παρ’
926 3607 1086 3678 ἡμῶν
1125 3607 1438 3678 λεγομένων
1474 3624 1488 3638 ⁸
1542 3609 1657 3662 ἀλλ’
1713 3610 1865 3680 ὅμως

246 3693 401 3762 ἡμᾶς
450 3689 670 3758 ἀνάγκη
726 3688 796 3743 τὰ
846 3688 1098 3762 λυσιτελῆ
1149 3690 1242 3743 καὶ
1299 3690 1370 3743 τά
1413 3693 1513 3762 τῆς
1566 3692 1866 3763 μελλούσης

249 3779 531 3841 κολάσεως
573 3775 952 3848 ἐξαρπάζοντα
996 3775 1193 3844 λέγειν.
1224 3777 1402 3832 Ὅπου
1427 3778 1537 3850 γάρ
1569 3779 1715 3852 λύμη
1741 3798 1869 3834 τοσ-

250 3862 394 3932 αύτη
437 3859 641 3930 ψυχῆς,
667 3859 811 3922 τίνος
847 3860 1033 3914 ἕνεκέν
1054 3877 1144 3931 μοι
1174 3861 1461 3932 συνήθειαν
1512 3862 1692 3933 βούλει
1731 3881 1868 3936 προ·

249 3943 595 4009 6ἀλλεσθαι;
655 3942 788 3996 Ἰδοὺ
831 3942 988 4011 κάγὼ
1037 3943 1325 4014 συνήθειάν
1372 3961 1455 3997 σοι
1491 3945 1867 4018 προϐάλλομαι

251 4028 508 4100 βελτίονα
531 4065 546 4090 ,
643 4026 693 4078 οἱ
717 4023 779 4090 ἐξ
805 4025 980 4097 ἀρχῆς
1011 4025 1310 4097 ἐκέχρηντο
1330 4067 1343 4091 ,
1372 4027 1462 4080 ὅτε
1497 4028 1710 4082 οὐδέπω
1740 4046 1866 4082 τοσ-

252 4114 394 4182 αύτη
447 4110 653 4180 γνῶσις
703 4105 771 4180 ἦν
815 4111 914 4180 τῆς
967 4110 1272 4175 εὐσεϐείας.
1328 4112 1439 4164 Καὶ
1507 4113 1582 4183 μή
1634 4131 1724 4182 μοι
1775 4114 1868 4167 τὸν

253 4197 470 4251 δίκαιον
491 4193 723 4249 ἐνταῦθα
756 4193 974 4263 λογίζου
998 4234 1012 4259 ,
1046 4194 1140 4247 τὸν
1179 4193 1375 4248 Ἰακὼϐ
1407 4193 1554 4264 λέγω
1573 4239 1588 4263 ,
1615 4195 1754 4250 ἀλλά
1777 4198 1869 4251 τὸν

254 4279 448 4337 Δάϐαν
481 4279 677 4341 ἐννόει,
710 4276 882 4348 ἀνδρα
909 4275 990 4330 ἔτι
1025 4280 1140 4342 τοῖς
1166 4277 1405 4342 εἰδώλοις
1432 4280 1866 4351 προσανέχοντα,

256 4363 354 4416 καὶ
391 4360 656 4431 οὐδεμίαν
687 4360 886 4429 γνῶσιν
916 4359 1111 4430 ἔχοντα
1150 4362 1250 4430 τῆς
1285 4361 1591 4426 εὐσεϐείας,
1623 4365 1716 4416 καὶ
1743 4381 1870 4417 τοσ-

261 4445 437 4515 αύτην
487 4441 805 4513 φιλοσοφίαν
839 4442 1306 4513 ἐπιδεικνύμενον.
1359 4444 1532 4499 Τοῦτο
1560 4445 1670 4518 7&9
1687 4447 1752 4500 ού
1775 4446 1868 4501 τοῦ

264 4526 554 4599 μέλλοντος
572 4520 641 4597 ἦν
664 4525 893 4592 ἄγεσθαι
924 4526 1024 4594 τὴν
1055 4525 1226 4597 κόρην
1248 4525 1310 4579 τὸ
1333 4528 1692 4599 κατόρθωμα,
1733 4529 1870 4585 ἀλλά

260 4610 356 4664 τοῦ
391 4608 605 4681 πατρὸς
645 4607 740 4660 τοῦ
774 4609 874 4678 τὴν
913 4608 1083 4678 κόρην
1103 4608 1423 4674 ἐκδιδόντος.
1461 4611 1538 4664 Δι’
1567 4611 1595 4664 ὃ
1621 4613 1715 4665 καὶ
1744 4614 1870 4667 τοῦ-

262 4711 357 4748 τον
403 4692 637 4761 ἐκίνησα
660 4690 751 4744 τὸν
779 4690 957 4758 λόγον,
988 4693 1110 4762 οὑχ).
1140 4692 1278 4762 πρὸς
1304 4695 1429 4756 τοὺς
1458 4694 1726 4764 νυμφίους
1747 4712 1872 4749 τοσ-

259 4774 424 4832 οῦτον
460 4775 908 4845 ἀποτεινόμενος,
950 4777 1075 4828 ὅσον
1119 4775 1257 4846 πρὸς
1296 4778 1421 4839 τοὺς
1452 4779 1871 4848 γεγεννηκότας,

265 4861 408 4933 προς
457 4859 550 4912 τὸν
603 4860 817 4930 πατέρα
866 4858 961 4913 τοῦ
1003 4859 1261 4928 νυμφίου,
1318 4859 1412 4913 καὶ
1465 4860 1603 4930 πρὸς
1647 4862 1738 4915 τὸν
1773 4863 1872 4934 τὴν

266 4944 440 5013 κόρην
491 4941 769 4994 ἐκδιδόντα
822 4940 988 5010 φημί.
1047 4941 1173 5005 Πῶς
1201 4942 1310 5012 γὰρ
1347 4942 1447 4995 οὐκ
1486 4942 1686 4999 ἄτοπον
1725 4946 1872 5016 ἡμᾶς

265 5027 397 5090 τοῦς
427 5024 697 5093 τοσαύτης
725 5024 1140 5086 ἀπολαύσαντας
1169 5023 1578 5096 φιλανθρωπίας
1601 5067 1616 5090 ,
1641 5027 1736 5080 καὶ
1763 5029 1873 5082 τῶν

266 5106 518 5181 φρικτῶν
574 5107 670 5161 καὶ
721 5107 1050 5178 ἀπορρήτων
1109 5107 1430 5178 μυστηρίων
1493 5107 1824 5174 ἀξιωθέντας
1857 5156 1870 5177 ,

265 5191 534 5253 ἐλάττους
582 5189 725 5242 κατά
765 5189 927 5242 τοῦτο
972 5187 1218 5254 γίνεσθαι
1261 5188 1356 5242 τοῦ
1393 5189 1611 5254 Λάϐαν,
1655 5191 1748 5245 τοῦ
1795 5193 1874 5247 ἐτι

268 5273 472 5327 εἴδωλα
502 5271 929 5343 θεραπεύοντοςς
968 5272 1040 5324 Ἢ
1068 5271 1168 5325 οὑκ
1197 5271 1415 5335 ἀκούεις
1445 5273 1657 5327 Παύλου
1689 5274 1874 5344 λέγον-

267 5371 384 5419 τος,
410 5355 493 5408 ὅτι
523 5353 821 5424 μυστήριόν
855 5356 1000 5407 ἐστιν
1032 5354 1062 5406 6
1095 5355 1293 5424 γάμος,
1328 5356 1422 5408 καὶ
1450 5355 1613 5409 εἰκών
1638 5357 1753 5410 ἔστι
1777 5359 1876 5428 τῆς

270 5437 500 5507 ἀγάπης
522 5435 616 5490 τοῦ
645 5437 920 5505 Χριστοῦ,
968 5436 1038 5508 ἢν
1068 5438 1196 5508 περὶ
1240 5438 1340 5509 τήν
1405 5439 1730 5510 Ἐκκλησίαν
1775 5443 1876 5494 ἐπ-

268 5518 548 5584 εδείξατο;
575 5519 666 5590 Μὴ
700 5519 877 5572 τοίνυν
914 5520 1367 5591 καταισχύνωμεν
1401 5522 1648 5588 ἐαυτοὺς,
1680 5523 1775 5577 καὶ
1809 5523 1877 5577 τά

271 5601 454 5672 σεμνά
492 5599 586 5653 τοῦ
625 5603 806 5672 γάμου
844 5601 1269 5675 διαφθείρωμεν.
1334 5605 1398 5656 El
1441 5604 1540 5675 μὲν
1572 5606 1680 5676 7&9
1713 5605 1876 5660 καλόν

272 5683 395 5738 ἐστι
419 5684 481 5736 τὸ
507 5683 606 5751 τῆς
642 5684 955 5755 συμϐουλῆς
983 5685 1077 5739 καὶ
1104 5686 1385 5756 ἐπωφελές
1409 5726 1424 5749 ,
1467 5687 1571 5740 κᾶν
1624 5690 1698 5758 μὴ
1750 5707 1877 5743 συν-

273 5764 518 5840 ήθειαῇ,
547 5767 782 5836 γινέσθω
817 5783 831 5797 ⁶
873 5771 921 5821 εί
966 5769 1023 5821 δὲ
1059 5768 1262 5839 βλάϐην
1301 5769 1424 5840 ἔχον
1467 5771 1560 5823 καὶ
1595 5771 1762 5826 πολὺν
1786 5773 1878 5827 τὸν

275 5849 502 5921 ὄλεθρον
550 5849 611 5902 τὸ
659 5848 754 5902 νῦν
792 5851 923 5920 παρ’
948 5851 1103 5920 ὑμῶν
1133 5851 1548 5923 ἐπιτελούμενον
1571 5896 1583 5918 ,
1624 5853 1725 5906 κᾶν
1754 5872 1876 5908 συνο

283 5934 438 6004 ήθεια
467 5930 524 6007 ᾗ,
551 5933 920 6000 ἐγκοπτὲσθω.
941 5935 1091 5987 Ἐπεὶ
1123 5937 1171 5988 εἰ
1200 5935 1357 5989 τοῦ-ο
1395 5940 1873 6009 συγχωρήσαιμεν,

284 6017 374 6071 καὶ
419 6020 446 6070 ό
497 6016 762 6082 κλέπτων,
807 6019 896 6072 καὶ
939 6021 964 6071 ὁ
1003 6019 1294 6092 πορνεύων,
1354 6021 1442 6074 καὶ
1484 6025 1509 6075 ο
1569 6024 1662 6092 τὴν
1712 6023 1874 6095 ἀλλην

1283 417 1351 475 IN
1384 417 1541 475 CAP.
1580 418 1751 476 XXIX
1792 415 2044 474 GENES.
2089 416 2322 476 IIOMIL.
2363 416 2478 474 LVI

3442 412 3547 469 688

1955 530 2176 585 ἃπασαν
2216 527 2416 583 κακίαν
2454 525 2896 599 ἐπιδεικνύμενος
2916 564 2932 591 ,
2964 522 3064 596 τὴν
3094 519 3383 596 συνήθειαν
3418 525 3556 596 mm

1905 612 2302 685 ”⁴προϐαλεῖται
2321 628 2338 645 ·
2383 612 2501 667 ἀλλ’
2554 611 2710 666 ούδέν
2754 609 2864 665 ἀπδ
2907 607 3100 664 τούτου
3153 604 3356 677 κέρδος.
3402 605 3556 678 αὑτῷ

1947 697 2121 761 ἔσται,
2151 697 2274 752 οὐδὲ
2309 695 2634 769 συγγνώμη,
2658 693 2798 751 ἀλλά
2822 694 2920 750 καὶ
2961 691 3131 763 πολλὴ
3160 692 3194 762 ή
3222 689 3555 764 κατηγορία,

1948 781 2030 836 ὅτι
2059 781 2160 835 οὐκ
2193 780 2384 852 ἴσχυσε
2408 779 2700 851 συνηθείας
2730 775 3116 850 περιγενέσθαι
3147 774 3412 846 πονηρᾶς.

2021 863 2088 935 β’.
2127 863 2256 918 Ἐἀν
2293 864 2403 937 7&9
2444 861 2767 935 βουλώμεθα
2799 861 3029 931 νήφειν,
3077 858 3175 912 καὶ
3218 855 3423 927 πολλὴν
3457 854 3562 927 τῆς

1949 946 2161 1002 ἐαυτῶν
2195 948 2471 1019 σωτηρίας
2493 945 2763 1001 ποιεῖσθαι
2791 944 2891 1016 τὴν
2915 939 3197 1016 φροντίδα,
3217 937 3562 1011 δυνησόμεθα

1950 1034 2045 1086 καὶ
2090 1032 2189 1103 τῆς
2244 1032 2423 1103 κακῆς
2467 1029 2758 1102 συνηθείας
2779 1026 3085 1097 ἀποστῆναι
3104 1065 3120 1088 ,
3150 1023 3248 1078 καὶ
3273 1025 3355 1086 είς
3390 1020 3563 1090 καλὴν

1952 1114 2242 1186 συνήθειαν
2280 1115 2510 1178 ἐαυτοὺς
2542 1114 2771 1183 ἀγαγεῖν
2798 1128 2814 1144 ·
2873 1111 2968 1164 καὶ
2998 1109 3142 1163 οὑτω
3171 1107 3266 1162 καὶ
3298 1109 3411 1171 τοῖς
3439 1103 3562 1186 μεθ’

1952 1185 2102 1268 ήμάς
2152 1197 2214 1252 οὑ
2275 1197 2477 1268 μικράν
2531 1195 2845 1268 παρέξομεν
2883 1192 3143 1264 ἀφορμὴν
3180 1188 3276 1244 τοῦ
3314 1187 3384 1242 τά
3422 1185 3562 1241 αύτά

1953 1279 2182 1350 ζηλοῦν,
2236 1279 2331 1334 καὶ
2367 1278 2478 1333 τῶν
2519 1279 2613 1332 ὑπ’
2645 1277 2873 1332 ἐκείνων
2904 1273 3361 1346 κατορθουμένων
3398 1272 3564 1341 ἡμεῖς

1953 1361 2244 1434 ληψόμεθα
2277 1361 2370 1415 τὸν
2420 1361 2633 1432 μισθόν.
2677 1362 2737 1414 '0
2764 1361 2873 1431 7&9
2901 1357 3002 1430 τὴν
3039 1356 3216 1430 ἀρχὴν
3260 1350 3564 1426 παρασχὼν

1952 1445 2055 1514 τῆς
2083 1446 2258 1517 καλῆς
2293 1444 2435 1511 ὀδοῦ,
2471 1437 2627 1510 οὗτος
2659 1444 2889 1499 καὶτῶν
2913 1442 3005 1512 ὑφ’
3038 1441 3240 1512 ἐτέρων
3261 1437 3565 1509 γινομένων

1955 1527 2106 1601 [541]
2131 1531 2303 1592 αίτιος
2329 1528 2505 1591 ἔσται,
2538 1529 2635 1582 καὶ
2661 1525 2890 1581 διπλοῦν
2916 1527 3197 1596 κομιεῖται
3223 1522 3316 1575 τὸν
3347 1519 3562 1591 μισθὸν,

1954 1613 2096 1684 ὑπὲρ
2117 1605 2194 1665 ὧν
2214 1629 2271 1666 τε
2295 1611 2460 1676 αὑτὸς
2482 1611 2758 1683 κατορθοῖ,
2781 1609 2924 1682 ὑπὲρ
2950 1603 3025 1663 ῶν
3045 1624 3104 1660 τε
3132 1603 3564 1676 ἐτέῳυςέπάγει
3652 1641 3658 1648 .

1954 1696 2034 1759 εἰς
2054 1695 2154 1766 τὴν
2180 1696 2412 1766 ἀρίστην
2441 1693 2647 1764 ταύτην
2684 1693 3024 1763 φιλοσοφίαν.
3051 1691 3141 1762 Μή
3169 1706 3261 1760 μοι
3284 1688 3353 1741 τά
3378 1686 3565 1760 ψυχρά

1955 1779 2138 1832 ἐκεῖνα
2188 1780 2408 1849 ῥήματα
2453 1779 2549 1832 καὶ
2594 1776 2834 1846 γέλωτος
2872 1775 3114 1846 γέμοντα
3155 1770 3563 1843 προϐάλλεσθε,

1954 1860 2205 1930 λέγοντες
2237 1861 2446 1932 νόμιμά
2467 1878 2590 1914 τινα
2608 1855 2750 1914 εἶναι
2777 1858 2973 1918 ταῦτα.
3009 1857 3104 1910 καί
3128 1854 3218 1910 διά
3243 1854 3405 1908 τοῦτο
3423 1853 3565 1924 πληο

1958 1943 2185 2016 ροῦσθαι
2214 1947 2341 2016 χρή.
2364 1944 2439 1997 Οὑ
2461 1943 2637 1998 ταῦτα
2652 1943 2761 2014 γὰρ
2783 1941 3017 2013 νόμιμον
3041 1941 3189 1993 ποιεῖ
3203 1936 3566 1999 συνοικέσιον,

1957 2025 2094 2081 ἀλλά
2140 2026 2200 2079 τὸ
2253 2026 2396 2081 κατά
2441 2027 2570 2092 τοὺς
2613 2025 2708 2080 τοῦ
2747 2025 2884 2080 Θεοῦ
2924 2023 3124 2095 νόμους
3163 2019 3303 2093 μετὰ
3349 2036 3568 2090 σωφρο-

1960 2109 2127 2181 σύνης
2161 2109 2256 2164 καὶ
2299 2109 2631 2182 σεμνότητος
2665 2110 2765 2182 τὴν
2793 2107 3110 2162 συνέλευσιν
3143 2104 3428 2175 γίνεσθαι,
3472 2103 3568 2157 καὶ

1958 2198 2024 2266 τῇ
2054 2194 2277 2266 ὁμονοίᾳ
2310 2193 2731 2266 συμπεπλέχθαι
2785 2191 2915 2257 τοὺς
2959 2189 3213 2262 ἀλλήλοις
3261 2186 3566 2250 συνιόντας.

1958 2277 2130 2331 Τοῦτο
2172 2276 2270 2330 καὶ
2310 2277 2360 2331 οί
2415 2276 2617 2343 ἔξωθεν
2664 2276 2816 2331 ῐσασι
2849 2275 3044 2346 νόμοι,
3092 2273 3187 2326 καὶ
3217 2270 3426 2343 ἀκούσῃ
3460 2268 3570 2324 τῶν

1958 2361 2089 2432 περὶ
2133 2359 2310 2414 ταῦτα
2354 2359 2732 2432 ἐσχολακότων
2776 2358 3047 2427 λεγόντων
3071 2397 3085 2422 ,
3119 2357 3202 2409 ὅτι
3235 2352 3570 2409 συνοικέσιον

1958 2443 2111 2497 οὐδὲν
2156 2443 2344 2515 ἕτερον
2385 2443 2704 2514 συνίστησιν
2754 2441 2788 2514 ἦ
2842 2440 3122 2512 συνήθεια.
3153 2437 3246 2510 Μὴ
3265 2437 3445 2492 τοίνυν
3476 2436 3569 2490 καὶ

1958 2527 2086 2589 τοὺς
2131 2525 2226 2579 τοῦ
2270 2526 2405 2579 Θεοῦ
2448 2526 2649 2596 νόμους
2679 2523 3020 2598 παραϐῶμεν
3057 2521 3196 2594 μετά
3223 2523 3334 2576 τῶν
3361 2520 3571 2594 ἀνθρωο

1961 2609 2150 2670 πίνων,
2193 2611 2288 2663 καὶ
2320 2609 2680 2682 προτιμῶμεν
2708 2609 2839 2671 τοὺς
2870 2605 3214 2670 διαϐολικοὺς
3246 2605 3445 2676 νόμους
3475 2603 3572 2657 καὶ

1959 2693 2059 2765 τὴν
2109 2691 2358 2764 όλεθρίαν
2408 2693 2614 2764 ταύτην
2659 2691 2953 2763 συνήθειαν
2981 2710 2992 2723 ·
3030 2690 3243 2744 ἐκείνου
3293 2688 3404 2760 γάρ
3454 2689 3572 2742 ἐστι

1960 2777 2124 2846 νόμος
2152 2776 2348 2841 ταῦτα,
2384 2775 2478 2830 τοῦ
2509 2778 2794 2849 χαίροντος
2828 2776 2916 2829 ἀεὶ⁵
2953 2778 3019 2846 τῇ
3061 2772 3312 2843 ἀπωλείᾳ
3339 2774 3405 2842 τῇ
3437 2771 3574 2841 ἡμε-

1960 2859 2116 2930 τέρα.
2176 2859 2242 2912 Τί
2273 2855 2366 2913 οὖν
2393 2858 2460 2913 ἂν
2491 2859 2704 2929 γένοιτο
2736 2858 3273 2929 καταγελαστότερον
3307 2855 3406 2925 τῆς
3441 2871 3574 2907 συν-

1961 2944 2151 3015 ηθείας
2178 2943 2384 3016 ταύτης
2404 2984 2419 3006 ,
2455 2945 2581 2998 ὅταν
2613 2943 2720 2997 ὑπὸ
2757 2944 2986 2996 οἰκετῶν
3008 2942 3105 2996 καὶ
3129 2936 3572 3013 τριωϐολιμαίων

1963 3027 2269 3098 ἀνθρώπων
2301 3027 2615 3097 σκώμματα
2644 3026 2738 3079 καὶ
2763 3025 3032 3098 λοιδορίας
3067 3023 3336 3096 ἀπείρους
3370 3022 3572 3092 δέχων-

1964 3127 2055 3163 ται
2092 3112 2186 3163 καὶ
2211 3113 2239 3164 6
2272 3109 2411 3182 ἀνὴρ
2442 3112 2535 3163 καὶ
2558 3111 2591 3179 ἡ
2620 3108 2794 3179 γυνὴ,
2821 3110 2916 3162 καὶ
2945 3109 3122 3172 οὐδεὶς
3223 3109 3252 3160 6
3274 3104 3571 3176 ἐπιτιμῶν,

1963 3192 2077 3246 ἀλλ’
2119 3193 2296 3258 ἔξεστι
2335 3192 2416 3262 τῷ
2454 3192 2763 3263 βουλομένῳ
2819 3191 2990 3255 ἀδεῶς
3036 3189 3182 3244 κατὰ
3205 3189 3304 3259 τὴν
3332 3186 3574 3259 ἑσπέραν

1965 3276 2184 3330 ἅπαντα
2230 3275 2584 3346 φθέγγεσθαι,
2618 3277 2710 3328 καὶ
2747 3273 2962 3345 βάλλειν
2996 3276 3110 3336 τοῖς
3144 3270 3448 3341 σκώμμασι
3477 3268 3574 3324 καὶ,

1964 3361 2057 3414 τὸν
2107 3359 2342 3429 νυμφίον
2403 3358 2498 3412 καὶ¹
2554 3360 2655 3428 τὴν
2711 3357 2963 3428 νύμφην;
3020 3357 3131 3410 Καὶ
3172 3357 3230 3408 ἐν
3270 3354 3437 3425 ἑτέρᾳ
3472 3353 3576 3424 μέν

1966 3447 2151 3516 ἡμέρα
2184 3444 2279 3497 ἐάν
2312 3460 2396 3506 τις
2410 3443 2746 3514 ,ἐπιχειρήσῃ
2773 3439 3220 3512 λοιδορήσασθαι,
3245 3437 3575 3509 δικαστήρια

1967 3529 2138 3599 αὑτῷ,
2198 3528 2290 3580 καὶ
2340 3527 2658 3595 ἀπαγωγαὶ,
2713 3526 2810 3579 καὶ
2863 3524 3146 3577 κίνδυνοι·
3195 3522 3319 3575 τότε
3368 3521 3449 3586 δέ,
3483 3521 3575 3576 ὅτε

1970 3612 2206 3685 μάλιστα
2244 3609 2446 3683 πολλὴν
2489 3609 2655 3681 ἐχρῆν
2701 3603 2841 3661 εἶναι
2887 3607 2988 3678 τὴν
3024 3605 3179 3672 αἱδὼ,
3227 3605 3429 3677 πολλὴν
3475 3603 3576 3678 τὴν

1966 3695 2303 3765 κοσμιότητα
2323 3734 2337 3756 ,
2388 3691 2591 3762 πολλὴν
2628 3691 2729 3762 τὴν
2761 3691 2985 3752 ἁγνείαν
3004 3730 3020 3755 ,
3055 3688 3329 3759 τοσαύτης
3358 3688 3577 3744 ἅπαντα

1969 3777 2304 3849 πληροῦνται
2335 3775 2432 3846 τῆς
2461 3773 2854 3846 ἀσχημοσύνης
2919 3773 2996 3837 ὡς
3036 3773 3186 3837 εἰκὸς
3211 3773 3302 3827 τὸν
3331 3771 3576 3827 διάϐολον

1970 3859 2383 3933 στρατηγοῦντα
2440 3857 2614 3911 ταῦτα
2669 3858 2888 3911 ἅπαντα
2939 3855 3368 3909 ἐπιδείκνυσθαι.
3414 3853 3575 3910 Ἀλλά

1973 3948 2047 4018 μὴ
2095 3943 2499 4014 δυσχεραίνετε,
2549 3940 2855 4012 παρακαλῶ
2890 3958 2904 3972 ο
2945 3941 3067 3993 ούδέ
3112 3939 3222 4011 γὰρ
3261 3938 3450 4002 ἁπλῶς
3496 3937 3578 4005 είς

1968 4029 2156 4083 τοῦτον
2205 4025 2399 4097 ἐξέϐην
2442 4026 2532 4079 τόν
2575 4026 2756 4094 λόγον,
2798 4023 2936 4079 ἀλλά
2969 4024 3268 4095 κηδόμενος
3292 4023 3447 4094 ὑμῶν
3481 4025 3576 4080 καὶ

1969 4113 2068 4183 τῆς
2111 4110 2384 4182 σωτηρίας
2436 4111 2530 4162 καὶ
2574 4109 2672 4180 τῆς
2727 4107 3047 4178 εὐκοσμίας,
3101 4107 3196 4160 καὶ
3253 4105 3578 4176 βουλόμενος

1971 4196 2116 4267 ὑμᾶς
2153 4195 2253 4264 τὴν
2298 4193 2529 4264 ἀρίστην
2565 4192 2772 4262 ταύτην
2815 4190 3117 4262 μεταϐολὴν
3159 4188 3531 4254 ἐπιδείξασθαι
3557 4226 3574 4254 ,

1971 4280 2066 4334 καὶ
2097 4278 2199 4347 τῆς
2232 4277 2407 4347 καλῆς
2440 4275 2645 4344 ταύτης
2675 4274 2960 4345 συνηθείας
2995 4273 3274 4345 ἀρχηγονς
3300 4271 3578 4343 καταπῆ.

1970 4379 2076 4415 ναι.
2115 4361 2240 4414 Ἐὰν
2270 4361 2377 4430 7&9
2405 4358 2566 4429 μόνον
2599 4356 2746 4429 ἀρχὴ
2789 4357 2886 4409 καὶ
2916 4356 3038 4419 ὁδὸς
3061 4355 3289 4424 γένηται
3319 4355 3414 4408 τοῦ
3438 4355 3578 4426 πράο

1970 4461 2204 4516 γματος,
2239 4445 2382 4496 κατά
2418 4440 2612 4513 μικρὸν
2643 4436 2723 4504 εἷς
2751 4438 2842 4492 τὸν
2867 4439 2964 4492 ἕνα
2987 4437 3278 4509 ζηλοῦντες
3301 4437 3392 4491 τὸν
3412 4436 3577 4492 καλὸν

1971 4527 2161 4581 τοῦτον
2198 4526 2292 4580 καὶ
2321 4524 2606 4578 ἐπαινετὸν
2635 4523 2820 4593 ζῆλον,
2849 4523 3058 4586 πάντας
3082 4521 3370 4585 ἐπαινέτας
3400 4522 3575 4588 ἕξετε,

1973 4610 2071 4664 καὶ
2092 4609 2151 4663 οὑ
2196 4608 2356 4678 μόνον
2391 4611 2440 4661 οἱ
2480 4607 2582 4676 τὴν
2613 4606 2769 4658 πόλιν
2798 4605 3077 4668 οἰκοῦντες
3104 4606 3438 4676 μιμήσονται
3477 4604 3578 4678 τὴν

1974 4692 2271 4761 καλλίστην
2307 4689 2514 4761 ταύτην
2543 4688 2847 4760 μεταϐολὴν
2871 4727 2887 4753 ,
2915 4687 3054 4742 ἀλλά
3083 4689 3175 4741 καὶ
3206 4688 3327 4751 τοὺς
3357 4688 3578 4760 πόρρω-

1974 4775 2065 4829 θεν
2098 4774 2380 4838 οἰκοῦντας
2405 4770 2807 4838 ἐπισπάσεσθε,
2852 4772 2947 4826 καὶ
2989 4771 3238 4842 ζηλωτάς
3277 4772 3580 4842 ὑμετέρους

1974 4858 2378 4927 καταστήσετε,
2425 4856 2519 4910 καὶ
2554 4855 2956 4910 πολυπλασίονα
2996 4855 3089 4908 τὸν
3124 4855 3278 4926 παρά
3307 4854 3400 4908 τοῦ
3439 4853 3577 4908 Θεοῦ

1975 4942 2256 5013 κομιεῖσθε
2293 4940 2556 5007 στέφανον
2577 4982 2590 5004 ,
2619 4939 2702 4992 ὅτι
2731 4939 2820 4992 διὰ
2855 4939 2946 4992 τὸν
2982 4939 3078 4992 τοῦ
3121 4937 3257 4992 Θεοῦ
3292 4938 3456 5006 φόϐον
3481 4937 3578 4990 καὶ⁵

1975 5025 2073 5096 τὴν
2103 5025 2233 5095 παρ’
2267 5021 2433 5075 αὑτοῦ
2468 5022 2708 5092 ἐντολὴν,
2738 5022 2838 5091 τῆς
2865 5023 3162 5092 σατανικῆς
3193 5021 3397 5090 ταύτης
3423 5037 3580 5091 περι-

1975 5108 2238 5178 γεγόνατε
2291 5105 2600 5176 συνηθείας.
2672 5105 2812 5158 Ἀλλ’
2865 5107 2947 5160 ὅτι
3002 5106 3100 5175 μὲν
3161 5104 3379 5170 δέξεσθε
3439 5104 3582 5174 μετά

1978 5191 2287 5263 προθυμίας
2317 5190 2521 5257 ταύτην
2550 5189 2707 5261 ἡμῶν
2729 5189 2827 5259 τὴν
2847 5189 3179 5260 συμϐουλὴν,
3199 5190 3293 5242 καὶ
3317 5191 3395 5250 εἰς
3419 5188 3579 5260 ἔργον

1975 5274 2146 5345 αὑτὴν
2180 5274 2368 5340 ἄξετε,
2411 5273 2614 5343 σφόδρα
2652 5273 2975 5341 πέπεισμαι.
3043 5273 3216 5341 Ὁρῶν
3265 5273 3375 5344 γάρ
3433 5274 3579 5343 ὑμᾶς

1981 5358 2121 5429 μετὰ
2149 5358 2418 5427 τοσαύτης
2445 5357 2637 5427 ἡδονῆς
2666 5354 2964 5419 ἀκούοντας
2985 5355 3095 5408 τῶν
3119 5356 3447 5426 λεγομένων,
3471 5358 3581 5410 ἀπὸ

1976 5441 2072 5494 τοῦ
2106 5441 2301 5512 κρότου
2338 5439 2432 5492 καὶ
2459 5439 2567 5490 τῶν
2591 5437 2830 5490 ἐπαίνων
2858 5438 3214 5508 στοχάζομαι,
3236 5439 3318 5492 ὅτι
3335 5440 3425 5491 καὶ
3443 5439 3578 5510 πρὸς

1977 5525 2075 5598 τὴν
2117 5524 2208 5578 διὰ
2244 5524 2352 5576 τῶν
2400 5521 2577 5594 ἔργων
2620 5522 2960 5594 κατόρθωσιν
3015 5522 3429 5594 ἐπειχθήσεσθε.
3489 5523 3581 5575 Διὸ

1978 5607 2268 5679 ἀρκεσθεὶς
2302 5608 2412 5670 τοῖς
2443 5605 2755 5676 εἰρημένοις
2778 5605 2871 5658 ἐπὶ
2896 5604 2994 5676 τὴν
3022 5606 3349 5660 ἀκολουθίαν
3374 5606 3469 5660 τοῦ
3492 5606 3581 5659 λό-

1979 5677 2078 5759 γου
2128 5688 2406 5760 ἐπανήξω.
2461 5689 2573 5742 Καὶ
2621 5687 2894 5756 ἐγένετο,
2949 5689 3148 5759 φησὶν,
3181 5688 3447 5757 ἑσπέρα,
3480 5691 3580 5744 καί

1978 5776 2158 5829 ἔλαϐε
2187 5773 2390 5828 Λάϐαν
2423 5771 2541 5838 τὴν
2569 5772 2754 5826 Λείαν
2776 5771 2890 5840 τὴν
2918 5772 3215 5842 θυγατέρα
3242 5772 3453 5840 αὑτοῦ,
3481 5772 3583 5828 καί

1985 5856 2305 5927 εἰσήγαγεν
2356 5854 2552 5921 αὐτὴν
2602 5854 2753 5922 πρὸς
2799 5855 2906 5908 τὸν
2957 5857 3183 5911 Ἰακώϐ.

2056 5942 2146 6010 Μὴ
2182 5939 2365 6002 ἁπλῶς
2411 5939 2547 6010 μηδὲ
2581 5937 2740 5991 τοῦτο
2785 5940 3265 6011 παραδράμωμεν·
3313 5941 3428 5997 ἔστι
3476 5942 3581 6010 γὰρ

1986 6023 2078 6077 καὶ
2111 6023 2174 6078 ἐκ
2203 6022 2390 6078 τούτου
2444 6021 2612 6076 πολλὰ
2656 6021 2902 6076 συνιδεῖν·
2938 6022 2994 6075 ἓν
3027 6024 3125 6092 μὲν
3164 6023 3251 6078 τοῦ
3299 6025 3491 6080 Ἰακὼϐ
3521 6024 3582 6079 τὸ
