4182 6322
276 403 381 459 649

274 517 538 587 deceptus
576 515 648 571 sit
674 534 687 572 :
717 514 1037 583 secundum,
1069 512 1214 586 quod
1244 522 1389 569 tanta
1413 511 1671 568 facilitate
1697 505 1879 564 omnia

278 607 307 660 tl
330 616 431 671 int,
461 616 517 660 et
536 621 807 678 nusquam
828 607 1123 675 lampades,
1154 606 1387 671 choreae,
1418 604 1668 673 facesque
1693 608 1890 671 praeter

276 711 406 751 usus
448 697 865 753 necessitatem:
896 699 965 752 ita
1009 706 1066 751 ut
1107 706 1163 752 et
1199 695 1445 766 deceptio
1483 694 1666 749 Laban
1697 692 1879 746 locum

281 789 553 844 habuerit.
597 790 896 844 Possumus
942 798 1122 845 autem
1164 798 1219 844 et
1248 788 1334 843 hic
1369 786 1568 852 videre,
1615 780 1889 855 quomodo

281 880 466 936 Laban
514 895 708 951 magna
753 879 1037 935 affectione
1076 880 1323 936 dilexerit
1361 878 1546 935 Jacob.
1594 876 1707 931 lloc
1743 873 1893 929 enim

278 982 623 1027 commentus
663 981 766 1038 est,
796 982 856 1029 ut
879 973 1079 1029 diutius
1124 973 1264 1045 apud
1294 987 1353 1029 se
1376 972 1583 1043 justum
1612 968 1888 1024 retineret.

272 1062 491 1118 Sciebat
513 1064 731 1133 quidem
759 1064 902 1135 quod
938 1065 1161 1121 alterius
1190 1079 1377 1120 amore
1416 1062 1691 1134 ﬂagraret,
1724 1070 1888 1129 atque

276 1157 318 1208 si
346 1155 461 1208 voti
500 1169 725 1226 compos
754 1156 927 1223 fieret,
960 1172 1067 1211 non
1088 1157 1311 1227 eligeret
1332 1154 1553 1227 posthac
1574 1153 1892 1208 servitutem

284 1256 511 1317 prepter
541 1247 694 1303 Liam
722 1248 1015 1311 sustinere,
1050 1264 1149 1304 nec
1176 1248 1336 1303 vellet
1360 1262 1484 1303 cum
1510 1261 1576 1301 eo
1602 1244 1846 1299 habitare
1873 1257 1889 1294 :

277 1348 331 1393 et
358 1349 649 1410 prepterea
687 1338 811 1408 quia
844 1338 974 1392 vidit
1003 1337 1186 1393 Laban
1218 1339 1474 1392 virtutem
1499 1336 1622 1404 viri,
1652 1345 1703 1391 et
1737 1334 1891 1403 cogi-

283 1428 411 1483 tavit
440 1443 504 1484 se
533 1444 645 1483 non
681 1429 841 1484 aliter
871 1444 998 1484 eum
1031 1430 1251 1484 vincere
1278 1438 1333 1484 et
1359 1427 1687 1499 persuadere
1709 1440 1889 1495 posse,

279 1520 352 1573 ita
373 1535 503 1575 eum
527 1518 764 1590 decepit,
787 1519 1011 1575 etdedit
1030 1521 1078 1574 ei
1108 1519 1257 1575 Liam
1288 1534 1412 1575 cum
1444 1518 1643 1587 Zelpha
1675 1516 1889 1571 ancilla.

284 1611 489 1666 Deinde
518 1626 642 1666 eum
667 1621 985 1682 argueretur
1010 1625 1040 1665 a
1066 1612 1213 1681 justo
1244 1610 1387 1679 quod
1422 1624 1545 1664 eum
1566 1608 1890 1677 dccepissct,

284 1706 570 1760 honestam
599 1704 777 1759 attulit
823 1705 1251 1760 exeuntinnem.
1282 1703 1416 1758 Nam
1440 1712 1725 1773 postquam
1757 1700 1893 1753 dixit

280 1795 443 1850 Jacob
475 1814 490 1848 :
522 1797 614 1851 25.
647 1796 818 1863 Quare
843 1796 968 1849 mihi
994 1797 1089 1849 hoc
1113 1796 1279 1867 [ecisti
1295 1795 1320 1848 ?
1346 1811 1514 1847 nonne
1547 1804 1754 1862 prapter
1782 1790 1892 1845 Ra-

282 1888 392 1941 chel
422 1888 603 1940 servivi
641 1887 731 1940 tibi
749 1886 774 1939 ἲ
800 1896 847 1939 et
876 1903 1035 1955 quare
1061 1885 1305 1953 decepisti
1335 1885 1455 1939 me?
1476 1884 1601 1955 quid
1632 1900 1760 1953 ergo
1790 1882 1891 1936 La-

284 1975 424 2030 han?
465 1975 558 2030 26.
603 1974 726 2029 Non
769 1985 843 2029 est
877 1976 949 2029 sic
994 1976 1046 2028 in
1078 1975 1173 2028 hoc
1224 1976 1336 2030 loco
1378 1982 1432 2027 ut
1467 1974 1691 2028 elocetur
1709 1972 1895 2043 junior

283 2069 427 2134 prius
448 2086 600 2139 quam
628 2069 798 2140 major
826 2078 966 2123 natu.
990 2068 1080 2123 27.
1112 2068 1313 2137 Perﬁce
1335 2068 1495 2138 igitur
1523 2066 1894 2120 hebdomadam

284 2162 449 2224 istius,
497 2169 543 2213 et
589 2161 721 2213 dabo
766 2160 857 2215 tibi
898 2161 1049 2214 etiam
1096 2159 1227 2212 hanc
1269 2175 1360 2228 pro
1390 2158 1582 2220 labore,
1630 2166 1678 2211 et
1718 2172 1889 2223 opere,

283 2253 417 2319 quod
444 2251 735 2320 aperobcris
776 2251 918 2318 apud
965 2267 1044 2305 me
1089 2251 1257 2304 adhuc
1301 2250 1451 2303 annis
1488 2258 1698 2318 septem.
1733 2248 1897 2302 Vides

287 2344 439 2398 illum
466 2358 530 2398 ea
558 2343 628 2398 de
648 2357 807 2397 causa
842 2344 955 2399 huic
977 2344 1158 2398 omnia
1190 2350 1553 2397 commentum
1584 2355 1725 2396 esse.
1759 2340 1893 2394 Nam

289 2436 409 2502 quia
438 2433 573 2488 vidit
616 2448 857 2489 amorem
893 2449 1054 2503 quem
1097 2448 1222 2503 erga
1251 2432 1485 2503 puellam
1517 2430 1771 2497 habebat,
1816 2431 1898 2485 in-

286 2526 399 2597 quit
427 2542 442 2578 :
473 2524 549 2580 Ne
576 2535 731 2594 putes
776 2525 965 2595 injuria
1009 2533 1062 2579 te
1086 2524 1226 2578 aftici
1258 2542 1272 2577 :
1306 2522 1569 2590 Quoniam
1601 2520 1719 2576 hare
1754 2520 1895 2589 apud

285 2632 387 2672 nos
414 2616 507 2671 lex
534 2625 639 2682 est,
672 2625 727 2670 ut
749 2616 980 2686 primum
1010 2615 1210 2685 nuptiis
1251 2613 1493 2669 tradatur
1524 2612 1697 2683 major
1726 2620 1852 2666 natu
1878 2629 1894 2666 :

286 2718 572 2779 propterea
608 2709 711 2764 hoc
741 2709 959 2780 quidem
997 2709 1193 2764 factum
1231 2717 1347 2773 est;
1378 2708 1611 2778 accipies
1637 2717 1818 2762 autem
1843 2715 1900 2763 et

286 2802 425 2858 hanc
453 2816 616 2872 quam
637 2815 809 2867 amas,
834 2802 877 2856 si
904 2801 1111 2857 similes
1135 2810 1341 2870 septem
1365 2815 1537 2855 annos
1563 2814 1661 2870 pro
1683 2814 1746 2855 ea
1776 2814 1898 2855 ser-

285 2894 473 2948 vieris.
514 2893 720 2961 Quibus
762 2892 957 2948 auditis
978 2894 1156 2964 justus
1195 2893 1376 2947 omnia
1420 2900 1670 2964 prompto
1714 2892 1901 2948 animo

284 2985 566 3054 suscepit:
596 2994 650 3040 et
672 2993 793 3055 post
817 2984 915 3040 hos
941 2985 1077 3040 alios
1099 2998 1272 3039 annos
1310 2992 1517 3053 septem
1544 2982 1643 3055 (a),
1676 2984 1771 3039 28.
1800 2983 1900 3039 De-

286 3076 385 3141 dit,
415 3076 608 3146 inquit.
639 3075 819 3130 Laban
846 3075 1043 3131 Rachel
1062 3076 1227 3145 ﬁliam
1246 3092 1393 3129 suam
1418 3076 1465 3129 ei
1488 3091 1718 3130 uxorem.

357 3169 416 3223 5.
443 3166 749 3240 Polygamia
763 3168 920 3235 olim;
952 3185 1086 3223 nunc
1124 3168 1484 3238 monogamia;
1508 3183 1619 3221 cur.
1643 3196 1715 3209 -—
1738 3167 1903 3224 Vides

290 3261 487 3315 iterum
510 3261 723 3331 nuptias
746 3262 861 3315 fieri
875 3275 997 3315 cum
1020 3275 1210 3331 magna
1232 3259 1533 3315 honestate.
1553 3258 1661 3315 Sed
1678 3259 1903 3315 audiens

290 3367 424 3408 eunt
441 3353 719 3422 accepisse
743 3353 1009 3422 majorem
1034 3361 1185 3419 natu,
1215 3360 1272 3407 et
1296 3360 1483 3423 postea
1510 3353 1799 3418 minorem,
1833 3368 1903 3409 ne

291 3442 564 3499 turbaris:
593 3457 768 3513 neque
792 3442 1087 3498 secundum
1114 3452 1313 3497 statum
1339 3444 1431 3514 qui
1450 3458 1593 3499 nunc
1614 3453 1718 3509 est,
1740 3458 1904 3514 opera

288 3548 413 3604 qua
443 3543 570 3589 tunc
596 3532 733 3591 facta
759 3542 889 3589 sunt
904 3532 1137 3605 iudices.
1188 3533 1340 3590 Tunc
1364 3533 1510 3589 enim
1542 3534 1667 3606 quia
1699 3534 1905 3605 princi-

292 3628 381 3699 pia
411 3637 591 3694 erant,
626 3626 948 3697 permissum
976 3625 1078 3683 fuit
1102 3641 1226 3682 cum
1270 3626 1478 3681 duabus
1507 3626 1588 3682 vel
1620 3626 1788 3681 tribus
1817 3625 1906 3681 vel

294 3719 542 3792 pluribus
571 3718 832 3775 uxoribus
859 3718 1109 3784 misceri,
1151 3727 1211 3773 ut
1244 3716 1542 3772 humanum
1571 3730 1741 3786 genus
1781 3730 1908 3786 pro-

297 3822 585 3884 pagaretur
607 3828 622 3877 ;
652 3825 795 3867 nunc
820 3826 951 3868 vero
976 3812 1101 3883 quia
1125 3826 1221 3882 per
1239 3810 1335 3867 Dei
1358 3814 1584 3882 gratiam
1614 3809 1905 3866 humanum

296 3918 467 3977 genus
506 3903 661 3959 valde
691 3902 1109 3975 multiplicatum
1134 3912 1216 3959 est
1236 3945 1251 3970 ,
1280 3903 1451 3958 virtus
1493 3918 1706 3975 quoque
1736 3903 1909 3958 inere-

298 4004 540 4052 mentum
567 3994 795 4065 accepit.
842 3994 1152 4051 Adveniens
1181 3994 1325 4051 enim
1355 3994 1623 4059 Christus,
1654 4002 1708 4050 et
1738 3998 1909 4050 virtu-

297 4097 409 4144 tem
441 4085 495 4141 in
528 4085 837 4141 hominibus
866 4085 1503 4157 plantans,angelosque,
1526 4094 1585 4141 ut
1612 4086 1681 4141 ita
1708 4085 1907 4153 dicam,

298 4194 363 4235 ex
387 4177 703 4234 hominibus
732 4176 954 4245 faciens,
985 4192 1206 4245 omnem
1239 4178 1383 4233 illam
1412 4185 1649 4233 veterem
1680 4192 1914 4233 consue-

301 4271 541 4328 tudinetn
571 4270 828 4327 abolevit.
852 4268 1020 4327 Vides
1053 4270 1327 4341 quomodo
1358 4286 1464 4325 non
1494 4279 1741 4340 oporteat
1777 4285 1912 4325 eon-

299 4361 643 4420 suetudinem
675 4371 975 4434 praetexere
985 4402 1015 4439 ,,
1060 4362 1157 4419 sed
1197 4361 1340 4433 quod
1376 4362 1578 4433 justum
1617 4371 1703 4420 est
1731 4364 1910 4435 inqui-

277 4457 463 4514 στειιοῖ
486 4455 631 4525 Erg;
654 4455 797 4511 enim
820 4456 1075 4527 quoniam
1096 4455 1237 4511 mala
1267 4462 1383 4511 erat
1411 4454 1527 4511 lucc
1554 4456 1909 4529 consuetudo,

299 4550 524 4620 explosa
566 4560 672 4613 est,
722 4558 777 4604 et
804 4563 913 4604 non
954 4548 1082 4605 licet
1111 4548 1205 4603 uili
1244 4563 1362 4604 eam
1408 4556 1727 4621 prmtexere.
1766 4548 1911 4605 Nus-

301 4657 463 4711 quam
495 4640 657 4711 igitur
678 4681 694 4706 ,
726 4639 994 4705 obsecro,
1025 4638 1473 4696 consuetudinem
1504 4640 1742 4711 inquiras
1767 4658 1782 4707 ;
1816 4639 1914 4696 sed

303 4732 444 4805 quod
466 4732 540 4789 sit
566 4731 700 4788 utile
727 4746 910 4803 quaere
928 4772 945 4799 ,
986 4746 1095 4789 non
1122 4730 1267 4803 quod
1295 4731 1492 4788 anima:
1520 4732 1909 4802 perniciosum;

303 4834 360 4881 et
379 4825 425 4881 si
456 4822 589 4895 quid
615 4832 701 4879 est
720 4822 941 4889 bonum,
974 4822 1185 4879 etiamsi
1215 4837 1324 4878 non
1364 4822 1434 4879 sit
1465 4822 1831 4889 consuetudo,
1861 4821 1913 4879 id

306 4917 399 4973 tiat
422 4934 454 4974 a
483 4916 640 4971 nobis
669 4915 750 4971 :si
772 4930 901 4972 vero
930 4913 1292 4987 perniciosum
1323 4922 1427 4983 est,
1451 4914 1662 4970 etiamsi
1684 4929 1917 4971 consue-

307 5007 437 5065 tudo
464 5008 558 5071 sit,
580 5006 848 5077 fugiamus
875 5016 931 5063 et
958 5021 1294 5063 aversemur.
1322 5005 1415 5062 29.
1442 5005 1509 5061 Et
1525 5006 1686 5070 dedit,
1719 5007 1910 5077 inquit,

311 5098 479 5156 Iacob
510 5096 787 5153 Rachelent
812 5113 931 5152 cum
954 5095 1112 5153 Bella
1136 5097 1347 5153 ancilla.
1394 5096 1586 5153 Vidisti
1616 5107 1814 5169 quanta
1845 5098 1916 5154 sit

308 5193 426 5249 luce
451 5189 791 5262 philosophia
808 5189 910 5262 (lo)?
930 5188 1068 5246 Num
1094 5204 1375 5246 servorum
1388 5205 1581 5261 greges
1595 5189 1619 5244 τ
1634 5207 1759 5245 num
1782 5205 1915 5264 syn-

248 5391 274 5398 η
367 5327 446 5390 (α)
480 5328 564 5377 Hic
585 5326 819 5377 memoris
843 5323 1007 5436 b18113
1025 5323 1220 5396 videtur
1232 5323 1726 5397 Chrysostomnscsm;
1748 5324 1816 5375 ait,
1829 5331 1916 5373 La-

305 5390 487 5436 halm
519 5389 696 5436 umbo
727 5388 884 5436 ttaehe
904 5400 985 5436 eun
1007 5386 1205 5436 dedisse
1235 5395 1345 5436 post
1380 5386 1502 5436 altos
1533 5395 1728 5436 sentem
1762 5398 1916 5436 annos

268 5394 274 5398 ”
305 5386 487 5441 bonum
519 5389 696 5441 Iacobo
727 5386 985 5439 hacin-lem
1007 5386 1205 5450 dedisse
1235 5386 1345 5448 post
1380 5386 1502 5437 alios
1533 5395 1728 5450 septem
1762 5398 1916 5450 annos

304 5454 433 5526 servi
484 5454 574 5502 .tis.
613 5448 1086 5526 minuuthel‘vraioo
1106 5447 1260 5526 textu
1305 5455 1358 5526 et
1390 5450 1450 5521 in.
1478 5447 1696 5511 Vulgata,
1733 5448 1918 5526 quibus

306 5515 454 5564 etiam
479 5519 745 5564 consonant
754 5517 867 5562 Lxx
882 5516 1203 5574 lateri-rates.
1220 5510 1416 5565 ductam
1438 5512 1489 5561 in
1512 5510 1721 5561 natm-em
1733 5510 1917 5560 Rache-

308 5573 409 5646 lem
431 5587 544 5646 esse
561 5576 745 5646 dicitur
774 5581 894 5646 ante
929 5570 1040 5646 illus
1060 5572 1417 5646 septemalios
1440 5573 1704 5646 _servitutis
1725 5584 1881 5646 annos
1898 5611 1913 5633 ,

306 5640 659 5750 ισὶιιὲιέιιῇιιεὶιιιιι
676 5637 891 5699 septimo
914 5641 1024 5699 post
1044 5634 1240 5685 ductam
1272 5634 1401 5684 Liam
1423 5634 1506 5684 die
1527 5642 1914 5685 consumtum

370 5735 776 5831 ῐῑῖιιιιίιρωιιιιια
796 5758 885 5831 hic
917 5759 1152 5831 accipitur
1196 5771 1284 5831 pro
1301 5755 1621 5831 simplicitate
1643 5770 1835 5831 morum
1860 5764 1916 5831 et

307 5810 698 5938 εὲὀαὰὲαιιιιῆιὶ
712 5859 730 5886 ,
757 5829 811 5872 ιιι
831 5833 966 5885 saepe
1008 5810 1126 5871 a'lias
1146 5810 1273 5885 aptat
1294 5810 1683 5884 duisostommn
1706 5810 1759 5872 et
1780 5818 1912 5884 apud

1398 398 1464 455 ΙΝ
1504 396 1657 454 CAP.
1704 384 1897 447 XXIX.
1932 380 2175 439 UENES.
2223 383 2458 440 unum.
2504 380 2635 440 L\'l.

3512 380 3624 441 43.)

1998 501 2247 575 graplta?
2282 510 2336 557 et
2365 510 2518 571 pacta
2541 544 2557 569 ,
2586 510 2748 572 atque
2788 500 3130 558 conditiones
3181 500 3284 557 illa:
3330 501 3568 559 ridicula:
3597 524 3612 560 :

2001 598 2065 655 Si
2082 601 2178 653 hoc
2205 599 2379 667 fuerit,
2401 598 2444 649 si
2463 596 2560 649 hoc
2581 596 2801 650 evenerit
2818 594 2845 649 7
2860 595 2926 650 Et
2944 596 3250 666 priusquam
3269 596 3614 659 conveniant.

2003 691 2309 746 nescientes
2340 705 2407 743 an
2443 702 2611 759 usque
2635 688 2701 742 ad
2730 703 3011 757 vesperam
3046 698 3320 748 maneant.
3346 704 3467 759 qua!
3494 698 3618 759 post

2003 783 2171 837 multa
2201 790 2443 850 tempora
2487 789 2710 835 ventura
2760 789 2931 847 sunt,
2984 780 3036 834 in
3066 780 3237 836 literis
3281 782 3394 835 snis
3432 784 3615 838 consi-

2000 883 2167 945 gnant
2198 892 2210 929 :
2255 874 2319 929 Si
2344 875 2514 929 liberis
2543 891 2751 939 carens,
2790 875 2960 943 inquit
2981 917 2994 935 .
3038 874 3310 945 defunctus
3346 874 3502 944 fuerit
3530 891 3551 931 :
3572 876 3619 931 si

2004 967 2141 1035 ﬁlios
2164 967 2416 1033 habuerit,
2450 976 2503 1020 et
2532 982 2884 1035 quascumque
2917 967 3060 1019 talia.
3108 971 3174 1021 At
3204 966 3290 1020 hic
3322 966 3453 1021 nihil
3486 968 3617 1033 tale,

2004 1058 2098 1113 Sed
2128 1074 2247 1111 cum
2277 1058 2490 1127 utrique
2518 1072 2670 1111 suam
2702 1057 2951 1112 ancillam
2976 1057 3234 1123 dedisset,
3267 1058 3404 1112 filias
3434 1060 3619 1114 eloca-

2001 1152 2073 1207 vit
2104 1159 2274 1225 pater.
2332 1151 2423 1206 30.
2474 1149 2668 1204 Dilexit
2706 1160 2877 1204 autem
2905 1192 2918 1213 ,
2958 1150 3164 1218 inquit,
3219 1148 3412 1204 Rachel
3456 1151 3620 1221 magis

2002 1261 2157 1314 quam
2206 1242 2353 1296 Liam
2400 1253 2497 1297 :et
2540 1243 2743 1296 servivit
2788 1242 2833 1295 ei
2861 1253 3051 1310 septem
3095 1242 3246 1296 armis
3290 1243 3428 1297 aliis.
3481 1243 3618 1311 Quia

2002 1338 2148 1391 enim
2198 1334 2267 1388 ab
2312 1334 2464 1388 initio
2497 1332 2768 1387 adamavit
2800 1332 3028 1400 puellam
3072 1342 3291 1401 propter
3339 1344 3616 1388 venustam

2003 1426 2259 1491 formam,
2287 1434 2341 1480 et
2362 1425 2446 1478 vix
2470 1440 2589 1479 eam
2614 1434 2978 1494 consequutus
3004 1433 3086 1478 est
3112 1442 3123 1476 :
3159 1424 3281 1479 ideo
3308 1441 3426 1479 eam
3448 1427 3620 1496 magis

2003 1517 2192 1572 dilexit
2241 1531 2399 1585 quam
2452 1515 2623 1570 Liam.
2681 1516 2890 1569 Etenim
2944 1515 3082 1569 illitis
3134 1530 3385 1571 vcnnS'as
3432 1518 3621 1572 allexit

2005 1624 2127 1663 cum
2175 1607 2240 1662 ad
2290 1622 2408 1661 eam
2454 1606 2761 1660 amandum.
2800 1607 2995 1660 Verum
3025 1607 3109 1660 hic
3133 1607 3327 1661 iterum
3359 1608 3480 1663 vide
3512 1609 3619 1663 Do.

2006 1701 2135 1755 mitti
2164 1698 2485 1754 ineffabilem
2522 1699 2945 1753 misericordiam
2968 1742 2983 1767 ,
3023 1710 3077 1754 et
3107 1699 3379 1769 quomodo
3405 1714 3525 1771 qttm
3550 1704 3621 1756 ab

2003 1793 2122 1861 ipso
2170 1793 2380 1847 fuerant
2424 1791 2688 1860 promissa
2744 1792 2996 1860 paulatim
3030 1792 3319 1863 compleat.
3368 1793 3501 1848 Nam
3528 1794 3620 1865 qui

2005 1883 2140 1938 dixit
2171 1902 2182 1937 :
2220 1883 2331 1937 Ero
2359 1894 2546 1948 tecum,
2577 1884 2863 1939 custodiens
2890 1894 2935 1939 te
2964 1885 3015 1937 iu
3039 1887 3178 1938 omni
3204 1888 3285 1939 via
3313 1904 3415 1957 qua
3441 1886 3621 1941 ambu-

2006 1976 2190 2029 laveris
2218 1991 2235 2029 :
2259 1983 2335 2041 ct,
2369 1975 2575 2046 Augebo
2613 1985 2657 2029 et
2701 1976 3054 2047 multiplicabo
3086 1987 3132 2029 te
3175 1976 3327 2048 (Gen.
3360 1977 3453 2033 28.
3487 1977 3618 2051 15)ε

2007 2068 2123 2138 ipse
2145 2069 2307 2122 etiam
2332 2085 2473 2123 nunc
2505 2070 2685 2122 omnia
2717 2067 3010 2139 dispensat.
3045 2069 3115 2123 Et
3139 2079 3193 2122 ut
3221 2070 3272 2122 id
3304 2071 3466 2137 scias,
3497 2071 3623 2125 audi

2006 2161 2176 2230 ipsam
2227 2160 2462 2214 divinam
2491 2160 2821 2229 Scripturam
2852 2162 2954 2213 hoc
2999 2159 3283 2216 manifeste
3327 2160 3619 2217 dicentem.

2008 2254 2098 2307 51.
2133 2251 2201 2307 Ut
2229 2253 2354 2306 vidit
2376 2263 2545 2306 autem
2575 2252 2827 2307 Dominus
2861 2253 3015 2314 Deus,
3048 2252 3187 2317 quod
3212 2254 3331 2309 odio
3353 2255 3627 2311 haberetur

2005 2336 2123 2405 Litt,
2156 2339 2355 2407 aperuit
2387 2338 2586 2392 vulvam
2617 2338 2729 2409 ejus
2760 2353 2778 2391 :
2819 2337 3016 2392 Rachel
3061 2349 3230 2392 autem
3269 2348 3380 2393 erat
3410 2341 3624 2395 sterilis.

2003 2432 2095 2488 32.
2140 2431 2208 2487 Et
2235 2435 2467 2504 concepit
2513 2433 2647 2500 Lia,
2694 2444 2741 2488 et
2788 2435 2982 2505 peperit
3027 2434 3191 2502 ﬁlium
3219 2433 3437 2490 Iacobo.
3488 2434 3626 2493 Vide

2004 2525 2259 2579 solertem
2312 2524 2404 2580 Dei
2451 2526 2792 2595 sapientiam.
2838 2527 3103 2594 Quoniam
3144 2527 3233 2581 illa
3260 2528 3475 2597 quidem
3510 2529 3627 2599 pul-

2005 2616 2313 2673 chritudine
2338 2632 2433 2671 sua
2462 2618 2777 2673 conciliarat
2804 2619 2905 2673 sibi
2933 2618 3160 2689 gratiam
3191 2620 3314 2687 viri,
3355 2619 3473 2676 inec
3497 2636 3628 2676 vero

2007 2708 2229 2763 minime
2271 2706 2508 2763 formosa
2539 2708 2665 2765 odio
2693 2708 2878 2765 haberi
2901 2710 3010 2765 visa
3042 2719 3127 2766 est
3154 2729 3167 2765 :
3202 2711 3339 2767 hanc
3372 2713 3624 2769 idoneam

2008 2800 2132 2855 facit
2155 2803 2367 2872 partui,
2410 2802 2554 2856 illam
2584 2817 2714 2857 vero
2744 2802 2986 2859 inutilem
3013 2821 3029 2871 ;
3071 2805 3185 2860 haec
3213 2806 3376 2861 ambo
3405 2820 3501 2861 sua
3529 2808 3632 2861 nti-

2008 2891 2303 2969 sericordia
2335 2892 2657 2964 dispensans
2682 2904 2737 2948 ut
2758 2905 2809 2949 et
2834 2894 2951 2950 haec
2977 2912 3071 2963 per
3096 2897 3300 2952 liberos
3330 2898 3420 2969 qui
3452 2914 3522 2953 ex
3560 2913 3629 2955 ea

2010 2972 2369 3041 nascebantur
2405 2988 2655 3042 solatium
2694 2987 2949 3053 haberet,
2979 2990 3031 3043 in
3064 2990 3144 3045 sui
3176 3004 3418 3045 amorem
3450 2991 3626 3047 virum

2009 3078 2286 3144 alliciens;
2317 3087 2372 3134 et
2401 3077 2492 3133 illa
2519 3094 2587 3134 ne
2614 3089 2834 3149 propter
2859 3079 3313 3148 pulchritudinem
3342 3091 3399 3137 et
3428 3081 3631 3139 formo-

2011 3171 2227 3227 sitatem
2272 3170 2533 3227 adversus
2581 3186 2825 3228 sororem
2880 3172 3202 3245 insurgeret.
3258 3174 3327 3229 Et
3374 3178 3630 3247 aperuit;

2012 3264 2218 3334 inquit,
2266 3265 2469 3318 vulvam
2509 3264 2641 3332 ejus.
2685 3263 2842 3319 Disce
2879 3262 2987 3329 hic,
3018 3265 3249 3333 dilecte,
3279 3267 3629 3324 Conditorem

2012 3357 2257 3411 omnium
2288 3357 2469 3411 omnia
2508 3355 2777 3411 moderari
2806 3372 2870 3411 ac
2909 3356 3260 3427 dispensare,
3300 3369 3351 3414 et
3386 3371 3629 3417 naturam

2015 3448 2185 3518 ipsam
2211 3448 2278 3503 ad
2307 3457 2516 3519 partum
2540 3449 2799 3514 excitare,
2824 3449 3133 3522 nullamque
3164 3468 3287 3507 esse
3312 3454 3631 3512 concubitus

2015 3542 2322 3609 utilitatem,
2354 3544 2399 3598 si
2426 3544 2563 3599 absit
2592 3543 2771 3598 divina
2802 3546 3134 3615 eooperatio.
3170 3546 3462 3619 Propterea
3485 3550 3632 3607 enim

2016 3634 2173 3700 dixit,
2206 3634 2418 3706 Aperuit
2447 3636 2649 3691 vulvam
2675 3635 2807 3706 ejus,
2837 3646 2896 3691 ut
2917 3638 3154 3693 sciamus
3184 3640 3419 3696 voluisse
3444 3641 3633 3698 Domi-

2017 3742 2146 3782 num
2178 3726 2327 3781 Liam
2358 3726 2709 3797 procreandis
2758 3726 2945 3783 liberis
2973 3738 3154 3799 aptam
3206 3730 3346 3794 fieri,
3380 3747 3486 3803 quo
3514 3732 3635 3804 ejus

2019 3832 2222 3873 mteror
2252 3817 2534 3873 leniretur.
2580 3816 2701 3888 lpse
2746 3818 2888 3873 enim
2920 3820 3118 3890 estqui
3169 3821 3219 3874 in
3244 3822 3403 3876 vulva
3436 3823 3634 3895 ﬁgurat

2018 3920 2071 3966 et
2098 3911 2303 3966 animat
2332 3908 2497 3967 ftetus
2524 3954 2538 3978 ,
2583 3912 2721 3967 sicut
2748 3922 2804 3989 et
2833 3913 2997 3968 David
3029 3915 3157 3970 dicit
3188 3933 3201 3969 :
3248 3915 3533 3989 Suscepisti
3554 3936 3640 3975 me

2018 4005 2082 4059 de
2110 4012 2253 4060 utero
2276 4005 2454 4059 matris
2483 4022 2610 4059 mea
2630 3988 2816 4076 (Pauli
2837 4007 2961 4061 158.
2992 4009 3099 4078 15).
3128 4009 3196 4064 Et
3222 4010 3341 4065 vide
3358 3988 3642 4082 quomodo

2020 4105 2284 4151 monstrat
2324 4096 2479 4153 nobis
2509 4097 2687 4152 divina
2725 4096 3004 4168 Scriptura
3043 4110 3249 4156 natum:
3279 4102 3632 4161 Conditorem

2021 4197 2247 4259 utraque
2282 4203 2378 4244 sua
2410 4188 2609 4243 virtute
2634 4188 3000 4256 efficientem;
3036 4206 3228 4262 nempe
3258 4194 3482 4249 alterius
3514 4198 3636 4253 vul-

2019 4295 2139 4333 vam
2179 4280 2426 4335 idoneam
2468 4281 2783 4337 reddentem
2806 4323 2821 4349 ,
2856 4283 3109 4338 Rachelis
3152 4293 3332 4341 autem
3364 4292 3637 4347 constrin-

2020 4380 2256 4444 gentem.
2300 4372 2575 4444 Siquidem
2607 4383 2813 4431 naturae
2855 4375 3114 4431 Dominus
3140 4393 3263 4433 cum
3301 4379 3401 4447 sit,
3452 4385 3634 4441 omnia

2023 4465 2179 4520 facile
2206 4474 2480 4536 operatur.
2526 4465 2595 4521 Et
2634 4468 2885 4535 concepit,
2922 4468 3136 4539 inquit,
3188 4469 3307 4539 Lia,
3354 4483 3404 4527 et
3441 4477 3635 4545 peperit

2024 4558 2187 4626 [ilium
2210 4558 2447 4625 laccho;
2477 4561 2771 4630 vocavitque
2798 4577 2982 4616 nomen
3015 4563 3128 4632 ejus
3159 4562 3339 4619 Ruben
3360 4608 3374 4629 ,
3409 4567 3583 4623 dicens
3618 4585 3637 4624 :

2027 4653 2160 4721 Qu'a
2191 4653 2313 4706 vidit
2346 4652 2597 4707 Dominus
2623 4652 2870 4708 vilitatem
2904 4672 3091 4724 meam,
3144 4674 3280 4713 nunc
3326 4659 3507 4731 diliget
3556 4678 3637 4717 me

2021 4748 2097 4803 vir
2131 4765 2291 4803 meus.
2344 4746 2475 4803 Vide
2499 4762 2659 4817 quam
2700 4756 2853 4819 grata
2902 4748 3097 4803 mulier
3137 4750 3269 4805 dicit
3313 4769 3328 4807 :
3376 4752 3647 4811 Dominus-

2021 4845 2134 4898 visa
2184 4841 2485 4896 lmmilitate
2528 4854 2648 4896 mea
2694 4840 2919 4911 praebuit
2953 4840 3083 4897 mihi
3113 4853 3367 4913 partum,
3415 4855 3641 4917 propter

2020 4951 2181 5009 quem
2212 4933 2423 5005 diligor.
2455 4933 2524 4989 Et
2548 4942 2733 5004 specta
2778 4933 2865 4989 hic
2894 4938 3087 4990 iterum
3112 4977 3128 5002 ,
3174 4936 3448 5007 quomodo
3494 4938 3646 4996 Deus
3695 4990 3702 4997 .

2024 5028 2337 5085 muneribus
2390 5037 2602 5083 certare
2652 5027 2928 5083 contendit
2974 5043 3098 5083 cum
3128 5043 3230 5095 eo,
3276 5038 3332 5085 et
3374 5029 3649 5088 beneﬁcia-

2021 5120 2345 5186 aecumulat,
2371 5119 2529 5176 simul
2559 5120 2759 5191 etjnsti
2786 5134 2972 5176 semen
3000 5121 3208 5193 augeri,
3232 5131 3285 5177 et
3309 5120 3448 5179 hanc
3468 5124 3648 5197 magis

2022 5213 2226 5269 Jacobo
2244 5212 2531 5268 amabilem
2558 5209 2711 5267 reddi
2729 5211 2936 5267 volens.
2955 5211 3047 5267 33.
3080 5212 3152 5280 Et,
3167 5214 3416 5286 concepit,
3443 5214 3645 5287 inquit,

2022 5309 2227 5375 iterum,
2276 5315 2323 5360 et
2351 5353 2359 5363 κ
2369 5303 2563 5377 peperit
2607 5302 2775 5373 [ilium
2802 5302 3088 5359 secundum
3112 5304 3311 5361 Jacobo
3332 5348 3347 5375 ,
3386 5318 3434 5361 et
3459 5306 3588 5362 dixit
3618 5321 3650 5365 :

2022 5401 2231 5455 Audiuit
2277 5400 2530 5455 Dominus
2570 5398 2707 5470 quod
2736 5398 2855 5453 odio
2883 5398 3073 5453 habeor
3096 5441 3113 5467 ,
3155 5410 3202 5454 et
3241 5401 3482 5472 apposuit
3511 5402 3637 5457 mihi

2024 5504 2071 5549 et
2092 5494 2264 5558 hunc;
2292 5501 2338 5547 et
2363 5490 2564 5546 vocavit
2601 5506 2783 5546 nomen
2803 5492 2917 5564 ejus
2964 5490 3211 5564 Symeon.
3244 5492 3478 5551 Attende
3497 5510 3642 5567 quo-

2024 5586 2188 5642 modo
2219 5601 2315 5656 per
2344 5582 2587 5655 singulos
2616 5595 2815 5654 pueros
2841 5584 3045 5654 gratias
3071 5585 3183 5657 agit
3207 5584 3460 5653 Domino,
3486 5595 3543 5644 et
3569 5586 3655 5647 ob

2028 5678 2289 5735 beneficia
2340 5685 2551 5748 gratum
2588 5675 2830 5732 animum
2880 5675 3142 5733 declarat.
3174 5677 3404 5748 Audiuit,
3448 5684 3595 5738 enim
3622 5719 3654 5750 ν

2026 5772 2231 5843 inquit,
2278 5771 2551 5838 Dominus,
2579 5771 2717 5841 quod
2757 5770 2877 5826 odio
2921 5769 3129 5839 habeor,
3170 5781 3218 5827 et
3243 5773 3484 5844 apposuit
3514 5774 3658 5832 mihi

2023 5868 2177 5924 etiam
2205 5866 2341 5921 hunc
2368 5879 2387 5919 :
2416 5872 2703 5934 propterea
2733 5861 2941 5921 Vocavit
2968 5879 3149 5919 nomen
3177 5865 3289 5933 ejus
3317 5863 3563 5937 smn.
