4182 6322
561 377 662 433 491

637 492 690 546 ι.
727 485 910 544 Vidisti
937 482 1202 556 quomodo
1227 497 1332 535 non
1357 478 1696 549 simpliciter,
1730 487 1900 544 neque
1944 481 2144 525 temere

568 581 779 636 Iumina
793 576 926 632 natis
942 573 1221 629 indiderit?
1236 570 1602 627 Vocavitenim
1619 582 1738 622 cum
1754 565 2008 635 Symcon,
2024 573 2149 629 quo-

568 671 708 724 niam
745 665 943 722 audivit
980 663 1230 719 Dominus
1256 660 1333 732 (α)
1392 659 1553 715 Nobis
1589 655 1847 724 siquidem
1889 649 2147 705 llebra'ico

570 761 817 814 idiomate
850 754 1068 826 pcrhoc
1112 769 1303 808 nomen
1347 751 1602 820 signatur,
1647 743 1788 816 quod
1831 740 2007 796 audita
2055 737 2144 791 sit.

567 849 656 903 51.
685 845 750 903 Et
779 846 1006 914 concepit
1048 844 1263 907 iterum,
1316 851 1361 893 et
1404 837 1595 908 peperit
1640 835 1844 904 filium,
1885 840 1930 884 et
1977 827 2147 881 dixit:

573 937 624 992 Ν
629 955 724 991 unc
753 937 988 1008 temporis
1012 934 1153 1003 apud
1172 950 1248 986 me
1289 931 1380 984 erit
1419 929 1493 983 vir
1526 943 1702 992 meus;
1745 923 1917 994 peperi
1944 921 2076 976 enim
2103 919 2149 973 ei

568 1041 667 1083 tres
695 1030 828 1097 ﬁlios
850 1045 870 1083 .'
896 1036 1097 1098 propter
1125 1029 1218 1078 hoc
1239 1024 1427 1077 vocavit
1458 1036 1636 1074 nomen
1659 1019 1797 1072 illius
1823 1014 1963 1069 Levi.
1992 1012 2152 1067 Vide-

573 1132 658 1176 tur
683 1121 810 1176 mihi
854 1120 939 1173 hic
966 1117 1269 1188 signiﬁcari,
1299 1129 1416 1169 eam
1440 1113 1576 1167 natis
1608 1109 1814 1164 duobus
1857 1107 1980 1177 filiis
2017 1118 2151 1159 non-

569 1215 694 1270 dum
727 1213 957 1284 potuisse
984 1211 1199 1265 allicere
1226 1209 1425 1274 virum,
1454 1205 1541 1276 qui
1576 1203 1747 1257 adhuc
1783 1203 1833 1256 in
1862 1196 2154 1254 Racltclem

572 1305 885 1376 propensior
903 1309 1017 1356 erat
1045 1319 1059 1354 :
1093 1301 1213 1355 ideo
1237 1297 1404 1364 dicit,
1440 1295 1592 1349 Nunc
1627 1293 1865 1362 temporis
1898 1289 2038 1356 apud
2074 1301 2153 1339 me

569 1397 661 1451 erit
691 1396 766 1449 vir
797 1410 956 1448 meus.
1003 1390 1268 1447 Fortassis
1311 1389 1550 1443 accessio
1593 1383 1732 1438 tcrtii
1765 1381 1936 1434 virum
1974 1391 2152 1431 meum

573 1486 760 1542 reddet
802 1483 1157 1546 benevolum,
1215 1489 1268 1535 ct
1320 1478 1510 1533 melius
1530 1475 1659 1529 mihi
1701 1472 1967 1527 affectum.
2016 1467 2153 1522 Ecce

570 1578 712 1630 enim
755 1586 861 1630 tres
892 1574 1027 1628 illius
1056 1572 1102 1626 ei
1144 1569 1342 1640 peperi.
1389 1566 1478 1621 55.
1514 1565 1582 1619 Et
1610 1564 1835 1633 concepit
1876 1560 2044 1614 adhuc
2082 1558 2145 1626 ﬁ-

576 1646 698 1720 lium
714 1708 728 1729 ,
760 1681 820 1718 ac
845 1663 1054 1735 peperit,
1079 1671 1123 1715 et
1150 1661 1279 1714 dixit
1305 1674 1324 1713 :
1349 1657 1503 1712 Nunc
1527 1656 1694 1708 adhuc
1723 1653 1859 1707 istud
1883 1648 2156 1718 conﬁtibor

577 1758 790 1811 Domino
817 1770 837 1809 :
869 1763 1131 1824 prapterea
1176 1751 1365 1804 vocavit
1406 1763 1586 1800 nomen
1624 1746 1735 1815 ejus
1771 1742 1985 1796 Judam.
2016 1737 2154 1806 Quid

572 1860 674 1912 est,
708 1847 853 1901 Istud
881 1844 1153 1913 conﬁtebor
1178 1841 1435 1895 Domino?
1464 1835 1752 1907 Conﬂtebor
1779 1834 1865 1888 hic
1895 1833 2033 1886 idem
2075 1837 2158 1884 est

576 1958 661 2004 ac,
683 1941 891 1996 Gratias
914 1953 1088 2008 agam,
1112 1945 1166 1991 et
1188 1932 1498 2007 gloriﬁeabo
1518 1947 1662 1997 eum,
1692 1930 1814 2000 quia
1836 1937 1890 1982 et
1910 1934 2156 1997 quartum

577 2033 704 2089 mihi
731 2031 924 2101 adjecit
952 2029 1141 2090 filium,
1165 2036 1219 2080 et
1242 2033 1440 2079 tantam
1473 2022 1599 2077 mihi
1628 2017 2005 2076 abundantiam
2031 2029 2162 2070 con-

575 2125 733 2181 cessit
765 2141 778 2178 :
810 2132 864 2177 et
891 2135 1011 2192 qua:
1039 2117 1109 2173 ob
1133 2117 1374 2186 corporis
1401 2113 1791 2169 deformitatem
1819 2109 1887 2164 de
1911 2108 2006 2160 viri
2034 2119 2158 2174 erga

579 2233 663 2272 tne
701 2210 1070 2269 benevolentia
1102 2207 1457 2279 periclitatum
1499 2218 1678 2269 eram,
1730 2214 1868 2255 nunc
1908 2213 2158 2268 procrea-

580 2311 722 2364 tionc
763 2306 985 2360 filiorum
1008 2319 1037 2355 a
1081 2301 1188 2355 Deo
1219 2296 1347 2353 mihi
1378 2297 1530 2360 data,
1577 2303 1633 2350 et
1657 2292 1904 2348 maeroris
1932 2303 2159 2343 excessu

577 2399 857 2461 discusso,
903 2407 1018 2458 me,
1050 2407 1167 2460 qua:
1202 2389 1274 2443 ob
1299 2387 1692 2443 deformitatem
1732 2381 1856 2436 odio
1905 2380 2159 2445 habchar,

577 2488 879 2544 consolatus
898 2491 1000 2545 est,
1025 2480 1310 2549 odiumque
1331 2475 1599 2532 transtulit
1620 2475 1673 2528 in
1695 2487 1935 2526 sororem
1964 2483 2162 2524 meam.

582 2580 650 2636 Ut
683 2575 868 2648 peperit
889 2583 1056 2627 autem
1093 2570 1284 2624 ludam
1310 2609 1326 2632 ,
1380 2567 1588 2636 inquit,
1629 2562 1836 2618 cessavit
1881 2576 2078 2633 parere.
2111 2559 2162 2613 1.

578 2670 704 2726 Cum
731 2677 897 2720 autent
926 2664 1124 2718 vidisset
1150 2660 1343 2714 Rachel
1369 2659 1485 2730 quia
1507 2674 1606 2711 non
1634 2656 1906 2726 peperisset
1935 2653 2128 2707 Iacobo
2147 2693 2162 2717 ,

579 2763 817 2817 wmulata
841 2766 912 2812 est
947 2755 1088 2809 Liam
1122 2770 1344 2808 sororem
1371 2767 1514 2806 suam
1535 2791 1549 2814 ,
1593 2759 1639 2803 et
1660 2748 1786 2801 dixit
1823 2746 2016 2800 Jacobo
2036 2788 2050 2812 ,
2084 2745 2165 2799 Da

582 2853 704 2906 mihi
734 2849 867 2919 ﬁlios
887 2865 905 2902 :
937 2847 1014 2900 sin
1043 2846 1228 2910 minus,
1263 2844 1451 2897 moriar
1476 2857 1568 2913 ego
1606 2837 1758 2912 (Cap.
1787 2838 1899 2909 50).
1925 2838 2164 2892 inconsi-

579 2943 762 2998 derata
788 2949 842 2996 et
868 2937 1141 2993 muliebris
1168 2944 1250 2991 est
1287 2935 1402 2989 hate
1429 2933 1611 3004 petitio
1641 2933 1938 3002 anima-que
1965 2932 2169 3002 zeloty-

581 3036 665 3106 pia
699 3034 1037 3103 impugnata',
1071 3027 1150 3081 Da
1173 3027 1296 3080 mihi
1322 3027 1474 3086 ﬁlios.
1503 3024 1618 3079 Non
1649 3024 1864 3087 audisti,
1898 3020 2036 3091 quod
2063 3037 2168 3075 non

584 3126 681 3179 viri
727 3122 1039 3178 concubitus
1082 3119 1157 3172 illi
1205 3127 1413 3186 partum
1440 3115 1743 3184 prazbucrit,
1787 3113 1880 3168 sed
1916 3111 2169 3165 Dominus

587 3219 726 3272 Deus
750 3234 765 3271 :
792 3215 879 3286 qui
905 3212 970 3268 Ut
1000 3211 1121 3264 vidit
1140 3251 1154 3275 ,
1187 3206 1386 3278 inquit,
1417 3207 1549 3278 quod
1577 3205 1694 3258 odio
1726 3205 2009 3266 haberemr,
2051 3217 2171 3270 ape-

586 3311 686 3364 ruit
732 3309 928 3361 vulvam
957 3305 1065 3376 ejus
1087 3302 1113 3355 .’
1149 3302 1326 3368 Quare
1373 3313 1403 3352 a
1452 3298 1564 3351 viro
1595 3296 1731 3364 petis
1757 3310 1816 3349 ea
1844 3311 1961 3363 qum
2010 3308 2168 3362 supra

587 3412 828 3457 naturam
859 3405 1004 3461 sunt,
1033 3403 1087 3450 et
1115 3393 1300 3446 relicto
1341 3399 1540 3443 natur.e
1592 3387 1816 3440 Domino
1865 3386 2034 3437 virum
2079 3398 2168 3436 ar-

587 3494 705 3563 guis
734 3532 748 3556 ,
778 3488 865 3558 qtti
887 3485 952 3541 ad
988 3487 1088 3538 hoc
1113 3481 1244 3537 nihil
1283 3480 1526 3536 conferre
1551 3477 1642 3531 tibi
1676 3476 1863 3546 poterit
1884 3473 2016 3535 ?,Da
2050 3473 2172 3526 mihi

590 3587 746 3655 ﬁlios:
778 3584 855 3637 sin
883 3581 1068 3643 minus,
1094 3576 1281 3629 moriar
1308 3589 1420 3643 ego.
1446 3571 1616 3626 Grave
1645 3569 1839 3623 tnalum
1863 3577 1945 3622 est
1973 3566 2172 3636 zeloty-

589 3677 696 3748 pia,
728 3685 781 3729 et
811 3670 1006 3727 desinit
1035 3670 1087 3723 in
1115 3666 1474 3736 insipientiam
1507 3681 1519 3715 :
1551 3663 1601 3716 id
1635 3659 1776 3730 quod
1813 3670 1866 3714 et
1901 3659 2019 3712 huic
2047 3674 2172 3713 eve-

589 3770 683 3824 nit.
717 3766 912 3821 Videns
932 3764 1073 3818 enim
1095 3762 1316 3816 chorum
1349 3760 1576 3811 liliorum
1605 3771 1695 3808 sor
1732 3756 1828 3818 ris,
1859 3764 1912 3808 et
1934 3754 2172 3823 cogitans
2244 3755 2250 3761 ’

589 3877 742 3917 suam
785 3856 1127 3912 solitudinem
1152 3895 1166 3916 ,
1217 3867 1321 3905 non
1353 3850 1551 3904 ferebat
1592 3847 1729 3902 hanc
1755 3846 2128 3901 contumeliam
2155 3884 2173 3912 ,

590 3966 762 4021 neque
789 3948 1063 4003 continere
1094 3952 1302 4014 poterat
1328 3940 1706 4015 cogitationem
1731 3954 1849 4006 qua:
1896 3953 1954 3990 se
1994 3937 2175 3990 turba-

591 4045 711 4107 bat,
743 4042 835 4097 sed
875 4041 960 4094 illa
989 4037 1304 4108 insipientia:
1346 4035 1496 4103 plena
1529 4033 1685 4086 verba
1715 4032 2064 4100 loqurbatur:
2100 4029 2177 4082 Da

593 4136 716 4188 mihi
745 4134 877 4201 ﬁlios
908 4147 926 4184 :
953 4131 1030 4183 sin
1059 4129 1243 4189 minus,
1269 4125 1455 4178 moriar
1483 4140 1593 4194 ego.
1629 4123 1890 4176 Fortassis
1920 4120 2048 4175 vidit
2075 4121 2175 4174 viri

594 4241 716 4296 erga
748 4224 892 4277 illam
919 4235 1153 4274 amorem
1181 4257 1195 4282 ,
1243 4226 1294 4270 et
1321 4215 1535 4284 putabat
1562 4229 1622 4268 ea
1646 4213 1713 4267 de
1743 4229 1896 4266 causa
1928 4214 2070 4266 illam
2102 4220 2180 4266 tot

599 4318 736 4372 ﬁlios
763 4314 1028 4378 habuisse,
1061 4319 1113 4365 et
1142 4325 1200 4364 se
1242 4308 1476 4362 nomium
1497 4307 1768 4376 peperisse
1802 4324 1814 4358 :
1851 4305 1988 4359 unde
2009 4305 2137 4359 dicit
2160 4347 2174 4371 ,

598 4408 678 4461 Da
708 4407 830 4459 mihi
858 4405 1012 4473 ﬁlios.
1063 4401 1260 4455 Deinde
1293 4409 1490 4452 terrere
1537 4397 1719 4450 volens
1746 4397 1937 4459 virum,
1960 4395 2134 4450 subdit
2162 4413 2176 4448 :

599 4499 748 4565 Quod
773 4498 815 4550 si
843 4496 1004 4549 minus
1029 4535 1043 4557 ,
1097 4492 1284 4544 moriar
1307 4509 1414 4561 ego.
1463 4489 1598 4556 Quid
1617 4479 1782 4558 igitur
1810 4489 1925 4555 pius
1956 4497 2009 4542 ct
2053 4488 2178 4540 reli-

596 4589 775 4659 giosus
801 4585 1005 4640 JaCob?
1033 4585 1086 4637 Ξ.
1122 4582 1417 4636 Succensuit
1438 4624 1451 4643 ,
1479 4581 1667 4649 inquit,
1698 4580 1765 4632 ad
1794 4579 1940 4632 verba
1969 4579 2105 4641 ha'c,
2134 4588 2180 4633 et

597 4682 724 4734 dixit
756 4681 798 4731 ci
827 4694 845 4732 .'
881 4673 1138 4743 Numquid
1161 4690 1250 4742 pro
1281 4671 1386 4724 Deo
1408 4688 1495 4742 ego
1517 4688 1625 4723 sum
1652 4711 1664 4735 ,
1694 4670 1779 4738 qui
1805 4670 1973 4739 [ﬂictu
1999 4670 2180 4724 ventris

598 4780 644 4824 te
666 4769 874 4840 privavit
892 4769 916 4822 .9
934 4767 1109 4843 Quare
1131 4762 1386 4817 derelicto
1411 4771 1612 4814 natura:
1642 4759 1863 4813 Domino
1888 4761 2180 4827 reprehen-

596 4865 801 4917 sionem
847 4859 974 4914 mihi
1020 4856 1262 4912 inducis?
1295 4855 1385 4908 Ille
1423 4862 1504 4907 cst
1547 4853 1634 4920 qui
1664 4852 1887 4920 privavit
1937 4860 1987 4905 te
2011 4851 2180 4905 fructu

599 4953 819 5009 ventris.
848 4951 1022 5017 Quare
1053 4963 1156 5001 non
1195 4947 1261 4999 ab
1290 4945 1379 4999 illo
1404 4945 1536 5014 petis
1559 4986 1572 5006 ,
1622 4943 1711 5012 qui
1759 4953 1932 5012 potest
1972 4942 2181 5010 aperire

602 5054 808 5099 natura:
833 5039 1119 5102 oflicinam,
1147 5047 1197 5090 et
1221 5035 1519 5090 fmcundam
1552 5034 1725 5089 facere
1745 5033 1997 5086 vulvam?
2030 5033 2184 5088 Disce

601 5138 757 5207 igitur
784 5135 930 5189 illum
959 5147 1076 5187 esse
1103 5131 1189 5200 qui
1220 5141 1270 5184 te
1301 5129 1522 5198 privavit
1553 5128 1725 5182 fructu
1753 5129 1953 5182 ventris
1980 5127 2084 5192 tui,
2131 5139 2184 5181 et

598 5230 768 5284 sorori
803 5238 905 5281 tua:
933 5232 1130 5280 tantam
1162 5222 1556 5278 fiecunditatem
1586 5222 1848 5293 prtestitit.
1873 5221 1949 5275 Nc
1973 5221 2132 5291 igitur
2154 5237 2182 5274 a

599 5335 685 5376 me
712 5333 920 5389 quwras
941 5331 1057 5385 qua:
1086 5315 1324 5383 praebere
1351 5329 1456 5366 non
1487 5328 1720 5380 possum,
1746 5322 1797 5368 et
1823 5328 2048 5382 quorum
2077 5327 2182 5365 non

598 5426 715 5465 sum
743 5409 1009 5462 dominus.
1041 5406 1172 5460 Nam
1207 5404 1253 5459 si
1283 5403 1383 5458 hoc
1410 5405 1462 5457 in
1494 5418 1579 5457 me
1624 5403 1803 5457 fuisset
1829 5447 1842 5468 ,
1884 5403 2104 5457 omnino
2133 5413 2186 5457 te

598 5501 765 5556 sorori
799 5499 1148 5570 prtetulissem
1173 5542 1186 5564 ,
1221 5497 1478 5565 majorem
1517 5512 1641 5566 erga
1679 5506 1729 5553 te
1759 5498 2181 5553 benevolentiam

600 5591 816 5648 habens.
872 5595 939 5646 At
979 5598 1190 5660 quando
1230 5589 1436 5644 etiamsi
1492 5590 1543 5642 iit
1596 5590 1856 5645 infinitum
1899 5592 2084 5662 majori
2135 5602 2186 5648 te

662 5783 735 5846 (τε)
759 5792 787 5831 Α
807 5797 920 5832 voce
945 5792 1149 5842 uanique
1166 5777 1308 5835 πω
1325 5778 1523 5839 audivit,
1541 5778 1785 5828 derivatur
1966 5794 1980 5832 ξ
1995 5793 2181 5844 gntcon.

1269 368 1324 424 S.
1365 362 1643 421 JOANNIS
1680 351 2164 417 CllRYSOSTO!“
2204 350 2519 406 AliClllEP.
2551 349 3088 408 CONSTANTINOP.

3736 351 3848 406 ωε

2249 469 2574 539 complectar
2605 468 2973 526 benevolentia
2997 510 3013 536 ,
3061 467 3193 522 nihil
3239 465 3332 522 tibi
3360 467 3413 521 in
3445 467 3546 522 hoc
3588 467 3852 536 prodesse

2251 570 2441 630 potero
2466 604 2479 626 ,
2521 561 2588 616 ab
2619 562 2706 616 illo
2736 576 2917 631 qn:ere
2941 604 2955 627 ,
2997 561 3085 630 qui
3113 569 3168 616 et
3197 561 3534 616 sterilitatem
3568 559 3764 614 afferre
3790 569 3863 613 et?

2251 652 2464 707 solvere
2488 663 2680 722 potest.
2709 652 2843 708 Vide
2863 652 2988 722 justi
3013 650 3369 723 prudentiam,
3393 650 3660 723 quomodo
3681 653 3844 704 etiam

2251 743 2321 796 ob
2353 743 2499 799 illius
2525 742 2662 798 dicta
2689 758 3030 806 succensens,
3067 757 3380 811 reSponsmn
3415 742 3487 798 illi
3516 742 3610 795 dat
3626 742 3848 810 sapien-

2255 832 2475 888 tissimis
2502 835 2678 890 verbis
2706 851 2720 887 :
2748 833 2949 889 docens
2978 834 3262 904 ddigentcr
3290 834 3490 896 omnia,
3519 847 3849 901 causamque

2254 923 2625 990 manifestans,
2656 934 2713 978 ut
2737 940 2840 979 noo
2872 925 3058 979 relicto
3082 924 3307 978 Domino
3329 934 3531 993 quaerat
3555 924 3623 977 ab
3646 923 3755 977 alio
3783 939 3848 978 ea

2253 1029 2374 1083 qua:
2405 1014 2493 1068 ille
2518 1015 2665 1069 solus
2703 1027 2954 1084 pra-Stare
2983 1023 3175 1084 potest.
3223 1013 3385 1084 Igitur
3415 1023 3469 1068 ut
3494 1013 3678 1068 didicit
3703 1013 3852 1084 quod

2254 1106 2450 1160 sterilis
2473 1107 2611 1163 facta
2636 1118 2777 1162 esset
2803 1123 2832 1160 a
2867 1107 2977 1163 Deo
3002 1149 3015 1172 ,
3062 1117 3117 1162 et
3158 1107 3346 1162 videns
3381 1122 3621 1164 sororem
3661 1108 3848 1162 liberis

2257 1195 2450 1252 ll-nrct'c
2476 1237 2492 1260 ,
2543 1198 2623 1254 vel
2670 1198 2940 1252 mediocre
2982 1197 3229 1253 solatium
3267 1198 3579 1267 requirens,
3628 1199 3758 1252 dicit
3783 1199 3851 1253 ad

2256 1286 2421 1342 Jacob
2451 1305 2465 1342 :
2496 1287 2758 1354 Quoniam
2788 1303 2929 1342 nune
2953 1288 3180 1343 docuisti
3225 1303 3311 1342 tne
3335 1303 3442 1342 non
3484 1287 3638 1359 culpa
3665 1299 3753 1343 tua
3783 1288 3852 1343 li-

2262 1378 2295 1431 b
2333 1379 2404 1431 ris
2433 1392 2652 1442 carere,
2686 1378 2874 1433 saltem
2905 1378 3152 1433 ancillam
3177 1394 3348 1432 meam
3371 1379 3574 1448 accipe,
3605 1379 3854 1448 ﬁliosque

2258 1486 2325 1523 ex
2352 1485 2414 1526 ea
2443 1485 2662 1541 procrea
2685 1511 2698 1534 ,
2748 1480 2802 1524 ut
2825 1485 3046 1540 parvum
3091 1469 3306 1540 aliquod
3333 1469 3580 1524 solatium
3611 1470 3854 1526 invenire

2261 1565 2481 1632 possim,
2504 1579 2566 1617 ea
2585 1565 2713 1617 mihi
2737 1565 3011 1618 vindicans
3033 1579 3154 1634 qua:
3173 1563 3242 1617 ab
3263 1563 3351 1617 illa
3378 1573 3682 1618 nascentur.
3705 1564 3760 1618 ι.
3786 1562 3856 1618 Et

2260 1655 2397 1709 dedit
2436 1656 2503 1721 ei,
2535 1655 2738 1724 inquit,
2775 1653 2980 1708 Bullam
3004 1652 3246 1709 ancillam
3270 1669 3416 1710 suam
3446 1670 3653 1708 uxorem
3678 1670 3697 1709 .'
3719 1655 3774 1711 5.
3810 1664 3857 1709 et

2262 1748 2465 1801 intravit
2493 1747 2562 1800 ad
2591 1763 2735 1813 eam;
2774 1757 2820 1802 et
2847 1748 3074 1818 concepit
3092 1788 3109 1812 ,
3153 1756 3199 1801 et
3230 1747 3420 1818 peperit
3440 1747 3605 1816 [ilium
3627 1747 3856 1816 Jacobo,

2263 1839 2314 1894 6.
2347 1849 2392 1893 et
2414 1839 2542 1894 dixit
2573 1838 2765 1893 Rachel
2790 1857 2808 1894 :
2828 1839 3087 1894 Judicavit
3130 1841 3257 1894 mihi
3298 1839 3438 1895 Deus
3459 1882 3474 1908 ,
3518 1850 3566 1894 et
3600 1840 3861 1895 exaudivit

2264 1948 2434 1986 vocem
2459 1949 2642 1997 meam,
2674 1934 2911 2002 deditque
2932 1935 3055 1988 mihi
3082 1934 3269 2003 ﬁlium.
3308 1933 3523 2004 Propter
3551 1935 3647 1990 hoc
3667 1936 3858 1989 vocarit

2263 2040 2446 2077 nomen
2473 2025 2582 2096 ejus
2607 2023 2721 2078 Dan
2757 2025 2857 2096 (α).
2901 2025 3094 2080 Habuit
3118 2025 3299 2096 aliquo
3319 2025 3473 2081 modo
3499 2027 3740 2095 pariente
3765 2039 3859 2081 an-

2263 2119 2383 2174 cilla
2427 2120 2511 2175 vel
2558 2121 2773 2176 brevem
2819 2122 3290 2178 consolationem:
3335 2122 3460 2178 ideo
3502 2123 3616 2193 ipsa
3661 2137 3859 2178 nomen

2267 2230 2434 2284 puero
2465 2217 2726 2285 imponit,
2753 2217 3058 2287 gratiasque
3098 2217 3208 2286 agit
3242 2216 3467 2271 Domino
3503 2232 3599 2286 pro
3629 2225 3776 2271 nato.
3806 2217 3858 2270 7.

2268 2304 2334 2359 Et
2362 2308 2612 2376 concepit,
2635 2307 2823 2375 inqttit,
2848 2309 3025 2361 iterum
3056 2305 3205 2362 Ralla
3226 2349 3242 2372 ,
3277 2317 3325 2360 et
3354 2309 3543 2377 peperit
3563 2307 3732 2378 filium
3754 2324 3774 2374 ,'
3801 2309 3858 2364 8.

2267 2410 2314 2453 et
2343 2398 2472 2453 dixit
2505 2399 2698 2453 Rachel
2723 2415 2742 2453 :
2771 2399 2977 2469 Adjuvit
3003 2415 3082 2452 me
3111 2398 3255 2461 Deus
3274 2439 3290 2462 ,
3340 2411 3384 2454 et
3421 2409 3723 2454 conuersata
3750 2416 3863 2454 sum

2267 2507 2383 2544 cum
2413 2506 2584 2544 sorore
2609 2507 2738 2556 mea,
2765 2500 2811 2544 et
2839 2491 3050 2544 invului.
3094 2489 3159 2544 Et
3194 2490 3386 2545 vocavit
3417 2507 3598 2545 nomen
3619 2492 3729 2563 ejus
3762 2489 3865 2548 Ne-

2271 2581 2542 2651 phthalim.
2583 2580 2650 2635 Et
2691 2581 2871 2635 didicit
2907 2590 3090 2653 postea
3130 2579 3412 2636 manifeste
3449 2597 3544 2650 per
3577 2583 3865 2651 ancillam,

2269 2672 2525 2728 Iacobum
2568 2688 2673 2726 non
2717 2673 2769 2727 in
2811 2663 2972 2727 causa
3013 2671 3177 2728 fuisse
3206 2688 3372 2742 quare
3413 2672 3594 2727 liberis
3633 2683 3865 2727 careret.

2271 2762 2398 2818 Ideo
2427 2772 2582 2817 natos
2602 2763 2753 2833 quasi
2781 2778 2908 2818 suos
2945 2762 3084 2817 illius
3111 2762 3394 2828 educavit,
3443 2771 3499 2818 et
3544 2763 3757 2816 nomina
3790 2764 3869 2817 cis

2278 2855 2552 2924 imposuit,
2587 2856 2873 2908 maximam
2906 2854 3029 2910 inde
3055 2855 3153 2910 sibi
3179 2855 3277 2925 ipsi
3304 2855 3724 2910 consolationem
3748 2870 3870 2910 esse

2274 2955 2408 3000 rata.
2435 2944 2490 2998 9.
2519 2943 2585 3000 Ut
2610 2955 2777 2998 autem
2802 2946 2922 2999 vidit
2945 2946 3039 2998 Lia
3063 2946 3198 3014 quod
3217 2955 3454 3000 cessasset
3476 2961 3674 3015 parere,
3698 2955 3742 2998 et
3757 2947 3870 3015 ipsa

2274 3037 2516 3089 ancillam
2564 3053 2710 3089 suam
2755 3035 3005 3104 chphum
3043 3037 3181 3090 dedit
3205 3035 3397 3090 Iacobo
3427 3053 3674 3090 uxorem:
3704 3038 3787 3091 10.
3824 3047 3870 3090 et

2275 3127 2538 3195 concepit,
2567 3137 2616 3180 et
2647 3130 2867 3198 peperit,
2905 3128 2989 3181 11.
3020 3127 3086 3180 Et
3115 3128 3238 3180 dixi:
3261 3127 3357 3180 Lia
3385 3144 3403 3181 :
3439 3127 3723 3181 Fortunata
3752 3129 3830 3199 fui
3853 3171 3867 3194 ,

2278 3217 2380 3272 hoc
2406 3227 2523 3282 est,
2594 3218 2708 3272 \‘oti
2755 3233 2974 3288 compos
3001 3219 3136 3272 facta
3175 3234 3316 3273 sum.
3365 3218 3427 3271 Et
3455 3222 3646 3273 vocavit
3691 3237 3871 3274 nomen

2276 3311 2386 3379 ejus
2431 3309 2563 3363 Cod.
2613 3310 2679 3364 Et
2709 3312 2958 3380 quoniam
3003 3311 3178 3380 reipsa
3222 3311 3400 3366 evenit
3436 3312 3575 3382 quod
3618 3312 3868 3382 Optabat,

2277 3399 2479 3454 vocavit
2527 3416 2720 3454 nomen
2756 3400 2872 3470 ejus
2911 3400 3045 3456 Gad.
3084 3400 3168 3454 12.
3223 3399 3290 3452 Et
3323 3403 3550 3469 concepit
3592 3403 3794 3469 adhuc,
3826 3417 3870 3458 et

2280 3493 2470 3562 peperit
2514 3491 2674 3546 alium
2706 3508 2724 3545 :
2757 3494 2840 3548 15.
2897 3493 3124 3563 dixitque
3169 3492 3264 3546 Lia
3313 3510 3333 3546 :
3379 3493 3532 3548 Beata
3575 3512 3668 3566 ego
3693 3537 3709 3560 ,
3754 3499 3872 3567 quia

2278 3584 2473 3637 beatam
2500 3601 2578 3637 me
2597 3585 2762 3638 dicent
2791 3586 3025 3639 mulieres
3052 3602 3070 3639 :
3097 3595 3144 3640 et
3165 3587 3358 3640 vocavit
3385 3603 3562 3640 nomen
3591 3589 3700 3657 ejus
3729 3589 3870 3643 Aser.

2350 3677 2402 3733 5.
2451 3677 2637 3732 Vidisti
2671 3677 2941 3746 quomodo
2966 3686 3020 3731 et
3044 3677 3159 3732 ha'c
3189 3689 3341 3732 natos
3367 3693 3431 3732 ex
3467 3679 3657 3731 ancilla
3688 3690 3745 3731 ut
3773 3679 3872 3732 sihi

2280 3773 2524 3843 proprios
2549 3771 2788 3835 haberet,
2819 3780 2867 3825 et
2900 3770 3108 3824 beatam
3141 3785 3198 3824 se
3227 3785 3344 3823 csse
3372 3770 3534 3833 dicat,
3563 3779 3618 3824 et
3644 3771 3872 3824 beatitu-

2280 3866 2403 3919 dine
2429 3863 2639 3933 dignam
2672 3867 2740 3917 oh
2771 3863 3190 3932 procreationem
3233 3862 3481 3915 llliorum.
3519 3860 3624 3916 Sed
3670 3862 3792 3917 vide
3813 3877 3874 3918 ea

2282 3971 2493 4026 quoque
2513 3970 2630 4024 qua:
2657 3965 2775 4023 post
2806 3953 2920 4007 inec
2949 3963 3094 4024 gesta
3127 3963 3269 4020 sunt,
3297 3965 3347 4006 ut
3380 3953 3557 4008 disc:is
3605 3954 3877 4024 quomodo

2283 4049 2559 4119 zelotypize
2585 4049 2795 4102 aﬂ‘ectio
2824 4047 2925 4102 huc
2947 4056 3002 4102 et
3028 4047 3151 4100 illuc
3178 4047 3451 4108 transiliat,
3488 4055 3542 4099 ct
3571 4063 3710 4100 nunc
3740 4046 3873 4111 lucc,

2285 4156 2424 4194 nunc
2467 4140 2550 4193 illa
2591 4139 3015 4208 impttgnabatur.
3044 4139 3126 4192 14.
3160 4136 3225 4190 Et
3254 4138 3362 4202 ivit,
3397 4138 3584 4208 inquit,
3623 4137 3796 4190 Ruben
3827 4138 3875 4189 in

2284 4233 2458 4287 diebus
2483 4232 2656 4286 messis
2689 4233 2920 4295 triticeaz,
2954 4243 3000 4284 et
3027 4232 3211 4284 invenit
3250 4231 3387 4283 mala
3418 4231 3876 4300 nmndragorarunt

2285 4325 2336 4377 in
2365 4342 2509 4395 agro,
2539 4334 2585 4377 et
2616 4324 2781 4377 attulit
2808 4341 2867 4376 ea
2896 4325 3044 4376 matri
3071 4339 3197 4376 suat.
3231 4323 3469 4391 Dixitque
3497 4321 3686 4375 Rachel
3727 4321 3835 4374 Lia:
3861 4339 3879 4375 :

2286 4418 2369 4471 Da
2401 4418 2524 4470 mihi
2551 4417 2613 4468 de.
2638 4417 2988 4487 mandragoris
3016 4416 3111 4484 ﬁlii
3137 4416 3232 4468 tui.
3259 4414 3341 4470 15.
3373 4414 3516 4467 Dixit
3543 4426 3714 4466 autem
3747 4413 3838 4466 Lia
3865 4433 3880 4468 :

2291 4513 2409 4566 Non
2436 4514 2556 4566 satis
2581 4513 2667 4563 tibi
2688 4511 2823 4582 quod
2846 4510 3079 4578 accepisti
3113 4511 3273 4562 virum
3298 4509 3506 4560 meum?
3533 4524 3651 4558 num
3674 4517 3720 4558 ct
3745 4521 3880 4558 man-

2285 4609 2529 4677 dragorus
2559 4605 2654 4673 lilii
2685 4605 2780 4657 mei
2810 4601 3063 4671 accipies?
3109 4600 3268 4655 Vides
3307 4597 3576 4668 quomodo
3605 4597 3879 4666 :rgritudi-

2290 4714 2410 4751 netn
2455 4699 2617 4750 animi
2649 4697 2825 4750 verbis
2852 4693 3186 4748 manifestam
3240 4691 3396 4745 facit?
3440 4689 3561 4743 Non
3604 4689 3724 4742 satis
3769 4687 3876 4751 tibi,

2290 4790 2477 4858 inquit,
2510 4788 2643 4858 quod
2662 4788 2899 4855 accepisti
2927 4787 3089 4838 virum
3116 4784 3319 4837 nteant?
3350 4799 3469 4834 num
3493 4791 3539 4834 et
3571 4781 3875 4850 mandrago-

2289 4897 2373 4934 ras
2407 4881 2500 4949 ﬁlii
2529 4881 2624 4932 mei
2650 4878 2907 4948 accipies?
2941 4875 3082 4931 Dixit
3130 4885 3299 4928 autem
3353 4872 3547 4927 Rachel
3573 4889 3590 4925 :
3620 4871 3741 4925 Non
3768 4873 3839 4925 sic
3863 4887 3880 4924 :

2289 4972 2509 5025 dormiat
2536 4983 2699 5024 tecum
2732 4981 2875 5024 nocte
2903 4970 2998 5022 hac
3027 4985 3118 5039 pro
3150 4966 3502 5037 mandragoris
3542 4966 3636 5034 ﬁlii
3682 4979 3777 5017 tut.
3811 4963 3879 5017 Da

2291 5064 2417 5119 tnihi
2435 5065 2500 5118 de
2517 5064 2905 5132 mandragoris,
2929 5072 2979 5116 et
2999 5061 3180 5129 accipe
3202 5059 3362 5114 hodie
3385 5069 3561 5114 tecum
3591 5058 3762 5111 virum
3786 5058 3878 5127 (b).

2295 5158 2422 5212 Vide
2451 5156 2719 5227 quomodo
2745 5155 3027 5209 exhibetur
3043 5151 3251 5206 :illectui
3278 5151 3523 5204 llachelis
3549 5149 3772 5202 otnnino
3793 5150 3883 5203 dc-

2290 5249 2449 5302 tlitus.
2487 5248 2618 5302 Nam
2648 5250 2691 5301 si
2726 5255 2870 5300 ιςηιιυ
2893 5246 3059 5300 choro
3088 5246 3317 5299 liliormn
3351 5243 3458 5296 Liae
3490 5252 3635 5305 nato,
3667 5243 3764 5296 fuit
3789 5243 3881 5297 ad.-

2354 5471 2425 5534 (a)
2462 5473 2698 5521 ttehraicc
2734 5477 2807 5554 rt.
2844 5471 2983 5521 Radix
3022 5479 3098 5520 est
3123 5467 3490 5552 Tnjudirarit.
3539 5470 3656 5518 Illuc
3708 5481 3886 5518 nomen

2293 5577 2445 5626 puero
2468 5565 2648 5621 datum,
2671 5573 2722 5614 ut
2747 5566 2795 5613 iu
2821 5573 2960 5614 textu
2984 5564 3179 5613 dicitur.

2355 5649 2427 5710 (b)
2462 5650 2758 5698 Existimavit
2782 5657 2924 5697 vetus
2963 5656 3208 5709 Interpres
3241 5649 3346 5697 haec
3373 5647 3521 5710 verba
3544 5659 3607 5697 ex
3635 5655 3779 5710 textu
3818 5646 3891 5696 ω.

2294 5709 2417 5762 Nico
2442 5723 2572 5760 esse.
2613 5711 2703 5760 Sed
2742 5720 2853 5761 sunt
2892 5725 2920 5759 a
2955 5710 3287 5771 (:hrysostemo
3323 5709 3508 5773 adjecta
3554 5709 3894 5772 explicatiqu

2293 5785 2453 5826 ωυδα.
