4182 6322
239 393 343 448 μδ

242 507 347 560 huc
380 522 564 563 amore
593 509 764 577 magis
797 522 1090 578 propensus
1121 507 1172 562 in
1204 507 1492 562 Rachelem
1515 527 1523 560 :
1549 510 1591 562 si
1626 509 1847 562 hocnon

243 601 433 653 fuisset
464 601 683 664 factum,
717 600 986 670 quomodo
1028 600 1169 655 ferre
1214 605 1473 670 potuisset
1519 600 1609 654 Lia
1650 603 1851 656 sororis

243 692 694 746 contubernium?
724 693 792 748 Ut
831 693 973 747 enim
1015 708 1233 748 omnem
1271 693 1367 747 viri
1401 689 1713 762 potestatein
1754 693 1846 746 ha-

248 783 400 846 bens,
427 784 496 838 ita
522 784 781 854 permittit
808 785 856 837 ei
889 800 984 854 pro
1007 785 1377 854 mandragoris
1403 785 1596 848 virum,
1627 795 1680 838 et
1701 784 1848 838 dicit:

246 874 486 928 Dormiat
501 876 651 928 hodie
668 887 831 927 tecum
857 892 948 944 pro
976 877 1347 946 mandragoris.
1377 875 1624 942 Satisfac,
1659 877 1848 946 inquit,

249 983 374 1023 meo
400 967 688 1030 desiderio,
721 978 775 1022 et
801 968 983 1036 accipe
1005 969 1197 1023 virum.
1222 970 1304 1023 I6.
1338 969 1642 1023 Adveniente
1660 980 1849 1035 autem,

249 1057 444 1127 inquit,
475 1054 660 1120 Iacob,
695 1074 896 1127 egressa
938 1059 988 1110 in
1022 1075 1287 1111 occursum
1317 1060 1427 1126 ejus
1454 1058 1550 1111 Lia
1577 1061 1707 1113 dixit
1733 1075 1750 1112 :
1775 1059 1852 1112 Ad

252 1165 333 1202 me
358 1148 658 1218 ingredieris
682 1148 862 1212 hodie;
895 1149 1119 1202 mercede
1140 1149 1271 1202 enim
1298 1149 1516 1202 conduxi
1545 1161 1591 1202 te
1617 1151 1740 1202 mihi
1761 1166 1852 1220 pro

250 1240 612 1308 mandragoris
638 1240 735 1302 ﬁlii
759 1241 892 1293 mei:
922 1248 967 1294 et
1009 1239 1244 1293 dormivit
1293 1257 1409 1294 cum
1458 1257 1516 1293 ea
1569 1249 1714 1295 nocte
1738 1241 1847 1294 illa.

251 1332 340 1384 l7.
380 1329 446 1384 Et
475 1331 728 1384 exaudivit
759 1330 892 1385 Dens
923 1329 1090 1397 Liam,
1123 1340 1169 1384 et
1209 1332 1435 1399 concepit
1462 1340 1509 1384 et
1537 1332 1726 1400 peperit
1753 1329 1852 1383 Ia-

247 1422 377 1476 cobo
401 1424 631 1491 quintum
661 1423 842 1490 ﬁlium.
871 1423 956 1477 18.
985 1421 1051 1475 Et
1080 1424 1208 1477 dixit
1236 1423 1331 1476 Lia
1351 1439 1368 1476 :
1391 1422 1540 1476 Dedit
1573 1424 1696 1475 mihi
1718 1423 1856 1477 Deus

249 1514 536 1566 mercedem
556 1530 737 1574 meam,
765 1530 820 1566 eo
842 1515 978 1582 quod
994 1514 1112 1566 dedi
1138 1516 1378 1567 ancillant
1407 1531 1569 1567 meam
1599 1515 1704 1567 viro
1723 1530 1850 1566 meo.

251 1604 320 1658 Et
349 1605 542 1657 vocavit
568 1621 750 1657 nomen
780 1606 889 1673 ejus
916 1603 1154 1669 Isachar,
1178 1619 1309 1674 quoa
1338 1615 1410 1658 est
1438 1622 1641 1658 merces.
1682 1605 1857 1656 Exau-

243 1696 398 1758 dioit,
431 1695 622 1763 inquit,
658 1694 794 1747 Deus
824 1694 988 1747 Liam.
1022 1695 1151 1762 Quia
1177 1696 1392 1749 videbat
1416 1711 1531 1748 eam
1561 1696 1851 1759 dolentem,

251 1800 430 1854 neque
460 1785 615 1838 valde
644 1788 835 1838 marito
865 1795 1160 1855 acceptam,
1195 1787 1465 1840 exaudivit
1491 1802 1629 1850 eam,
1665 1787 1852 1855 inquit,

253 1880 418 1938 Deus,
450 1890 504 1932 et
534 1881 759 1946 peperit,
793 1893 855 1932 ac
879 1877 1044 1933 dixit:
1069 1877 1186 1932 Tuli
1231 1878 1554 1943 mercedem,
1600 1894 1666 1934 eo
1712 1878 1852 1948 quod

249 1969 374 2023 dedi
409 1969 656 2022 ancillam
702 1984 896 2021 meam.
949 1969 1236 2037 Propterea
1281 1969 1489 2021 vocavit
1520 1985 1712 2022 nomen
1741 1969 1856 2037 ejus

250 2059 490 2113 Isachar.
526 2060 611 2113 I9.
652 2057 715 2110 Et
758 2060 987 2128 concepit
1027 2059 1196 2111 adhuc
1246 2058 1359 2121 Lia,
1395 2070 1439 2110 et
1467 2060 1660 2127 peperit
1692 2059 1855 2126 ﬁlium

248 2159 467 2204 sextum.
503 2149 593 2204 ΞΟ.
633 2149 704 2203 Et
740 2151 868 2204 dixit
899 2149 996 2202 Lia
1018 2168 1037 2202 :
1063 2148 1279 2202 Donavit
1319 2150 1444 2202 mihi
1485 2149 1620 2202 Deus
1667 2150 1855 2202 donum

251 2243 462 2295 bonum.
498 2239 652 2293 Nunc
681 2242 918 2310 temporis
946 2258 1023 2293 nte
1052 2241 1196 2310 eliget
1224 2242 1298 2293 vir
1323 2257 1492 2306 meus;
1527 2241 1693 2309 peperi
1722 2240 1855 2292 enim

250 2336 295 2387 ei
325 2335 468 2400 ﬁlios
495 2350 602 2388 sex.
632 2334 700 2387 Et
731 2335 923 2387 vocavit
960 2350 1138 2386 nomen
1165 2335 1276 2402 ejus
1300 2331 1551 2385 Zabnlon.
1603 2331 1852 2398 Posthac,

250 2428 442 2496 inquit,
469 2426 715 2480 amabilis
743 2442 836 2480 ero
864 2435 918 2480 et
946 2441 1066 2494 ego,
1090 2426 1211 2495 quia
1236 2427 1412 2493 peperi
1442 2439 1532 2477 sex
1560 2424 1712 2476 illius.
1735 2422 1856 2478 Ideo

248 2517 468 2571 vocavit
497 2531 688 2571 nomen
716 2519 833 2585 ejus
869 2517 1124 2570 Zabulon.
1170 2517 1260 2568 2|.
1292 2514 1496 2581 Peperit
1525 2524 1690 2568 autent
1714 2524 1762 2568 et
1793 2515 1856 2581 [i-

236 2607 395 2673 liant,
423 2615 472 2659 et
508 2609 697 2660 vocarit
729 2624 908 2660 nomen
951 2608 1062 2678 q'us
1115 2605 1268 2659 Dina.
1310 2605 1401 2658 22.
1449 2605 1758 2658 llecortlatus
1785 2615 1856 2659 est

248 2707 424 2750 autem
448 2695 586 2750 Deus
615 2697 874 2754 Rachclis.
903 2708 947 2750 et
977 2698 1236 2752 exaudivit
1263 2714 1395 2764 cam,
1443 2706 1487 2750 et
1518 2697 1716 2766 aperuit
1744 2698 1854 2766 ejus

249 2791 474 2845 vulvam.
498 2790 588 2846 25.
615 2789 682 2844 Et
712 2792 959 2862 concepit,
993 2801 1038 2846 et
1064 2791 1254 2860 peperit
1281 2791 1443 2859 ﬁlium
1467 2791 1680 2844 Jawbo.
1712 2790 1856 2844 Dixit

245 2893 417 2939 autem
474 2884 698 2938 Rachel:
722 2884 942 2938 Abstulit
967 2901 998 2937 a
1028 2901 1105 2938 me
1145 2884 1285 2937 Deus
1313 2885 1642 2954 opprobrium
1669 2901 1851 2938 nteant.

246 2976 340 3031 2L
390 2973 454 3028 Et
507 2976 697 3028 vocavit
743 2991 924 3027 nomen
972 2976 1083 3045 ejus
1123 2973 1334 3044 Ioseph,
1375 2974 1856 3044 dicens:.4pposuit

246 3067 380 3120 mihi
406 3066 540 3120 Deus
564 3066 726 3136 ﬁlium
756 3067 937 3120 alium.
971 3067 1190 3119 Abstulit
1215 3084 1244 3118 a
1271 3083 1367 3130 me,
1393 3067 1583 3136 inquit,
1613 3064 1746 3118 Deus
1765 3082 1849 3134 op-

245 3159 511 3229 probrium
524 3175 546 3220 ;
567 3159 724 3213 solvit
743 3159 1075 3213 sterilitatem
1095 3175 1109 3211 :
1134 3157 1393 3227 prepitius
1411 3158 1580 3211 factus
1600 3166 1682 3212 est
1701 3156 1854 3223 mihi,

246 3259 302 3303 ct
325 3249 575 3303 idoneam
605 3248 730 3303 fecit
768 3248 834 3302 ad
865 3247 1252 3317 procreandum
1291 3248 1427 3301 ﬁlios
1450 3264 1692 3314 vutvam,
1725 3248 1857 3302 libe-

250 3355 476 3409 ramque
503 3355 591 3395 me
619 3340 741 3395 fecit
761 3339 830 3393 ab
872 3340 1159 3411 approbrio
1182 3355 1325 3394 meo.
1353 3339 1421 3392 Et
1449 3341 1639 3393 vocavit
1675 3356 1855 3394 nomen

247 3433 359 3502 ejus
386 3430 605 3501 Ioseph,
632 3431 804 3484 dicens
828 3446 847 3483 :
877 3431 1128 3500 Apposuit
1163 3431 1286 3483 mihi
1309 3429 1448 3484 Deus
1475 3431 1640 3496 [ilium
1667 3431 1850 3485 aliunt.

249 3521 414 3576 Vides
442 3523 712 3592 quomodo
751 3521 1007 3590 paulatim
1053 3521 1438 3590 promissiones
1487 3522 1579 3576 Dei
1631 3524 1682 3576 in
1721 3538 1855 3592 opus

247 3612 481 3680 egressa:
508 3611 666 3664 sunt?
695 3611 832 3666 Ecce
877 3611 1020 3665 enim
1063 3621 1320 3680 quantum
1359 3620 1581 3681 repente
1629 3613 1855 3667 chorum

251 3703 487 3756 ﬁliorum
517 3704 658 3757 circa
703 3719 760 3756 se
793 3701 976 3757 habuit
1017 3703 1217 3772 justus,
1259 3713 1478 3772 propter
1519 3703 1855 3758 manifestam

252 3795 344 3848 Dei
385 3809 512 3862 erga
542 3809 602 3849 se
649 3794 1054 3863 providentiam.
1101 3794 1362 3859 Quoniam
1410 3797 1554 3848 enim
1608 3809 1852 3864 magnam

250 3901 358 3954 pne
389 3900 448 3940 se
483 3886 598 3939 tulit
626 3886 953 3955 patientiam,
986 3887 1390 3956 quatuordecim
1430 3887 1584 3940 annis
1621 3890 1853 3940 servitu-

249 3987 357 4031 tem
381 3979 577 4043 ferens,
603 3985 882 4046 propterea
903 3988 957 4033 et
983 3978 1357 4032 universorum
1387 3980 1642 4032 Dominus
1667 3994 1849 4033 remn-

249 4084 446 4123 nerans
467 4069 596 4138 justi
627 4070 904 4139 pietatem,
955 4071 1006 4124 in
1050 4079 1257 4124 tantum
1283 4085 1406 4125 eum
1433 4085 1677 4125 crescere
1706 4069 1850 4136 fecit,

249 4171 306 4214 ut
335 4170 390 4214 ct
417 4161 641 4230 posthac
669 4161 960 4215 invidiosus
1001 4163 1116 4215 aliis
1156 4162 1330 4227 ﬁeret,
1363 4164 1500 4216 sicut
1529 4178 1592 4216 ex
1621 4178 1854 4233 sequen-

248 4252 393 4306 tibus
423 4253 711 4318 discetnus,
743 4269 861 4322 qua:
887 4252 1080 4308 vellem
1109 4263 1452 4323 pertractare.

353 4345 409 4400 6.
475 4345 690 4400 Muralis
753 4345 980 4417 epilogus
1023 4362 1042 4410 ;
1105 4348 1385 4400 humanum
1439 4349 1686 4400 auxilium
1751 4365 1851 4401 non

245 4439 870 4508 quarendum.——Veruin
905 4455 971 4493 ne
1014 4440 1270 4508 prolixius
1314 4455 1619 4493 sermonem
1660 4449 1852 4494 exten-

245 4528 474 4592 damus,
523 4544 657 4582 neve
704 4529 959 4582 molestus
1002 4543 1121 4583 esse
1153 4530 1335 4583 videar
1377 4530 1584 4583 caritati
1622 4538 1847 4596 \‘CSII‘:(‘,

247 4620 291 4674 si
326 4621 522 4689 placet,
573 4636 692 4689 qua:
724 4622 923 4690 reliqua
949 4632 1073 4675 sunt
1099 4623 1149 4675 in
1191 4608 1504 4690 seqttcnt'em
1536 4623 1847 4677 concionem

249 4713 613 4776 reservatnri,
650 4713 894 4766 ﬁniamus
950 4714 1036 4766 hic
1079 4729 1428 4776 sermonem,
1475 4715 1599 4767 illud
1633 4716 1846 4768 interim

245 4804 524 4858 caritatem
574 4815 802 4858 vestram
833 4805 1182 4860 admonentes
1204 4847 1218 4872 ,
1255 4815 1309 4858 ut
1331 4820 1517 4859 eorum
1548 4821 1666 4874 qur.
1707 4805 1846 4859 dicta

244 4904 372 4948 sunt
402 4909 697 4959 memores,
731 4895 1008 4949 imitemini
1054 4897 1349 4965 priscorum
1395 4898 1681 4962 virtutem,
1714 4897 1848 4951 tilias

244 4983 511 5038 eloeando
539 5025 553 5049 ,
602 5001 798 5054 pueros
845 4987 1028 5055 nuptui
1079 4987 1370 5050 tradendo,
1429 4996 1608 5041 vestra
1653 4989 1849 5043 virtute

247 5076 339 5130 Dei
371 5077 597 5145 gratiam
630 5078 916 5132 conciliare
953 5079 1104 5132 vobis
1129 5077 1412 5132 studendo.
1455 5077 1585 5131 Nam
1611 5093 1730 5132 cum
1756 5078 1847 5132 ille

245 5167 401 5222 nobis
425 5167 632 5220 amicus
660 5166 836 5229 fuerit,
865 5168 1074 5223 etiamsi
1107 5170 1157 5222 in
1182 5170 1351 5224 aliena
1385 5178 1523 5224 terra
1552 5168 1807 5224 fuerimus
1829 5209 1842 5234 ,

244 5259 458 5314 etiamsi
488 5259 555 5312 ab
599 5259 845 5314 omnibus
869 5262 1141 5326 destituti,
1175 5264 1381 5316 etiamsi
1422 5264 1584 5317 nullis
1612 5264 1845 5334 cogniti,

243 5353 495 5405 onmibus
538 5352 737 5406 erimus
788 5352 1064 5405 clariores.
1109 5353 1247 5405 Nihil
1292 5355 1433 5409 enim
1483 5354 1690 5410 beatius
1733 5356 1848 5407 viro

243 5459 475 5512 superna
506 5460 664 5498 manu
715 5445 916 5514 adjuto.
954 5447 1163 5500 Etenim
1196 5446 1381 5502 beatus
1420 5447 1586 5502 Jacob
1617 5448 1706 5502 illo
1738 5448 1843 5503 frc-

247 5547 329 5591 tus
374 5538 664 5606 prazsitlio,
717 5539 770 5591 in
817 5549 1012 5592 tantam
1059 5541 1310 5608 paulatim
1354 5541 1578 5610 gloriam
1630 5554 1847 5596 evectus

243 5641 355 5692 est,
387 5641 443 5683 ιιι
476 5638 528 5683 ct
575 5631 637 5682 iis
677 5632 762 5700 qni
807 5641 911 5685 tam
961 5632 1130 5686 amice
1173 5614 1520 5701 exceperant,
1556 5633 1848 5689 invidiosus

245 5720 312 5774 sit
340 5721 528 5774 factus.
563 5719 671 5773 lloc
700 5721 857 5790 igitur
883 5729 937 5776 et
961 5737 1058 5775 nos
1087 5723 1400 5777 Studeamus
1425 5765 1438 5787 ,
1473 5731 1528 5776 ιιι
1555 5739 1844 5792 supernum

242 5812 587 5885 nequiremus
623 5813 910 5879 auxilium,
944 5823 997 5869 ct
1038 5829 1141 5869 non
1169 5814 1236 5870 ad
1267 5813 1528 5871 humanos
1576 5814 1848 5886 confugia-

1284 393 1343 446 I.\'
1385 391 1532 448 CAP.
1585 394 1749 448 XXX.
1792 392 2038 449 GENICS.
2084 391 2311 447 IIO)I|I..
2357 391 2514 446 LVII.

3456 394 3555 451 ιιιι

1959 523 2076 561 ntus
2100 506 2428 576 principatus
2446 547 2461 573 ,
2494 521 2666 577 neque
2693 507 2901 562 illorum
2927 507 3231 577 praesidium
3254 517 3547 569 sectemur:

1957 599 2084 654 nihil
2118 600 2259 654 enim
2292 599 2680 669 periculosius;
2733 600 2783 654 id
2814 599 2955 671 quod
3001 616 3179 655 rerum
3229 603 3560 670 experientia

1955 691 2083 745 satis
2113 690 2391 744 diseinms.
2423 690 2627 744 Etenim
2662 691 2903 745 videmus
2941 691 3178 761 quotidie
3205 707 3292 747 res
3323 708 3381 747 se
3410 701 3553 750 tanta

1957 784 2235 837 velocitate
2262 783 2326 836 ad
2354 783 2701 836 mutationem
2732 783 2988 837 inclinare
3007 823 3022 848 ,
3047 793 3102 838 et
3129 785 3262 839 verti
3294 785 3344 838 in
3372 785 3554 840 diver-

1957 888 2074 926 sum
2103 873 2312 938 omnia,
2343 888 2574 942 cumque
2601 872 2691 944 qui
2724 873 2776 926 in
2806 888 3013 928 summa
3041 874 3401 943 prosperitate
3432 891 3560 944 pan-

1959 963 2008 1016 Io
2039 973 2160 1016 ante
2187 972 2332 1027 erat,
2367 963 2545 1017 subito
2573 964 2623 1016 in
2653 973 2945 1018 extremam
2976 962 3338 1019 infelicitatem
3366 964 3552 1034 dejici,

1962 1069 2022 1109 ac
2052 1070 2200 1108 reum
2230 1070 2372 1123 saepe
2419 1055 2524 1125 agi.
2553 1055 2776 1121 Quanta:
2820 1054 2983 1124 igitur
3021 1056 3343 1124 insipientia:
3370 1057 3553 1113 fuerit.

1959 1144 2146 1198 horum
2174 1160 2412 1214 qnterere
2441 1146 2747 1216 prsesidiutn
2769 1187 2783 1209 ,
2816 1147 2904 1214 qui
2933 1147 2984 1198 in
3015 1155 3122 1199 tam
3169 1147 3373 1200 incerto
3421 1157 3564 1199 statu

1961 1249 2240 1292 versantur
2263 1280 2277 1305 ,
2312 1254 2374 1293 ac
2401 1255 2466 1293 ne
2511 1254 2606 1293 sua
2652 1238 2868 1309 quidem
2900 1247 3122 1306 possunt
3172 1239 3222 1291 in
3255 1247 3370 1291 tuto
3395 1239 3563 1292 collo;

1961 1327 2134 1383 care?
2180 1327 2302 1382 Ideo
2346 1328 2412 1381 ab
2440 1329 2582 1382 omni
2635 1329 2868 1382 humano
2913 1328 3160 1397 prtesitlio
3203 1328 3563 1396 desistainus,

1961 1434 2228 1473 memores
2254 1423 2414 1472 etiam
2438 1419 2713 1488 propheta:
2737 1419 2965 1474 dicentis
2998 1436 3011 1472 :
3044 1419 3350 1473 Maledictus
3378 1421 3530 1474 homo
3548 1458 3564 1486 ,

1958 1510 2044 1576 qui
2082 1492 2224 1576 spem
2268 1511 2408 1576 ponit
2453 1510 2504 1561 in
2545 1510 2747 1563 homine
2775 1509 2906 1576 (Jer.
2946 1511 3031 1564 I7.
3062 1510 3141 1577 5).
3177 1509 3340 1564 Vides
3391 1509 3555 1564 talem

1965 1600 2232 1653 hominem
2265 1617 2370 1653 non
2418 1600 2591 1654 solum
2642 1601 2978 1669 insipientem
3002 1642 3014 1662 ,
3067 1601 3159 1653 sed
3190 1603 3351 1654 etiam
3391 1601 3564 1655 male-

1961 1690 2157 1743 dictum
2185 1706 2302 1745 esse
2329 1709 2341 1744 :
2371 1700 2556 1760 utpote
2585 1692 2673 1759 qui
2703 1692 2887 1745 relicto
2919 1691 3144 1744 Domino
3175 1692 3411 1745 omnium
3439 1730 3454 1756 ,
3497 1691 3563 1745 ad

1961 1796 2278 1836 conservum
2325 1783 2529 1847 currit,
2576 1782 2666 1850 qui
2710 1783 3056 1850 semetipsum
3098 1781 3285 1850 juvarc
3340 1783 3566 1852 nequit?

1963 1872 2248 1942 Fugiamus
2279 1875 2438 1944 igitur
2493 1874 2920 1930 maledictionem
2973 1874 3140 1939 hanc,
3187 1891 3317 1938 oro,
3365 1888 3420 1929 et
3448 1891 3567 1930 om-

1962 1980 2083 2018 nem
2133 1980 2282 2033 spem
2315 1965 2365 2018 in
2411 1965 2574 2020 Deum
2618 1967 3020 2020 transferamus.
3071 1965 3172 2019 Ista
3217 1966 3360 2019 enim
3394 1965 3560 2019 Solida

1961 2063 2043 2108 est
2070 2065 2120 2109 et
2167 2056 2454 2109 immobilis
2481 2066 2533 2110 et
2565 2059 2742 2110 nescia
2779 2051 3194 2122 vicissitudinis,
3227 2057 3377 2124 cujus
3409 2057 3566 2126 plena

1963 2156 2045 2198 cst
2075 2147 2160 2198 illa
2189 2163 2344 2215 quam
2376 2148 2425 2199 in
2473 2147 2776 2200 hominibus
2805 2147 3085 2201 habemus.
3123 2147 3216 2201 Vel
3248 2148 3389 2201 enim
3424 2163 3571 2201 mors

1963 2237 2100 2290 tollit
2129 2237 2416 2291 humanum
2466 2239 2769 2308 prasidium
2788 2279 2800 2302 ,
2830 2248 2884 2292 ct
2913 2253 3006 2292 eos
3033 2239 3122 2307 qui
3155 2239 3219 2292 ad
3252 2242 3351 2292 hoc
3378 2237 3567 2292 c0nfu-

1961 2328 2142 2396 giunt,
2194 2329 2464 2383 solitarios
2510 2329 2786 2398 nudosque
2830 2329 3084 2398 relinquit
3132 2337 3234 2383 :ct
3282 2328 3362 2381 vel
3411 2328 3569 2381 etiam

1960 2429 2086 2470 ante
2135 2432 2363 2473 mortem
2408 2421 2631 2473 mutatio
2677 2435 2857 2473 rerum
2907 2421 3168 2474 ambobus
3216 2419 3395 2473 omnia
3436 2435 3570 2472 vana

1963 2508 2153 2562 reddit.
2210 2509 2371 2564 Plena
2401 2519 2484 2564 est
2536 2512 2649 2564 hzec
2694 2513 2797 2565 vita
2829 2512 3089 2581 exemplis
3119 2511 3334 2565 talibus.
3372 2511 3495 2564 Ideo
3529 2511 3562 2563 ii

1963 2609 2082 2669 post
2103 2611 2301 2654 tantam
2330 2602 2720 2670 experientiam
2758 2602 2907 2656 nulla
2934 2602 3086 2655 venia
3119 2611 3242 2655 sunt
3271 2601 3447 2670 digni,
3485 2600 3571 2668 qui

1959 2691 2138 2746 adhuc
2181 2691 2411 2746 humano
2464 2693 2704 2746 nittmtur
2752 2693 3032 2762 prmsidio,
3067 2701 3120 2746 et
3159 2707 3302 2760 Sa-pe
3332 2691 3400 2744 ab
3429 2691 3564 2754 illis,

1961 2781 2052 2851 qui
2103 2783 2182 2836 eis
2214 2783 2462 2852 opitulari
2513 2783 2867 2848 videbantur,
2923 2783 3126 2837 inﬁnita
3181 2782 3320 2837 mala
3367 2780 3571 2836 ferunt.

1960 2874 2210 2944 ansque
2237 2876 2378 2929 enim
2401 2875 2571 2929 crevit
2597 2876 2814 2940 malitia,
2841 2884 2894 2928 ut
2922 2875 3057 2928 mala
3091 2873 3387 2944 rependant
3412 2873 3570 2928 etiam

1965 2968 2032 3020 iis
2057 2968 2147 3036 qui
2181 2971 2325 3036 ipsos
2373 2982 2716 3036 summopere
2745 2967 3016 3022 colebant.
3054 2967 3251 3021 Verum
3279 2966 3418 3034 apud
3451 2966 3572 3025 uui-

1962 3073 2238 3111 versortnn
2271 3058 2436 3112 Deum
2467 3073 2624 3112 secus
2661 3073 2747 3111 res
2777 3071 2836 3111 se
2864 3056 3022 3109 habet
3051 3073 3064 3122 ;
3101 3071 3220 3108 nam
3251 3056 3372 3108 licet
3397 3055 3571 3124 quoti-

1963 3148 2048 3203 die
2074 3148 2265 3219 ingrati
2296 3150 2494 3213 simus,
2528 3148 2794 3203 benefaeit
2823 3158 3039 3214 tamen,
3067 3162 3275 3216 suoque
3318 3147 3573 3218 prtesidio

1962 3256 2061 3295 nos
2086 3256 2192 3296 non
2220 3241 2488 3303 destituit,
2524 3257 2629 3295 non
2676 3241 2743 3295 ad
2803 3241 3067 3311 ingratum
3101 3250 3343 3294 nostrum
3395 3239 3570 3309 τρειιὶο

1961 3335 2108 3387 ciens
2136 3335 2392 3398 animum,
2415 3333 2506 3387 sed
2535 3334 2588 3387 in
2611 3331 2863 3387 omnibus
2893 3348 2989 3402 pro
3012 3347 3106 3386 sua
3136 3345 3299 3401 agens
3326 3331 3561 3385 clo-meno

1964 3425 2070 3479 tia:
2103 3441 2205 3493 qua
2239 3425 2390 3479 nobis
2443 3425 2694 3478 omnibus
2746 3423 2846 3478 frui
2895 3423 3222 3478 concedatur
3249 3465 3262 3486 ,
3296 3423 3469 3489 gratia
3515 3432 3567 3477 et

1961 3515 2326 3568 misericordia
2380 3513 2586 3568 Domini
2635 3516 2802 3568 uestri
2834 3513 2962 3569 Jesu
3006 3511 3244 3580 Christi,
3294 3529 3415 3565 cum
3462 3527 3570 3581 quo

1963 3605 2103 3659 Patri
2146 3606 2304 3658 simul
2335 3616 2388 3659 et
2431 3605 2650 3675 Spiritui
2675 3615 2860 3660 sancto
2901 3605 2971 3660 sit
3000 3604 3164 3674 gloria
3193 3647 3206 3669 ,
3243 3604 3526 3672 imperium
3552 3646 3567 3668 ,

1963 3697 2163 3764 honor,
2213 3713 2355 3753 nunc
2385 3708 2438 3752 et
2481 3713 2728 3767 semper,
2771 3707 2825 3752 et
2875 3698 2927 3752 in
2970 3697 3165 3751 srecula
3222 3696 3563 3752 sa'culorum.

1959 3789 2149 3844 Amen.

2503 3900 2782 3955 IIOMILIA
2863 3899 3022 3957 LVII.

1959 4018 2182 4073 Factum
2206 4028 2277 4071 est
2307 4028 2474 4070 autem
2502 4027 2767 4087 postquam
2796 4016 2987 4085 peperit
3017 4014 3211 4069 Rachel
3238 4013 3454 4085 Ioseph,
3481 4013 3564 4068 di-

2028 4111 2099 4164 a‘it
2129 4108 2292 4162 Iacob
2314 4109 2380 4160 ad
2410 4107 2581 4160 Laban
2615 4123 2633 4158 .'
2662 4105 2872 4159 Dimitte
2896 4122 2991 4169 me,
3025 4115 3080 4158 ut
3111 4105 3286 4159 abeant
3315 4106 3367 4159 in
3395 4107 3564 4159 locum

2031 4219 2196 4256 meum
2217 4211 2261 4255 et
2290 4202 2343 4256 in
2370 4211 2556 4254 terram
2582 4217 2742 4255 meant
2762 4198 3022 4270 (Gen.30.
3049 4197 3158 4269 25).

2031 4335 2361 4406 I.Ea:empla_
2375 4345 2669 4389 sanctorum
2694 4333 2942 4387 imitanda
2980 4333 3124 4388 nobis
3165 4332 3402 4403 proponit
3427 4332 3568 4389 Scri-

1957 4439 2130 4498 ptura.
2164 4427 2556 4482 Mansuetudine
2598 4426 2729 4480 nihil
2766 4425 3002 4479 validius.
3036 4455 3109 4465 —
3130 4424 3403 4495 Reliquias
3446 4423 3562 4480 lteri

1955 4518 2217 4574 dictorum
2273 4527 2514 4573 nostrum
2551 4528 2633 4572 est
2658 4516 2818 4572 hodie
2845 4524 3038 4572 vestra:
3064 4517 3271 4571 caritati
3297 4516 3560 4583 reddere,

1955 4623 2014 4665 ut
2049 4629 2113 4665 cx
2161 4611 2245 4664 his
2274 4627 2391 4681 qua:
2423 4627 2566 4664 nunc
2609 4609 2863 4664 dicuntur
2890 4609 3164 4663 discentes
3191 4617 3244 4664 et
3272 4608 3562 4678 providen-

1958 4706 2082 4759 tiam
2114 4706 2203 4758 Dei
2223 4746 2236 4765 ,
2265 4720 2424 4774 quam
2461 4719 2587 4773 erga
2613 4702 2783 4757 Iacob
2810 4701 3128 4766 declaravit,
3149 4711 3204 4755 et
3225 4702 3353 4770 justi
3389 4702 3562 4771 pieta-

1957 4805 2064 4849 tem
2095 4804 2430 4865 spectantes,
2464 4794 2732 4848 imitemur
2761 4793 2877 4862 ejus
2906 4792 3174 4847 virtutem.
3206 4791 3390 4862 Neque
3409 4795 3554 4848 enim

1955 4893 2159 4959 abSque
2203 4906 2362 4946 causa
2413 4890 2585 4944 sancti
2638 4889 2871 4959 Spiritus
2910 4889 3081 4959 gratia
3129 4888 3358 4958 scriptas
3407 4888 3566 4942 nobis

1956 4984 2168 5053 reliquit
2216 4983 2375 5038 hasce
2425 4983 2710 5046 historias,
2743 4980 2838 5036 sed
2883 4990 2940 5034 ut
2969 4981 3036 5035 ad
3075 4980 3474 5034 aemulationem
3507 4987 3564 5034 et

1956 5075 2307 5130 imitationem
2359 5085 2627 5130 tantorum
2698 5075 2932 5128 virorum
2998 5081 3272 5143 provocet.
3334 5072 3564 5139 Quando

1955 5169 2098 5221 enim
2159 5167 2406 5221 audimus
2463 5166 2621 5235 hujus
2685 5165 2900 5234 quidem
2961 5163 3355 5229 obedientiam,
3409 5163 3564 5216 istius

1956 5271 2133 5314 autem
2177 5260 2595 5324 continentiam,
2629 5257 2774 5312 illius
2819 5272 2946 5311 vero
2974 5257 3026 5310 in
3075 5255 3375 5325 hOSpitibns
3404 5255 3558 5311 colli-

1955 5353 2142 5423 gendis
2168 5351 2584 5407 sollicitudinem
2605 5393 2621 5418 ,
2654 5365 3011 5421 magnamque
3036 5347 3371 5417 singulorum
3395 5348 3565 5402 virtu-

1959 5457 2164 5508 tem,ac
2213 5445 2482 5516 quomodo
2543 5445 2878 5509 claruerint,
2943 5443 3010 5498 ad
3063 5442 3260 5498 similia
3320 5440 3562 5496 iacienda

1953 5541 2275 5595 excitamur.
2318 5541 2429 5609 Age
2460 5539 2621 5607 igitur
2648 5538 2714 5592 ad
2747 5554 2809 5594 ea
2843 5554 2963 5608 qua:
2998 5536 3179 5592 relicta
3212 5543 3336 5590 sunt
3382 5533 3434 5588 in
3483 5535 3566 5589 hi-

1954 5631 2119 5686 storia
2151 5631 2298 5685 illius
2317 5630 2446 5699 justi
2476 5629 2636 5684 hodie
2655 5629 2997 5696 accedentes,
3034 5629 3194 5683 linem
3223 5630 3562 5696 imponamus

1953 5723 2208 5777 sermoni.
2251 5720 2342 5778 23.
2396 5720 2615 5775 Factum
2670 5731 2745 5775 est
2788 5732 2993 5787 autent,
3044 5722 3248 5791 inquit,
3297 5731 3563 5790 postquam

1952 5819 2146 5886 peperit
2180 5815 2369 5875 Rachel
2396 5813 2624 5885 Ioseph,
2652 5814 2781 5869 dixit
2808 5813 2969 5868 Iacob
2995 5813 3062 5866 ad
3099 5812 3270 5867 Laban
3303 5828 3320 5862 :
3355 5810 3564 5866 Dimitte
