4182 6322
631 363 738 420 ωδ

630 492 711 531 nte
732 517 749 544 ,
777 485 833 529 ut
860 473 1034 530 deum
1057 475 1110 530 in
1148 474 1313 528 locum
1357 488 1522 528 meum
1543 481 1590 526 et
1615 471 1669 526 in
1693 481 1884 526 terrent
1911 485 2094 524 meum.
2125 465 2217 522 26.

639 570 816 625 Redde
841 569 966 623 mihi
989 582 1171 624 mres
1189 579 1238 620 et
1261 563 1396 635 ﬁlios
1415 581 1552 620 meos
1575 581 1670 636 pro
1695 563 1875 636 quibus
1900 561 2082 618 servivi
2110 560 2218 615 tibi.

637 659 771 715 Vide
793 659 922 730 justi
967 659 1213 729 magnam
1240 656 1294 712 in
1323 657 1514 712 allecto
1568 655 1885 726 probitatem
1907 696 1924 722 ,
1951 652 2222 726 quomodo

635 751 826 808 videns
847 748 1124 805 manifeste
1147 747 1313 804 Deum
1336 747 1418 803 sui
1445 746 1644 803 habere
1661 761 1845 803 curam
1871 786 1886 809 ,
1913 761 2017 799 non
2042 759 2222 814 super-

636 841 972 900 bivitcontra
1003 838 1218 907 Lahan,
1267 838 1360 894 sed
1404 853 1527 894 cum
1577 852 1766 909 magna
1815 835 2223 891 mansuetudine

635 930 807 997 dixit,
858 929 1068 984 Dimitte
1100 945 1210 997 me,
1265 939 1322 984 stt
1358 930 1554 985 abeam.
1609 926 1748 983 Vere
1789 926 1922 982 nihil
1965 941 2220 981 mansue-

635 1023 817 1079 tudine
861 1021 1124 1090 validius,
1169 1022 1302 1078 nihil
1366 1023 1666 1093 potentius.
1706 1019 1842 1076 Vide
1870 1019 2029 1090 igitur
2083 1033 2223 1089 quo-

637 1115 798 1170 iuodo
845 1117 1074 1186 primum
1144 1115 1550 1172 mansuetudine
1600 1130 1730 1172 usus
1767 1155 1783 1179 ,
1834 1115 2012 1171 etiecit
2060 1123 2116 1169 ut
2168 1122 2226 1170 et

638 1206 815 1263 Laban
855 1223 1047 1279 magna
1083 1209 1132 1263 ei
1171 1207 1538 1265 benevolentia
1567 1207 1950 1280 responderit.
1988 1208 2079 1263 97.
2126 1207 2224 1262 Di-

633 1299 707 1353 xit
741 1301 873 1353 enim
898 1299 945 1353 ei
955 1340 972 1366 ,
1003 1299 1212 1370 inquit,
1252 1297 1426 1353 Laban
1455 1315 1475 1353 :
1523 1299 1585 1354 Si
1609 1299 1777 1354 inveni
1811 1299 2028 1370 gratiam
2052 1314 2225 1354 coram

635 1400 684 1442 te
707 1431 721 1458 ,
763 1389 1007 1460 siquidem
1045 1393 1329 1461 conjectare
1362 1402 1498 1446 certo
1534 1408 1740 1462 possunt
1777 1391 1915 1462 quod
1953 1391 2223 1446 benedixc-

634 1480 700 1532 rit
722 1497 800 1533 use
824 1479 962 1534 Deus
987 1480 1039 1535 in
1063 1480 1289 1550 ingressu
1311 1490 1398 1534 tuo
1417 1481 1535 1540 .28.
1563 1480 1750 1535 Indica
1779 1481 1908 1536 mihi
1946 1481 2224 1536 mercedem

635 1580 796 1636 tuam,
827 1580 876 1622 et
922 1570 1076 1626 dabo.
1103 1570 1218 1625 Non
1267 1571 1455 1641 ignoro
1477 1612 1494 1638 ,
1527 1573 1732 1642 inquit,
1767 1583 1888 1642 post
1933 1572 2224 1627 adventum

637 1671 786 1716 tuum
807 1663 1213 1732 locupletiorem
1237 1663 1364 1718 mihi
1385 1664 1618 1720 divinam
1647 1665 2071 1720 benevolentiam
2097 1680 2228 1720 cou-

639 1753 843 1823 tigisse.
871 1751 1035 1822 igitur
1061 1754 1184 1822 quia
1222 1755 1396 1809 sentio
1419 1755 1676 1810 beneﬁcia
1705 1771 1825 1826 qua:
1847 1755 1977 1811 mihi
2007 1766 2228 1828 propter

635 1846 919 1900 adventum
971 1855 1117 1900 tuum
1164 1847 1286 1901 data
1331 1857 1488 1912 sunt,
1515 1858 1770 1918 quautam
1809 1849 1891 1904 vis
1919 1849 2226 1907 mercedem

638 1935 832 1997 indica.
856 1944 910 1989 et
931 1952 1030 2006 ego
1061 1948 1304 2007 prompte
1335 1940 1621 2008 praestabo.
1651 1942 1940 1997 Considera
1971 1952 2228 2013 quantum

640 2028 811 2081 valeat
842 2029 1195 2084 mansuetudo
1221 2047 1235 2083 ε
1269 2046 1337 2086 ne
1369 2033 1726 2100 perfunctorie
1751 2034 1953 2090 dictum
1983 2047 2228 2091 transea-

643 2133 796 2183 mus;
826 2119 919 2174 sed
943 2120 1161 2175 attende
1189 2123 1462 2192 quomodo
1481 2123 1660 2194 justus
1691 2142 1864 2198 neque
1892 2129 2227 2198 cogitaverit,

642 2223 816 2278 neque
861 2212 1192 2267 mentionem
1221 2213 1423 2280 iecerit,
1461 2231 1637 2287 neque
1680 2219 1983 2289 rcquisierit
2023 2237 2232 2278 merce-

641 2297 761 2354 dem
813 2300 1216 2367 laborum;sed
1265 2305 1367 2361 hoc
1397 2307 1570 2362 solum
1611 2308 1847 2378 dixerit,
1878 2311 2055 2368 Redde
2105 2315 2233 2368 mihi

642 2407 827 2445 uxores
849 2402 897 2446 et
918 2393 1100 2449 liberos
1130 2412 1224 2464 pro
1256 2397 1438 2467 quibus
1458 2401 1637 2455 servivi
1665 2401 1754 2455 tibi
1770 2443 1786 2468 ,
1815 2414 1869 2457 ut
1896 2404 2069 2458 abeam
2095 2421 2114 2459 :
2141 2405 2231 2460 ille

644 2483 905 2536 reveritus
921 2483 1048 2552 justi
1073 2501 1317 2557 magnam
1342 2492 1669 2560 aequitatem,
1700 2493 1871 2564 inquit
1903 2512 1918 2550 :
1950 2496 2041 2551 Dic
2069 2511 2230 2566 quam

644 2572 722 2626 vis
753 2573 845 2627 tibi
872 2575 1177 2632 mercedem
1208 2593 1236 2630 a
1265 2595 1352 2634 me
1378 2581 1494 2637 duri
1512 2623 1529 2650 ,
1551 2594 1604 2638 et
1625 2585 1770 2640 illam
1804 2601 2049 2657 prompte
2069 2588 2232 2646 dabo.

648 2661 837 2716 Annon
869 2678 989 2718 cum
1023 2665 1140 2737 ipso
1166 2681 1322 2725 erant
1355 2674 1613 2731 mulieres
1641 2686 1696 2731 et
1724 2679 2110 2747 pueritQuare
2137 2682 2238 2752 igi-

649 2760 737 2806 tur
757 2754 921 2820 dixit,
948 2755 1124 2812 Redde
1151 2763 1276 2816 mihi
1302 2779 1484 2820 mres
1508 2777 1555 2820 et
1574 2785 1758 2838 pueros
1780 2771 1806 2824 7
1833 2771 2000 2842 Digno
2033 2775 2239 2830 honore

646 2859 772 2898 cum
821 2859 1178 2918 proscquutus
1206 2862 1326 2920 est,
1361 2871 1626 2928 suumque
1668 2877 1873 2918 morem
1926 2881 2022 2935 per
2055 2867 2236 2923 omnia

647 2932 922 3000 observat,
946 2947 1001 2991 et
1030 2939 1198 2996 libere
1224 2942 1502 3002 discedere
1527 2949 1797 3008 vult.Vide
1827 2932 1986 3024 igitur
2007 2971 2071 3012 ex
2107 2970 2232 3012 ver-

649 3023 730 3076 bis
755 3023 884 3094 ipsis
911 3030 1182 3096 quomodo
1205 3039 1428 3090 attraxit
1451 3037 1745 3108 Labanum,
1764 3053 1819 3098 ut
1846 3023 1907 3100 se
1931 3049 2235 3106 mercedem

648 3113 900 3170 daturum
931 3131 1122 3186 sponte
1155 3126 1467 3194 promittat,
1498 3140 1657 3201 atque
1685 3134 2004 3192 electionem
2035 3140 2084 3194 ei
2113 3155 2239 3211 per-

651 3207 845 3260 mittat.
897 3208 1034 3276 Quid
1081 3212 1242 3282 igitur
1288 3216 1504 3286 justus?
1530 3221 1664 3278 Vide
1693 3228 2070 3302 excellentem
2114 3207 2242 3302 'ejus

655 3303 1144 3373 mansuetudinem,
1168 3315 1437 3380 quomodo
1464 3333 1640 3388 neque
1665 3319 1743 3376 sic
1767 3337 2029 3381 onerosus
2047 3336 2102 3382 et
2129 3343 2248 3384 mo-

657 3388 824 3479 lestus
851 3403 936 3447 est
981 3395 1220 3454 Labauo.
1251 3400 1358 3458 Sed
1379 3406 1548 3475 quid?
1573 3409 1749 3479 Ipsum
1783 3423 1973 3470 testem
1998 3417 2125 3474 facit
2159 3421 2244 3476 sui

655 3478 875 3582 allectus
905 3493 959 3540 et
982 3487 1282 3549 ofﬁciorum
1312 3509 1560 3560 suorum.
1590 3478 1644 3558 et
1675 3518 1788 3559 sua:
1813 3509 1958 3563 omni
2003 3519 2245 3582 tempore

655 3572 708 3624 in
739 3573 829 3673 illo
857 3579 1144 3636 serviendo
1173 3583 1589 3646 benevolentia).
1611 3593 1702 3650 29.
1727 3594 1806 3651 Tu
1831 3601 1999 3666 nosti,
2029 3572 2241 3673 inquit,

657 3665 878 3727 qualiter
899 3669 993 3761 tibi
1026 3675 1288 3761 seruies-im
1317 3679 1334 3710 ‘
1355 3720 1371 3744 ,
1411 3690 1458 3734 et
1497 3697 1689 3754 quanta
1733 3689 1921 3758 fuerint
1945 3665 2127 3761 pecora
2157 3665 2254 3750 tui?

659 3769 869 3847 mecum.
897 3757 984 3814 30.
1015 3760 1187 3818 Parva
1209 3769 1344 3822 enim
1380 3783 1522 3826 erant
1550 3757 1848 3847 coram’rne,
1879 3791 1927 3834 et
1946 3757 2100 3836 aucta
2127 3797 2246 3840 sunt

656 3845 710 3898 in
757 3863 994 3920 magnam
1032 3857 1437 3930 multitudinem,
1468 3877 1514 3920 et
1541 3867 1792 3924 benedixit
1822 3845 1869 3926 te
1894 3873 2145 3930 Dominus
2179 3879 2248 3932 ad

865 3959 1028 4040 meum
1051 3963 1070 4002 :
1097 3965 1232 4005 nunc
1259 3953 1414 4024 igitur
1438 3956 1644 4025 quando
1684 3963 1870 4032 faciam
1915 3977 1961 4021 et
1999 3986 2088 4040 ego
2123 3975 2248 4028 mihi

657 4029 756 4098 ipsi
779 4032 984 4088 danaum
1004 4037 1030 4092 2
1054 4039 1129 4096 Te
1152 4057 1286 4098 voco
1303 4055 1495 4104 testem
1516 4029 1760 4110 laborum
1788 4029 2245 4120 meorum'Nidisti

659 4120 803 4176 enim
827 4136 1030 4222 quanto
1058 4133 1236 4189 studio
1264 4147 1314 4191 et
1347 4137 1451 4193 lide
1478 4144 1657 4200 omnia
1694 4146 2116 4209 administrarim
2137 4196 2154 4222 ,
2184 4172 2249 4213 ac

660 4215 929 4312 quomodo
977 4219 1029 4272 iu
1077 4235 1242 4289 parvo
1287 4243 1512 4285 numero
1555 4239 1852 4305 acceperim
1888 4257 2079 4311 pecora
2121 4215 2244 4312 tua,

663 4315 782 4370 quae
802 4303 1077 4376 diligentia
1098 4312 1477 4388 vigilantiaque
1503 4337 1617 4376 mea
1647 4303 1700 4379 in
1729 4303 1931 4385 tantum
1961 4303 2242 4392 numerum

662 4407 908 4494 crescere
946 4403 1149 4457 curavi.
1185 4406 1387 4464 Deinde
1417 4426 1723 4472 monstrans
1751 4434 1901 4475 suam
1932 4424 2245 4496 religionem

667 4483 875 4554 inquit:
908 4488 1172 4550 Benediin
1212 4501 1345 4553 enim
1370 4511 1418 4554 te
1445 4502 1694 4562 Dominus
1736 4510 1804 4562 ad
1831 4515 2006 4580 pedem
2031 4483 2202 4572 incum
2229 4535 2249 4576 :

667 4592 800 4632 nunc
828 4580 986 4652 igitur
1008 4589 1214 4655 quando
1237 4595 1421 4662 faciam
1452 4608 1500 4651 et
1523 4615 1615 4671 ego
1641 4603 1766 4657 mihi
1789 4604 2032 4662 domum?
2061 4611 2247 4668 Vidisti

666 4672 829 4726 etiam
880 4676 991 4743 ipse
1035 4691 1154 4748 post
1207 4700 1383 4740 meum
1425 4690 1710 4749 adventum
1747 4701 1971 4768 gratiam
2015 4703 2248 4758 divinum

672 4769 790 4818 tuas
819 4768 1033 4824 auxisse
1061 4772 1357 4834 facultates.
1391 4780 1540 4838 Nunc
1572 4786 1753 4855 igitur,
1788 4797 2038 4860 quoniam
2073 4807 2123 4850 et
2151 4814 2249 4866 ego

665 4869 785 4921 quae
809 4871 938 4913 mea:
965 4875 1116 4919 erant
1148 4864 1413 4925 facultatis
1442 4877 1621 4930 omnia
1654 4895 1841 4950 magna
1864 4885 2027 4939 animi
2057 4864 2249 4943 alacri-

670 4958 778 5002 tate
809 4951 1010 5008 iaciens
1032 4997 1047 5022 ,
1081 4960 1435 5019 ministerium
1470 4968 1690 5038 perfeci,
1722 4983 1774 5027 et
1805 4981 1974 5046 gratia
2007 4981 2098 5035 Dei
2140 4999 2249 5035 mu-

674 5041 864 5140 nilesta
887 5047 995 5100 visa
1017 5053 1350 5122 estzjustum
1379 5070 1463 5114 est
1488 5071 1621 5117 utet
1650 5082 1748 5136 ego
1773 5041 1900 5123 mihi
1933 5073 2029 5140 ipsi
2059 5074 2247 5130 faciam

672 5133 908 5230 domum.
939 5138 1073 5204 Quid
1112 5157 1191 5198 est
1225 5188 1240 5211 ,
1281 5149 1408 5203 Mihi
1451 5152 1640 5210 faciam
1683 5133 1898 5214 domum
1923 5133 2030 5219 ?.ld
2059 5177 2160 5230 est,
2196 5170 2249 5222 In

671 5223 917 5281 libertate
960 5242 1140 5299 postea
1187 5252 1391 5306 verser,
1425 5251 1478 5298 et
1518 5258 1700 5302 Curam
1751 5249 1941 5306 domus
1985 5272 2118 5310 mea:
2160 5258 2252 5310 ha-

672 5317 848 5415 beam.
886 5321 1007 5375 Πειξο
1034 5335 1089 5378 ιιι
1120 5330 1321 5384 audivit
1353 5332 1556 5402 Laban,
1590 5338 1676 5393 3|.
1708 5339 1854 5397 Dixit
1874 5348 1920 5398 ei
1951 5363 1968 5400 :
1998 5347 2133 5415 Quid
2165 5352 2251 5404 tibi

670 5409 840 5464 dabo.’
865 5415 1000 5479 Quid
1035 5418 1112 5472 vis
1132 5436 1159 5473 a
1180 5439 1265 5478 me
1297 5426 1393 5479 tibi
1421 5428 1576 5484 dari?
1601 5432 1869 5490 Conﬁteor
1896 5441 2058 5504 enim,
2090 5454 2144 5496 et
2173 5445 2252 5498 iu-

672 5503 818 5558 licias
849 5520 952 5558 non
993 5525 1058 5560 eu
1087 5525 1100 5562 :
1131 5513 1242 5566 scio
1269 5518 1409 5572 enim
1453 5535 1649 5589 quanta
1684 5527 1809 5581 mihi
1843 5529 2040 5586 fuerint
2079 5549 2108 5587 a
2144 5535 2253 5590 Deo

672 5593 812 5660 dam,
843 5607 896 5651 et
947 5601 1087 5668 quod
1146 5603 1476 5665 benedixerit
1528 5629 1613 5670 me
1654 5616 1790 5675 Deus
1831 5620 1896 5676 ad
1950 5625 2250 5695 ingressum

720 5757 737 5791 ί
776 5756 988 5817 Quatuor
1015 5771 1141 5828 διεδ..
1167 5780 1274 5828 qua
1301 5771 1383 5824 tibi
1407 5775 1643 5827 dederim.

1397 356 1449 413 S.
1491 352 1768 411 JOANNIS
1803 345 2282 408 CIIRYSOSTOMI
2320 347 2639 408 ARClllEP.
2679 350 3208 412 CONSTANTINOP.

3828 357 3937 414 ως

2335 475 2507 523 tuum.
2531 468 2678 525 Dia-it
2705 481 2877 527 autem
2918 474 2969 529 ei
3007 473 3173 529 Jacob
3199 491 3222 531 :
3254 471 3375 530 Non
3426 474 3573 531 dabis
3621 478 3745 532 mild
3781 478 3939 548 quid-

2331 573 2509 627 quam.
2533 558 2596 615 Si
2615 574 2734 616 vero
2753 562 2932 631 feceris
2948 563 3150 617 verbum
3177 564 3346 630 istud,
3376 567 3557 620 iterum
3583 583 3791 636 pascam
3817 581 3941 622 oves

2329 659 2464 704 tuas.
2487 650 2626 706 Nihil
2657 654 2782 709 volo
2805 671 2834 708 a
2864 663 2918 711 te
2944 657 3208 712 mercedis
3239 660 3460 713 nomine
3490 667 3800 729 reportare.
3833 658 3937 715 sed

2331 740 2436 796 hoc
2482 752 2689 798 tantum
2746 745 2887 814 quod
2942 745 3064 802 dico
3108 748 3424 819 suscipere,
3453 760 3508 805 et
3539 748 3732 804 Iterum
3774 767 3938 818 pasco

2331 846 2447 885 oves
2475 842 2610 887 tuas.
2635 833 2790 901 Quod
2837 845 3020 890 autem
3068 838 3222 902 volo,
3255 837 3358 893 hoc
3387 849 3494 895 est.
3530 839 3665 894 \‘ide
3705 838 3942 910 justum,

2328 924 2454 994 quia
2480 926 2718 994 speravit
2744 925 2798 979 in
2828 927 3034 982 auxilio
3065 927 3282 994 divino,
3311 930 3490 1000 qualia
3523 940 3784 999 proponat
3829 929 3943 985 La-

2330 1015 2491 1071 bano.
2517 1016 2607 1072 32.
2646 1016 2994 1087 Praetereunt,
3027 1021 3236 1091 inquit,
3283 1037 3399 1076 oves
3426 1032 3527 1075 tute
3571 1022 3742 1089 hodie,
3763 1032 3812 1078 et
3851 1039 3910 1078 se

2329 1124 2484 1178 grege
2519 1109 2662 1163 illinc
2690 1128 2888 1165 onmem
2915 1129 3057 1167 ovem
3107 1114 3305 1181 fuscam
3347 1112 3404 1165 in
3455 1113 3604 1183 agnis
3623 1152 3640 1179 ,
3672 1123 3722 1167 et
3759 1115 3938 1168 omnis

2330 1201 2653 1254 subalbicans
2693 1212 2740 1254 et
2783 1204 3042 1258 maculosa
3082 1204 3134 1258 in
3185 1204 3355 1274 capris
3395 1204 3492 1257 erit
3542 1204 3670 1258 mihi
3720 1219 3942 1259 merces.

2330 1291 2420 1347 53.
2452 1290 2520 1345 Et
2548 1293 2783 1347 exaudiet
2811 1310 2889 1346 me
2902 1294 3108 1365 justitia
3139 1311 3250 1348 mea
3273 1295 3326 1348 in
3347 1294 3433 1349 die
3457 1295 3703 1362 crastino,
3720 1295 3839 1365 quia
3865 1304 3948 1349 eas

2332 1400 2520 1438 merces
2541 1401 2651 1439 mea
2667 1401 2840 1440 coram
2871 1395 2921 1441 te
2941 1402 2961 1438 :
2983 1403 3133 1440 omne
3161 1386 3299 1458 quod
3317 1403 3420 1442 non
3443 1389 3599 1459 fuerit
3619 1388 3946 1442 maculosum

2332 1486 2377 1532 et
2404 1478 2542 1533 varie
2559 1478 2787 1533 albicans
2815 1480 2869 1533 in
2893 1480 3086 1551 capris,
3104 1489 3150 1535 ct
3171 1479 3307 1550 quod
3335 1480 3509 1551 rufam
3528 1482 3580 1534 in
3605 1481 3776 1552 agnis,
3796 1482 3944 1552 [tuo

2331 1567 2589 1624 sublatum
2618 1570 2713 1624 erit
2735 1587 2768 1625 a
2793 1588 2892 1626 nte.

2402 1660 2457 1713 Ω.
2498 1662 2790 1720 considera
2829 1663 2956 1733 justi
3014 1665 3369 1732 prudentium.
3419 1666 3682 1734 Quoniam
3721 1667 3934 1723 sciebat

2333 1761 2529 1823 quanta
2555 1752 2656 1807 sibi
2680 1768 2911 1824 superne
2933 1755 3102 1825 gratia
3128 1755 3498 1827 all'ulgeret,et
3525 1757 3806 1814 videbatur
3830 1758 3938 1814 sibi

2334 1846 2628 1902 secundum
2657 1857 2863 1902 natura:
2883 1849 3129 1904 ordinem
3160 1851 3243 1905 vel
3268 1850 3490 1906 dimcile
3519 1867 3639 1906 esse
3661 1894 3678 1918 ,
3711 1853 3793 1907 vel
3819 1868 3944 1906 mn-

2337 1937 2466 1992 nino
2495 1936 2828 2007 impossibile
2857 1943 3060 2005 (rarum
3094 1939 3240 1994 enim
3265 1949 3349 1995 est
3378 1941 3586 1995 varient
3629 1955 3750 1996 esse
3785 1941 3945 1997 colo-

2336 2040 2449 2081 rem
2474 2026 2734 2096 pecudum
2759 2042 2949 2083 recens
2978 2028 3272 2103 natarum),
3295 2030 3409 2086 lucc
3435 2031 3569 2102 petit
3595 2031 3662 2086 ab
3690 2047 3778 2096 eo,
3798 2033 3945 2087 unde

2339 2116 2581 2187 petitioni
2607 2115 2725 2187 ejus
2754 2117 2934 2172 Laban
2965 2118 3144 2173 statim
3181 2120 3390 2186 annuit,
3423 2131 3478 2176 et
3508 2122 3721 2191 inquit:
3747 2123 3834 2178 54.
3859 2123 3950 2178 Sit

2329 2209 2487 2280 juxta
2516 2194 2722 2262 verbum
2745 2221 2906 2264 tamn.
2931 2211 3022 2267 33.
3053 2211 3118 2265 Et
3145 2213 3313 2266 divisit
3333 2214 3388 2266 in
3413 2213 3496 2267 die
3517 2213 3610 2268 illa
3640 2216 3810 2269 hircos
3836 2231 3948 2268 ma-

2339 2298 2539 2353 culosos
2565 2308 2611 2354 et
2631 2299 3005 2357 subalbicantcs
3024 2345 3040 2369 ,
3072 2313 3120 2357 et
3147 2321 3321 2358 omnes
3355 2320 3538 2372 capras
3569 2307 3855 2359 maculosos
3897 2316 3950 2362 et

2339 2389 2730 2455 subalbicentes,
2760 2401 2805 2445 et
2837 2409 2987 2448 omne
3028 2395 3166 2462 quod
3206 2405 3312 2449 erat
3347 2396 3398 2448 in
3443 2395 3516 2449 eis
3562 2397 3873 2462 candidum,
3900 2406 3951 2450 et

2343 2497 2491 2535 omne
2510 2483 2648 2552 quod
2666 2493 2773 2537 erat
2808 2487 3009 2555 fuscum
3047 2487 3099 2539 in
3137 2485 3332 2552 ovibus,
3353 2496 3399 2540 et
3428 2486 3566 2540 dedit
3605 2505 3698 2556 per
3739 2505 3953 2542 manant

2346 2573 2570 2641 ﬁliorum
2592 2589 2799 2628 suorum
2828 2592 2847 2630 :
2876 2577 2964 2632 36.
2985 2586 3033 2632 et
3061 2579 3178 2649 fecit
3194 2578 3383 2632 distare
3409 2579 3538 2633 viam
3570 2582 3723 2634 trium
3751 2581 3954 2636 dierum

2346 2663 2476 2717 inter
2501 2679 2559 2718 ca
2580 2675 2627 2718 et
2652 2666 2783 2719 inter
2805 2663 2989 2721 Iacob.
3013 2666 3312 2738 Separavtt,
3334 2669 3522 2737 inquit,
3543 2684 3734 2739 greges
3756 2683 3956 2726 secun-

2345 2753 2475 2809 dum
2504 2759 2922 2826 propositionem
2950 2758 3013 2814 la
3049 2759 3119 2814 ob
3143 2801 3157 2823 ,
3191 2771 3247 2815 et
3274 2760 3421 2816 dedit
3449 2761 3574 2815 {iliis
3603 2766 3715 2817 suis
3741 2781 3755 2818 :
3785 2761 3954 2821 Iacob

2349 2858 2515 2902 autem
2556 2851 2694 2919 pavit
2740 2851 2957 2921 pecudes
2981 2851 3156 2905 Laban
3185 2851 3426 2923 reliquas.
3459 2853 3782 2920 Qualesnam
3829 2856 3955 2912 ha?

2349 2937 2560 2994 Nullam
2593 2941 2799 2996 scilicet
2843 2942 3103 2998 habentes
3132 2944 3334 2998 coloris
3359 2945 3694 3001 varietatem.
3717 2945 3830 3002 lloc
3857 2961 3956 3000 au-

2351 3039 2458 3085 tem
2509 3040 2677 3087 tutum
2719 3031 2914 3089 factum
2967 3045 3070 3104 est,
3103 3047 3160 3090 ut
3199 3035 3377 3106 justus
3399 3037 3577 3106 reipsa
3619 3045 3956 3108 compertam

2351 3120 2575 3178 haberet
2607 3124 2699 3179 Dei
2727 3138 2856 3195 erga
2887 3141 2946 3181 se
2988 3126 3420 3196 providentiam,
3449 3139 3505 3183 et
3538 3127 3718 3183 Laban
3747 3127 3959 3185 videres

2353 3223 2610 3282 quantum
2637 3215 2731 3269 Dei
2772 3216 3027 3272 auxilium
3057 3215 3281 3272 haberet
3303 3217 3488 3274 Jacob.
3507 3220 3598 3275 '57.
3626 3220 3835 3291 Accepit
3856 3237 3959 3274 tnt-

2354 3311 2452 3356 tcm
2480 3302 2668 3372 Jacob,
2703 3305 2894 3376 inquit,
2916 3307 3012 3360 sibi
3068 3308 3257 3378 virgam
3306 3310 3614 3380 styracinam
3653 3311 3865 3364 viridem
3907 3319 3959 3366 es

2351 3395 2734 3466 amygdalinam
2755 3405 2802 3449 et
2828 3397 3045 3466 platani,
3075 3409 3122 3452 et
3143 3399 3468 3454 dccorticavit
3493 3398 3656 3455 Iacob
3683 3418 3768 3455 eas
3787 3402 3842 3456 in
3867 3403 3961 3457 de-

2351 3483 2726 3538 corticationem
2761 3486 2929 3541 albam
2955 3528 2970 3550 ,
3001 3486 3252 3543 abradens
3268 3490 3404 3560 quod
3449 3492 3608 3544 viride
3630 3507 3650 3554 ,°
3675 3494 3962 3562 apparebat

2351 3583 2520 3628 autem
2542 3575 2591 3628 in
2621 3577 2774 3648 virgis
2795 3577 2987 3637 album.
3014 3578 3152 3652 quod
3177 3582 3512 3635 deeorticarat
3537 3583 3747 3639 varium.
3767 3584 3858 3641 38.
3885 3583 3962 3640 Et

2353 3665 2595 3734 apposuit
2622 3668 2808 3738 virgas,
2826 3686 2954 3739 quas
2973 3671 3316 3738 decorticarit,
3338 3673 3390 3726 in
3412 3674 3614 3728 canales
3638 3677 3959 3746 aquatorios,

2355 3769 2410 3813 ut
2434 3776 2548 3812 cum
2575 3761 2795 3814 venirent
2816 3761 3032 3832 pecudes
3051 3761 3121 3815 ad
3149 3762 3439 3830 bibendum,
3464 3767 3784 3836 conciperent
3801 3785 3964 3839 pecu-

2353 3850 2440 3904 des
2479 3853 2752 3906 sectmdttm
2784 3855 2969 3924 virgas.
3010 3852 3102 3909 59.
3133 3853 3198 3908 Et
3238 3856 3588 3925 concipiebant
3625 3862 3840 3926 pecudes
3867 3877 3957 3916 se-

2351 3943 2573 3996 cundum
2603 3943 2768 4014 virgas
2788 3986 2804 4010 ,
2835 3954 2880 3998 el
2914 3955 3215 4015 pepererunt
3241 3946 3456 4017 pecudes
3475 3947 3742 4014 subalbas,
3774 3966 3960 4004 simcu-

2353 4036 2489 4091 losas
2531 4047 2577 4090 et
2607 4037 2842 4092 cinericio
2884 4037 3053 4092 colore
3106 4055 3335 4109 sparsas.
3369 4043 3494 4094 llaec
3539 4039 3743 4096 faciens
3775 4042 3965 4111 justus

2356 4142 2462 4181 non
2499 4143 2530 4180 a
2559 4129 2738 4198 seipse
2788 4128 3126 4196 movebatur,
3156 4129 3252 4185 sed
3283 4131 3578 4201 ittspirax.te
3627 4132 3794 4188 tuenti
3836 4134 3966 4204 ejns

2354 4231 2589 4284 superna
2637 4217 2830 4288 gratia.
2879 4217 3065 4288 Neque
3103 4219 3398 4274 secundum
3447 4232 3652 4276 natura:
3706 4223 3964 4278 ordinem

2353 4321 2470 4364 erat
2500 4309 2642 4380 quod
2674 4307 2869 4376 ﬁebat,
2917 4311 3014 4366 sed
3063 4312 3215 4366 valde
3259 4312 3612 4379 admirabile,
3644 4324 3699 4368 et
3746 4322 3965 4370 natura

2355 4399 2570 4454 modum
2604 4402 3008 4458 transcenderis.
3041 4401 3132 4457 40.
3167 4400 3230 4455 Et
3251 4418 3430 4473 agnos,
3460 4404 3664 4472 inquit,
3696 4406 3963 4475 distinxit,

2355 4505 2402 4544 et
2427 4492 2599 4544 statuit
2630 4509 2801 4546 coram
2828 4495 3000 4546 ovibus
3043 4494 3252 4546 arietem
3287 4492 3715 4558 subalbicanteut;
3735 4508 3779 4549 et
3805 4514 3968 4554 omne

2355 4586 2549 4636 varium
2578 4584 2629 4636 in
2658 4585 2833 4638 ovibus
2857 4599 2874 4638 :
2898 4594 2946 4637 et
2966 4585 3217 4652 separat-it
3245 4600 3361 4639 oves
3387 4602 3528 4651 suas,
3557 4595 3602 4639 et
3623 4603 3723 4641 non
3756 4589 3964 4644 miscuit

2356 4693 2441 4730 eas
2460 4695 2574 4730 cum
2605 4678 2776 4732 ovibus
2803 4676 2997 4730 Laban.
3024 4676 3213 4731 Postea
3244 4679 3366 4748 quia
3398 4679 3579 4732 omnia
3603 4695 3724 4748 qu;e
3756 4696 3959 4736 nasceo

2357 4770 2569 4831 bantur,
2601 4780 2755 4823 erant
2787 4771 2906 4823 talia
2937 4771 3110 4838 qualia
3142 4771 3437 4844 proposuit,
3473 4774 3738 4838 separavit
3765 4787 3824 4827 ea
3855 4814 3871 4838 ,
3906 4787 3961 4828 rt

2358 4860 2480 4914 fet-it
2510 4861 2610 4914 sibi
2651 4875 2841 4929 greges
2885 4869 3179 4929 separatos.
3224 4861 3314 4914 bl.
3341 4859 3558 4914 Factum
3596 4872 3668 4916 est
3698 4872 3870 4917 autem
3906 4865 3964 4919 in

2357 4961 2579 5022 tempore
2603 4969 2702 5023 quo
2730 4953 3020 5020 concipiunt
3042 4969 3155 5006 oves
3184 4955 3405 5025 grauida;
3428 4995 3443 5018 ,
3480 4955 3644 5021 posuit
3663 4955 3823 5010 Iacob
3851 4958 3965 5009 rir-

2357 5060 2471 5114 gam
2496 5062 2664 5097 coram
2692 5044 2866 5097 oribus
2886 5046 2936 5097 in
2957 5046 3235 5108 canalibus,
3261 5056 3310 5097 ut
3334 5050 3652 5114 conciperent
3672 5049 3828 5118 juxta
3852 5051 3964 5104 vir-

2359 5153 2471 5207 gas.
2515 5135 2592 5190 ίὲ.
2629 5135 2847 5199 Quando
2886 5146 3050 5188 autent
3091 5135 3351 5204 pariebant
3382 5154 3530 5201 ores,
3574 5153 3675 5191 non
3715 5140 3958 5207 ponebat.

2360 5225 2521 5280 Facta
2547 5240 2717 5279 autent
2743 5236 2857 5280 sunt
2888 5243 2985 5280 non
3016 5229 3214 5298 signata
3241 5227 3440 5289 Laban,
3474 5230 3673 5296 signata
3709 5245 3823 5282 vero
3849 5228 3950 5284 Ja-

2356 5321 2444 5374 cob
2469 5340 2486 5387 ,'
2515 5321 2604 5375 45.
2631 5332 2674 5372 et
2698 5320 2885 5372 ditatus
2909 5332 2979 5373 est
3006 5321 3156 5373 homo
3176 5321 3323 5374 valde
3351 5322 3515 5373 valde.
3548 5321 3684 5390 Quid
3718 5324 3827 5377 vult
3851 5325 3956 5379 sibi

2358 5413 2446 5467 illa
2505 5411 3216 5481 repetitio?Abundantium
3281 5412 3500 5467 multam
3563 5413 3865 5484 signiﬁcat:
3901 5430 3950 5472 et

2357 5520 2478 5558 cmn
2525 5519 2628 5558 non
2664 5505 2823 5557 mndo
2869 5504 3116 5570 ditatum,
3146 5505 3239 5559 sed
3291 5519 3340 5559 et
3394 5505 3680 5562 admodum
3727 5509 3957 5566 ditatum

2358 5595 2542 5649 luisse.
2579 5592 2809 5646 Fuerunt
2838 5595 2979 5648 enim
3006 5595 3082 5660 ci,
3114 5596 3302 5664 inquit,
3337 5612 3520 5665 pecora
3552 5597 3710 5652 multa
3741 5609 3788 5652 et
3810 5604 3959 5656 bocca

2358 5700 2401 5741 et
2428 5686 2555 5739 servi
2582 5695 2628 5738 et
2656 5686 2874 5740 ancilla:
2903 5686 3010 5742 Sed
3049 5685 3167 5742 vide
3195 5687 3281 5742 hic
3309 5687 3498 5741 iterum
3524 5688 3667 5756 jus:o
3698 5689 3955 5747 invidiam

2364 5779 2528 5834 nasci.
2567 5779 2614 5831 l.
2651 5778 2848 5830 Audiuit
2892 5793 3032 5833 enim
3054 5816 3070 5843 ,
3102 5780 3303 5850 inquit,
3335 5779 3479 5832 verba
3506 5780 3731 5847 ﬁliorum
3780 5781 3956 5841 Laban
