4182 6322
246 420 340 477 (97

241 532 553 589 dicentium:
586 530 791 601 Accepit
819 528 978 583 Iacob
1005 525 1175 581 omnia
1190 539 1302 595 qua
1316 530 1432 575 sunt
1460 518 1619 588 patris
1648 512 1831 575 nostri,

238 637 285 679 et
314 641 381 679 ea:
413 625 492 678 his
521 640 637 695 qua:
669 634 789 677 sunt
814 620 972 692 patris
1000 618 1158 672 nostri
1188 616 1304 684 fecit
1334 629 1532 667 omnem
1559 612 1690 663 hanc
1717 607 1830 678 glo-

238 716 370 769 riam
412 713 580 784 (Cap.
606 712 721 785 3|).
760 712 892 767 Vide
918 707 1186 779 quomodo
1218 704 1412 760 invidia
1443 703 1681 772 ingratos
1716 699 1834 752 illos

239 805 509 869 reddidit;
540 819 647 859 non
677 803 794 857 illos
812 810 989 855 autem
1018 798 1190 854 solum
1211 837 1227 863 ,
1259 795 1354 851 sed
1382 804 1436 848 et
1457 794 1630 861 ipsum
1658 788 1833 844 Laba-

238 913 394 951 num.
429 895 569 950 Vidit
598 896 764 960 enim,
794 893 984 963 inquit,
1012 890 1175 945 Jacob
1196 888 1378 958 faciem
1401 884 1577 938 Laban
1596 923 1611 946 ,
1645 890 1692 936 et
1725 894 1839 935 ecce

238 1003 344 1040 non
372 994 482 1042 erat
508 1002 627 1056 erga
655 1000 709 1039 se
733 984 862 1038 sicut
892 983 999 1037 heri
1022 990 1072 1034 et
1097 972 1662 1034 nudiustertius.‘ierba
1691 969 1835 1025 enim

240 1076 475 1132 ﬁlios-tun
498 1074 636 1131 illius
664 1082 897 1130 mentem
925 1072 1039 1143 ejus
1067 1071 1427 1129 turbaverant,
1448 1074 1500 1121 et
1516 1063 1836 1120 oblivionem

241 1165 571 1221 induxerant
598 1177 785 1219 eorum
813 1176 933 1232 quae
972 1160 1179 1230 pridem
1207 1158 1389 1213 Laban
1416 1155 1625 1211 dixerat
1653 1151 1718 1207 ad
1749 1151 1839 1206 Ja-

239 1256 345 1311 Cnb
371 1254 457 1309 bis
486 1253 663 1310 verbis
690 1270 704 1306 :
734 1251 999 1306 Benedizit
1024 1265 1102 1303 me
1133 1247 1269 1303 Deus
1294 1247 1362 1301 ad
1390 1247 1671 1315 ingressum
1695 1250 1839 1296 tuum

240 1344 398 1414 (Gen.
428 1344 519 1401 30.
548 1345 663 1414 27),
685 1352 741 1399 et
759 1343 960 1414 gratias
983 1349 1167 1412 egerat
1188 1340 1435 1405 Domino,
1456 1336 1597 1407 quod
1621 1344 1840 1405 propter

240 1436 533 1491 adventum
571 1433 702 1505 justi
740 1434 1017 1488 facultates
1055 1448 1167 1488 sua:
1204 1440 1373 1486 aucta:
1413 1428 1660 1484 fuerant:
1698 1440 1841 1481 nunc

240 1535 452 1579 mutato
494 1540 587 1593 per
614 1524 841 1578 ﬁliorum
870 1522 1013 1577 dicta
1063 1522 1245 1575 animo
1272 1530 1328 1576 et
1356 1518 1551 1574 invidia
1584 1517 1832 1588 ﬂagrans,

241 1615 383 1671 fin-te
410 1615 535 1685 quia
559 1614 774 1669 videbat
798 1614 1000 1683 justum
1022 1613 1178 1668 valde
1205 1612 1477 1667 abundare
1496 1651 1512 1677 ,
1543 1624 1648 1665 non
1679 1610 1838 1663 talem

243 1721 304 1761 se
334 1707 412 1761 illi
438 1705 765 1770 exhibebat,
790 1705 1001 1775 qualem
1030 1713 1208 1759 antea.
1253 1704 1391 1758 Vidit
1419 1704 1562 1759 enim
1584 1744 1598 1768 ,
1632 1702 1833 1773 inquit,

240 1794 406 1850 Iacob
435 1796 620 1866 faciem
643 1794 819 1849 Laban
838 1836 852 1860 ,
875 1805 923 1849 et
948 1811 1061 1849 ecce
1081 1810 1182 1850 non
1202 1804 1313 1848 erat
1336 1811 1460 1864 ergo
1486 1810 1540 1848 se
1563 1794 1692 1848 sicut
1731 1792 1839 1845 heri

242 1897 291 1939 et
322 1885 902 1940 nudiustertius.\'idisti
928 1886 1057 1954 justi
1085 1901 1328 1956 magnam
1352 1883 1836 1949 mansuetudinem,

242 1986 298 2031 et
326 1977 539 2030 illorum
571 1977 831 2045 ingratum
855 1977 1091 2030 animum
1112 2016 1127 2041 ,
1161 1991 1226 2030 ac
1248 1975 1520 2046 quomodo
1548 1990 1671 2031 cum
1698 1975 1837 2030 invi-

148 2118 163 2127 _.
242 2064 389 2118 diam
418 2064 562 2120 ferre
602 2079 708 2119 non
742 2074 981 2133 possent,
1014 2066 1178 2135 patris
1221 2072 1454 2121 mentem
1483 2066 1837 2135 perturbave-

243 2155 415 2208 runt?
440 2153 592 2219 Vide,
610 2155 840 2210 obsecro
864 2195 879 2220 ,
905 2170 1049 2210 nunc
1075 2168 1129 2210 et
1156 2156 1247 2209 Dei
1279 2148 1601 2212 ineffabilem
1628 2158 1841 2211 miseri-

242 2244 508 2307 cordiam,
544 2254 598 2299 ct
617 2255 816 2317 quanta
844 2247 1288 2317 attemperatione
1316 2254 1522 2311 utatur,
1545 2263 1666 2302 cum
1697 2248 1841 2302 videt

244 2353 346 2391 nos
378 2354 499 2407 qua:
520 2350 700 2392 nostra
725 2347 849 2392 sunt
881 2338 1081 2394 facere.
1116 2338 1316 2394 Videas
1350 2339 1494 2394 enim
1534 2339 1735 2409 justum
1770 2339 1841 2394 ab

244 2426 352 2480 illis
382 2427 507 2481 odio
534 2426 740 2493 haberi,
773 2426 903 2482 dicit
929 2428 995 2482 ad
1020 2426 1184 2483 lacob
1213 2445 1225 2481 :
1256 2428 1308 2483 5.
1340 2426 1606 2483 Revertere
1644 2430 1697 2482 in
1734 2438 1837 2482 ter-

243 2534 357 2570 ram
406 2528 609 2587 patrum
638 2527 861 2583 tuorum,
892 2528 940 2573 et
977 2520 1045 2572 ad
1075 2521 1448 2590 generationem
1477 2530 1615 2573 tuam
1633 2562 1647 2585 ,
1682 2530 1725 2573 et
1752 2536 1837 2573 ero

239 2618 433 2665 tecum.
463 2609 604 2665 Satis
625 2609 716 2664 diu
757 2622 997 2665 versatus
1024 2627 1113 2675 es,
1153 2612 1357 2682 inquit,
1384 2613 1434 2666 in
1470 2621 1609 2667 terra
1641 2612 1836 2665 aliena.

242 2699 376 2755 Nam
404 2717 525 2772 qua:
553 2703 757 2772 pridem
787 2703 879 2757 tibi
909 2704 1148 2773 promisi,
1175 2704 1359 2760 dicens
1378 2746 1393 2768 ,
1432 2703 1688 2759 Reducam
1713 2717 1759 2757 te
1786 2705 1838 2758 in

243 2802 435 2846 terram
470 2802 609 2847 tuam
637 2793 791 2865 (Gen.
823 2794 915 2850 28.
942 2796 1067 2865 l5),
1111 2810 1174 2850 ea
1220 2811 1362 2850 nunc
1404 2810 1570 2867 opere
1616 2796 1839 2865 implere

243 2884 367 2938 Vulo
395 2904 407 2939 :
436 2894 708 2941 revertere
758 2886 918 2956 igitur
961 2886 1091 2941 nihil
1140 2881 1379 2950 timens;
1409 2886 1521 2956 Ego
1567 2888 1709 2942 enim
1752 2902 1839 2940 ero

242 2985 428 3029 tecuiii.
466 2976 536 3031 Ut
562 2978 721 3045 Igitur
754 2977 929 3045 justus
970 2977 1182 3047 segnior
1222 2992 1328 3031 non
1375 2977 1465 3032 fiat
1519 2978 1571 3031 in
1628 2976 1839 3046 profici-

241 3066 479 3131 scendo,
510 3067 600 3121 sed
644 3082 832 3135 magna
868 3067 1059 3120 ﬁducia
1099 3066 1200 3121 iter
1239 3067 1495 3136 arripiat:
1529 3067 1649 3122 ideo
1674 3067 1833 3133 dicit,

248 3158 357 3228 Ego
388 3175 475 3211 ero
508 3168 675 3211 tecum
698 3174 717 3211 :
748 3158 838 3227 qui
877 3158 1151 3229 hucusque
1181 3176 1268 3214 res
1298 3171 1414 3215 tuas
1444 3160 1755 3231 gubernavi,
1785 3169 1839 3215 ct

242 3249 429 3320 augeri
455 3249 639 3302 curavi
679 3262 863 3303 semen
896 3257 1042 3303 tuum
1070 3290 1085 3314 ,
1116 3265 1216 3320 ego
1246 3260 1300 3304 et
1329 3251 1381 3305 in
1412 3261 1683 3321 posterum
1731 3251 1837 3305 Ero

242 3348 426 3392 (scuta.
462 3340 589 3393 [huc
614 3349 671 3394 ut
696 3339 895 3394 audivit
929 3341 1105 3409 justus
1131 3357 1159 3394 a
1190 3342 1301 3396 Deo
1322 3383 1335 3405 ,
1362 3324 1472 3396 non
1515 3342 1612 3396 fuit
1662 3345 1833 3413 negli-

239 3444 393 3498 gens,
419 3429 513 3483 sed
538 3429 603 3483 ad
634 3429 735 3483 iter
762 3444 821 3483 se
848 3432 1097 3485 accinxit.
1123 3432 1176 3486 4.
1209 3432 1352 3485 Misit
1380 3433 1531 3497 enim,
1571 3434 1761 3503 inquit,
1790 3444 1843 3487 et

240 3520 431 3572 vocavit
460 3518 608 3573 Liam
635 3528 683 3573 et
713 3520 906 3574 Rachel
937 3523 989 3576 in
1020 3538 1255 3592 campum
1281 3524 1365 3577 ubi
1392 3535 1535 3578 erant
1562 3543 1760 3597 greges,
1788 3538 1833 3579 et

236 3611 367 3664 dixit
394 3611 489 3665 eis.
522 3612 827 3681 Proponere
858 3614 967 3668 vult
999 3616 1311 3670 mulieribus
1350 3616 1693 3686 profectionis
1736 3634 1833 3673 ne-

236 3704 441 3771 gottum
465 3742 479 3766 ,
512 3710 565 3756 ct
605 3702 906 3772 signiﬁcare
935 3705 1013 3759 eis
1059 3706 1367 3760 mandatum
1397 3707 1528 3772 Dei,
1569 3718 1625 3763 et
1669 3710 1834 3778 patris

235 3806 362 3860 erga
388 3808 445 3846 se
476 3793 681 3846 odium.
700 3794 753 3848 5.
792 3794 931 3847 Dixit
960 3796 1102 3850 enim
1124 3837 1139 3861 ,
1172 3797 1375 3867 inquit,
1404 3799 1476 3852 eis
1503 3813 1522 3851 :
1560 3797 1717 3853 Video
1743 3816 1833 3869 ego

239 3885 424 3949 facient
456 3885 615 3953 patris
637 3887 806 3950 vestri,
825 3887 962 3955 quod
993 3903 1091 3940 non
1121 3888 1185 3940 sit
1218 3905 1336 3958 erga
1381 3905 1459 3941 me
1486 3890 1614 3942 sicut
1646 3889 1753 3943 lteri
1785 3898 1829 3942 et

235 3973 606 4028 nudiustertius
634 3990 654 4028 :
679 3974 818 4029 Deus
860 3987 1026 4029 autem
1074 3978 1233 4046 patris
1266 3980 1361 4033 mei
1409 3980 1506 4051 fuit
1536 3996 1747 4033 mecum.
1774 3980 1828 4035 6.

234 4062 378 4134 Ipsa:
418 4075 587 4120 autem
607 4069 767 4134 scitis,
791 4070 924 4137 quod
956 4072 1134 4125 servivi
1182 4073 1316 4142 patri
1358 4084 1520 4127 vestro
1560 4092 1653 4145 pro
1693 4077 1830 4129 omni

230 4155 368 4208 virili
400 4173 532 4209 mea.
575 4158 627 4211 7.
670 4157 828 4212 Pater
869 4171 1035 4214 autem
1074 4172 1235 4216 vester
1276 4165 1601 4218 circumvenit
1634 4182 1711 4219 me
1734 4209 1748 4231 ,
1782 4177 1830 4220 et

228 4248 441 4299 mutavit
474 4249 749 4302 mercedem
776 4267 938 4302 meam
965 4252 1139 4306 decent
1170 4257 1314 4325 agnis
1347 4256 1385 4320 ¹,
1418 4266 1463 4308 et
1494 4274 1594 4309 non
1621 4258 1757 4309 dedit
1784 4258 1831 4311 ei

229 4336 374 4390 Deus
426 4347 481 4389 ut
533 4355 613 4391 me
659 4340 913 4411 affligeret.
955 4343 1009 4397 8.
1046 4343 1107 4397 Et
1143 4362 1259 4398 cum
1298 4347 1369 4400 sic
1406 4348 1593 4401 diceret
1624 4364 1641 4401 :
1671 4348 1827 4402 Varia

225 4439 377 4481 erunt
410 4445 596 4483 merces
627 4440 713 4482 tua
744 4447 763 4484 :
794 4441 839 4485 et
864 4434 1125 4501 pariebant
1151 4453 1321 4490 omnes
1349 4455 1463 4491 oves
1506 4441 1665 4494 varia.
1698 4441 1825 4495 Cum

224 4528 400 4570 autem
430 4519 615 4573 diceret
642 4536 661 4574 .'
690 4521 924 4576 Candida
946 4536 1090 4578 erunt
1126 4544 1312 4582 merces
1343 4540 1429 4582 tua
1451 4546 1470 4584 :
1494 4542 1539 4584 et
1563 4533 1824 4601 pariebant

223 4629 401 4665 ornnes
424 4630 538 4667 oves
562 4615 785 4668 candida
807 4632 826 4669 :
856 4618 909 4671 9.
942 4628 987 4670 et
1015 4619 1127 4672 tulit
1151 4619 1288 4674 Deus
1330 4624 1501 4676 omnia
1522 4640 1703 4691 pecora
1725 4643 1822 4695 pa-

221 4703 320 4755 tris
346 4705 515 4767 vestri,
546 4714 593 4757 et
615 4707 752 4759 dedit
773 4708 895 4760 milii
922 4725 999 4761 ea.

302 4796 352 4848 5.
390 4793 522 4849 Vide
548 4798 819 4864 quomodo
848 4809 1133 4871 utrumque
1164 4803 1339 4864 docet.
1367 4816 1419 4859 et
1448 4807 1614 4872 patris
1643 4809 1821 4878 ingra-

220 4894 337 4937 tum
366 4898 489 4953 erga
514 4900 572 4940 se
601 4887 861 4956 animum,
885 4899 939 4944 et
967 4907 1117 4946 suum
1146 4895 1379 4950 studium
1408 4899 1547 4967 quod
1577 4904 1625 4952 in
1650 4902 1822 4955 servi-

218 4984 339 5029 tute
367 4975 683 5031 declaravit.
708 4980 863 5035 Scitis
894 4985 1057 5049 cnim,
1093 4987 1296 5056 inquit,
1328 5006 1406 5043 me
1430 5007 1524 5060 pro
1553 4992 1687 5045 virili
1709 4967 1832 5046 mea.

216 5067 486 5120 scruivisse
516 5071 649 5136 patri
681 5084 861 5127 vestro.
894 5075 959 5129 Et
979 5078 1273 5133 declaravit
1315 5092 1564 5149 quantam
1607 5086 1689 5137 sui
1719 5101 1816 5139 cu-

213 5170 335 5209 ram
369 5156 511 5212 Deus
548 5157 827 5224 habuerit,
863 5175 1169 5223 monstrans
1217 5185 1508 5238 supernum
1558 5175 1814 5229 auxilium

209 5248 401 5301 omnia
433 5262 713 5317 operatum
753 5253 943 5320 fuisse,
988 5266 1043 5311 et
1090 5259 1368 5317 facultates
1410 5263 1609 5319 Labani
1652 5268 1704 5320 in
1755 5282 1814 5325 se

212 5340 578 5395 transtulisse.
614 5340 751 5396 Tulit
780 5346 925 5399 enim
958 5347 1097 5403 Deus
1124 5355 1295 5406 omnia
1325 5372 1508 5423 pecora
1535 5361 1697 5427 patris
1727 5378 1811 5413 nec

211 5428 331 5494 uri,
364 5429 557 5500 inquit,
587 5440 635 5485 et
662 5433 800 5488 dedit
830 5439 957 5491 mihi
983 5456 1061 5493 ea.
1101 5442 1188 5497 10.
1218 5443 1435 5509 Quando
1459 5460 1626 5503 autem
1645 5454 1815 5506 conci-

1152 5632 1233 5679 ubi
1262 5633 1422 5697 rtiquila
1458 5639 1621 5697 vertit,
1646 5641 1811 5692 decem

211 5676 581 5765 mrsrohlﬁl.
601 5676 1373 5765 avtnmacin'ts,
1400 5697 1559 5765 decies

1251 407 1313 461 ΙΝ
1354 406 1502 462 CAP.
1550 400 1740 457 XXXI.
1783 396 2030 454 GENES.
2077 397 2304 453 llOlllL
2350 398 2500 455 LVil.

3438 404 3540 461 408

1946 508 2147 581 piebant
2170 527 2308 579 oves,
2336 525 2383 568 et
2410 514 2513 567 vidi
2539 513 2702 570 oculis
2726 515 2846 569 nnis
2874 517 2926 569 in
2956 531 3134 570 somno
3153 558 3167 579 ,
3192 526 3238 570 et
3266 530 3377 569 ecce
3412 517 3538 571 lu'rri

1946 615 1993 657 et
2020 606 2201 658 arietes
2248 606 2585 659 ascendebant
2633 622 2785 675 super
2812 621 2926 661 oves
2970 617 3017 660 et
3059 623 3280 677 capras,
3311 608 3538 661 subalbi-

1946 708 2115 751 cantes
2162 708 2210 751 et
2258 700 2405 765 varii,
2429 708 2477 753 et
2520 699 2759 753 cinericio
2792 700 2962 754 colore
2978 700 3165 771 sparsi.
3197 699 3372 755 ll.Et
3412 702 3542 754 dixit

1944 788 2069 841 mihi
2089 788 2299 860 angelus
2327 788 2424 843 Dei
2448 791 2501 843 in
2525 806 2701 843 somno
2722 804 2742 843 :
2760 787 3064 860 Jacob.Ego
3085 799 3253 844 autem
3273 790 3498 843 dicebam
3521 805 3541 844 :

1948 882 2083 947 Quid
2107 893 2180 937 est
2198 882 2224 935 .’
2255 882 2321 936 Et
2350 884 2477 937 dixit
2504 899 2524 937 :
2551 881 2636 937 12.
2668 883 2853 952 Aspice
2877 883 3039 936 oculis
3070 882 3189 949 tuis,
3220 893 3270 937 et
3298 882 3411 935 vide
3436 884 3543 933 lu'r-

1943 992 2030 1030 cos
2057 985 2103 1030 et
2127 977 2307 1030 arietes
2339 976 2664 1031 ascendentes
2684 992 2837 1045 super
2861 992 3043 1047 capras
3065 985 3110 1029 et
3138 991 3275 1040 oves,
3303 974 3540 1029 subalbos

1945 1066 2178 1120 ctvarios
2198 1108 2211 1131 ,
2244 1076 2289 1120 et
2316 1066 2552 1120 cinericio
2583 1067 2753 1121 colore
2788 1082 2995 1134 sparsos
3023 1080 3042 1119 :
3069 1065 3173 1122 vili
3223 1066 3355 1118 enim
3397 1079 3534 1133 mar-

1944 1172 2156 1227 cumque
2184 1155 2361 1211 Laban
2392 1155 2479 1211 tibi
2517 1156 2829 1228 facit.Vides
2848 1171 3008 1212 omne
3029 1155 3170 1226 quod
3204 1164 3329 1210 tunc
3360 1154 3562 1229 ﬁebat,-

1944 1261 2175 1317 superna
2187 1249 2476 1319 contigisse
2494 1248 2823 1318 operatione,
2845 1263 2964 1317 quae
2978 1248 3106 1318 justi
3128 1248 3340 1303 labores
3360 1262 3541 1303 remu—

1947 1339 2419 1396 nerabatur‘tNam
2445 1341 2698 1411 quoniam
2718 1340 2808 1395 ille
2836 1340 3072 1410 ingratus
3098 1354 3222 1410 erga
3250 1354 3372 1394 eum
3402 1346 3540 1404 erat,

1948 1431 2208 1502 benignus
2240 1432 2496 1486 Dominus
2515 1432 2717 1501 justum
2758 1431 2987 1485 ubertim
3026 1437 3369 1485 rcmunerat:
3413 1427 3531 1483 Vidi

1947 1524 2077 1577 enim
2100 1540 2428 1595 quaecumque
2452 1523 2631 1577 Laban
2659 1523 2748 1577 tibi
2767 1524 2907 1595 fecit.

2020 1613 2161 1668 Deus
2190 1631 2291 1669 non
2330 1615 2541 1684 despicit
2565 1632 2649 1669 eos
2688 1616 2775 1686 qui
2804 1615 3114 1670 calumniam
3163 1616 3445 1687 patiuntur.
3472 1644 3529 1655 —

1949 1706 2084 1761 [line
2109 1707 2365 1762 discimus
2396 1707 2695 1775 quomodo,
2730 1708 2947 1778 quando
2977 1709 3167 1778 injuria
3196 1708 3351 1763 nobis
3379 1706 3538 1763 infer-

1949 1806 2052 1864 tur,
2084 1799 2128 1864 si
2160 1800 2419 1854 mansueti
2447 1809 2499 1855 et
2530 1799 2687 1855 mites
2713 1814 2776 1854 ac
2799 1798 3090 1855 tolerantes
3117 1799 3392 1865 fuerimus,
3425 1814 3539 1854 ma-

1945 1888 2051 1959 jori
2107 1898 2162 1943 et
2204 1888 2418 1959 largiori
2469 1890 2669 1944 auxilio
2719 1889 2903 1943 divino
2950 1889 3207 1955 fruamur.
3253 1889 3331 1944 Ne
3387 1889 3540 1960 igitur

1946 1981 2282 2035 obluctemur
2304 1980 2367 2034 iis
2388 1979 2477 2049 qui
2506 1994 2605 2034 nos
2628 1989 2899 2051 premunt,
2921 1990 2972 2036 et
2990 1979 3305 2034 calumniari
3334 1981 3539 2044 volunt,

1946 2070 2041 2125 sed
2088 2070 2326 2125 feramus
2372 2085 2668 2141 generose,
2702 2071 2933 2126 scientes
2976 2071 3215 2126 omnium
3258 2072 3540 2127 Dominum

1948 2176 2047 2216 nos
2095 2177 2199 2216 non
2245 2162 2626 2232 despecturum
2663 2176 2822 2228 esse,
2855 2161 3146 2217 dummodo
3192 2178 3291 2218 nos
3334 2173 3541 2239 gratum

1948 2252 2195 2309 allectum
2219 2264 2271 2309 et
2295 2254 2721 2310 benevolentiam
2746 2254 3197 2310 demonstremus.
3225 2256 3358 2310 Mihi
3377 2258 3538 2320 enim,

1946 2347 2145 2417 inquit,
2176 2347 2396 2400 uindicta
2414 2362 2434 2411 ;
2460 2364 2551 2418 ego
2595 2348 2887 2413 retribuam,
2918 2348 3041 2401 dicit
3081 2347 3331 2402 Dominus
3360 2348 3539 2417 (Rom.

1950 2438 2036 2491 12.
2069 2439 2135 2492 19
2152 2448 2198 2491 et
2219 2438 2367 2491 Deut.
2392 2438 2476 2492 52.
2498 2438 2612 2507 55).
2634 2438 2859 2507 Propter
2890 2439 2989 2492 hoc
3005 2450 3058 2493 et
3087 2439 3254 2493 Jacob
3284 2438 3495 2495 dicebat
3519 2459 3529 2492 :

1949 2527 2071 2581 Non
2101 2529 2237 2582 dedit
2280 2529 2326 2581 ei
2385 2528 2539 2596 Deus,
2572 2538 2625 2583 ut
2668 2531 2904 2599 aﬂligeret
2954 2548 3050 2584 me.
3084 2530 3214 2584 Nam
3262 2532 3385 2601 quia
3431 2532 3545 2600 ipse

1947 2621 2159 2690 privare
2209 2635 2295 2675 me
2342 2620 2583 2675 laborum
2631 2621 2881 2677 mercede
2921 2622 3116 2687 voluit,
3147 2623 3403 2677 Dominus
3435 2631 3541 2676 tam

1947 2713 2164 2767 uberem
2204 2713 2254 2767 in
2312 2727 2398 2783 me
2445 2711 2738 2768 declaravit
2782 2713 3203 2767 misericordiam
3252 2722 3307 2768 et
3357 2715 3531 2784 provi-

1946 2802 2203 2867 dentiam,
2234 2811 2287 2856 ut
2330 2803 2506 2858 omnis
2547 2802 2665 2872 ejus
2709 2804 3007 2858 substantia
3055 2806 3106 2858 in
3152 2819 3239 2859 me
3284 2805 3540 2858 translata

1945 2893 2124 2948 fuerit.
2156 2894 2343 2950 Sciens
2381 2894 2527 2951 enim
2560 2910 2646 2950 me
2675 2896 2820 2949 omni
2866 2896 3041 2949 studio
3071 2896 3353 2963 serviisse,
3393 2897 3537 2949 illum

1944 2993 2122 3040 autem
2174 2999 2279 3039 non
2342 2987 2690 3056 respondisse
2743 2986 2872 3040 mihi
2924 2986 3104 3040 ofﬁcio
3150 3002 3286 3052 suo,
3339 2996 3537 3041 tantam

1946 3076 2117 3129 nostri
2149 3075 2333 3129 habuit
2361 3091 2567 3132 curam.
2599 3078 2666 3131 Et
2696 3076 2837 3147 quod
2870 3091 2975 3131 non
3004 3077 3117 3131 hac
3144 3078 3345 3147 absque
3378 3094 3537 3132 causa

1943 3175 1998 3221 ct
2029 3181 2163 3220 vane
2189 3166 2398 3234 dicam,
2429 3174 2602 3238 neque
2631 3176 2833 3223 temere
2878 3182 3146 3235 accusem,
3179 3171 3341 3224 etiam
3370 3170 3535 3224 Deum

1946 3256 2202 3312 habemus
2231 3267 2422 3312 testem
2455 3274 2641 3314 eorum
2685 3276 2803 3328 qua:
2854 3270 3008 3330 pater
3048 3269 3229 3314 vester
3254 3261 3363 3329 egit
3410 3276 3535 3330 erga

1943 3365 2049 3403 me.
2090 3350 2209 3403 Vidi
2249 3351 2402 3415 enim,
2428 3352 2631 3421 inquit,
2663 3367 2989 3421 quaecumque
3018 3351 3106 3404 tibi
3146 3350 3322 3404 Laban
3378 3352 3530 3424 fecit.

1942 3443 2083 3511 quod
2131 3460 2236 3497 non
2277 3443 2456 3503 solum,
2504 3443 2808 3498 mercedem
2849 3442 3148 3507 abstulerit,
3182 3442 3275 3497 scd
3313 3450 3369 3497 et
3397 3443 3538 3512 quod

1944 3549 2049 3587 non
2078 3543 2133 3588 ut
2162 3542 2319 3588 antea
2368 3549 2493 3603 erga
2538 3544 2589 3588 te
2638 3547 2779 3587 nunc
2810 3533 3032 3588 allectus
3076 3534 3165 3598 sit,
3194 3533 3288 3587 sed
3333 3533 3534 3587 aliena-

1942 3627 2075 3679 vcrit
2110 3627 2367 3680 animum.
2402 3628 2487 3681 l5.
2520 3625 2628 3696 Ego
2667 3642 2777 3679 sum
2806 3624 2942 3678 Deus
2975 3625 3063 3696 qui
3088 3624 3310 3694 apparui
3354 3625 3442 3677 tibi
3487 3624 3539 3677 in

1942 3718 2049 3771 loco
2080 3717 2162 3769 ubi
2192 3717 2438 3769 inunxisti
2489 3716 2612 3768 mihi
2658 3716 2967 3769 columnam.
3016 3713 3073 3768 ln
3126 3714 3442 3769 memoriam
3488 3714 3536 3767 ei

1942 3810 2145 3865 referre
2172 3810 2303 3874 vult,
2333 3826 2451 3880 qua:
2484 3809 2580 3879 ipsi
2610 3820 2735 3863 tunc
2774 3809 3039 3877 pollicitus
3082 3807 3273 3872 fuerit,
3306 3807 3490 3861 dicens
3522 3827 3536 3861 :

1941 3902 2005 3956 In
2037 3903 2409 3956 multitudinem
2434 3910 2480 3956 te
2505 3917 2723 3955 crescere
2746 3902 2930 3972 faciam
2972 3909 3018 3953 ct
3058 3899 3343 3953 custodiam
3372 3908 3452 3965 te,
3478 3915 3540 3951 ac

1938 3996 2177 4048 reducam
2216 4004 2263 4047 te
2289 3995 2339 4047 in
2376 4004 2561 4048 terram
2592 4004 2727 4046 tuam
2752 3992 2903 4065 (Gen.
2928 3992 3020 4047 28.
3046 3994 3130 4047 14.
3160 3992 3268 4062 15).
3296 3991 3409 4061 Ego
3437 3992 3533 4059 igi-

1940 4098 2045 4153 tur,
2081 4088 2270 4157 inquit,
2298 4087 2387 4157 qui
2434 4097 2559 4140 tunc
2608 4084 2828 4154 appar-ui
2874 4083 3000 4149 tibi,
3045 4093 3095 4138 et
3149 4084 3534 4151 promissinncs

1939 4182 2030 4234 tibi
2062 4180 2158 4235 feci
2192 4198 2205 4234 :
2236 4195 2334 4250 ego
2364 4181 2522 4235 etiam
2557 4194 2697 4232 nunc
2719 4220 2733 4242 ,
2775 4177 2989 4248 quando
3018 4186 3231 4245 tempus
3259 4177 3403 4229 venit
3428 4190 3534 4243 quo

1936 4289 1999 4328 ea
2030 4288 2149 4342 qua:
2181 4281 2305 4326 tunc
2329 4270 2547 4341 promisi
2578 4285 2741 4341 opere
2764 4268 3081 4339 complenda
3124 4277 3245 4322 sunt
3269 4310 3283 4334 ,
3324 4267 3531 4336 regredi

1935 4375 1985 4418 te
2009 4366 2172 4433 jubeo
2203 4366 2404 4433 absque
2431 4365 2573 4418 omni
2608 4365 2801 4417 mentis
2828 4360 3103 4431 angore.T
3103 4378 3246 4414 ecum
3264 4362 3395 4413 euim
3424 4377 3529 4411 ero.

1936 4460 2045 4528 Ego
2073 4476 2185 4513 sum
2215 4458 2352 4512 Deus
2387 4458 2472 4526 qui
2500 4456 2719 4527 apparui
2747 4456 2833 4508 tibi
2858 4455 2911 4508 in
2941 4454 3051 4507 loco
3080 4456 3131 4506 in
3160 4469 3257 4523 quo
3286 4453 3528 4505 inunxisti

1934 4552 2054 4603 mihi
2094 4552 2379 4603 columnam
2412 4547 2505 4618 (a),
2532 4557 2577 4600 et
2609 4546 2785 4599 vovisti
2822 4546 2945 4598 milii
2973 4553 3162 4597 votum.
3216 4542 3528 4596 Memoriam

1933 4643 2029 4709 ipsi
2073 4640 2291 4695 refricat
2334 4640 2437 4693 voti
2479 4648 2533 4691 et
2577 4635 2985 4707 promissionis,
3024 4649 3183 4703 quam
3228 4641 3526 4701 receperat.

1930 4715 2418 4800 Quodnam'autem
2447 4738 2565 4784 erat
2594 4728 2816 4782 votum?
2839 4726 2915 4780 De
2936 4729 2997 4781 iis
3021 4742 3134 4795 qua:
3159 4726 3283 4778 milii
3305 4726 3525 4787 dederis,

1929 4825 2147 4877 decimas
2171 4823 2257 4874 tibi
2277 4820 2489 4888 o/feram
2511 4818 2663 4891 (Gen.
2692 4816 2783 4873 28.
2807 4817 2923 4886 22).
2951 4817 3213 4883 Quoniam
3240 4824 3365 4869 tunc
3393 4815 3528 4869 nihil

1930 4926 2104 4968 tecum
2159 4914 2422 4967 alferebas
2446 4952 2459 4975 ,
2494 4911 2642 4981 quasi
2677 4908 2931 4979 profugus
2978 4909 3078 4962 iter
3122 4907 3323 4961 faciens
3356 4923 3368 4961 :
3398 4921 3522 4960 cum

1926 5017 2103 5062 autem
2157 5006 2249 5061 tibi
2293 5019 2603 5075 apparerem
2628 5044 2641 5068 ,
2683 5002 2875 5057 vovisti
2923 5009 3142 5067 votum,
3187 4999 3414 5053 dicens:
3453 4999 3528 5051 De

1925 5099 2155 5151 erunibus
2181 5113 2294 5166 quae
2332 5096 2457 5148 mihi
2498 5094 2717 5157 dederis,
2751 5092 2972 5146 decimas
3011 5091 3141 5144 dabo
3169 5092 3292 5156 tibi,
3315 5103 3441 5143 voto
3467 5099 3523 5143 et

1926 5190 2283 5260 promissione
2333 5187 2623 5255 potentiam
2682 5200 2854 5239 meam
2906 5184 3269 5253 prtesignans,
3299 5193 3354 5236 et
3400 5183 3521 5237 fidei

1925 5280 2091 5334 oculis
2124 5280 2422 5349 przevidens
2452 5278 2681 5331 futuram
2732 5277 2827 5330 tibi
2862 5292 3041 5331 rerum
3088 5276 3467 5329 abundantiam
3504 5293 3518 5329 :

1925 5385 2065 5423 nune
2092 5371 2211 5437 quia
2240 5376 2535 5422 evenerunt
2561 5376 2614 5421 et
2642 5366 2856 5436 impleta
2890 5375 3014 5420 sunt
3042 5382 3163 5435 qua:
3198 5381 3227 5418 a
3259 5380 3345 5419 me
3376 5380 3517 5433 pra:-

1922 5462 2061 5515 dicta
2086 5501 2100 5523 ,
2120 5461 2324 5528 justum
2352 5460 2513 5513 fuerit
2542 5467 2599 5513 ut
2629 5467 2683 5513 et
2710 5467 2894 5511 votum
2927 5467 3073 5511 tuum
3106 5455 3514 5525 impleas.Nunc

1922 5569 2039 5623 ergo
2060 5594 2075 5619 ,
2109 5552 2314 5620 inquit,
2345 5566 2515 5620 surge,
2544 5560 2589 5603 et
2632 5550 2868 5620 egredere
2891 5550 2955 5601 de
2983 5557 3117 5602 terra
3162 5549 3280 5615 ista,
3304 5556 3348 5600 et
3388 5548 3514 5601 vade

1981 5708 2056 5771 (a)
2090 5714 2139 5757 tn
2161 5715 2343 5766 Graeco,
2369 5719 2520 5767 ετξλην,
2547 5708 2677 5771 quod
2700 5714 2813 5768 apte
2836 5708 3032 5771 cippum
3054 5713 3290 5771 (verteris,
3316 5709 3395 5759 vel
3418 5724 3520 5761 me-

1921 5770 2195 5827 lius,'aram
2234 5780 2251 5817 :
2278 5782 2359 5817 ara
2386 5771 2519 5819 enim
2552 5782 2673 5819 vere
2696 5770 2801 5827 fuit,
2824 5770 2971 5832 quam
2991 5770 3234 5832 religione
3262 5779 3422 5824 motus
3444 5774 3525 5822 in-

1919 5832 2077 5892 unxit,
2103 5838 2154 5880 et
2180 5832 2225 5881 in
2251 5844 2344 5893 qua
2369 5844 2544 5893 preces
2568 5838 2619 5882 et
2642 5840 2749 5881 vota
2776 5833 2954 5883 emisit.
