4182 6322
654 403 775 461 ειςθ

667 519 720 572 in
739 529 933 572 terram
962 516 1228 570 nativitatis
1254 524 1352 568 tua:
1370 555 1383 580 ,
1413 526 1458 568 et
1485 532 1566 569 ero
1597 525 1776 568 tecum.
1812 514 1923 584 Ego
1963 523 2013 567 te
2043 512 2239 580 ubique

665 609 994 674 comitabor,
1027 623 1126 676 ego
1156 607 1247 661 tibi
1277 606 1485 660 facilem
1512 606 1788 660 ostendam
1816 607 1954 660 viam
1979 647 1994 670 ,
2021 614 2076 659 et
2116 601 2238 657 nul-

670 700 779 755 lum
828 715 857 753 a
893 699 1145 769 quopiam
1184 698 1434 752 damnum
1461 696 1637 761 feres;
1664 696 1881 752 dextera
1929 697 2076 751 enim
2121 708 2236 748 mea

665 786 858 860 ubique
888 798 939 842 te
965 796 1223 858 proteget.
1258 788 1345 842 Ib.
1374 786 1497 841 Haec
1533 788 1791 841 audientes
1822 786 2014 840 Rachel
2039 795 2084 839 et
2106 783 2199 838 Lia
2218 824 2235 850 ,

664 879 899 931 dixerunt
922 878 966 930 ei
992 892 1012 932 :
1033 876 1296 948 Numquid
1321 888 1391 932 est
1419 879 1562 932 nobis
1607 895 1726 948 pars
1769 878 1846 932 vel
1880 877 2146 931 Ita'reditas
2184 875 2237 929 in

662 966 810 1020 domo
837 968 993 1036 patris
1028 967 1228 1021 nostri?
1254 969 1340 1024 15.
1377 966 1564 1021 Nonne
1592 977 1647 1020 ut
1676 968 1853 1021 aliena
1875 975 2118 1035 reputatae
2145 982 2235 1018 su-

652 1073 772 1109 mus
796 1057 934 1126 apud
959 1056 1118 1144 eum;
1148 1057 1380 1111 Vendidit
1407 1059 1540 1112 enim
1567 1075 1676 1122 nos,
1705 1067 1751 1112 et
1780 1057 2067 1112 devorando
2093 1074 2236 1111 cont—

660 1150 1008 1219 edit-pretium
1039 1160 1282 1204 nostrum.
1312 1152 1397 1205 16.
1418 1149 1486 1204 Et
1515 1168 1640 1220 quas
1667 1167 1839 1204 omnes
1864 1150 2002 1204 Deus
2030 1149 2237 1204 abstulit

639 1239 860 1293 e-divitias
885 1250 934 1293 et
961 1240 1173 1309 gloriam
1201 1257 1232 1293 a
1261 1249 1402 1308 patre
1429 1250 1620 1305 nostro,
1654 1239 1744 1292 tibi
1772 1239 1912 1293 dedit
1940 1257 1959 1293 :
1989 1223 2120 1292 nunc
2141 1240 2239 1310 igi-

659 1340 743 1384 tur
763 1346 1089 1401 glaucumque
1109 1331 1290 1384 dixerit
1321 1331 1409 1384 tibi
1429 1331 1568 1385 Deus
1595 1341 1727 1394 tuus,
1753 1335 1856 1402 fac.
1887 1329 2019 1384 Vide
2046 1339 2100 1384 et
2140 1329 2237 1382 has

658 1429 944 1491 sequentes
972 1420 1061 1474 Dei
1092 1420 1396 1488 arbitrium,
1421 1431 1473 1476 et
1522 1422 1806 1475 afferentes
1850 1421 2110 1474 rationem
2151 1420 2236 1473 cui

657 1511 948 1566 contradici
980 1527 1082 1565 non
1113 1513 1303 1581 potuit.
1327 1511 1572 1567 Num-est
1604 1511 1798 1580 aliquid
1825 1525 2108 1564 commune
2134 1525 2236 1564 no-

660 1601 743 1656 bis
767 1643 782 1670 ,
809 1603 977 1668 aiunt,
1001 1619 1120 1657 cum
1149 1612 1299 1672 patre
1321 1603 1542 1658 nostro?
1569 1603 1742 1658 Semel
1793 1603 1937 1658 enim
1981 1618 2078 1658 nos
2108 1618 2238 1658 ven-

659 1692 811 1747 didit.
837 1693 1054 1748 Divitias
1081 1704 1126 1748 ct
1165 1695 1379 1764 gloriam
1407 1710 1556 1761 quam
1595 1693 1802 1747 abstulit
1837 1693 1978 1748 Deus
2018 1711 2050 1746 a
2094 1703 2238 1763 patre

657 1796 848 1850 nostra,
876 1794 923 1839 et
947 1785 1082 1838 dedit
1110 1785 1195 1836 tibi
1217 1802 1236 1850 ;
1258 1801 1346 1837 nos
1382 1784 1703 1850 habebimus,
1735 1793 1779 1838 et
1810 1785 1906 1852 ﬁlii
1940 1784 2116 1837 nostri.
2153 1783 2230 1838 Ne

656 1888 804 1928 cessa
828 1875 1003 1943 igitur.
1030 1890 1200 1943 neque
1220 1873 1392 1939 differ,
1425 1873 1518 1928 sed
1549 1872 1628 1926 fac
1647 1889 1764 1943 quae
1786 1873 1879 1928 tibi
1911 1888 1940 1926 a
1973 1874 2081 1926 Deo
2111 1881 2239 1926 sunt

657 1965 932 2034 imperata.
969 1962 1120 2017 Nune
1139 1965 1296 2034 igitur
1315 1979 1638 2034 quascumque
1669 1963 1796 2016 dixit
1822 1963 1908 2016 tibi
1938 1962 2075 2016 Deus
2098 1973 2234 2026 tuus,

653 2059 760 2124 fac.
793 2056 878 2109 l7.
909 2054 1029 2109 Ηακ
1063 2065 1116 2108 ut
1145 2057 1336 2109 audivit
1357 2055 1536 2121 Iacob,
1568 2056 1786 2110 surrexit
1811 2065 1856 2108 et
1885 2057 2075 2124 accepit
2114 2072 2238 2109 uxo-

658 2163 740 2201 res
783 2164 936 2212 suas,
970 2157 1014 2201 et
1044 2149 1210 2214 ﬁlios,
1243 2157 1290 2200 et
1332 2148 1599 2201 ascendere
1636 2147 1752 2214 fecit
1785 2164 1934 2216 super
1977 2147 2237 2202 camelos:

654 2237 743 2292 i8.
791 2249 837 2290 et
874 2237 1084 2290 abduxit
1118 2238 1288 2291 omnia
1333 2253 1445 2306 qui:
1489 2236 1698 2290 habebat
1726 2279 1740 2303 ,
1772 2247 1817 2290 et
1884 2238 2237 2307 supellectilem

657 2343 822 2392 suam,
851 2344 1000 2397 quam
1025 2327 1322 2395 acquisierat
1344 2328 1396 2380 in
1421 2326 1786 2396 Mesopotamia
1803 2370 1816 2395 ,
1840 2337 1885 2382 et
1911 2329 2080 2382 omnia
2121 2345 2234 2394 sua,

652 2431 707 2473 ut
736 2420 893 2473 abiret
914 2419 980 2472 ad
1007 2419 1156 2473 Isaac
1179 2429 1371 2490 patrem
1401 2436 1564 2474 suum.

720 2511 779 2565 4.
797 2508 842 2562 Ε
860 2511 1007 2563 domo
1025 2509 1215 2563 Labani
1233 2511 1361 2580 fugit
1379 2509 1566 2574 Iacob;
1583 2525 1693 2579 qua:
1709 2515 1881 2579 fugam
1896 2519 2100 2580 sequuta
2116 2511 2236 2576 sint;

650 2600 954 2668 praedicatur
980 2616 1101 2653 cura
1126 2597 1222 2653 Dei
1244 2616 1362 2671 erga
1389 2616 1507 2654 suos
1529 2640 1546 2666 ,
1576 2615 1690 2668 quas
1727 2601 1777 2652 in
1820 2616 2034 2670 persona
2079 2599 2239 2653 Iacob

651 2690 828 2743 elucet.
854 2719 921 2731 —
965 2689 1286 2757 Considera,
1329 2691 1591 2758 obsecro,
1635 2689 1996 2745 fortitudinem
2049 2691 2238 2745 anima:

646 2781 813 2850 justi,
853 2791 908 2836 et
952 2781 1219 2852 quomodo
1262 2781 1472 2852 repulso
1500 2781 1644 2835 omni
1693 2783 1886 2837 mentis
1934 2797 2131 2850 angore
2178 2797 2241 2837 ac

647 2881 832 2937 metu,
903 2872 1152 2927 mandato
1196 2871 1462 2926 dominico
1520 2871 1922 2938 obtemperavit.
1979 2872 2238 2947 Quoniam

647 2965 791 3019 enim
820 2965 948 3018 vidit
972 2965 1108 3019 male
1135 2979 1316 3018 sanam
1346 2972 1575 3017 mentem
1617 2962 1811 3017 Lahani
1833 3003 1849 3028 ,
1899 2977 2004 3017 non
2059 2963 2193 3016 ultra
2220 3003 2236 3029 ,

646 3057 784 3113 sicut
809 3058 990 3126 prius,
1023 3055 1350 3126 interrogare
1375 3071 1497 3110 eum
1524 3056 1725 3109 voluit:
1758 3054 1852 3109 sed
1881 3055 2020 3125 quod
2067 3056 2238 3124 impe-

646 3156 818 3201 ratum
848 3157 1014 3202 erata
1041 3148 1294 3213 Domino,
1327 3147 1576 3216 implebat
1599 3187 1613 3208 ,
1643 3156 1697 3201 et
1727 3149 1960 3215 acceptis
2001 3147 2240 3201 mulieri-

646 3235 748 3291 bus
775 3247 828 3291 et
855 3237 1065 3305 pueris,
1098 3237 1197 3291 iter
1225 3237 1465 3305 arripuit.
1497 3235 1582 3289 l9.
1614 3235 1789 3290 Laban
1815 3246 2016 3300 autem,
2047 3235 2236 3304 inquit,

647 3328 837 3381 abierat
861 3329 928 3380 ad
945 3328 1248 3380 tondendum
1268 3343 1377 3380 ones
1397 3344 1537 3384 suas.
1563 3326 1755 3381 Furata
1775 3338 1938 3382 autem
1959 3338 2030 3381 est
2052 3326 2243 3382 Rachel

647 3420 784 3473 idola
813 3422 970 3488 patris
989 3419 1087 3473 sui.
1113 3418 1295 3490 Neque
1320 3418 1421 3474 hoc
1459 3421 1657 3490 absque
1679 3435 1835 3474 causa
1869 3421 2020 3474 nobis
2051 3435 2241 3490 propo-

645 3512 804 3565 situm
830 3520 911 3566 est
933 3552 947 3576 ,
980 3510 1073 3565 sed
1118 3520 1174 3565 ut
1209 3512 1439 3566 sciamus
1463 3512 1727 3581 quomodo
1751 3512 1926 3566 adhuc
1968 3523 2239 3582 paternam

650 3602 906 3658 habentes
957 3603 1431 3667 consuetudinem,
1487 3604 1747 3657 idolorum
1800 3605 1962 3658 cultui
2018 3605 2241 3660 addicta:

648 3702 819 3747 erant.
849 3692 1223 3748 Animadverte
1248 3693 1389 3750 enim
1416 3736 1432 3760 ,
1480 3703 1734 3763 quantum
1766 3695 1850 3748 illa
1897 3695 1947 3749 in
1980 3695 2079 3750 hoc
2126 3707 2239 3749 stu-

648 3781 794 3836 dium
825 3781 1138 3852 impenderit
1163 3825 1177 3847 ,
1202 3799 1322 3838 cum
1350 3783 1482 3838 nihil
1507 3785 1648 3838 aliud
1675 3801 1704 3839 a
1732 3796 1881 3855 patre
1908 3786 2119 3842 auferre
2144 3803 2240 3842 vo-

649 3874 844 3941 luerit,
891 3891 1049 3944 quam
1098 3874 1238 3930 idola
1292 3877 1443 3944 ejus,
1502 3877 1659 3944 idque
1699 3876 1922 3930 faciebat
1969 3878 2243 3946 ignorante

648 3965 764 4018 viro
788 3983 801 4018 :
831 3979 1001 4033 neque
1026 3965 1166 4020 enim
1195 3965 1280 4018 ille
1304 3965 1405 4019 hoc
1428 3966 1762 4044 permisisset
1789 3967 1921 4020 fieri.
1947 3967 2036 4022 20.
2060 3967 2244 4021 Occul-

649 4055 768 4107 tnvit
789 4065 958 4108 autem
982 4096 996 4119 ,
1023 4056 1191 4124 inquit
1214 4097 1228 4120 ,
1255 4053 1417 4108 Iacob
1443 4072 1474 4108 a
1501 4055 1675 4110 Laban
1697 4056 1862 4126 Syro,
1887 4075 1949 4110 ne
1968 4060 2242 4112 annuntia-

649 4153 787 4198 retur
803 4145 849 4198 ei
868 4145 1000 4214 quod
1015 4149 1222 4216 fugeret.
1239 4145 1301 4198 2|
1317 4186 1328 4198 .
1346 4144 1411 4198 Et
1432 4146 1662 4199 abscessit
1676 4147 1850 4216 ipseet
1873 4149 2041 4200 omnia
2061 4149 2240 4218 ipsius,

649 4249 696 4290 et
723 4239 934 4292 transito
962 4239 1116 4307 ﬂuvio
1134 4280 1149 4305 ,
1177 4239 1429 4292 contendit
1460 4241 1528 4292 ad
1553 4250 1769 4305 montem
1807 4242 2025 4296 Galaad.
2077 4241 2207 4297 Vide
2225 4284 2240 4310 ,

650 4327 875 4382 obsecro
895 4369 911 4394 ,
951 4331 1107 4383 etiam
1137 4328 1222 4382 hic
1255 4344 1498 4398 magnam
1545 4330 1638 4385 Dei
1668 4333 2081 4400 providentiam,
2107 4350 2242 4404 quo-

651 4419 847 4486 modo,
875 4419 1043 4473 donec
1077 4419 1254 4489 justus
1302 4420 1480 4489 procul
1509 4421 1833 4490 aufugisset,
1865 4436 1968 4476 non
2008 4424 2247 4493 permisit

653 4520 709 4564 ut
734 4509 911 4564 Laban
942 4511 1080 4564 illius
1108 4524 1375 4566 secessum
1405 4511 1584 4566 sciret.
1631 4511 1722 4565 22.
1757 4512 1934 4567 Tribus
1963 4515 2105 4568 enim
2136 4514 2245 4566 die-

653 4602 745 4654 bus
769 4642 784 4667 ,
810 4601 1011 4670 inquit,
1035 4602 1299 4671 prarteritis
1319 4641 1332 4664 ,
1355 4602 1453 4670 ipsi
1478 4601 1654 4655 Laban
1692 4603 1926 4658 innotuit.
1956 4603 2046 4660 25.
2073 4604 2139 4657 Et
2164 4622 2248 4660 as-

653 4695 867 4763 sumptis
891 4693 1117 4747 omnibus
1153 4694 1390 4763 fratribus
1413 4695 1516 4748 suis
1540 4735 1557 4761 ,
1580 4707 1867 4765 persecutus
1904 4705 1977 4750 est
2019 4713 2132 4750 eum
2167 4698 2248 4750 via

655 4783 850 4836 dierum
887 4793 1076 4851 septem
1088 4803 1108 4847 ;
1135 4794 1182 4838 et
1220 4794 1553 4854 consequutus
1593 4801 1704 4838 eum
1728 4787 1781 4840 in
1819 4797 1985 4841 monte
2027 4787 2244 4844 Galaad.

656 4874 890 4930 Obsecro
929 4876 1014 4930 hic
1038 4891 1246 4946 quoque
1269 4877 1516 4932 attendas
1553 4877 1644 4932 Dei
1672 4879 2076 4947 providentiam.
2117 4879 2247 4934 Nam

661 4967 751 5036 qui
774 4966 942 5031 dixit,
973 4967 1236 5022 Revertere
1256 4969 1310 5022 in
1337 4978 1520 5022 terram
1546 4978 1714 5035 tuam,
1758 4979 1802 5023 et
1848 4986 1931 5023 ero
1951 4980 2138 5038 tecum,
2164 4971 2251 5026 ille

656 5057 816 5112 etiam
843 5073 985 5112 nunc
1009 5072 1157 5112 suam
1196 5059 1424 5114 declarat
1475 5059 1879 5130 providentiam.
1930 5062 2065 5128 Quia
2111 5065 2249 5118 enim

664 5147 791 5202 vidit
820 5147 1000 5202 Laban
1031 5163 1151 5203 cum
1182 5149 1344 5204 multa
1371 5149 1728 5221 indignatione
1753 5154 1997 5223 persequi
2021 5154 2245 5222 justum,

660 5250 714 5294 et
736 5253 944 5309 pmnam
971 5239 1147 5295 furtivi
1173 5255 1417 5297 secessus
1435 5285 1449 5309 ,
1473 5251 1532 5297 ut
1557 5243 1626 5297 ita
1650 5242 1818 5298 dicam
1844 5287 1858 5310 ,
1885 5254 2218 5315 sumpturum
2235 5287 2253 5320 ,

661 5331 906 5400 apparuit
948 5330 1128 5386 Laban
1167 5343 1322 5388 nocte
1361 5333 1411 5387 in
1439 5349 1648 5389 somno.
1675 5336 1764 5390 24.
1805 5335 1948 5389 Venit
1991 5337 2150 5402 enim,
2176 5338 2254 5391 in-

659 5422 808 5490 quit,
837 5420 971 5476 Deus
990 5423 1059 5475 ad
1081 5421 1255 5478 Laban
1278 5424 1466 5496 Syrum
1487 5427 1539 5480 in
1565 5443 1739 5481 somno
1760 5438 1900 5482 nocte
1918 5470 1931 5492 ,
1956 5438 2002 5482 et
2022 5430 2148 5483 dixit
2189 5433 2253 5485 ei.

666 5510 800 5566 Vide
830 5512 923 5567 Dei
953 5513 1361 5584 indulgentiam,
1391 5518 1658 5587 quomodo
1681 5518 1749 5573 ob
1775 5535 1923 5574 suam
1972 5521 2022 5574 in
2055 5521 2254 5591 justum

663 5601 1049 5668 providentiam
1075 5618 1196 5658 cum
1226 5605 1405 5661 Laban
1433 5607 1753 5678 colloquitur
1782 5627 1794 5662 :
1843 5620 1898 5664 ut
1937 5612 2118 5666 territa
2144 5612 2258 5681 ejus

670 5702 845 5748 mente
867 5695 1118 5764 impetum
1147 5697 1260 5768 ejus
1281 5713 1310 5753 a
1332 5697 1495 5755 Iacob
1517 5711 1780 5756 coerceat.
1805 5700 1934 5757 Cave
1957 5704 2076 5770 tibi,
2102 5720 2164 5757 ne
2188 5705 2258 5757 lo-

657 5785 965 5856 quariscum
977 5786 1135 5844 Iacob
1157 5789 1310 5845 mala.
1339 5789 1520 5862 Magna
1549 5790 1757 5848 Domini
1783 5792 2095 5865 benignitas.
2123 5794 2258 5863 Quia

1408 400 1465 456 S.
1505 399 1778 457 IOANNIS
1815 393 2285 456 CllRYSOSTOMl
2325 396 2643 457 ARCHIEP.
2683 403 3212 461 CONSTANTlNOP.

3836 411 3951 467 500

2347 512 2487 566 enim
2501 514 2703 571 sciebat
2723 530 2847 570 eum
2869 517 2936 571 ad
2960 535 3183 588 pugnam
3209 519 3556 587 contendere,
3583 532 3634 576 et
3653 534 3837 578 contra
3860 526 3954 593 ju-

2341 613 2484 657 stum
2501 605 2772 675 insurgere
2792 608 2946 672 velle,
2964 609 3063 664 hoc
3079 611 3240 665 verbo
3256 621 3484 664 mentem
3501 613 3618 681 ejus
3629 619 3952 684 compescit,

2341 695 2396 741 et
2413 686 2572 742 dicit:
2603 688 2732 744 Cave
2755 690 2859 755 tibi,
2886 708 2947 745 ne
2968 692 3189 758 loquaris
3208 711 3322 746 cum
3341 692 3502 748 Iacob
3523 696 3658 748 mala
3685 714 3698 749 :
3721 696 3959 764 perinde

2341 790 2404 831 ac
2427 777 2473 831 si
2503 777 2702 834 diceret
2725 797 2739 833 :
2767 778 2906 836 Cave
2932 796 2998 837 ne
3036 783 3118 837 vel
3145 783 3324 838 verbis
3352 783 3622 838 offendere
3661 783 3827 839 Iacob
3851 801 3954 840 co-

2342 871 2519 925 neris:
2548 871 2643 926 sed
2683 887 2838 928 serva
2868 873 3095 944 tcipsum
3114 915 3128 939 ,
3151 875 3369 929 contine
3396 877 3592 929 malum
3624 875 3763 930 hunc
3793 885 3951 931 tuum

2342 959 2596 1028 impetum
2619 1003 2637 1028 ,
2683 963 2974 1033 comprime
3017 963 3248 1019 furorem
3271 1008 3288 1033 ,
3317 965 3524 1022 rcfreua
3551 968 3742 1021 iratum
3793 976 3950 1023 tuum

2341 1050 2575 1106 animum
2596 1093 2611 1116 ,
2640 1067 2702 1107 ac
2740 1069 2807 1108 ne
2831 1055 2915 1109 vel
2939 1054 3103 1110 verbo
3133 1055 3304 1124 ipsum
3352 1057 3665 1111 contristare
3691 1056 3843 1112 velis.
3879 1057 3948 1111 Et

2339 1141 2615 1195 considera
2642 1143 2733 1198 Dei
2770 1144 3131 1198 clementiam.
3159 1143 3270 1197 Non
3299 1145 3574 1214 imperavit
3623 1145 3842 1201 Labano
3890 1157 3948 1201 ut

2340 1231 2405 1287 ad
2434 1233 2646 1304 propria
2683 1244 3066 1302 reverteretur,
3107 1236 3198 1290 sed
3230 1236 3402 1300 solum
3435 1235 3677 1304 prohibet
3720 1252 3786 1291 ne
3815 1238 3952 1307 quid

2339 1324 2529 1379 durum
2561 1326 2644 1380 vel
2687 1328 2967 1384 molestum
3015 1343 3136 1382 cum
3160 1327 3304 1395 justo
3337 1328 3598 1397 loquatur.
3627 1329 3833 1396 Quare,
3893 1340 3955 1385 et

2341 1423 2556 1484 prepter
2583 1415 2752 1483 quid?
2774 1414 2843 1470 Ut
2871 1416 3039 1470 discat
3070 1432 3164 1485 per
3197 1419 3406 1486 negotia
3431 1398 3483 1471 et
3515 1433 3608 1486 per
3636 1433 3798 1487 opera
3829 1419 3951 1488 ipsa

2334 1505 2540 1575 justus,
2568 1518 2818 1576 quautam
2843 1509 2926 1562 sui
2947 1523 3128 1562 curam
3157 1518 3306 1579 gerat
3333 1510 3489 1564 Deus.
3519 1510 3646 1564 Nam
3675 1512 3720 1565 si
3751 1526 3948 1566 rever-

2340 1610 2431 1651 sus
2455 1598 2638 1652 fuisset
2659 1599 2837 1653 Laban
2863 1640 2876 1664 ,
2902 1599 3040 1653 unde
3072 1599 3200 1654 illud
3227 1599 3476 1654 scivisset
3497 1599 3663 1654 Iacob
3683 1641 3698 1664 ,
3718 1610 3808 1654 aut
3827 1606 3952 1670 ejus

2343 1703 2536 1742 uxores
2558 1689 2580 1742 ?
2605 1688 2727 1743 ldeo
2756 1690 3011 1758 permittit
3042 1691 3090 1743 ei
3119 1699 3174 1743 ut
3200 1690 3377 1756 abeat,
3412 1690 3662 1760 etlingua
3690 1706 3784 1745 sua
3810 1706 3948 1745 con-

2342 1778 2549 1834 ﬁteatur
2564 1795 2681 1848 qua:
2701 1780 2838 1834 Deus
2853 1779 2985 1834 dixit
2997 1780 3063 1834 ad
3080 1796 3160 1847 se,
3177 1796 3282 1850 quo
3298 1791 3351 1836 et
3368 1781 3544 1849 justus
3561 1783 3818 1851 majorem
3836 1783 3955 1836 ala-

2339 1870 2580 1924 critatem
2611 1870 2804 1925 habeat
2848 1871 3262 1940 proficiscendo,
3297 1871 3647 1941 ﬁduciamque
3675 1872 3908 1942 accipiat
3929 1912 3947 1936 ,

2340 1970 2390 2016 et
2433 1969 2492 2014 ut
2539 1961 2695 2029 hujus
2761 1976 2954 2016 uxores
3003 1963 3020 1993 ⁸
3075 1962 3280 2016 discant
3323 1973 3522 2032 quanto
3569 1963 3745 2016 studio
3801 1963 3953 2017 Deus

2340 2055 2578 2107 omnium
2627 2053 2879 2106 Dominus
2922 2053 3174 2110 Iacobum
3225 2064 3410 2118 curet,
3452 2054 3803 2122 rejiciantque
3855 2069 3949 2106 er-

2342 2158 2517 2198 rorem
2580 2153 2894 2212 paternum,
2956 2152 3009 2197 et
3062 2143 3335 2197 imitentur
3379 2144 3617 2212 justum,
3668 2153 3830 2212 atque
3882 2143 3955 2196 ad

2341 2234 2767 2304 cognoscendum
2799 2234 2966 2289 Deum
2997 2234 3349 2289 sufﬁcientem
3379 2234 3676 2290 doctrinam
3705 2233 3829 2288 inde
3856 2249 3954 2288 ac-

2340 2327 2556 2393 cipiant.
2579 2324 2762 2394 Neque
2793 2326 2934 2379 enim
2969 2326 3046 2379 sic
3099 2325 3203 2380 ﬁde
3243 2325 3398 2395 digna
3427 2334 3580 2378 erant
3624 2339 3743 2392 qum
3781 2324 3956 2377 Iacob

2338 2417 2548 2472 dicebat
2572 2456 2587 2481 ,
2615 2425 2671 2471 ut
2697 2433 2814 2487 qua:
2839 2432 2869 2470 a
2891 2415 3070 2470 Laban
3101 2416 3438 2479 dicebantur,
3468 2419 3556 2484 qui
3599 2413 3773 2466 adhuc
3801 2414 3950 2467 idola

2340 2510 2566 2564 colebat.
2597 2508 2819 2578 Semper
2839 2509 2980 2564 enim
3003 2507 3292 2563 inﬁdelium
3313 2516 3363 2562 et
3384 2506 3780 2561 adversantium
3798 2521 3953 2559 vera:

2341 2599 2582 2670 religioni
2627 2599 2927 2654 testimonia
2961 2599 3217 2666 majorem
3256 2596 3453 2652 habent
3505 2595 3686 2649 ﬁdem.
3731 2595 3800 2649 Et
3851 2595 3959 2649 hoc

2341 2701 2512 2747 estex
2553 2690 2904 2760 omnipotenti
2944 2689 3200 2759 sapientia
3231 2689 3357 2755 Dei,
3385 2702 3506 2742 cum
3537 2687 3778 2741 inimicos
3808 2685 3960 2739 veri-

2341 2783 2465 2838 tatis
2497 2783 2640 2851 ipsos
2671 2791 2834 2837 testes
2864 2781 3100 2835 veritatis
3126 2779 3326 2844 efﬁcit,
3352 2787 3408 2833 et
3451 2793 3545 2832 sua
3579 2778 3755 2847 lingua
3783 2777 3959 2846 ipsam

2345 2873 2557 2929 ﬁrmare
2578 2882 2840 2942 satagunt.
2857 2872 2946 2927 25.
2964 2870 3306 2940 Consequutus
3322 2879 3394 2923 est
3412 2879 3580 2923 autem
3597 2867 3769 2920 Laban
3795 2866 3958 2920 Iaco-

2342 2965 2478 3018 bum.
2531 2963 2690 3018 Iacob
2719 2973 2886 3017 autem
2926 2963 3038 3032 ﬁxit
3075 2962 3452 3015 tabernaculum
3477 2976 3623 3014 suum
3647 2960 3696 3012 in
3742 2967 3909 3012 monte
3937 2977 3958 3011 :

2342 3055 2519 3110 Laban
2544 3073 2656 3110 vero
2682 3056 2934 3109 constituit
2969 3058 3151 3125 fratres
3175 3069 3294 3107 suos
3335 3053 3388 3106 in
3415 3061 3581 3105 monte
3609 3049 3829 3104 Galaad.
3862 3046 3960 3101 26.

2343 3145 2486 3202 Dixit
2507 3157 2671 3201 autem
2688 3145 2864 3200 Laban
2887 3145 2954 3198 ad
2967 3143 3127 3198 Iacob
3151 3159 3170 3197 :
3199 3142 3302 3196 Cur
3317 3142 3410 3196 hoc
3433 3141 3634 3212 fecisti?
3661 3139 3793 3194 Vide
3822 3152 3964 3208 quo-

2346 3239 2505 3293 modo
2532 3247 2854 3308 prmceptum
2901 3237 2994 3291 Dei
3023 3249 3271 3304 magnum
3312 3234 3453 3286 illius
3479 3231 3712 3285 calorem
3741 3244 3964 3300 repres-

2345 3331 2442 3396 sit,
2470 3337 2524 3384 et
2550 3329 2781 3383 furorem
2804 3325 3091 3381 refrenavit
3116 3342 3128 3378 :
3153 3333 3204 3379 et
3231 3324 3427 3379 idcirco
3452 3336 3571 3377 cum
3595 3336 3785 3392 magna
3807 3335 3967 3375 man-

2345 3421 2620 3477 suetudine
2635 3418 2960 3488 colloquium
2978 3417 3136 3470 habet
3151 3430 3270 3470 cum
3300 3430 3366 3468 eo
3385 3455 3400 3479 ,
3430 3413 3579 3482 quasi
3598 3428 3655 3466 se
3671 3426 3966 3485 excusans,

2345 3523 2398 3567 et
2429 3521 2700 3580 paternam
2727 3508 3065 3562 dilectionem
3081 3521 3203 3576 erga
3236 3505 3380 3558 illum
3410 3503 3708 3558 declarans.
3735 3503 3968 3570 Quando

2345 3603 2488 3658 enim
2518 3615 2747 3670 superna
2792 3597 3128 3668 providentia
3171 3595 3324 3650 nobis
3362 3594 3593 3658 assistit,
3628 3608 3734 3646 non
3785 3593 3965 3647 solum

2349 3694 2614 3746 malorum
2647 3689 2920 3744 hominum
2951 3686 3168 3741 insidias
3216 3684 3450 3753 effugere
3494 3697 3816 3753 possumus,
3866 3681 3966 3736 sed

2345 3785 2446 3839 etsi
2494 3783 2547 3837 in
2598 3782 2794 3836 bestias
2830 3781 2974 3850 ipsas
3017 3777 3350 3842 incidamus,
3393 3777 3524 3830 nihil
3568 3775 3780 3829 adversi
3807 3774 3969 3829 nobis

2345 3875 2541 3931 evenit.
2571 3873 2818 3928 Omnium
2845 3872 2985 3926 enim
3018 3869 3273 3924 Dominus
3299 3882 3411 3922 suae
3446 3866 3655 3920 virtutis
3705 3875 3971 3934 praestan-

2347 3970 2474 4023 tiam
2501 3967 2780 4024 declarans
2803 4005 2818 4031 ,
2850 3963 3139 4018 bestiarum
3170 3968 3338 4014 mutat
3363 3966 3609 4012 naturam
3627 3997 3642 4021 ,
3671 3970 3874 4025 easque
3904 3954 3964 4009 in

2347 4076 2476 4116 oves
2501 4065 2808 4114 mansuetas
2829 4053 3168 4110 transformat
3189 4068 3208 4105 :
3232 4066 3338 4106 non
3367 4048 3511 4120 quod
3556 4047 3838 4103 bestialem
3887 4047 3969 4101 eis

2348 4163 2591 4207 naturam
2637 4152 2882 4205 immutet
2903 4188 2917 4211 ,
2960 4144 3053 4202 sed
3083 4144 3294 4199 relictas
3319 4141 3373 4196 in
3400 4149 3584 4195 natura
3614 4152 3710 4194 eas
3731 4180 3747 4205 ,
3781 4138 3968 4192 ovium

2348 4260 2527 4301 mores
2551 4255 2605 4299 et
2632 4253 2877 4297 naturam
2905 4239 3160 4295 exhibere
3187 4235 3399 4306 satagit.
3447 4233 3610 4303 quue
3648 4245 3754 4287 non
3787 4231 3969 4286 solum

2348 4340 2400 4395 in
2429 4339 2554 4395 feris
2574 4337 2694 4409 quis
2720 4335 2903 4392 videre
2935 4333 3167 4403 poterit,
3194 4329 3289 4385 sed
3324 4337 3379 4383 et
3407 4328 3458 4382 in
3483 4327 3766 4381 elementis
3811 4326 3964 4395 ipsis.

2350 4431 2575 4499 Quando
2595 4431 2737 4486 enim
2767 4428 2916 4496 vult,
2941 4435 3069 4481 tunc
3096 4433 3150 4479 et
3173 4424 3436 4478 elementa
3468 4421 3581 4490 ipsa
3611 4417 3824 4473 virtutis
3853 4432 3971 4472 sua:

2352 4525 2751 4588 obliviscuntur,
2774 4530 2829 4576 et
2853 4533 3026 4589 neque
3053 4517 3188 4586 ignis
3213 4515 3339 4570 facit
3365 4513 3507 4584 quod
3538 4511 3675 4582 ignis
3704 4510 3865 4566 solet.
3897 4509 3968 4565 Et

2355 4616 2456 4672 hoc
2475 4630 2684 4685 quoque
2703 4613 2908 4668 discere
2931 4609 3128 4681 poterit
3155 4607 3345 4677 aliquis
3367 4615 3473 4660 tam
3496 4605 3549 4659 in
3571 4603 3741 4658 tribus
3757 4601 3965 4672 pueris,

2353 4725 2507 4780 quam
2523 4709 2575 4763 in
2595 4707 2810 4769 Daniele
2826 4704 3045 4777 (Dan.6.
3061 4702 3175 4772 22).
3191 4700 3321 4756 Nam
3345 4699 3485 4754 hunc
3496 4697 3678 4752 leones
3688 4700 3828 4751 sicut
3837 4708 3969 4750 oves

2354 4797 2784 4862 circumdabant,
2811 4806 2864 4851 et
2890 4809 3124 4864 superno
3142 4792 3340 4847 auxilio
3361 4799 3536 4844 retusa
3558 4801 3747 4844 eorum
3774 4785 3975 4840 feroci-

2356 4898 2464 4945 tate
2486 4931 2503 4956 ,
2535 4889 2662 4944 nihil
2686 4889 2762 4943 illi
2793 4885 3117 4942 incommodi
3140 4882 3359 4938 dabant.
3386 4880 3517 4935 Nam
3546 4878 3689 4948 quod
3717 4876 3962 4933 ferocita-

2357 4990 2462 5036 tem
2493 4994 2599 5034 non
2628 4986 2938 5034 exercentes
2964 4976 3122 5040 ferte,
3157 4988 3275 5029 eam
3305 4981 3480 5026 tamen
3529 4968 3844 5025 retinuerint
3867 5009 3884 5037 ,
3935 4967 3988 5023 ii'

2355 5073 2448 5146 qui
2474 5071 2603 5127 feris
2631 5069 3039 5125 truculentiores
3064 5076 3217 5122 erant
3245 5067 3418 5135 reipsa
3438 5062 3646 5133 experti
3675 5069 3820 5116 sunt.

2431 5164 2485 5218 5.
2529 5163 2639 5216 Hoc
2685 5170 2864 5216 autem
2909 5159 2975 5214 ad
3013 5158 3274 5229 majorem
3315 5157 3528 5212 illorum
3570 5153 3971 5210 accusationem

2365 5256 2566 5311 factum
2591 5262 2674 5309 est
2693 5295 2706 5318 ,
2730 5254 2855 5323 quia
2881 5253 3089 5306 ratione
3121 5249 3378 5320 insigniti,
3406 5245 3722 5302 crudelitate
3761 5242 3968 5298 bestias

2364 5347 2573 5402 ratione
2599 5353 2846 5400 carentes
2867 5343 3170 5398 vincebant.
3214 5338 3570 5405 Tandemque
3609 5337 3782 5404 reipsa
3818 5333 3966 5388 didi-

2364 5447 2552 5494 cerunt
2593 5435 2864 5506 quomodo
2906 5450 2973 5490 cx
3014 5431 3225 5489 Domini
3269 5428 3600 5500 providentia
3646 5425 3775 5481 feras
3825 5424 3966 5494 ipse

2360 5530 2560 5598 justum
2585 5528 2694 5582 sint
2743 5527 3005 5592 reverita,
3047 5537 3220 5594 neque
3267 5535 3412 5575 ausa:
3460 5517 3656 5573 fuerint
3697 5516 3813 5586 ejus
3839 5531 3965 5572 cor-

2367 5637 2464 5692 pus
2511 5620 2810 5689 attingere:
2863 5616 2941 5671 illi
2986 5629 3116 5672 vero
3159 5613 3299 5669 feras
3343 5611 3674 5667 immanitate
3716 5623 3951 5678 supera-

2356 5742 2565 5866 “;scsex
2613 5739 2757 5804 uss"
2804 5745 2851 5792 θ’
2892 5744 2945 5791 ﬂ
2989 5737 3136 5804 ¹⁸¹⁶Ῐ²¹⁸
3178 5734 3334 5805 βίω,
3373 5738 3455 5788 καὶ
3497 5740 3548 5786 αι
3597 5734 3770 5785 τούτου
3813 5737 3965 5798 eun.
