4182 6322
214 380 299 437 501
1215 380 1282 437 ιΝ
1314 380 1468 437 CAP.
1510 376 1706 435 XXXI.
1748 376 1808 433 Gl

1915 377 1995 433 ES.
2038 375 2267 434 ΗΟΜΙΙ..
2311 376 2504 437 ινιι..

213 508 322 556 runt
346 500 455 555 ’.Ει
500 516 569 555 ne
596 508 849 571 putarent
879 498 991 555 lure
1015 514 1081 554 ex
1104 498 1218 553 visu
1247 496 1366 551 solo
1386 511 1449 551 ac
1470 493 1648 565 specie
1665 492 1799 547 facta

214 607 335 658 esse;
353 594 650 664 pereosqui
668 602 850 662 postea
869 593 921 646 in
940 591 1106 646 lacum
1121 588 1297 659 injecti
1310 598 1433 642 sunt
1446 592 1796 657 agnoverunt,

214 698 293 738 eas
313 698 433 739 cum
458 684 607 753 justo
632 683 748 737 viro
772 682 951 737 ovium
979 679 1442 737 mansuetudinem
1472 678 1723 743 imitatae,
1747 684 1803 730 et

216 783 400 828 natura
437 788 550 829 suae
580 774 781 828 oblitas
808 788 965 828 esse:
1009 787 1131 829 cum
1161 772 1226 826 iis
1266 779 1445 826 autem
1494 769 1587 839 qui
1619 776 1802 838 postea

216 866 381 936 injecti
410 876 535 919 sunt
562 864 822 920 ferociam
847 879 997 920 suam
1022 862 1349 918 exhibuisse.
1384 861 1645 917 Similiter
1666 868 1721 915 et
1749 860 1801 914 in

217 955 415 1011 furitace
436 956 575 1024 ignis
604 955 804 1011 factum
833 966 914 1011 est
945 955 1172 1028 (Daniel.
1206 954 1285 1023 ὅ).
1318 953 1453 1009 Nam
1483 967 1578 1007 ens
1602 951 1691 1023 qui
1723 952 1806 1005 in-

216 1058 291 1102 tus
308 1055 456 1102 erant
481 1048 834 1104 reverebatur
851 1047 1198 1112 elementum,
1218 1054 1271 1101 et
1292 1061 1399 1100 non
1423 1046 1610 1100 urebat
1630 1044 1765 1115 ignis
1785 1061 1800 1097 :

215 1137 297 1193 sed
319 1140 469 1209 quasi
492 1140 655 1209 ligata
682 1141 994 1211 operatione
1020 1155 1138 1206 sua,
1164 1140 1236 1194 ita
1259 1138 1391 1194 nihil
1420 1139 1649 1209 nocebat
1674 1152 1804 1208 pue—

215 1245 383 1287 rerum
407 1232 753 1302 corporibus,
783 1241 837 1288 et
861 1247 1033 1302 neque
1054 1231 1278 1302 capillos
1308 1245 1499 1286 eorum
1537 1234 1805 1299 attingere

214 1337 361 1377 ausus
400 1322 523 1390 fuit,
552 1326 707 1396 quasi
747 1324 999 1381 mandato
1043 1324 1271 1394 alicujus
1313 1321 1641 1378 elementum
1682 1336 1811 1391 pro-

217 1413 371 1482 priam
392 1414 675 1471 declarare
711 1416 962 1470 virtutem
1015 1414 1392 1485 prohiberetur
1425 1430 1439 1466 :
1487 1425 1582 1467 eos
1623 1418 1803 1465 autem

215 1506 295 1573 qui
317 1514 463 1561 extra
494 1505 770 1561 fornacem
789 1516 963 1571 erant,
996 1505 1314 1575 absumpsit.
1342 1503 1401 1558 In
1429 1512 1656 1572 utroque
1685 1515 1803 1555 ma-

215 1609 305 1662 gna
333 1595 421 1650 Dei
450 1597 691 1667 potentia
716 1596 1016 1652 declaratur
1035 1638 1050 1662 ,
1081 1604 1136 1650 et
1162 1594 1284 1666 quia
1311 1593 1385 1649 illi
1413 1593 1558 1648 intus
1588 1606 1803 1647 manse-

217 1695 328 1739 runt
367 1685 522 1740 illaesi
546 1728 563 1754 ,
592 1696 650 1744 et
692 1687 817 1758 quia
859 1687 950 1757 qui
980 1687 1110 1742 foris
1132 1695 1288 1741 erant
1312 1727 1329 1753 ,
1374 1684 1670 1755 perierunt.
1717 1680 1807 1737 Sic

216 1774 414 1845 quando
461 1790 701 1847 superno
744 1777 943 1831 auxilio
999 1776 1312 1841 munimur,
1364 1788 1470 1829 non
1502 1771 1677 1828 solum
1722 1770 1806 1827 ef-

218 1865 431 1935 fugimus
482 1866 824 1923 inimicorum
877 1866 1138 1932 insidias,
1202 1864 1301 1921 sed
1348 1864 1450 1920 etsi
1499 1863 1557 1919 in
1606 1861 1807 1918 bestias

216 1956 349 2025 ipsas
368 1955 692 2021 incidamus,
730 1956 861 2012 nihil
886 1957 1116 2026 [nitimur
1152 1971 1333 2028 grave.
1366 1955 1457 2010 Dei
1496 1954 1640 2010 enim
1688 1968 1807 2007 ma-

219 2061 308 2102 nus
335 2048 606 2116 potentior
642 2056 727 2105 est
757 2048 1045 2114 omnibus;
1092 2048 1207 2117 ipsa
1250 2063 1349 2102 nos
1396 2047 1633 2117 undique
1675 2046 1808 2101 satis

217 2138 392 2204 munit,
408 2147 466 2195 et
482 2139 712 2195 invictos
732 2139 856 2195 facit
880 2158 893 2193 :
921 2140 972 2194 id
986 2140 1129 2210 quod
1150 2140 1273 2194 etin
1289 2138 1435 2209 justo
1456 2138 1559 2193 hoc
1569 2138 1810 2193 declam-

219 2237 320 2283 tum
339 2237 439 2284 est.
472 2228 606 2284 Nam
634 2231 723 2300 qui
754 2238 904 2285 tanto
932 2231 1133 2301 impetu
1159 2228 1622 2299 comprehendere
1642 2227 1807 2283 Jaco-

218 2317 353 2385 bum,
377 2328 433 2374 et
460 2335 678 2390 pmnam
708 2319 842 2391 fuga
870 2320 939 2376 de
964 2336 1032 2376 eo
1060 2336 1275 2375 sumere
1302 2320 1546 2387 volebat;
1576 2335 1684 2376 non
1716 2335 1808 2374 so-

219 2409 318 2462 lum
348 2410 477 2464 nihil
504 2425 760 2481 asperum
788 2422 842 2466 et
869 2411 1065 2466 durum
1094 2412 1353 2467 adversus
1379 2426 1502 2466 eum
1525 2411 1764 2482 loquitur
1787 2451 1803 2476 ,

219 2498 306 2555 sed
328 2502 462 2555 sicut
490 2512 645 2572 pater
679 2502 846 2558 lilium
875 2504 1209 2572 compellans
1231 2544 1248 2570 ,
1281 2503 1352 2558 ita
1393 2501 1603 2558 blandis
1631 2502 1810 2558 verbis

220 2592 457 2646 convenit
481 2610 495 2644 :
527 2592 660 2647 dicit
686 2593 831 2649 enim
861 2613 872 2649 :
900 2594 991 2649 26.
1017 2594 1123 2649 Cur
1149 2596 1245 2650 hoc
1271 2595 1434 2665 fecisti
1451 2594 1481 2648 .’
1501 2611 1658 2665 quare
1677 2596 1811 2648 clam

219 2683 529 2739 abscessisli.’
559 2685 695 2741 Vide
735 2697 931 2757 quanta
975 2690 1237 2743 mutatio:
1287 2688 1407 2743 vide
1449 2688 1720 2759 quomodo
1766 2689 1811 2742 is

218 2776 299 2844 qui
326 2787 381 2830 ut
406 2775 577 2831 bestia
608 2776 929 2843 insaniebat,
965 2779 1147 2833 ovium
1172 2779 1410 2833 imitatur
1439 2779 1809 2834 mansuetudi-

220 2879 351 2919 nem.
384 2865 558 2933 Quare
595 2867 829 2923 clanculo
872 2869 1168 2937 discessisti,
1201 2878 1249 2924 et
1288 2885 1401 2925 mea
1427 2870 1603 2940 furtim
1634 2870 1809 2923 abstu-

222 2956 346 3023 listi,
391 2967 439 3012 et
481 2958 743 3014 abduxisti
789 2961 925 3029 filias
965 2977 1105 3015 meas
1131 2962 1278 3033 quasi
1326 2964 1549 3032 captivas
1594 2962 1812 3033 gladio?

219 3048 382 3113 Quare
400 3091 417 3117 ,
446 3049 655 3121 inquit,
684 3051 786 3107 hoc
815 3052 1026 3108 fecisti?
1051 3054 1178 3124 quid
1209 3054 1423 3108 tandem
1450 3055 1504 3108 in
1533 3056 1812 3125 proposito

223 3140 484 3197 habuisti?
512 3158 681 3213 quare
725 3145 803 3200 sic
842 3146 1054 3200 occulte
1096 3145 1297 3216 parasti
1334 3143 1677 3202 discessum?
1718 3145 1809 3200 27.

225 3232 351 3287 Nam
377 3236 420 3289 si
447 3236 806 3291 annuntiasses
835 3237 959 3291 mihi
984 3278 999 3302 ,
1032 3254 1147 3291 cum
1173 3254 1358 3308 magno
1386 3238 1577 3293 honore
1601 3247 1647 3293 et
1676 3238 1810 3293 larti-

222 3324 285 3378 tis
308 3326 511 3397 fuissem
538 3338 586 3383 te
610 3338 961 3398 prosequutus.
992 3328 1283 3385 Enimvero
1313 3329 1356 3384 si
1383 3329 1486 3386 hoc
1509 3330 1810 3399 scivissem,

221 3415 336 3470 Cum
362 3418 569 3472 musicis
587 3458 602 3484 ,
635 3428 683 3472 et
712 3420 965 3489 tympanis
999 3429 1046 3473 et
1077 3420 1276 3473 cithara
1322 3428 1657 3489 prosequutus
1686 3421 1813 3489 fuis-

221 3523 313 3561 sem
329 3518 392 3562 te.
416 3507 654 3564 28.'Non
668 3525 783 3564 sum
807 3509 994 3581 dignus
1019 3510 1221 3564 habitus
1243 3510 1465 3564 osculari
1482 3511 1620 3578 filias
1642 3528 1811 3565 meas:

221 3614 344 3653 nunc
377 3609 552 3655 autern
594 3600 888 3670 insipienter
930 3601 1093 3672 egisti.
1138 3599 1303 3657 Vides
1354 3602 1627 3672 quomodo
1671 3618 1813 3657 nunc

221 3689 560 3759 semetipsum
599 3692 796 3761 arguit,
847 3699 902 3746 et
946 3707 1041 3762 per
1082 3690 1319 3762 linguam
1364 3706 1518 3748 suam
1574 3691 1810 3760 fatetur,

221 3794 331 3836 sese
357 3782 574 3851 quidem
594 3782 801 3853 justum
820 3782 962 3838 male
986 3783 1201 3839 afficere
1229 3792 1471 3855 paratum
1500 3784 1685 3852 fuisse,
1718 3786 1811 3840 Dei
1850 3814 1853 3817 »

220 3879 387 3925 autem
422 3873 813 3939 providentiam
835 3915 850 3940 ,
882 3888 912 3928 a
939 3874 1217 3930 molimine
1245 3889 1344 3930 suo
1371 3874 1545 3945 ipsum
1581 3875 1812 3944 impedi-

224 3959 373 4017 visse.
398 3961 489 4018 29.
527 3961 719 4030 Potest,
751 3964 941 4035 inquit,
973 3981 1154 4019 manus
1179 3981 1291 4018 mea
1310 3974 1359 4020 te
1392 3966 1645 4036 affligere;
1670 3964 1812 4020 Deus

220 4060 376 4107 autem
404 4055 567 4123 patris
593 4055 668 4109 tui
696 4056 805 4109 lteri
828 4056 954 4110 milii
979 4056 1108 4111 dixit
1126 4074 1146 4110 :
1174 4056 1305 4112 Cave
1328 4057 1416 4111 tibi
1446 4058 1564 4129 ipsi,
1596 4075 1660 4112 ne
1681 4062 1813 4129 forte

220 4142 431 4212 loquaris
460 4162 578 4200 cum
599 4145 762 4202 Iacob
787 4148 942 4201 mala.
976 4146 1159 4219 Cogita
1189 4150 1275 4206 hic
1301 4160 1501 4220 quanta
1525 4166 1647 4207 eum
1683 4167 1811 4208 con-

221 4235 469 4293 Solatione
488 4237 621 4309 justi
651 4239 847 4296 emissa
875 4239 1073 4296 fuerint
1099 4240 1217 4296 hinc
1241 4243 1425 4308 verba,
1448 4252 1504 4298 et
1528 4243 1810 4300 considera

222 4329 477 4395 quomodo
506 4330 594 4384 hic
620 4329 812 4386 eﬂatur
837 4347 956 4402 quas
982 4332 1244 4388 adversus
1264 4334 1468 4404 justum
1490 4334 1808 4402 decreverit,

220 4430 267 4473 et
284 4422 510 4491 qualiter
528 4438 652 4478 eum
674 4425 1134 4495 comprehendere
1158 4427 1400 4493 voluerit,
1428 4442 1593 4499 seque
1621 4429 1812 4485 timore

222 4510 307 4568 Dei
325 4528 352 4566 a
384 4515 541 4570 malis
567 4517 806 4573 consiliis
831 4516 1125 4574 cohibitum
1155 4519 1340 4575 fuisse.
1364 4519 1504 4575 Deus
1532 4522 1691 4590 patris
1715 4525 1808 4589 tui,

222 4602 396 4673 inquit.
428 4604 563 4661 Vide
588 4607 856 4677 quomodo
877 4609 993 4678 ipse
1017 4608 1200 4665 Laban
1222 4625 1327 4665 non
1356 4626 1543 4680 parum
1570 4612 1812 4668 utilitatis

221 4690 334 4749 hinc
351 4697 688 4766 perceperit,
721 4698 1009 4753 maximam
1035 4713 1103 4755 ex
1132 4700 1197 4754 iis
1223 4716 1344 4769 quae
1381 4700 1484 4755 sibi
1523 4701 1664 4757 dicta
1695 4704 1810 4759 lue-

222 4796 335 4842 runt
360 4790 573 4845 virtutis
603 4789 699 4845 Dei
733 4791 1006 4862 accipiens
1046 4790 1581 4850 demonstrationem.
1615 4796 1809 4851 Verum

220 4878 330 4947 quia
348 4889 495 4945 ettu,
519 4881 711 4953 inquit,
732 4882 833 4939 hoc
850 4883 1157 4952 decrevisti,
1177 4896 1230 4941 et
1248 4886 1391 4941 Deus
1405 4888 1591 4957 estqui
1611 4897 1809 4943 tantam

222 4971 287 5025 tui
306 4987 484 5028 curam
500 4975 659 5044 gerit,
683 4976 773 5030 30.
799 4975 852 5028 Ν
857 4992 955 5031 unc
970 4977 1126 5047 igitur
1147 4976 1307 5031 vade:
1330 4994 1514 5049 magno
1535 4979 1667 5033 enim
1686 4981 1812 5035 desi-

220 5066 348 5121 derio
370 5068 672 5123 desiderasti
685 5068 826 5122 abire
841 5070 892 5122 in
910 5069 1115 5123 domum
1132 5071 1291 5140 patris
1306 5071 1399 5124 tui.
1428 5071 1597 5136 Quare
1611 5073 1811 5141 furatus

220 5172 265 5209 es
283 5157 395 5214 deos
416 5159 593 5227 meos?
614 5158 766 5224 Esto,
796 5160 998 5230 inquit;
1028 5160 1131 5215 hoc
1151 5161 1458 5218 decreveris
1484 5172 1539 5218 ut
1564 5165 1726 5221 abeas
1756 5166 1809 5220 in

220 5246 419 5304 domum
438 5248 604 5321 patris
618 5250 719 5304 tui:
749 5265 913 5321 quare
928 5250 1059 5306 deos
1076 5267 1225 5307 meos
1240 5253 1443 5307 furatus
1459 5254 1551 5308 es?
1571 5256 1615 5309 0
1632 5256 1811 5325 ingen-

222 5347 316 5395 tem
332 5340 716 5412 insipientiam!
743 5344 946 5397 talesne
966 5356 1086 5398 sunt
1106 5345 1177 5398 dii
1201 5345 1297 5412 tui,
1314 5355 1370 5399 ut
1390 5346 1512 5415 quis
1528 5361 1623 5401 eos
1643 5345 1807 5403 furari

220 5434 407 5502 queat?
429 5435 547 5489 Non
576 5434 852 5490 erubescis
889 5434 1108 5502 dicens,
1141 5436 1312 5501 Quare
1352 5439 1550 5508 furatus
1595 5455 1647 5493 es
1688 5440 1809 5494 deos

223 5526 381 5580 uicos?
407 5525 541 5581 Vide
568 5536 763 5596 quanta
795 5526 895 5581 fuit
933 5529 1133 5583 erroris
1158 5530 1400 5598 gravitas
1426 5572 1441 5595 ,
1491 5530 1620 5585 dum
1650 5531 1685 5585 ii
1716 5532 1806 5602 qui

223 5617 413 5673 ratione
442 5616 652 5688 praediti
685 5627 864 5685 erant,
908 5619 1159 5675 colebant
1204 5620 1409 5690 lapides
1448 5630 1503 5677 et
1546 5622 1706 5693 ligna.
1741 5622 1808 5678 Hi

466 5720 622 5795 verba
645 5720 779 5798 ,λαιῇ
832 5735 948 5798 vero
981 5722 1136 5797 feras-
1157 5721 1456 5798 immanitate
1498 5735 1812 5798 superarunt,

224 5782 525 5896 sum:
546 5786 644 5832 τῶν
668 5784 841 5848 Θηρίων
881 5782 1014 5850 αὖτῷ
1062 5786 1221 5849 χεῖρον
1270 5789 1520 5854 διέθηκαν,
1546 5782 1729 5841 desunt
1763 5782 1813 5843 ili

3410 376 3539 435 502:

1913 503 2035 548 sunt
2063 490 2136 548 dii
2166 494 2239 549 tui
2260 535 2277 562 ,
2308 509 2344 550 o
2373 491 2577 561 Laban,
2606 492 2699 564 qui
2727 506 2902 563 neque
2925 505 3049 547 cum
3076 491 3298 547 furaturi
3319 506 3378 548 se
3398 492 3518 563 qui-

1909 586 2033 641 dam
2054 596 2226 652 erant,
2248 587 2438 657 juvare
2459 601 2518 642 se
2539 585 2869 655 potuerunt?
2892 584 2994 651 Qui
3020 585 3165 641 enim
3187 592 3407 653 possent
3426 586 3517 653 qui

1909 692 1939 733 e
1972 677 2147 747 lapide
2170 686 2295 732 sunt
2320 676 2592 733 confecti?
2630 677 2775 732 Deus
2812 685 2992 732 autem
3029 676 3204 745 justi,
3235 675 3518 746 ignorante

1906 768 2051 838 justo
2072 811 2087 837 ,
2116 769 2375 838 impetum
2403 778 2553 823 tuum
2577 766 2837 824 coercuit.
2869 767 2937 821 Et
2956 780 3064 821 non
3090 766 3295 837 cogitas
3316 765 3519 821 erroris

1911 859 2353 928 magnitudinem,
2401 868 2457 915 et
2484 859 2690 928 justum
2736 857 2861 913 furti
2902 858 3125 927 arguis?
3153 857 3331 925 Quare
3375 857 3539 913 enim.

1905 949 2086 1019 justus
2115 950 2237 1007 illos
2262 950 2428 1004 furari
2458 949 2716 1005 voluisset
2735 990 2749 1013 ,
2778 963 2917 1019 quos
2944 948 3378 1013 abominabatur,
3408 947 3518 1003 imo

1909 1057 2045 1112 quos
2090 1041 2295 1113 sciebat
2322 1055 2443 1098 esse
2483 1056 2647 1097 sensu
2675 1055 2875 1096 vacuos
2924 1040 3175 1111 lapides?
3204 1040 3373 1095 Porro
3403 1040 3520 1095 haec

1908 1147 2032 1187 cum
2077 1132 2316 1187 audisset
2358 1131 2547 1199 Iacob,
2598 1132 2830 1201 primum
2876 1146 3064 1203 magna
3109 1129 3522 1186 mansuetudine

1910 1225 1979 1280 de
1999 1224 2227 1294 objectis
2251 1224 2567 1280 criminibus
2590 1238 2651 1280 se
2681 1234 2891 1294 purgat,
2923 1231 2980 1279 et
3007 1231 3135 1278 tunc
3163 1232 3220 1278 ut
3250 1222 3532 1293 inquiram

1911 1324 1997 1370 tur
2025 1315 2099 1370 dii
2139 1315 2310 1385 jubet.
2338 1316 2428 1370 3i.
2460 1313 2585 1369 Dixi
2626 1314 2795 1380 enim,
2829 1314 3025 1385 inquit,
3052 1330 3117 1369 ne
3145 1318 3276 1385 forte
3312 1317 3523 1386 auferas

1911 1407 2048 1475 ﬁlias
2074 1415 2187 1460 tuas
2212 1423 2244 1459 a
2269 1423 2366 1474 me,
2397 1417 2445 1461 et
2473 1407 2645 1461 omnia
2671 1422 2805 1459 mea.
2838 1405 2997 1473 Quia,
3031 1405 3237 1475 inquit,
3268 1404 3521 1460 videbam

1912 1506 1964 1551 te
2010 1512 2115 1551 non
2148 1496 2285 1553 bene
2325 1512 2453 1567 erga
2499 1512 2592 1552 me
2629 1496 2881 1551 affectum
2902 1537 2918 1561 ,
2947 1495 3139 1550 anxius
3180 1494 3252 1548 fui
3283 1508 3353 1549 ne
3384 1493 3522 1549 forte

1911 1591 2188 1645 conareris
2216 1590 2427 1646 auferre
2458 1590 2593 1645 filias
2622 1599 2739 1643 tuas
2768 1598 2824 1644 et
2852 1588 3131 1644 facultates
3158 1602 3329 1651 meas,
3358 1596 3522 1657 atque

1914 1682 2127 1751 privare
2165 1697 2252 1737 me
2291 1682 2450 1748 meis,
2480 1682 2622 1737 sicut
2663 1678 2933 1750 quondam
2984 1678 3175 1734 leciSti.
3228 1676 3331 1732 Ista
3364 1676 3524 1748 igitur

1909 1786 2074 1828 causa
2101 1772 2309 1828 timoris
2336 1770 2461 1828 fecit
2481 1812 2496 1837 ,
2528 1780 2588 1825 ut
2613 1770 2755 1826 clam
2785 1778 2837 1825 te
2860 1768 3088 1823 abirem.
3118 1767 3386 1823 Caeterum
3428 1764 3519 1823 32.

1914 1862 2067 1932 Apud
2091 1879 2238 1932 quem
2264 1862 2515 1916 inveneris
2541 1862 2662 1915 deos
2688 1870 2819 1926 tuos,
2849 1875 2952 1912 non
2979 1858 3107 1912 vivet
3137 1873 3311 1911 coram
3340 1856 3522 1926 fratri-

1913 1954 2006 2008 bus
2044 1955 2251 2011 nostris.
2282 1954 2441 2009 Vides
2468 1954 2747 2023 ignorasse
2790 1949 2959 2006 Iacob
3003 1950 3201 2003 furtum
3228 1962 3259 2001 a
3288 1945 3525 2001 Rachele

1913 2047 2281 2103 commissum.
2304 2046 2442 2101 Vide
2470 2046 2613 2101 enim
2643 2052 2841 2113 quanta
2863 2041 3179 2096 austeritate
3202 2038 3523 2109 supplicium

1913 2139 2155 2195 decernit
2175 2138 2229 2194 ei
2250 2138 2341 2209 qui
2373 2137 2571 2192 furtum
2602 2134 2915 2190 admiserat.
2948 2131 3104 2203 Apud
3129 2147 3300 2202 quem,
3328 2130 3524 2200 inquit,

1913 2233 2104 2287 inventi
2133 2228 2341 2303 fuerint,
2385 2246 2486 2284 non
2511 2230 2637 2284 uiuet
2660 2244 2836 2282 coram
2877 2225 3120 2296 fratribus
3147 2224 3354 2277 nostris.
3407 2221 3524 2277 Non

1916 2324 2089 2377 solum
2110 2363 2126 2389 ,
2158 2322 2369 2393 inquit,
2400 2320 2525 2391 quia
2554 2319 2792 2375 ablatum
2823 2328 2926 2383 est,
2958 2317 3053 2371 sed
3083 2324 3138 2371 et
3176 2315 3301 2386 quia
3328 2314 3527 2372 furtum

1915 2416 2006 2488 qui
2039 2415 2243 2483 fecerit,
2278 2413 2623 2470 manifestum
2648 2414 2730 2469 sui
2759 2412 2945 2483 ﬂagitii
2978 2411 3233 2466 indicium
3264 2407 3523 2480 proferet.

1918 2508 2067 2565 Scias
2092 2510 2135 2563 si
2160 2507 2285 2579 quid
2313 2515 2385 2560 est
2417 2514 2620 2560 tuorum
2646 2506 2789 2575 apud
2818 2520 2916 2569 me,
2939 2513 2987 2557 et
3012 2503 3204 2573 accipe.
3235 2501 3491 2556 Scrutare
3508 2539 3525 2565 ,

1917 2601 2107 2671 inquit,
2143 2614 2270 2654 num
2312 2596 2440 2669 quid
2480 2595 2798 2652 abstulerim
2832 2593 2977 2664 quod
3002 2592 3071 2647 ad
3102 2607 3189 2647 me
3217 2606 3322 2646 non
3365 2590 3528 2659 perti-

1918 2692 2114 2746 nuerit.
2143 2689 2284 2744 Nihil
2310 2687 2455 2743 aliud
2491 2688 2545 2742 in
2572 2701 2659 2741 me
2678 2700 2905 2757 arguere
2936 2684 3160 2754 poteris,
3194 2696 3356 2751 quam
3382 2679 3527 2752 quod

1917 2782 2055 2837 clam
2081 2780 2303 2835 abierim
2330 2796 2343 2833 :
2373 2778 2552 2834 ethoc
2586 2792 2695 2832 non
2725 2783 2918 2847 sponte
2949 2774 3071 2839 feci,
3100 2773 3195 2828 sed
3219 2772 3527 2841 suspicatus

1918 2872 2255 2939 injustitiam,
2284 2878 2341 2925 et
2369 2870 2568 2924 timens
2593 2882 2663 2923 ne
2689 2866 2858 2921 velles
2883 2865 3100 2920 auferre
3132 2864 3269 2917 tilias
3295 2870 3441 2929 tuas,
3473 2869 3529 2916 et

1917 2964 2049 3018 alias
2076 2977 2224 3017 meas
2255 2960 2573 3025 facultates,
2606 2960 2651 3013 si
2687 2958 2740 3013 id
2786 2957 3037 3013 rescires.
3086 2955 3155 3010 Et
3184 2971 3285 3008 non
3324 2953 3529 3025 agnovit

1917 3053 2056 3124 apud
2085 3069 2201 3107 eum
2225 3051 2442 3120 aliquid.
2478 3048 2750 3103 Nesciebat
2773 3058 2943 3101 autem
2966 3046 3131 3100 Iacob
3159 3045 3297 3117 quod
3330 3043 3530 3099 Rachel

1917 3161 2048 3198 uxor
2074 3160 2167 3198 sua
2198 3142 2371 3212 furata
2398 3141 2575 3210 fuisset
2601 3156 2708 3195 eos.
2740 3139 2830 3195 55.
2862 3137 3132 3209 Ingressus
3155 3146 3328 3191 autem
3348 3134 3529 3190 Laban

1918 3245 2171 3289 scrutatus
2200 3242 2272 3287 est
2302 3233 2509 3286 domum
2536 3229 2648 3285 Lite
2666 3273 2682 3297 ,
2711 3240 2759 3284 et
2784 3246 2887 3283 non
2913 3228 3119 3282 invenit.
3162 3226 3431 3299 Ingressus
3457 3237 3531 3283 est

1917 3336 2085 3380 autent
2125 3334 2173 3379 et
2218 3325 2271 3377 in
2312 3324 2521 3377 domum
2558 3320 2773 3375 Rachel.
2815 3320 2904 3376 54.
2946 3319 3142 3374 Rachel
3172 3335 3291 3375 vero
3335 3319 3531 3390 accepit

1918 3418 2077 3483 idola,
2105 3427 2151 3471 et
2177 3414 2346 3485 posuit
2374 3431 2434 3468 ea
2458 3413 2629 3468 subter
2653 3423 2929 3466 stramenta
2958 3411 3293 3477 camelorum,
3323 3420 3371 3465 et
3400 3411 3531 3466 sedit

1918 3528 2070 3581 super
2111 3527 2190 3565 ea.
2224 3508 2291 3563 Et
2330 3508 2461 3562 dixit
2506 3507 2762 3577 patrisuo
2785 3520 2805 3560 :
2834 3506 2923 3562 35.
2969 3503 3053 3559 Ne
3094 3505 3319 3575 graviter
3362 3503 3539 3573 feras,

1918 3604 2121 3658 domine
2146 3604 2214 3655 mi
2238 3618 2257 3655 :
2284 3617 2385 3656 non
2416 3616 2621 3671 possunt
2651 3614 2858 3669 surgere
2881 3613 3059 3652 coram
3090 3608 3165 3662 te,
3195 3596 3318 3667 quia
3343 3611 3530 3650 secun-

1919 3698 2039 3751 dum
2064 3694 2478 3751 consuetudinem
2502 3693 2771 3747 mulierum
2799 3692 2925 3746 mihi
2945 3700 3038 3746 est.
3064 3691 3339 3747 Scrutatus
3358 3698 3531 3745 autem

1918 3799 1991 3843 est
2019 3787 2196 3842 Laban
2216 3788 2270 3842 in
2295 3794 2398 3841 tota
2418 3786 2570 3840 domo
2592 3785 2723 3856 ejus,
2756 3792 2802 3839 et
2826 3799 2927 3837 non
2956 3783 3167 3837 invenit.

1992 3882 2046 3935 6.
2091 3879 2279 3950 Magna
2328 3876 2579 3932 ltachelis
2627 3874 2868 3942 solertia,
2914 3887 3010 3944 per
3054 3889 3225 3944 quam
3272 3872 3532 3930 deludere

1921 3974 2091 4043 pomit
2120 3970 2419 4026 Labanum.
2449 3967 2686 4022 Audiant
2724 3966 2817 4037 qui
2864 3963 3045 4019 adhuc
3091 3964 3371 4020 erroribus
3406 3972 3532 4019 sunt

1918 4064 2140 4130 addicti,
2191 4071 2246 4118 et
2294 4055 2655 4116 id'ololatriam
2711 4057 2892 4129 magni
2949 4055 3171 4119 faciunt.
3236 4054 3422 4111 Posuit
3472 4074 3534 4111 ea

1917 4158 2088 4211 subter
2114 4164 2394 4209 stramenta
2421 4154 2757 4220 camelorum,
2813 4152 3008 4222 inquit,
3053 4159 3098 4207 et
3119 4150 3249 4205 sedit
3268 4166 3423 4222 super
3449 4167 3532 4208 ea.

1919 4249 2055 4318 Quid
2084 4248 2167 4303 his
2199 4250 2368 4320 magis
2393 4246 2681 4302 ridiculum
2702 4246 2725 4301 ?
2746 4244 2848 4313 Qui
2875 4244 3086 4300 ratione
3118 4243 3325 4314 praediti
3354 4254 3534 4310 erant,

1920 4350 1974 4395 et
2015 4348 2217 4395 tantam
2267 4337 2637 4395 misericordia
2670 4337 2765 4393 Dei
2806 4336 3082 4406 assequuti
3123 4337 3335 4391 fuerant
3360 4335 3533 4407 digni-

1922 4440 2083 4487 tatem
2110 4472 2124 4498 ,
2178 4430 2383 4500 lapides
2426 4444 2592 4485 sensu
2632 4442 2831 4483 vacuos
2870 4435 3063 4505 putant
3098 4426 3358 4483 colendos
3388 4446 3401 4483 ε
3434 4444 3533 4485 nec

1922 4522 2085 4591 pudet
2112 4536 2229 4587 eos,
2261 4536 2360 4575 nec
2388 4530 2589 4574 tantam
2612 4534 2800 4574 secum
2834 4527 3085 4589 reputant
3115 4518 3531 4583 absurditatent.

1921 4614 2071 4669 seda
2100 4612 2499 4669 consuetudine
2544 4612 2696 4681 quasi
2724 4625 2856 4665 oves
2904 4609 3286 4664 abducuntur?
3330 4609 3534 4665 Idcirco

1923 4702 2117 4757 Paulus
2145 4715 2358 4771 quoque
2380 4698 2624 4754 scribens
2646 4697 2861 4753 dicebat
2895 4716 2907 4751 :
2939 4696 3096 4752 Scitis
3125 4698 3332 4767 quando
3361 4707 3533 4769 gentes

1923 4798 2105 4861 eratis,
2162 4796 2231 4848 ad
2273 4795 2415 4848 idola
2466 4803 2608 4846 mula
2654 4802 2926 4862 utcumque
2974 4791 3301 4848 ducebamini
3361 4799 3534 4846 euntes

1924 4890 1999 4961 (l.
2029 4888 2149 4947 Cor.
2179 4890 2263 4943 η.
2293 4888 2378 4959 2).
2413 4888 2479 4942 Et
2506 4895 2651 4942 recte
2671 4886 2826 4951 dixit,
2862 4884 3030 4939 Muta.
3063 4884 3164 4951 Qui
3191 4898 3404 4949 vocem,
3447 4885 3531 4938 in-

1918 4983 2051 5051 quit,
2087 4980 2296 5035 habetis
2316 4988 2373 5035 et
2408 4994 2584 5042 aures,
2614 4987 2670 5033 et
2695 4978 2921 5032 rationis
2945 4977 3077 5031 estis
3117 4976 3429 5047 participes,
3462 4976 3531 5030 ad

1918 5090 1981 5128 ea
2007 5089 2127 5144 qua:
2172 5073 2377 5128 nullum
2418 5086 2637 5127 sensum
2676 5070 2893 5136 habent,
2926 5070 3065 5124 sicut
3110 5068 3267 5123 bruta
3306 5068 3530 5122 abduci-

1918 5167 2071 5221 mini.
2128 5165 2198 5220 Et
2246 5166 2460 5236 qualem
2505 5163 2597 5233 qui
2626 5163 2763 5217 tales
2799 5171 2926 5217 sunt
2965 5161 3175 5215 veniam
3208 5159 3531 5215 merentur?

1918 5256 2024 5312 Sed
2057 5256 2334 5311 videamus
2355 5255 2827 5325 quomodojustus
2869 5266 3013 5307 nunc
3063 5251 3315 5306 fiduciam
3361 5263 3526 5306 acce-

1918 5351 2078 5420 perit,
2110 5349 2303 5419 partim
2344 5363 2417 5404 ex
2465 5347 2528 5401 iis
2556 5362 2675 5417 qure
2731 5345 2913 5400 Laban
2954 5342 3237 5398 confessus
3263 5352 3368 5409 est,
3403 5356 3527 5412 par-

1920 5443 2012 5496 tim
2056 5441 2309 5511 quoniam
2381 5439 2588 5494 nullum
2644 5438 2851 5492 crimen
2900 5446 3087 5492 contra
3134 5449 3193 5490 se
3248 5436 3528 5489 invenerat

1918 5533 2337 5604 reprehensione
2389 5533 2607 5603 dignum
2639 5573 2655 5599 ,
2687 5530 2813 5600 quid
2866 5528 3044 5584 dicit?
3095 5528 3183 5584 56.
3234 5524 3407 5580 Iratus
3458 5536 3531 5580 est

1913 5637 2105 5692 autem,
2137 5626 2328 5696 inquit,
2380 5624 2564 5690 Iacob,
2598 5635 2643 5679 st
2666 5623 2929 5677 writeudit
2960 5638 3076 5675 cum
3118 5620 3317 5684 Laban,
3373 5629 3421 5673 et
3444 5619 3530 5671 di-

1915 5720 2010 5773 xit.
2036 5716 2169 5772 Vide
2219 5716 2491 5787 quomodo
2539 5717 2702 5771 etiam
2749 5713 3142 5784 expostulando
3171 5712 3367 5766 anima:
3415 5726 3528 5766 sua:

1924 5810 2176 5867 virtutem
2204 5809 2425 5882 detegit.
2476 5810 2605 5878 Qua:
2640 5808 2892 5879 injustitia
2923 5822 3053 5875 mea,
3087 5805 3161 5860 vel
3189 5804 3325 5874 quod
3350 5819 3523 5873 pecca—
