4182 6322
654 348 759 404 503
1322 350 1376 406 S.
1418 348 1694 406 JOANNIS
1730 348 2209 407 CilllYSOSTOMI

2330 347 2565 406 lClllEP.
2611 349 3145 407 CONSTANTINOP.
3840 353 3907 409 50
3926 351 3948 405 ι

645 475 750 515 tum
790 477 974 529 meum,
1023 460 1213 531 inquit,
1258 461 1393 531 quod
1431 470 1760 529 persequutus
1783 478 1835 515 es
1862 461 1980 515 me?
2032 461 2230 529 Quare,

647 552 834 621 inquit,
867 560 1013 604 tanto
1040 550 1238 619 impetu
1270 549 1561 606 insectatus
1598 564 1658 603 es
1708 550 1836 604 me?
1888 551 2097 619 qualem
2150 551 2234 604 iu-

646 644 895 709 justitiam
948 641 1076 696 mihi
1127 650 1277 711 potes
1322 641 1692 712 exprobrare?
1730 641 1885 710 quale
1915 644 2235 711 peccatum?

646 739 823 807 Neque
851 739 902 793 id
954 740 1104 804 satis,
1133 740 1234 794 nisi
1281 750 1335 796 et
1366 749 1567 795 tantam
1612 740 2076 810 superinduxisses
2099 752 2231 791 con-

645 829 935 890 tumeliam,
981 840 1035 883 ut
1066 832 1381 884 scrutareris
1406 831 1583 884 omnia
1632 847 1751 900 quae
1795 831 1849 885 in
1891 829 2051 883 domo
2092 840 2230 880 mea.

647 921 737 974 57.
768 920 903 985 Quid
943 923 1171 974 invenisti
1197 922 1260 974 de
1285 921 1515 975 omnibus
1541 922 1674 975 vasis
1709 936 1820 991 qua
1844 921 1899 974 in
1925 920 2073 973 domo
2100 917 2234 970 tua?

654 1008 795 1063 Pone
824 1012 904 1063 hic
930 1027 1102 1065 serant
1133 1010 1373 1081 fratribus
1404 1012 1501 1065 tuis
1527 1021 1573 1064 et
1594 1012 1840 1081 fratribus
1879 1010 2024 1087 meis,
2068 1018 2113 1062 et
2142 1010 2232 1078 ju-

644 1103 811 1156 dicent
838 1103 968 1155 inter
991 1119 1082 1155 nos
1112 1102 1260 1156 duos.
1292 1103 1483 1170 Tanto,
1537 1103 1727 1171 inquit,
1774 1102 2035 1158 scrutinio
2064 1099 2227 1167 facto,

650 1193 934 1259 ρςιιιιίειίιιθ
988 1191 1185 1261 aliquid
1235 1192 1474 1248 invenire
1518 1194 1661 1264 quod
1702 1193 1770 1247 ad
1822 1208 1909 1249 me
1943 1207 2050 1248 non
2106 1192 2232 1246 atti-

644 1291 786 1342 neat.
844 1282 924 1336 vel
951 1282 1093 1352 quod
1123 1291 1269 1337 tuum
1301 1283 1409 1338 sit?
1434 1282 1488 1339 Si
1515 1284 1784 1350 invenisti,
1811 1283 1989 1355 profer
2034 1283 2086 1336 in
2114 1298 2231 1338 me-

644 1376 811 1437 dium,
852 1383 907 1427 ut
964 1375 1053 1443 qui
1096 1376 1181 1430 hic
1224 1376 1420 1431 adsunt
1462 1377 1600 1446 apud
1645 1392 1731 1432 me
1772 1385 1825 1430 et
1861 1386 1934 1443 te,
1966 1374 2226 1444 judicium

652 1466 899 1518 reddant.
945 1464 1206 1532 Quoniam
1232 1466 1363 1522 vidit
1388 1481 1447 1521 se
1476 1467 1803 1536 inculpatum
1846 1467 1898 1521 in
1938 1465 2185 1521 omnibus
2210 1506 2225 1529 ,

645 1570 834 1625 magna
865 1564 1073 1624 sumpta
1105 1556 1315 1621 ﬁducia,
1366 1566 1643 1611 enumerat
1684 1556 1940 1612 beneﬁcia
1984 1570 2102 1624 quae
2153 1554 2227 1608 illi

643 1660 739 1711 per
777 1659 933 1698 omne
980 1654 1187 1715 tempus
1234 1646 1491 1713 exhibuit,
1542 1655 1597 1702 et
1643 1646 1815 1716 inquit
1846 1663 1861 1700 :
1894 1646 1982 1701 58.
2014 1643 2081 1698 Hi
2111 1653 2230 1699 sunt

644 1734 815 1801 viginti
838 1736 960 1788 anni
976 1776 991 1799 ,
1023 1737 1201 1805 quibus
1228 1746 1387 1790 tecum
1412 1753 1543 1790 sum.
1612 1736 1715 1790 Pro
1741 1736 1922 1791 labore
1950 1744 2028 1790 tot
2056 1750 2227 1790 anno-

644 1840 782 1893 rum,
808 1825 1027 1883 haccine
1055 1828 1244 1899 dignus
1272 1844 1419 1884 eram
1446 1830 1802 1885 contumelia?
1827 1829 1897 1883 Hi
1915 1831 2041 1884 mihi
2056 1830 2231 1901 viginti

643 1919 787 1971 anni.
840 1918 1009 1974 llodie
1047 1920 1233 1990 viginti
1278 1935 1539 1975 annorum
1581 1920 1843 1991 complevi
1875 1922 1926 1975 in
1950 1920 2113 1977 domo
2141 1930 2227 1976 tua

643 2022 945 2063 numerum.
979 2009 1107 2064 Oves
1134 2021 1235 2064 tute
1261 2020 1308 2065 et
1333 2028 1501 2083 capra:
1521 2022 1620 2066 tua:
1643 2013 1836 2066 steriles
1861 2028 1962 2066 non
1991 2016 2223 2083 fuerunt,

640 2100 821 2151 arietes
847 2101 1011 2154 avium
1037 2110 1237 2156 tuarum
1263 2120 1363 2157 non
1389 2105 1583 2158 comedi
1614 2122 1633 2159 :
1658 2105 1749 2161 '59.
1804 2118 2010 2175 captum
2048 2124 2081 2161 a
2115 2106 2225 2176 fera

641 2188 730 2240 tibi
759 2205 857 2242 non
885 2191 1053 2245 attuli.
1088 2190 1197 2262 Ego
1227 2194 1449 2264 satisfeci
1479 2195 1539 2248 de
1558 2211 1687 2259 meo,
1718 2195 1855 2265 furta
1883 2196 1982 2249 diei
2013 2207 2059 2250 et
2087 2196 2226 2266 furta

647 2281 829 2334 noctis.
852 2280 940 2335 40.
972 2280 1071 2337 Die
1094 2284 1277 2338 urebar
1298 2295 1446 2351 testu,
1472 2295 1519 2340 et
1546 2296 1691 2341 nocte
1714 2289 1849 2359 gelu,
1872 2299 1919 2342 et
1944 2289 2226 2343 discedebat

639 2387 848 2425 somnus
885 2373 949 2426 ab
996 2376 1155 2430 oculis
1199 2377 1339 2432 meis.
1380 2377 1587 2433 Oblitus
1616 2393 1692 2444 es,
1743 2381 1933 2451 inquit,
1985 2382 2225 2437 laborum

640 2474 778 2527 quos
822 2463 1086 2519 exantlavi
1134 2482 1359 2536 pascens
1404 2482 1534 2523 oves
1583 2479 1700 2524 tuas
1745 2480 1799 2524 et
1834 2472 2063 2540 capras?
2089 2471 2224 2526 Num

640 2560 792 2617 potes
814 2566 1038 2622 arguere
1073 2558 1213 2625 quod
1243 2574 1492 2627 umquam
1522 2573 1650 2613 oves
1678 2560 1757 2613 vel
1788 2575 1962 2629 capra:
1988 2570 2091 2616 tua:
2112 2562 2227 2617 fue-

643 2641 751 2695 rint
777 2644 1021 2700 steriles?
1074 2647 1206 2703 Vide
1236 2661 1485 2718 quantam
1510 2651 1840 2707 demonstrat
1864 2667 1893 2705 a
1924 2654 2032 2708 Deo
2061 2655 2225 2711 bene-

645 2730 927 2787 volentiam
966 2738 1251 2805 contigisse
1292 2740 1471 2795 domui
1502 2740 1677 2795 l.aban
1706 2752 1923 2811 propter
1951 2761 2105 2801 suum
2131 2746 2227 2801 ad-

644 2830 879 2876 ventum.
915 2824 1026 2881 lloc
1050 2830 1191 2882 enim
1222 2841 1301 2886 est
1332 2832 1384 2886 id
1415 2834 1555 2904 quod
1586 2845 1640 2893 et
1665 2853 1823 2910 supra
1844 2839 2054 2895 dicebat
2086 2858 2098 2893 :
2129 2838 2225 2893 Be-

644 2910 834 2964 uedixit
859 2924 905 2967 te
931 2913 1065 2970 Deus
1091 2919 1160 2972 ad
1186 2923 1363 2990 pedem
1388 2942 1576 2981 meum.
1626 2928 1737 2984 Hoc
1786 2933 1928 2985 enim
1977 2932 2152 2986 nullus
2194 2946 2224 2985 a

644 3009 867 3067 pastore
897 3006 1153 3075 exigeret.
1202 3010 1386 3082 Neque
1424 3017 1566 3070 enim
1621 3021 1899 3088 pastoralis
1944 3022 2073 3076 artis
2123 3021 2225 3078 hoc

642 3106 775 3186 Opus
804 3104 904 3159 est,
933 3100 1026 3153 sed
1055 3112 1279 3160 naturar.
1324 3106 1616 3177 Propterea
1638 3122 1763 3169 ante
1791 3117 1969 3170 omnia
2000 3115 2101 3171 hoc
2129 3132 2225 3186 po-

644 3183 1221 3277 nit,_-providentiaque
1244 3208 1474 3266 superna
1498 3199 1693 3256 factum
1724 3204 1825 3258 hoc
1856 3205 2019 3262 fuisse
2046 3207 2098 3261 in
2131 3183 2225 3277 pe-

641 3273 865 3329 cudibus
910 3281 1162 3336 ostendit.
1207 3286 1400 3342 Arietes
1440 3292 1606 3345 ovium
1644 3304 1844 3349 tuarum
1875 3313 1973 3351 non
2011 3273 2221 3353 comedi.

644 3362 778 3417 Num
808 3376 979 3434 potes,
1006 3369 1194 3441 inquit,
1219 3376 1395 3433 dicere
1423 3381 1563 3449 quod
1591 3382 1876 3453 aliquando
1901 3387 2223 3443 eomederim

643 3457 863 3513 arietem
895 3462 961 3517 de
988 3466 1236 3535 gregibus
1267 3471 1401 3539 tuis,
1452 3473 1543 3543 qui
1571 3475 1773 3532 scilicet
1809 3479 2096 3534 multorum
2128 3496 2223 3549 pa-

641 3558 846 3605 storum
878 3568 994 3609 mos
1019 3558 1133 3616 est?
1176 3560 1220 3613 Α
1248 3561 1403 3617 bestia
1427 3577 1634 3637 captum
1666 3586 1767 3624 non
1792 3572 1937 3626 attuli
1960 3573 2065 3626 tibi.
2112 3571 2224 3628 Ne-

641 3655 746 3735 que
790 3644 924 3735 ipse,
970 3645 1161 3727 inquit,
1217 3653 1505 3724 aliquando
1541 3660 1789 3730 comedi,
1845 3679 2019 3735 neque
2053 3665 2223 3722 bestia

641 3731 927 3800 aliquando
973 3752 1160 3807 rapere
1204 3746 1390 3812 potuit.
1453 3747 1595 3804 Nam
1630 3753 1774 3806 attuli
1800 3731 2225 3825 aliquidabestia

640 3825 889 3919 captum?
936 3828 1128 3885 Annon
1168 3836 1403 3902 quotidie
1453 3836 1600 3895 vides
1639 3858 1753 3909 eos,
1796 3846 1989 3914 quibus
2032 3863 2224 3919 greges

640 3914 829 3968 crediti
854 3926 994 3982 sunt,
1044 3931 1196 3991 capta
1238 3938 1269 3977 a
1296 3925 1480 3983 bestiis
1506 3929 1700 3987 afferre
1739 3934 2010 3991 dominis?
2039 3914 2223 3992 VAt'tu

641 4004 772 4101 nihil
799 4007 900 4101 tale
944 4012 1023 4065 vel
1072 4013 1441 4075 demonstrare
1477 4022 1561 4076 vel
1589 4024 1821 4093 objicere
1849 4028 2042 4083 factum
2070 4040 2224 4100 potes

643 4095 692 4144 in
726 4095 908 4163 viginti
935 4101 1109 4153 annis.
1144 4103 1208 4156 Et
1236 4106 1361 4174 quid
1387 4108 1506 4164 dico
1532 4122 1741 4182 captum
1767 4130 1797 4169 a
1834 4116 1983 4172 iera?
2006 4095 2109 4175 Sed
2136 4135 2222 4176 ne-

638 4199 743 4252 que
771 4188 814 4239 si
845 4186 985 4244 furto
1008 4190 1240 4249 ablatum
1269 4197 1417 4267 quid,
1450 4209 1507 4255 ut
1530 4216 1673 4273 saepe
1694 4208 1973 4278 contingit,
2025 4211 2091 4266 ad
2126 4227 2222 4266 no-

643 4279 812 4379 titiam
835 4293 862 4379 Δι
876 4301 995 4379 nam
1028 4294 1211 4349 venire
1237 4300 1419 4352 curavi
1451 4318 1463 4353 :
1494 4302 1588 4357 sed
1608 4288 1717 4373 ego
1739 4320 1836 4374 pro
1861 4306 1925 4362 iis
1964 4323 2083 4377 qua:
2107 4308 2217 4363 iur-

640 4374 733 4425 tim
763 4374 936 4431 ablata
968 4377 1179 4438 fuerunt
1201 4387 1468 4456 satisleci;
1497 4392 1610 4447 sive
1639 4394 1726 4449 die
1752 4394 1865 4450 sive
1895 4374 2051 4455 nocte
2076 4401 2219 4454 acci-

874 4466 947 4557 ΔΕι
994 4486 1113 4527 cum
1163 4486 1326 4532 tostus
1372 4478 1639 4550 ﬂagraret,
1686 4484 1921 4541 ferebam
1962 4486 2173 4543 fortiter
2200 4532 2215 4557 ,

643 4553 890 4609 similitei'
924 4570 979 4614 et
1017 4562 1180 4633 frigus
1229 4569 1423 4637 noctis,
1468 4581 1524 4626 ut
1574 4573 1723 4629 illaesi
1775 4553 2219 4651 conservarentur

637 4663 833 4720 greges
861 4653 932 4706 tui
964 4672 978 4707 :
1008 4670 1071 4711 ac
1100 4672 1202 4713 non
1231 4659 1333 4715 hoc
1358 4664 1529 4718 solum
1552 4706 1567 4730 ,
1614 4667 1708 4721 sed
1750 4677 1804 4723 et
1840 4670 1954 4738 ipse
1998 4686 2216 4728 somnus

638 4752 861 4811 propter
885 4748 1101 4802 multam
1136 4764 1317 4806 curam
1348 4753 1655 4811 discedebat
1680 4759 1748 4813 ab
1775 4761 1944 4817 oculis
1973 4765 2127 4818 meis.

711 4831 951 4907 Increpat
986 4842 1286 4910 negligentes
1319 4847 1607 4902 animarum
1644 4860 1889 4921 pastores.
1920 4884 1992 4893 —
2027 4854 2213 4911 Vidisti

638 4929 863 4992 pastoris
890 4931 1209 4999 vigilantiam
1236 4936 1453 4992 ?vidisti
1483 4941 1741 4997 intentum
1771 4945 2003 4999 studium
2024 4946 2047 4998 ἲ
2068 4946 2212 5013 Qua-

638 5016 739 5070 lem
787 5019 1054 5077 habebunt
1112 5030 1507 5084 excusationem
1548 5032 1619 5101 ii,
1691 5035 1884 5105 quibus
1932 5039 2214 5095 rationales

637 5122 824 5177 greges
852 5112 1035 5167 crediti
1064 5125 1203 5181 sunt,
1253 5134 1603 5192 magnamque
1630 5140 1738 5194 prae
1765 5139 1822 5179 se
1848 5127 2023 5182 ferunt
2049 5131 2214 5199 negli-

635 5202 863 5267 gentiam
895 5218 910 5255 :
940 5213 997 5258 et
1020 5209 1273 5275 quotidie,
1320 5213 1609 5268 secundum
1668 5217 1999 5287 prophetam,
2053 5235 2211 5289 pecu-

636 5293 731 5345 des
759 5294 889 5350 alias
929 5308 1160 5354 mactant
1209 5301 1432 5372 (Ezrch.
1462 5306 1548 5360 54.
1581 5306 1720 5378 5-6)
1764 5326 1774 5361 :
1807 5310 1940 5365 alias
1970 5326 1998 5365 a
2029 5309 2211 5366 bestiis

636 5393 816 5450 raptas
842 5398 1185 5446 contemnunt
1215 5412 1227 5446 :
1277 5396 1406 5450 alias
1438 5411 1568 5450 vero
1597 5397 1663 5452 ab
1691 5399 1793 5453 illis
1838 5410 2015 5470 raptas
2056 5400 2209 5455 redu-

637 5488 761 5529 cere
809 5492 911 5531 non
946 5494 1133 5538 curant
1179 5502 1192 5543 :
1237 5490 1443 5543 tametsi
1496 5490 1670 5543 minor
1704 5492 1772 5544 sit
1803 5491 1969 5556 labor,
2006 5503 2059 5546 et
2084 5508 2207 5547 cura

641 5568 880 5623 facilior?
924 5575 1111 5630 Anima
1137 5578 1277 5632 enim
1307 5589 1389 5635 est
1417 5596 1533 5650 quae
1558 5582 1778 5637 docetur
1823 5601 1835 5637 :
1886 5585 1995 5640 illic
2031 5595 2206 5640 autem

640 5657 831 5711 multus
855 5673 935 5716 est
960 5672 1017 5719 et
1036 5670 1274 5737 corporis
1299 5680 1351 5724 et
1375 5671 1568 5733 anima:
1598 5672 1764 5727 labor.

707 5750 755 5800 7.
804 5752 928 5810 Vide
952 5758 1090 5811 enim
1128 5760 1250 5829 quid
1282 5762 1436 5818 dicat.
1473 5762 1568 5820 Die
1597 5765 1774 5820 urebar
1799 5777 1921 5820 testu
1944 5806 1959 5834 ,
2003 5778 2046 5821 et
2092 5760 2206 5838 gelu

2348 470 2511 526 nocte,
2562 471 2610 515 et
2639 461 2931 516 discedebat
2951 478 3159 517 somnus
3194 478 3225 514 a
3249 478 3344 516 me.
3379 460 3508 530 Quis
3534 464 3649 519 hazc
3680 480 3823 521 nunc
3850 481 3951 536 po-

2346 562 2450 607 test
2479 553 2679 617 dicere,
2729 568 2789 608 se
2830 563 3047 623 pr0pter
3083 567 3271 606 eorum
3302 554 3527 609 salutem
3569 570 3705 625 quos
3738 557 3947 625 pascit,

2346 655 2422 699 tot
2446 645 2584 700 ferre
2617 646 2827 700 labores
2861 653 2915 701 et
2956 644 3236 714 pericula?
3285 646 3350 699 Et
3391 645 3496 701 hoc
3539 646 3757 716 quidem
3801 662 3949 701 nunc

2344 737 2522 791 nullus
2546 736 2723 791 dicere
2759 737 2935 791 audet.
2967 735 3132 790 Paulo
3155 747 3333 790 autem
3361 738 3461 791 soli
3491 738 3638 793 orbis
3684 738 3950 808 magistro

2340 826 2469 881 licet
2514 827 2615 881 hoc
2655 828 2879 882 iidenter
2908 828 3110 893 dicere,
3140 835 3300 897 atque
3329 829 3413 882 his
3441 830 3668 899 majora.
3718 830 3784 884 Et
3828 830 3943 893 ubi,

2342 917 2535 986 inquis,
2562 917 2756 971 Paulus
2782 917 2897 972 bare
2925 917 3217 971 sustinuit?
3263 917 3399 971 Audi
3439 934 3560 972 eum
3608 919 3882 974 dicentem
3933 937 3950 973 :

2343 1007 2469 1072 Quis
2498 1009 2807 1075 infirmatur,
2837 1018 2885 1061 et
2918 1025 3010 1080 ego
3040 1025 3141 1063 non
3179 1008 3453 1077 infirmor.’
3480 1010 3591 1079 quis
3610 1011 3944 1065 seandalisa-

2339 1107 2439 1160 tur,
2470 1108 2518 1151 et
2546 1114 2638 1169 ego
2666 1115 2766 1153 non
2793 1115 2914 1153 uror
2963 1100 3038 1169 (l.
3070 1098 3190 1154 Cor.
3222 1099 3310 1153 Η.
3337 1099 3478 1169 29)?
3523 1098 3567 1155 Ο
3606 1102 3839 1169 pastoris
3870 1096 3949 1157 di-

2338 1186 2655 1243 lectionem!
2707 1188 2911 1242 Aliente
2939 1189 3131 1255 ruinae,
3181 1189 3369 1260 inquit,
3419 1205 3571 1246 meos
3599 1191 3812 1246 dolores
3840 1207 3941 1247 au-

2335 1286 2481 1347 gent,
2508 1278 2678 1333 aliena
2717 1278 2964 1334 scandala
3011 1278 3282 1334 fornacem
3328 1279 3531 1334 doloris
3579 1281 3684 1335 mei
3713 1296 3946 1337 succeno

2335 1370 2487 1424 dunt.
2521 1370 2672 1425 llunc
2712 1385 2901 1427 omnes
2932 1372 3225 1438 imitentur,
3256 1371 3450 1442 quibus
3478 1372 3771 1428 rationales
3806 1387 3947 1427 oves

2336 1462 2660 1517 concredita:
2686 1472 2829 1528 sunt,
2877 1472 2934 1519 et
2977 1479 3047 1519 ne
3093 1464 3392 1519 deteriores
3423 1462 3551 1518 ﬁant
3578 1464 3673 1518 illo
3696 1464 3787 1533 qui
3812 1472 3944 1517 tan-

2337 1564 2402 1610 ιω
2429 1556 2483 1609 in
2513 1554 2684 1611 brutis
2731 1556 3025 1625 pecudibus
3072 1556 3438 1611 custodiendis
3481 1556 3767 1625 vigilantia:
3810 1554 3938 1618 luit,

2335 1648 2493 1718 idque
2521 1657 2598 1703 tet
2626 1663 2889 1703 annorum
2924 1664 3166 1703 numero.
3215 1648 3283 1702 Et
3326 1647 3437 1702 illic
3478 1646 3715 1717 quidem,
3768 1648 3812 1701 si
3856 1646 3943 1701 in-

2334 1740 2479 1793 curia
2519 1739 2762 1809 qumdam
2816 1738 3095 1805 acciderit,
3141 1738 3344 1792 nullum
3386 1736 3681 1792 damnum:
3714 1736 3800 1791 hic
3832 1752 3940 1791 au-

2338 1840 2444 1885 tem
2492 1832 2536 1885 si
2561 1830 2645 1887 vel
2687 1845 2789 1885 una
2840 1832 2955 1886 ovis
3008 1831 3280 1887 rationalis
3326 1830 3567 1901 perierit,
3596 1832 3733 1886 vela
3764 1830 3939 1886 bestia

2335 1916 2494 1977 fuerit
2541 1930 2713 1991 capta,
2763 1937 2926 1993 grave
2970 1922 3244 1987 damnum,
3296 1920 3586 1976 maximum
3631 1921 3939 1976 detrimen-

2336 2020 2466 2077 tum,
2518 2011 2802 2066 ineii'abilis
2856 2026 3031 2082 ptena.
3068 2010 3200 2065 Nam
3245 2012 3291 2066 si
3322 2011 3579 2065 Dominus
3609 2021 3792 2064 noster
3816 2024 3942 2064 san-

2331 2103 2546 2172 guinem
2595 2119 2749 2158 suum
2796 2103 3072 2173 proprium
3118 2100 3397 2158 eliundere
3427 2116 3525 2171 pro
3570 2101 3656 2155 illa
3693 2116 3801 2155 non
3829 2100 3938 2155 de-

2331 2191 2571 2258 clinavit,
2615 2207 2718 2262 qua
2751 2193 2903 2246 venia
2934 2191 3128 2262 dignus
3172 2190 3352 2257 fuerit,
3393 2190 3587 2261 quisic
3616 2189 3940 2245 horioratam

2331 2296 2360 2335 a
2401 2281 2626 2337 Domino
2656 2282 2935 2351 deSpicere
2964 2281 3213 2347 voluerit,
3263 2289 3317 2336 et
3359 2294 3465 2334 non
3488 2280 3665 2335 omnia
3690 2294 3808 2349 qua
3835 2294 3941 2349 po-

2334 2382 2439 2430 test
2477 2375 2532 2429 in
2580 2373 2816 2428 curanda
2846 2374 3053 2429 ovicula
3098 2371 3509 2447 adimpleverit?
3561 2371 3824 2427 Cancrum
3864 2371 3939 2427 ad

2332 2466 2525 2522 seriem
2576 2466 2840 2521 sermonis
2883 2465 3187 2520 redeamus.
3216 2463 3307 2519 41.
3341 2462 3413 2517 Hi
3435 2464 3581 2529 milii,
3611 2462 3801 2531 inquit,
3853 2463 3939 2514 ei-

2330 2558 2457 2629 ginti
2497 2559 2636 2623 anni,
2696 2556 2878 2626 quibus
2922 2574 3036 2611 sum
3092 2556 3148 2610 in
3201 2556 3351 2609 donto
3400 2564 3509 2610 tua.
3587 2552 3783 2609 Seruivi
3842 2554 3940 2608 tibi

2330 2647 2710 2719 quatuorderim
2735 2648 2882 2701 annis
2926 2663 3019 2717 pro
3048 2646 3255 2715 filiabus
3282 2646 3401 2711 tuis,
3455 2655 3502 2699 et
3542 2661 3633 2700 ses;
3655 2645 3806 2699 armis
3835 2661 3939 2714 pro

2331 2741 2502 2793 ovibus
2545 2740 2666 2805 tuis,
2703 2750 2749 2793 et
2776 2740 3029 2810 fraudasti
3074 2739 3351 2793 mercedem
3378 2755 3542 2793 meam
3566 2739 3736 2792 decem
3766 2754 3937 2808 agna-

2330 2833 2440 2885 bus.
2474 2830 2563 2885 42.
2615 2830 2684 2883 Et
2730 2832 2827 2885 nisi
2874 2830 3013 2884 Deus
3058 2831 3216 2899 patris
3261 2830 3359 2884 mei
3411 2829 3651 2893 Abrahae,
3698 2840 3747 2881 et
3791 2826 3937 2884 Deus

2330 2920 2481 2975 Isaac
2513 2922 2528 2953 ¹
2572 2922 2747 2992 fuisset
2802 2920 2927 2973 mihi
2974 2920 3199 2991 adjutor,
3245 2936 3381 2974 nunc
3420 2923 3551 2990 forte
3592 2936 3673 2973 me
3718 2936 3953 2975 uacuum-

2330 3011 2620 3066 dimisisses.
2687 3008 3043 3067 Humilitatem
3096 3027 3261 3064 meam
3306 3019 3354 3064 et
3403 3011 3627 3064 laborem
3683 3028 3934 3067 manuum

2330 3119 2554 3158 mearum
2579 3103 2701 3157 vidit
2728 3102 2885 3170 Deus,
2933 3112 2979 3158 et
3018 3103 3286 3173 arguit"te
3329 3101 3457 3157 heri.
3496 3101 3628 3158 Vide
3658 3104 3935 3172 quomodo

2330 3209 2392 3250 ea
2422 3209 2541 3266 quae
2568 3195 2850 3251 confessus
2891 3205 2975 3250 est
3016 3193 3218 3257 Laban,
3269 3194 3573 3248 animarunt
3609 3194 3832 3263 justum,
3872 3204 3933 3251 ut

2328 3300 2449 3339 cum
2500 3284 2692 3339 fiducia
2745 3284 2891 3339 illum
2944 3282 3384 3354 reprehenderet.
3440 3281 3656 3350 Vidisti,
3707 3284 3929 3355 inquit,

2327 3362 2596 3446 quomodo
2628 3375 2813 3445 viginti
2860 3389 3123 3429 annorum
3151 3374 3376 3429 numero
3405 3374 3601 3429 servivi
3648 3374 3779 3441 tibi,
3832 3390 3935 3446 pro

2330 3468 2578 3536 filiabus,
2627 3467 3031 3539 quatuordeeim
3091 3467 3278 3533 annis,
3335 3465 3557 3534 reliquis
3605 3473 3784 3522 autem
3830 3482 3934 3535 pro

2328 3562 2518 3617 ovibus
2550 3578 2563 3615 :
2596 3570 2773 3615 tamen
2807 3560 3017 3631 privare
3044 3574 3130 3614 me
3166 3557 3383 3614 voluisti
3407 3556 3677 3626 mercede,
3718 3565 3775 3614 et
3816 3573 3931 3614 non

2332 3660 2384 3707 te
2422 3665 2582 3720 super
2626 3650 2729 3705 hoc
2771 3650 2964 3717 argui?
3007 3648 3202 3704 Verum
3255 3662 3327 3703 ex
3368 3647 3473 3702 illis
3518 3648 3670 3717 ipsis,
3708 3663 3831 3717 qua:
3872 3658 3931 3702 ιιι

2328 3739 2605 3797 confessus
2629 3755 2709 3806 es,
2730 3741 2844 3796 scio
2898 3737 3039 3810 quod
3085 3737 3187 3792 nisi
3230 3737 3373 3793 Deus
3401 3736 3669 3791 Abraham
3695 3745 3751 3792 et
3780 3735 3933 3793 isaac

2329 3835 2515 3890 fuisset
2549 3832 2679 3889 mihi
2718 3832 2960 3901 adjutor,
3011 3844 3153 3885 nunc
3201 3844 3288 3884 me
3335 3843 3562 3884 vacuum
3621 3828 3930 3885 dimisisses

2328 3936 2380 3982 et
2427 3925 2647 3992 nudum,
2684 3924 2863 3979 omnia
2914 3922 3051 3977 forte
3094 3920 3415 3977 abstulisses
3463 3935 3495 3974 a
3545 3934 3655 3985 me,
3703 3929 3760 3975 et
3787 3921 3930 3989 inju-

2327 4016 2547 4079 stitiam,
2575 4029 2736 4085 quam
2762 4026 3138 4083 proposueras,
3175 4026 3340 4082 opere
3381 4009 3786 4079 complevisses.
3816 4011 3927 4067 Sed

2326 4110 2469 4165 Deus
2513 4109 2604 4179 qui
2634 4108 2735 4161 scit
2766 4106 3116 4161 Humilitatem
3153 4121 3317 4159 meam
3340 4114 3389 4159 et
3430 4104 3652 4160 laborent
3678 4121 3927 4159 manuum

2327 4218 2571 4257 mearum.
2633 4199 2769 4268 Quid
2813 4208 2935 4266 est,
2992 4198 3346 4254 Humilitatem
3384 4215 3546 4252 meam
3593 4207 3643 4253 et
3698 4198 3927 4254 laborem

2327 4310 2568 4347 manuum
2610 4291 2879 4346 mearum?
2926 4290 3209 4358 Quoniam,
3256 4291 3444 4361 inquit,
3486 4292 3587 4346 scit
3612 4290 3757 4347 Deus
3783 4307 3928 4362 quo—

2326 4385 2485 4440 modo
2518 4398 2618 4454 ego
2664 4381 3074 4453 magnostudio
3111 4380 3417 4437 servitutem
3459 4394 3634 4436 meam
3680 4380 3926 4452 perfece-

2328 4477 2463 4543 rim,
2530 4484 2583 4531 et
2630 4484 2884 4545 quantum
2950 4472 3188 4528 laborem
3256 4472 3640 4539 sustinuerim,
3691 4488 3924 4543 pascens

2325 4581 2471 4634 oves,
2523 4566 2611 4622 die
2654 4574 2922 4635 noctuque
2974 4564 3027 4619 in
3075 4564 3216 4619 curis
3266 4571 3513 4618 versatus
3550 4563 3659 4619 :ad
3692 4565 3810 4632 illa,
3837 4566 3921 4621 in-

2324 4675 2505 4729 quam,
2554 4658 2788 4727 respexit
2824 4657 3084 4727 benignus
3136 4655 3395 4711 Dominus
3434 4670 3556 4710 cum
3586 4655 3703 4711 heri
3743 4660 3924 4729 arguit

2326 4762 2407 4805 te:
2431 4751 2667 4805 coercuit
2696 4749 3003 4818 injustitiam
3032 4762 3186 4817 quam
3215 4748 3500 4802 adversum
3529 4762 3617 4803 me
3645 4750 3918 4818 struebas,

2321 4851 2375 4896 et
2421 4839 2809 4896 irrationabiles
2852 4848 2971 4893 tuos
3009 4846 3253 4892 conatus.
3316 4837 3459 4893 Satis
3510 4838 3683 4907 tetigit
3727 4839 3917 4895 defen-

2319 4930 2496 4986 dendo
2532 4946 2592 4985 se
2653 4929 2961 4994 Labanum,
3027 4936 3082 4983 et
3146 4935 3426 4997 postquam
3478 4928 3920 4996 reprehendisset

2322 5023 2463 5076 illius
2507 5021 2559 5075 in
2604 5035 2663 5076 se
2712 5019 3046 5089 injustitiam,
3109 5033 3203 5074 sua
3248 5018 3301 5072 in
3342 5017 3489 5071 illum
3530 5019 3791 5073 beneﬁcia
3822 5037 3919 5076 re-

2318 5112 2545 5167 censuit.
2572 5111 2693 5167 Ideo
2721 5112 2807 5165 ille
2834 5112 3160 5165 erubescens
3182 5109 3251 5163 de
3273 5109 3338 5164 iis
3358 5123 3475 5178 quas
3501 5107 3735 5176 dixerat,
3771 5126 3919 5167 nunc

2320 5204 2371 5257 in
2404 5203 2647 5257 timorem
2668 5217 2853 5256 versus
2882 5209 2981 5264 est,
3007 5210 3063 5255 et
3090 5198 3287 5256 ftedera
3313 5199 3447 5254 inire
3468 5199 3578 5253 vult
3596 5215 3717 5253 cum
3738 5200 3912 5270 justo.

2320 5296 2450 5350 Vide
2476 5295 2859 5366 providentiam
2889 5294 3000 5348 Dei.
3044 5294 3144 5359 Qui
3192 5303 3339 5348 tanto
3377 5294 3575 5362 impetu
3613 5293 3679 5347 ad
3723 5310 3916 5363 perse-

2317 5390 2583 5458 quendum
2615 5389 2837 5453 exierat,
2875 5397 3019 5442 tanto
3048 5389 3235 5441 timore
3265 5385 3487 5441 aﬂ'ectns
3522 5396 3620 5449 est,
3663 5397 3721 5442 ut
3744 5388 3815 5442 ab
3843 5404 3912 5443 eo

2318 5480 2514 5535 foedera
2540 5488 2821 5548 qumreret.
2850 5480 2937 5533 45.
2988 5477 3316 5547 Respondeas
3354 5489 3521 5531 autem
3545 5476 3739 5542 Laban,
3775 5480 3912 5534 dixit

2316 5572 2381 5623 ad
2403 5569 2562 5623 Jacob
2592 5586 2609 5623 :
2639 5568 2790 5623 Filiae
2816 5580 2932 5634 ture,
2960 5571 3082 5638 ﬁlia:
3109 5586 3231 5625 metu
3258 5585 3277 5623 :
3306 5580 3352 5623 et
3379 5570 3475 5637 ﬁlii
3506 5570 3599 5635 tui,
3641 5570 3738 5635 ﬁlii
3764 5570 3864 5624 mei
3888 5588 3911 5624 :

2318 5674 2361 5719 et
2409 5678 2590 5734 pecora
2630 5674 2736 5730 tua,
2786 5679 2965 5732 pecora
3018 5679 3128 5717 mea
3162 5672 3251 5717 :et
3277 5663 3446 5716 omnia
3478 5678 3804 5733 quacumque
3854 5675 3910 5719 ιιι

2376 5786 2388 5815 ¹
2419 5786 2562 5835 Coisl.
2593 5792 2643 5833 et
2671 5782 2817 5841 Bibl.,
2846 5790 2994 5833 melus
3018 5782 3201 5841 lsaac.,
3237 5781 3263 5828 6
3292 5777 3434 5842 φόϐος
3469 5774 3651 5825 Ἰσαάκ.
