4182 6322
253 319 353 373 51δό

252 428 450 495 διάτῆς
476 423 663 496 μάχης
679 427 780 496 τῆς
811 425 1019 488 οἰκείας
1040 425 1219 494 ψυχῆς
1251 421 1584 475 Ξκκαλύπτει
1603 420 1700 491 τὴν
1718 421 1845 491 ἀρε-

250 513 358 576 τήν.
419 509 482 558 Τί
507 507 576 559 τὸ
609 507 874 576 ἀδίκημά
906 525 1048 576 μου,
1074 507 1236 577 φησίν
1258 525 1271 569 ;
1292 505 1330 572 ἣ
1357 506 1414 556 τί
1441 506 1505 556 τὸ
1536 503 1851 572 ἁμάρτημά

248 609 380 659 μου.
417 589 507 643 ὅτι
532 590 895 655 κατεδίωξας
920 591 1274 657 όπίσι.;μου;
1300 587 1455 648 Τίνος
1472 587 1677 646 ἕνεκεν,
1693 585 1846 654 φησὶ,

254 673 384 741 μετά
406 671 685 740 τοσαύτης
703 673 880 742 ὁρμῆς
898 671 1233 737 κατεδίωξάς
1276 687 1343 741 με
1379 685 1393 733 ;
1429 670 1581 720 ποῖον
1601 667 1848 736 ἀδίκημα

251 755 499 822 ἐγκαλεῖν
518 755 662 824 ἔχων
683 771 697 818 ;
723 757 875 806 ποῖον
895 754 1204 825 ἁμάρτημα
1227 769 1241 816 ;
1273 751 1382 804 Καὶ
1399 751 1458 802 ού
1483 750 1644 821 μόνον
1663 750 1843 810 τοῦτο,

247 838 379 890 ἀλλά
411 840 509 889 καὶ
525 835 802 906 τοσαύτην
845 835 1004 907 ὓϐριν
1054 837 1188 904 ήμῖν
1226 836 1531 905 ἐπήγαγες,
1563 832 1704 884 ὥστε
1751 832 1847 883 καὶ

247 921 540 990 ἐρευνῆσαι
572 918 753 972 πάντα
803 918 872 972 τά
920 921 978 970 ἐν
1020 917 1094 985 τῷ
1118 917 1253 987 οίκῳ
1286 935 1411 987 μου.
1443 917 1505 968 Τί
1529 911 1703 983 εὗρες
1724 914 1844 968 ἀπὸ

245 1003 485 1056 πάντων
502 1001 750 1055 σκευῶν
777 1001 884 1056 τοῦ
910 1002 1081 1055 οῑκου
1109 1016 1261 1065 σου;
1286 1000 1397 1065 Θές
1423 993 1540 1052 ὦδε
1564 999 1846 1050 ἐναντίον

244 1083 356 1136 τῶν
369 1083 664 1153 ἀδελφῶν
690 1100 808 1138 σου
839 1083 1066 1137 καὶτῶν
1091 1081 1373 1151 ἀδελφῶν
1391 1100 1533 1150 μου,
1559 1081 1658 1134 καὶ
1684 1082 1845 1149 ἐλεγ-

245 1167 526 1231 ξιὶτωσαν
551 1168 672 1222 ἀνά
685 1167 883 1235 μέσον
911 1167 1030 1221 τῶν
1055 1167 1165 1221 δύο
1196 1166 1383 1235 ἡμῶν.
1419 1164 1721 1234 Τοσαύτην,
1742 1181 1844 1234 φη-

245 1251 344 1315 σὶν,
383 1251 624 1320 ἔρευναν
646 1250 1035 1320 ποιησάμενος,
1053 1245 1162 1321 ἆρα
1186 1248 1456 1319 ἠδυνήθης
1469 1265 1520 1300 τι
1537 1248 1717 1315 εὑρεῖν
1735 1245 1841 1298 τῶν

247 1333 317 1403 μὴ
333 1333 733 1402 προσηκόντων
753 1349 841 1402 μοι
863 1351 876 1398 ;
900 1333 932 1403 ἢ
951 1331 1060 1384 τῶν
1074 1348 1155 1383 σοι
1172 1330 1560 1401 διαφερόντων;
1581 1330 1644 1382 El
1661 1325 1838 1399 εὗρες,

243 1418 296 1466 ἐν
317 1415 394 1484 τῷ
419 1415 584 1485 μέσῳ
601 1432 677 1467 πα
687 1414 917 1485 ραγαγε,
943 1413 1196 1489 [5581ἴνα
1215 1415 1264 1466 οί
1298 1412 1550 1475 συνόντες
1572 1431 1662 1482 μοι
1681 1413 1775 1464 καὶ
1792 1413 1839 1464 οί

246 1497 380 1566 μιτά
403 1498 503 1550 σοῦ
560 1497 1002 1569 παραγενόμενοι
1035 1496 1134 1568 τὴν
1156 1497 1432 1563 διάκρισιν
1477 1498 1838 1565 ποιήσωνται.

244 1579 463 1650 Ἐπιδὴ
487 1574 634 1632 εἶδεν
653 1579 949 1632 ἀνεύθυνον
970 1578 1164 1632 ἐαυτὸν
1182 1580 1240 1630 ἐν
1258 1578 1432 1633 ἅπασι
1446 1579 1840 1648 γεγενημένον,

241 1663 440 1733 πολλὴν
490 1662 684 1716 λοιπὸν
719 1662 1034 1734 παρρησίαν
1074 1661 1401 1733 προσλαϐὼν
1446 1664 1841 1733 ἀπαριθμεῖ-ται

245 1748 340 1818 τὴν
376 1745 625 1810 εὖνοιαν,
656 1746 724 1817 ἢν
760 1747 890 1815 περὶ
922 1745 1089 1798 αὑτὸν
1111 1747 1168 1798 ἐν
1196 1747 1361 1799 παντὶ
1397 1745 1474 1816 τῷ
1501 1746 1682 1817 χρόνῳ
1734 1747 1838 1797 ἐπ-

241 1827 502 1894 εδείξατο,
535 1827 633 1880 καί
647 1843 802 1898 φησι*
831 1827 1130 1897 Ταῦτάμοι
1151 1829 1390 1882 εἴκοσιν
1416 1829 1541 1895 ἐτη.
1571 1827 1725 1882 Μετὰ
1747 1827 1839 1881 τὸν

242 1909 490 1980 κάματον
521 1909 634 1962 τῶν
653 1909 927 1963 τοσούτων
950 1909 1090 1964 ἐτῶν
1119 1910 1347 1973 τούτων,
1363 1913 1512 1981 ήμην
1540 1911 1688 1975 ἄξιος
1705 1908 1840 1962 ταύ-

240 2008 334 2060 της
367 1992 468 2061 τῆς
506 1991 756 2062 ὓϐρεωςς
801 1989 1001 2045 Ταῦτά
1031 2010 1135 2061 μοι
1165 1994 1403 2046 εἴκοσιν
1437 1994 1564 2060 ἐτη.
1591 1995 1840 2064 Σήμερον

241 2076 442 2128 εἴκοσιν
464 2075 608 2128 ἐτῶν
626 2074 858 2145 ἀριθμὸν
875 2075 984 2140 έχω
1017 2077 1074 2128 ἐν
1098 2073 1177 2145 τῷ
1210 2075 1344 2148 οἴκῳ
1376 2075 1453 2146 τῷ
1483 2077 1580 2146 σῷ.
1607 2080 1684 2131 Τὰ
1704 2077 1842 2144 πρό-

241 2158 382 2212 ϐατά
396 2173 517 2212 σου
537 2158 637 2211 καὶ
653 2161 713 2212 αὶ
726 2154 889 2227 αἷγές
899 2173 1017 2213 σου
1038 2161 1148 2212 οὐκ
1173 2158 1622 2228 ἠτεκνὼθησαν’
1639 2159 1842 2229 κριοὺς

241 2240 354 2294 τῶν
380 2242 703 2309 προϐάτων
716 2257 833 2296 σου
849 2245 921 2296 οὺ
949 2242 1291 2312 κατέφαγον
1309 2260 1321 2272 ’
1341 2243 1714 2310 θηριάλωτον
1729 2249 1842 2302 οὐκ

239 2322 504 2393 ἐνήνοχα
522 2341 646 2378 σοι.
676 2323 816 2392 Ἐγὼ
832 2325 1199 2378 ἀπετίννυον
1211 2325 1348 2393 παρ’
1369 2325 1650 2393 ἐμαυτοῦ,
1668 2331 1842 2398 κλέμ-

236 2423 390 2474 ματα
406 2407 640 2476 ἡμέρας
661 2407 759 2460 καὶ
779 2407 1088 2476 κλέμματα
1109 2410 1356 2473 νυκτός.
1388 2409 1442 2459 Ἐ
1450 2409 1711 2477 γενόμην
1729 2411 1841 2478 τῆς

241 2490 463 2560 ἡμέρας
491 2491 936 2560 συγκαιόμενος
981 2488 1063 2554 τῷ
1096 2491 1376 2559 καύματι,
1395 2490 1589 2555 καὶτῷ
1604 2492 1840 2560 παγετῷ

241 2572 345 2640 τῆς
371 2573 623 2639 νυκτὸς,
646 2573 745 2626 καὶ
760 2574 1056 2642 ἀφίστατο
1077 2577 1109 2627 ό
1127 2574 1321 2639 ὕπνος
1333 2574 1452 2628 ἀπὸ
1481 2573 1601 2627 τῶν
1613 2577 1840 2644 ὀφθαλ-

237 2655 363 2724 μῶν
377 2675 524 2725 μου.
562 2656 883 2720 Ἐπελάθου,
905 2657 1060 2726 φησὶ,
1090 2655 1198 2709 τῶν
1234 2657 1497 2729 καμάτων
1532 2657 1641 2710 τῶν
1661 2658 1836 2729 ἐμῶν,

243 2735 312 2794 ὧν
332 2741 703 2813 ἐπεδειξάμην
729 2743 1033 2811 ποιμαίνων
1049 2741 1117 2793 τὰ.
1134 2740 1384 2812 πρόϐατά
1411 2728 1504 2793 οὔ)
1526 2745 1731 2807 καὶτὰς
1755 2742 1840 2798 αῖ-

245 2841 342 2892 γας
363 2843 377 2890 ;
404 2828 498 2897 Μὴ
515 2827 661 2895 ἔχεις
682 2826 980 2895 ἐγκαλέσαι
999 2827 1080 2878 ότι
1105 2826 1236 2879 ποτὲ
1259 2827 1327 2879 τὰ
1341 2826 1609 2898 πρόϐατα,
1627 2829 1659 2899 ἢ
1679 2832 1732 2882 αἱ
1751 2826 1837 2883 αἷ-

244 2927 331 2976 γες
352 2910 784 2980 ἠτεκνώθησαν;
807 2912 950 2980 Ὅρα
978 2909 1151 2979 πόσην
1177 2909 1420 2962 δείκνυσι
1435 2911 1534 2980 τὴν
1555 2912 1706 2980 παρὰ
1735 2913 1832 2965 τοῦ

242 2993 369 3044 θεοῦ
389 2992 609 3046 εὔνοιαν
627 2995 1007 3066 γεγενημένην
1024 2995 1104 3056 είς
1135 2993 1228 3046 τὸν
1255 2989 1404 3047 οἷκον
1423 2993 1516 3046 τοῦ
1537 2995 1723 3048 Λάϐαν
1747 2998 1835 3052 διά

242 3077 335 3144 τὴν
366 3076 534 3129 αὐτοῦ
573 3078 897 3148 παρουσίαν.
933 3075 1104 3129 Τοῦτο
1133 3077 1244 3148 γάρ
1276 3079 1424 3129 ἐστιν
1446 3077 1585 3148 ὅπερ
1613 3080 1707 3132 καὶ
1723 3080 1836 3134 ἄνω

244 3161 420 3228 ἔλεγεν
445 3176 459 3190 θ
481 3160 805 3230 Εὺνιόγησέ
821 3177 894 3215 σε
911 3164 943 3214 ό
973 3160 1118 3226 Θεὸς
1133 3160 1230 3213 ἐπὶ
1250 3159 1328 3224 τῷ
1345 3159 1486 3214 ποδί
1503 3178 1644 3229 μου.
1667 3163 1839 3217 Τοῦτο

244 3245 344 3317 γὰρ
361 3245 542 3307 οὐδεὶς
560 3244 624 3296 ἂν
643 3244 793 3314 παρὰ
809 3262 901 3297 ποι
909 3245 1069 3314 μένος
1079 3245 1601 3315 ἀπαιτήσειεν.ούδὲ
1615 3246 1685 3314 γά
1693 3265 1722 3318 ρ
1739 3248 1838 3319 τῆς

247 3327 610 3397 ποιμαντικῆς
632 3327 789 3379 τοῦτο
807 3327 986 3397 έργοψ
1010 3326 1228 3395 φύσεως
1242 3328 1352 3394 γάρ
1382 3328 1519 3381 ἐστι.
1547 3329 1645 3382 Διά
1677 3331 1836 3383 τοῦτο

248 3412 347 3482 πρὸ
363 3410 583 3463 πάντων
602 3409 762 3462 τοῦτο
791 3409 1103 3481 προτίθησι,
1129 3411 1222 3464 καὶ
1244 3410 1445 3482 πολλὴν
1465 3411 1707 3466 δείκνυσι
1736 3416 1836 3485 τὴν

247 3497 445 3552 ἀνωθεν
465 3495 841 3565 γεγενημένην
860 3494 1118 3566 πρόνοιαν
1132 3496 1260 3566 περὶ
1275 3494 1343 3548 τὰ
1361 3495 1451 3547 ποί
1457 3499 1833 3567 μνιαΚριοὺς

248 3579 358 3633 τῶν
371 3578 687 3647 προϐάτων
702 3593 819 3632 σου
836 3580 909 3631 οὐ
926 3577 1287 3648 κατέφαγον.
1303 3579 1394 3649 Μὴ
1413 3578 1638 3633 δύνασαι
1656 3583 1835 3634 εἰπεῖν

246 3666 321 3717 ὅτι
341 3664 472 3717 ποτὲ
493 3663 805 3730 κατέφαγον
828 3661 980 3734 κριὸν
996 3664 1060 3714 ἐκ
1078 3660 1189 3715 τῶν
1207 3661 1498 3730 προϐάτων
1522 3681 1639 3727 σου,
1654 3664 1682 3717 ὃ
1704 3666 1834 3718 πολ-

247 3746 348 3810 λοῖς
365 3759 388 3787 α
413 3746 521 3799 τῶν
545 3744 822 3815 ποιμένων
838 3747 1010 3798 ποιεῖν
1032 3743 1180 3810 ἐθοςς
1208 3744 1588 3813 Θηριάλωτον
1609 3751 1720 3802 οὐκ
1736 3748 1834 3801 ἐν·

246 3829 431 3898 ⁴ήνοχιὶ
463 3847 585 3884 σοι.
623 3827 762 3882 Οὔτε
795 3829 980 3892 αὐτὸς,
1002 3830 1156 3899 φησὶ,
1190 3828 1318 3882 ποτέ
1352 3829 1686 3898 κατέφαγον,
1707 3831 1832 3886 οὔτε

248 3913 423 3985 θηρίον
445 3913 637 3983 ἴσχυσέ
653 3928 783 3977 ποτε
797 3911 1113 3980 ἀφελέσθαι.
1127 3914 1186 3965 Μ
1191 3911 1225 3981 h
1238 3912 1504 3981 ἐνήνοχα
1513 3931 1611 3968 σοι
1631 3915 1833 3983 θηριά-

244 4001 431 4050 λωτον
443 4013 462 4060 ;
489 3997 562 4048 Ἦ
583 3997 706 4065 οὐχὶ
734 3995 855 4047 καθ’
871 3994 1107 4064 ἑκάστην
1129 3996 1344 4066 ἡμέραν
1365 3998 1490 4057 τοὺς
1510 3997 1578 4048 τά
1605 3996 1832 4068 ποίμνια

249 4079 717 4151 ἐγχειριζομένους
738 4079 868 4148 ὁρᾷς
893 4078 958 4148 θη
964 4078 1207 4149 ριάλωτα
1227 4081 1338 4141 τοῖς
1353 4079 1638 4142 δεσπόταις
1657 4097 1831 4151 προσ·-

249 4164 503 4231 άγοντας;
542 4161 704 4214 Ἀλλά
727 4163 790 4214 σὺ
809 4161 963 4214 οὐδὲν
979 4159 1216 4215 τοιοῦτον
1233 4161 1527 4228 ἐγκαλέσαι
1547 4162 1772 4236 δυνήσῃ,
1794 4164 1827 4234 ἣ

248 4247 405 4312 δεῖξαι
425 4245 797 4316 γεγενημένον
817 4246 874 4298 ἐν
895 4247 1008 4307 τοῖς
1029 4245 1233 4297 εἴκοσιν
1260 4244 1426 4298 ἔτεσι.
1460 4245 1571 4297 Καὶ
1597 4245 1648 4297 τί
1687 4245 1830 4314 λέγω

250 4329 607 4400 θηριάλωτον;
639 4327 778 4380 Ἀλλ’
796 4326 916 4379 ούδέ
936 4327 983 4379 εί
1006 4326 1218 4396 ἐκλάτιη
1233 4327 1384 4392 ποτὲ,
1402 4320 1491 4378 οἷα
1511 4328 1829 4398 συμϐαίνειν

250 4413 405 4476 εἰκὸς,
426 4413 506 4475 εἰς
538 4412 639 4481 τὴν
671 4412 771 4481 σὴν
850 4403 1052 4473 γνῶσιν
1123 4405 1282 4461 τοῦτο
1383 4411 1683 4482 πεποίηκα,
1713 4413 1828 4466 ἀλλ’

251 4495 353 4562 ἐγὼ
379 4496 474 4548 καὶ
501 4494 796 4563 κλέμματα
825 4492 1168 4563 κλεπτόμενα
1196 4491 1537 4557 ἀπετίννυον,
1571 4495 1642 4548 τά
1674 4513 1732 4548 τε
1772 4500 1828 4550 ἐν

249 4577 443 4649 ἡμέρᾳ,
466 4577 538 4630 τά
555 4593 616 4628 τε
644 4578 702 4628 ἐν
724 4576 880 4628 νυκτὶ
903 4577 1183 4646 γινόμενα.
1198 4576 1306 4626 Καὶ
1328 4575 1592 4645 διηνεκῶς
1622 4576 1716 4629 καὶ
1737 4579 1828 4632 τὸν

248 4659 336 4712 τοῦ
356 4660 635 4730 καύματος
669 4657 921 4711 καύσωνα
950 4658 1144 4728 ἔφερον
1172 4656 1457 4725 γενναίως,
1476 4658 1677 4711 καὶτὸν
1698 4677 1829 4729 κρυ-

252 4745 343 4812 μὸν
370 4745 459 4797 τὸν
487 4745 597 4797 ἀπὸ
624 4742 726 4812 τῆς
757 4743 969 4804 νυκτὸς,
991 4741 1131 4810 ὑπὲρ
1163 4739 1258 4792 τοῦ
1295 4739 1504 4811 ἀϐλαϐῆ
1535 4758 1616 4794 σοι
1641 4742 1707 4795 τὰ
1721 4743 1832 4796 ποί-

255 4843 372 4880 ιινια
391 4824 761 4880 διασώσασθαι
780 4841 792 4852 ’
813 4825 907 4876 καὶ
929 4824 989 4874 ού
1016 4822 1173 4876 τοῦτο
1192 4823 1372 4893 μόνον,
1393 4821 1529 4875 ἀλλά
1553 4825 1647 4876 καὶ
1667 4825 1830 4890 αὐτὸς

247 4910 273 4961 6
305 4908 464 4973 ὕπνος
491 4909 578 4962 διὰ
607 4909 705 4979 τὴν
728 4907 929 4976 πολλὴν
960 4906 1218 4976 φροντίδα
1251 4905 1519 4974 ἀφίστατο
1546 4908 1643 4959 ἀπ’
1667 4909 1690 4960 ἐ
1701 4910 1825 4979 μοῦ.

311 4991 458 5057 Εἶδες
495 4992 755 5062 ποιμένος
794 4990 1130 5060 ἀγρυπνίαν;
1182 4986 1319 5054 εἶδες
1371 4991 1606 5059 σπουδὴν
1642 4993 1827 5046 ἐπιτε-

248 5077 506 5146 ταμένην;
552 5077 720 5128 Ποίαν
765 5075 830 5128 ἂν
873 5074 1046 5145 ἔχοιεν
1096 5074 1393 5142 ἀπολογίαν
1434 5075 1483 5126 οί
1522 5076 1591 5129 τά
1633 5077 1830 5146 λογικά

247 5160 461 5230 ποίμνια
495 5159 982 5230 ἐγκεχειρισμένοι,
1024 5158 1117 5210 x00.
1160 5157 1356 5228 πολλὴν
1403 5157 1502 5231 τὴν
1555 5160 1828 5231 ρᾳθυμίαν

249 5240 688 5317 ἐπιδεικνύμενοι,
733 5243 826 5297 καὶ
873 5242 992 5295 καθ’
1025 5243 1263 5314 ἑκάστην
1289 5243 1532 5314 ἡμέραν,
1569 5245 1711 5297 κατά
1737 5245 1828 5300 τὸν

250 5332 541 5400 προφήτην,
570 5327 639 5381 τὰ.
688 5328 785 5397 μὲν
822 5326 1331 5394 κατασφάττοντες,
1377 5325 1444 5378 τὰ
1493 5327 1549 5379 δέ
1593 5328 1826 5399 ὁρῶντες

251 5410 577 5482 θηριόϐρωτα
615 5411 890 5480 γινόμενα,
924 5408 988 5461 τὰ
1032 5409 1088 5460 δέ
1124 5408 1227 5477 ὑφ’
1270 5408 1474 5479 ἐτέρων
1520 5409 1824 5481 συλώμενα,

248 5494 332 5546 καὶ
362 5495 610 5565 οὐδεμίαν
635 5492 957 5565 κηδεμονίαν
981 5492 1159 5544 αὐτῶν
1177 5491 1447 5546 ποιεῖσθαι
1475 5493 1787 5564 βουλόμενοι
1810 5512 1824 5559 ;

251 5577 410 5630 καίτοι
449 5594 514 5646 γε
552 5577 784 5630 ἐνταῦθα
817 5575 1059 5629 ἐλάττων
1103 5577 1132 5627 ὁ
1165 5575 1344 5637 πόνος,
1399 5575 1493 5642 καὶ
1535 5574 1755 5638 εὔκολος
1792 5580 1826 5648 ή

249 5661 541 5729 ἐπιμέλεια.
576 5661 738 5730 Ψυχὴ
785 5659 894 5728 γάρ
929 5661 1076 5711 ἐστιν
1108 5660 1141 5727 ή
1173 5657 1566 5727 παιδευομένη⁸
1609 5658 1726 5711 ἐκεῖ
1770 5661 1824 5712 δέ

252 5746 399 5809 πολὺς
427 5747 520 5799 καὶ
548 5745 624 5816 τῷ
646 5743 858 5814 σώματι
889 5743 981 5796 καὶ
1031 5745 1096 5813 τῇ
1120 5742 1264 5812 ψυχῇ
1301 5742 1328 5792 6
1365 5741 1548 5804 πόνος.

312 5831 514 5902 ζ’.”ορ·χ
529 5832 636 5901 γὰρ
652 5829 704 5881 τί
731 5846 916 5900 φησιν·
945 5828 1273 5896 Ἑγενόιιην
1297 5825 1404 5894 τῆς
1428 5826 1645 5896 ἡμὴ-(ις
1664 5843 1814 5896 (νυγ-

310 5925 328 5953 ⁸
355 5927 425 5977 Sic
453 5925 596 5977 (loisl.
627 5925 872 5976 Edcbalur
910 5924 1120 5980 πολλούς.
1151 5923 1284 5973 L'Du.

1289 312 1352 366 IN
1388 310 1542 368 CAP.
1585 308 1730 364 XXX
1769 306 2013 365 GENES.
2058 306 2289 365 llO-MZL.
2332 305 2490 362 LVII.

3447 310 3553 364 504

1960 421 2273 490 καιόμενος
2296 422 2376 486 τῷ
2399 424 2675 490 καύματι,
2705 419 2803 474 καὶ
2823 419 2902 485 τῷ
2915 418 3149 488 παγετῷ
3173 419 3280 488 τῆς
3304 422 3549 486 νυκτὸς,

1953 505 2049 558 καί
2069 507 2364 573 ἀφίστατο
2391 510 2422 560 ό
2448 506 2636 571 ὕπνος
2673 505 2773 558 ἀπ’
2799 502 2965 574 ἐμοῦ.
2995 504 3092 566 Τίς
3129 503 3196 557 ἂν
3246 502 3405 556 τοῦτο
3454 503 3552 556 νῦν

1952 587 2203 658 δυνηθείη
2234 590 2258 628 δ
2287 591 2481 651 εἰπεῖν,
2509 589 2589 640 ὅτι
2627 587 2716 640 διὰ
2744 586 2843 657 τὴν
2880 585 3155 656 σωτηρίαν
3187 586 3297 638 τῶν
3330 585 3423 638 ὑπ’
3451 587 3551 639 αὐ·-

1950 670 2047 722 τοῦ
2076 671 2516 741 ποιμαινομένων
2733 668 3012 731 κινδύνους
3033 666 3325 733 ἀνεδέξατο
3341 667 3436 722 καὶ
3455 686 3551 721 τα-

1950 753 2283 825 λαιπωρίας;
2304 755 2425 806 Τῶν
2446 755 2544 824 μὲν
2565 752 2659 807 νῦν
2676 752 2851 815 οὐδεὶς
2871 751 2935 805 ἂν
2952 751 3114 805 τοῦτο
3135 753 3310 805 εἰπεῖν
3339 752 3548 821 τολμή-

1951 852 2085 889 σειε.
2106 837 2371 907 Παύλῳδὲ
2396 837 2541 907 μόνῳ
2561 836 2740 901 ἔξεστι
2759 834 2932 888 ταῦτα
2957 837 3096 903 μετά
3125 834 3442 906 παρρησίας
3472 834 3550 886 λέο

1949 933 2011 985 γε
2021 936 2086 982 ιν,
2095 919 2409 972 καὶτούτων
2424 918 2648 989 μείζονα
2657 917 2753 986 ,τῷ
2768 916 3077 986 διδασκάλῳ
3089 919 3187 988 τῆς
3196 918 3547 987 οἰκουμένης.

1949 1000 2054 1054 Καὶ
2070 1001 2195 1066 ποῦ,
2210 1002 2365 1071 φησὶ,
2387 1000 2600 1064 Παῦλος
2613 1000 2790 1054 ταῦτα
2813 999 3106 1070 ὑπέμεινεν
3123 1017 3137 1065 ;
3160 1001 3362 1053 ¹Ἄκουε
3378 998 3550 1052 αὑτοῦ

1948 1084 2224 1152 λέγοντος
2246 1086 2339 1152 Τίς
2352 1084 2618 1147 ἀσθενεῖ,
2639 1085 2737 1137 καὶ
2760 1086 2872 1138 οὐκ
2888 1084 3159 1147 ἀσθενῶ;
3179 1083 3269 1149 τίς
3288 1083 3553 1137 σκανδα-

1945 1167 2186 1232 λίζεται,
2207 1167 2306 1220 καὶ
2333 1169 2446 1221 οὐκ
2488 1167 2602 1237 ἐγὼ
2643 1167 2979 1236 πυροῦμαι;
3015 1167 3080 1218 Ὢ
3114 1165 3370 1235 ποιμένος
3401 1165 3566 1234 φιλο-ν

1950 1251 2195 1321 στοργία,
2220 1251 2301 1304 Τὰ
2329 1251 2550 1320 ἐτέρων,
2571 1251 2724 1321 φησὶ,
2743 1249 3014 1320 πτώματα
3030 1250 3154 1320 ἐμοὶ
3176 1250 3434 1302 ἐπιτείνει
3451 1249 3550 1312 τὰς

1947 1335 2270 1406 ἀλγηδόνας·
2288 1333 2355 1386 τὰ
2383 1334 2586 1404 ἐτέρων
2610 1333 2882 1386 σκάνδαλα
2910 1334 3034 1402 ἐμοὶ
3060 1334 3160 1403 τὴν
3183 1333 3418 1403 κάμινον
3450 1332 3548 1400 τῆς

1946 1419 2140 1488 ὀδύνης
2157 1419 2406 1471 ἀνάπτει.
2425 1417 2626 1470 Τοῦτον
2644 1418 2877 1480 ἅπαντες
2898 1415 3248 1486 ζηλούτωσαν
3264 1416 3313 1468 οί
3325 1417 3424 1485 τὴν
3440 1414 3550 1466 τῶν

1946 1501 2181 1568 λογικῶν
2213 1501 2504 1571 προϐάτων
2547 1500 3019 1571 ἐγκεχειρισμένα
3068 1499 3427 1570 προστασίαν,
3453 1498 3551 1550 καὶ

1949 1585 2023 1654 μὴ
2047 1585 2265 1654 χείρους
2281 1583 2632 1653 γενέσθωσαν
2649 1582 2743 1636 τοῦ
2779 1600 2844 1635 πε
2853 1584 2907 1652 ρὶ
2934 1583 3033 1655 τήν
3058 1583 3167 1635 τῶν
3192 1581 3404 1649 ἀλόγων
3424 1581 3550 1650 πρό-

1946 1683 2095 1719 νοιαν
2112 1665 2380 1736 τοσαύτην
2400 1665 2708 1736 ἀγρυπνίαν
2720 1665 3157 1735 ἐπιδειξαμένου,
3185 1664 3280 1718 καὶ
3303 1664 3395 1716 ἐπὶ
3423 1679 3549 1715 τοσ-

1945 1746 2100 1800 οῦτον
2121 1749 2259 1800 ἐτῶν
2283 1747 2536 1818 ἀριθμόν.
2589 1749 2737 1800 Ἐκεῖ
2768 1749 2866 1818 μὲν
2901 1747 3010 1817 γὰρ
3041 1747 3145 1801 κᾶν
3181 1746 3424 1817 ῥᾳθυμία
3460 1762 3546 1807 τις

1946 1834 2197 1902 γένηται,
2213 1832 2364 1885 οὐδὲν
2395 1833 2454 1884 τὸ
2473 1832 2689 1901 βλάϐος·
2717 1831 2952 1885 ἐνταῦθα
2983 1832 3037 1885 δὲ
3060 1833 3168 1885 κᾶν
3189 1831 3247 1885 ἒν
3273 1830 3547 1902 πρόϐατον

1944 1916 2161 1981 λογικὸν
2182 1915 2473 1985 ἀπόληται,
2505 1916 2536 1984 ἢ
2571 1915 2908 1986 θηριάλωτον
2929 1917 3179 1986 γένηται,
3210 1914 3380 1986 πολλὴ
3401 1915 3435 1984 ἡ
3458 1912 3548 1983 ζη.

1946 2001 2065 2069 μία,
2091 1999 2322 2070 μεγίστη
2345 2003 2378 2070 ή
2422 1999 2620 2070 βλάϐη,
2639 2000 2893 2069 ἀφατοςή
2920 2000 3164 2063 κόλασις.
3189 2000 3252 2052 El
3279 1998 3388 2071 γὰρ
3415 1999 3442 2049 ὁ
3459 2001 3548 2050 Δε-

1945 2083 2151 2154 σπότης
2178 2087 2205 2137 ὁ
2232 2083 2498 2154 ἡμέτερος
2513 2084 2575 2135 τὸ
2608 2076 2747 2153 αἷμα
2771 2082 2832 2134 τὸ
2855 2082 2986 2136 ἴδιον
3000 2083 3190 2152 ἐκχέαι
3218 2082 3358 2153 ὑπὲρ
3377 2080 3543 2134 αὐτοῦ

1943 2167 2003 2220 οὐ
2044 2167 2424 2237 παρῃτήσατο,
2470 2167 2632 2229 ποίας
2666 2165 2732 2218 ἂν
2755 2165 2839 2236 είη
2873 2168 2901 2219 ὁ
2924 2165 3166 2228 τοιοῦτος
3212 2163 3546 2235 συγγνώμης

1942 2249 2155 2313 ἀξιος,ὁ
2187 2249 2278 2301 τὸν
2311 2248 2454 2303 οὕτω
2481 2248 2783 2318 τιμηθέντα
2807 2247 2960 2319 παρά
2979 2243 3071 2301 τοῦ
3100 2248 3374 2301 Δεσπότου
3399 2264 3544 2317 παρ-

1942 2335 2075 2405 ορᾷν
2108 2333 2458 2403 ἀνεχόμενος,
2485 2334 2577 2386 καὶ
2602 2331 2676 2403 μὴ
2710 2332 2780 2385 τὰ
2801 2332 2933 2401 παρ’
2968 2332 3161 2385 ἐαυτοῦ
3195 2332 3372 2385 πάντα
3408 2329 3546 2401 πλη-

1947 2417 2053 2487 ρῶν
2084 2419 2164 2480 είς
2190 2417 2289 2486 τὴν
2317 2415 2412 2468 τοῦ
2441 2415 2715 2486 προϐάτου
2759 2414 3109 2484 ἐπιμέλειαν;
3161 2414 3303 2467 Ἀλλ’
3323 2415 3413 2466 ἐπὶ
3443 2414 3545 2484 τὴν

1942 2499 2265 2552 ἀκολουθίαν
2280 2499 2372 2551 τοῦ
2389 2499 2549 2566 λόγου
2574 2497 2985 2569 ἐπανέλθωμεν.
3008 2497 3198 2552 Ταῦτά
3207 2516 3330 2566 μοι,
3352 2497 3543 2567 φησὶν,

1941 2582 2177 2635 εἴκοσιν
2217 2583 2321 2649 ἐτη
2345 2580 2459 2650 εἰμὶ
2489 2581 2559 2634 ὲν
2579 2579 2657 2647 τῇ
2676 2581 2834 2646 οικίᾳ
2855 2596 2992 2636 σου.
3040 2580 3416 2635 Ἐδούλευσὰ
3444 2595 3545 2632 σοι

1942 2663 2356 2732 δεκατέσσαρα
2377 2664 2481 2730 ἐτη
2497 2663 2631 2718 ἀντὶ
2648 2662 2767 2716 τῶν
2782 2663 2892 2717 δύο
2919 2663 3260 2733 θυγατέρων
3284 2681 3424 2726 σου,
3443 2663 3543 2716 καὶ

1941 2746 2010 2811 ἐξ
2035 2747 2142 2813 ἐτη
2159 2747 2227 2799 ἐν
2256 2745 2381 2812 τοῖς
2411 2746 2731 2823 προϐάτοις
2752 2761 2891 2808 σου,
2909 2746 3008 2799 καὶ
3033 2747 3417 2816 παρελογίσω
3435 2745 3547 2799 τὸν

1935 2831 2159 2901 μισθόν
2173 2846 2291 2899 μου
2312 2829 2456 2881 δέκα
2471 2828 2762 2898 ἀμνάδας.
2785 2832 2853 2882 El
2867 2828 2956 2897 μὴ
2978 2832 3011 2882 ό
3034 2829 3179 2895 Θεὸς
3197 2829 3301 2882 τοῦ
3320 2829 3546 2896 πατρός

1934 2931 2056 2982 μου
2096 2911 2362 2979 Ἀϐραὰμ,
2382 2910 2479 2966 καὶ
2503 2914 2534 2964 ό
2563 2912 2710 2976 Θεὸς
2748 2911 2954 2965 Ἰσαὰκ
2974 2905 3056 2981 ἦν
3081 2913 3211 2980 μετ’
3230 2910 3399 2979 ἐμοῦ,
3425 2910 3545 2964 νῦν

1940 2995 2017 3049 ἄν
2041 3012 2118 3065 με
2140 2996 2323 3048 κενὸν
2366 2993 2822 3059 ἐξαπέστειλας.
2869 2992 2986 3061 Thr
3026 2993 3394 3046 ταπείνωσιν
3420 3011 3543 3062 μου

1939 3078 2039 3131 καὶ
2069 3079 2174 3130 τὸν
2191 3079 2382 3129 κόπον
2425 3075 2546 3127 τῶν
2586 3075 2800 3143 χειρῶν
2817 3093 2938 3143 μου
2971 3071 3131 3128 εἶδεν
3163 3079 3193 3127 ό
3227 3077 3394 3140 Θεὸς,
3441 3074 3542 3128 καὶ

1939 3160 2160 3230 ἢλεγξέ
2198 3175 2271 3214 σε
2301 3157 2463 3228 χθές.
2485 3159 2625 3228 Ὅρα
2647 3158 2766 3221 πῶς
2795 3159 2863 3212 τὰ
2887 3159 3038 3230 παρά
3065 3158 3160 3211 τοῦ
3196 3157 3383 3213 Λάϐαν
3413 3161 3544 3230 ὁμο-

1939 3246 2236 3319 λογηθέντα
2269 3243 2652 3314 παρεθάρρυνε
2684 3243 2776 3296 τὸν
2792 3244 3020 3304 δίκαιον.
3049 3245 3143 3296 καὶ
3167 3244 3306 3314 μετά
3329 3247 3544 3315 παρρη-

1941 3331 2062 3393 σίας
2094 3329 2184 3380 τὸν
2215 3327 2436 3398 ἔλεγχον
2469 3330 2722 3380 ποιεῖται.
2748 3323 2929 3391 Οἶδας,
2951 3328 3300 3398 φησὶν,ὃπως
3334 3327 3443 3380 τῶν
3472 3330 3542 3381 ετο

1938 3429 2091 3465 κοσιν
2120 3410 2259 3463 ἐτῶν
2280 3410 2371 3463 τὸν
2386 3408 2619 3478 ἀριθμὸν
2641 3409 2933 3464 ἐδούλευσά
2951 3426 3052 3476 σοι,
3075 3409 3216 3480 ὑπὲρ
3239 3409 3347 3462 τῶν
3374 3410 3543 3478 θυγα-

1935 3495 2111 3566 τέρων
2133 3511 2226 3547 σου
2243 3493 2313 3546 τὰ
2338 3493 2713 3564 δεκατέσσαρα
2735 3492 2925 3563 ἐτη,ἐν
2941 3493 2998 3546 δέ
3019 3497 3129 3556 τοῖς
3156 3493 3450 3563 προϐάτοις
3471 3493 3541 3549 τὰ

1938 3578 2224 3633 ὑπόλοιπα·
2268 3577 2364 3630 καὶ
2408 3578 2558 3648 ὅμως
2605 3577 2980 3648 ἀποστερῆσαί
3027 3594 3094 3647 με
3141 3575 3415 3641 κατεδέξω
3447 3578 3540 3630 τὸν

1939 3662 2149 3734 μισθὸν,
2181 3661 2277 3714 καὶ
2305 3661 2456 3714 οὐδὲν
2487 3661 2629 3731 ὑπὲρ
2662 3659 2853 3713 τούτου
2885 3660 3215 3726 ἐνεκάλεσας
3249 3659 3422 3715 Τοῦτο
3459 3661 3537 3727 δέ,

1936 3746 1995 3811 ἐξ
2020 3739 2095 3818 ῶν
2123 3745 2285 3806 αὐτὸς
2327 3743 2710 3813 ὡμολόγησας,
2744 3739 2881 3808 οἴδα,
2904 3744 2985 3796 ὅτι
3015 3746 3062 3795 εί
3099 3744 3173 3815 μὴ
3213 3746 3241 3796 ὁ
3269 3743 3400 3806 Θεὸς
3441 3743 3537 3796 τοῦ

1949 3826 2200 3898 Ἀϐραὰμ
2227 3826 2322 3878 καὶ
2349 3824 2442 3878 τοῦ
2460 3826 2647 3878 Ἰσαὰκ
2661 3820 2730 3897 ἦν
2766 3842 2856 3896 μοι
2887 3824 3101 3896 βοηθὸς,
3127 3825 3222 3879 νῦν
3247 3827 3312 3880 ἄν
3347 3842 3414 3896 με
3446 3843 3540 3879 κε-

1935 3912 2023 3965 νὸν
2047 3909 2456 3975 ἐξαπέστειλας,
2501 3909 2729 3979 ἔρημον,
2771 3910 2866 3961 καὶ
2898 3909 3079 3962 πάντα
3111 3909 3177 3962 ἂν
3200 3908 3409 3978 ἀφείλω
3440 3910 3538 3963 ἀπ’

1934 3993 2092 4065 ἐμοῦ,
2116 3993 2210 4047 καὶ
2231 3991 2329 4063 τὴν
2361 3992 2600 4057 ἀδικίαν,
2630 3992 2697 4063 ἢν
2727 3991 2984 4063 προέθου,
3019 3994 3100 4056 είς
3121 3992 3281 4062 ἔργον
3312 3993 3379 4048 ἂν
3401 3993 3538 4062 ἤγα-

1934 4095 2049 4147 γες.
2090 4077 2227 4129 Ἀλλ’
2270 4078 2299 4128 6
2328 4075 2460 4140 Θεὸς
2491 4078 2518 4129 ὁ
2547 4075 2704 4139 εἰδὼς
2739 4075 2860 4144 Τὴν
2889 4076 3258 4130 ταπείνωσίν
3279 4095 3401 4146 μου
3436 4077 3535 4131 καὶ

1933 4162 2042 4214 τὸν
2069 4161 2261 4214 κόπον
2287 4158 2407 4213 τῶν
2443 4157 2658 4228 χειρῶν
2680 4177 2820 4226 μου.
2841 4159 2909 4212 Τί
2938 4161 3075 4225 ἐστι,
3097 4158 3217 4227 Thr
3244 4160 3536 4213 ταπεινω-

1933 4245 2039 4298 σίν
2077 4261 2198 4314 μου
2229 4243 2328 4296 καὶ
2364 4242 2469 4296 τὸν
2507 4245 2702 4296 κόπον
2740 4241 2860 4296 τῶν
2888 4242 3105 4312 χειρῶν
3126 4258 3284 4313 μου;
3314 4243 3536 4314 Ἐπειδὴ

1933 4328 2092 4398 ᾔδειὸ
2117 4327 2270 4391 Θεὸς,
2308 4329 2458 4390 ὅπως
2504 4327 2603 4396 μὲν
2643 4325 2755 4396 ἐγὼ
2783 4327 2923 4397 μετά
2957 4327 3164 4397 πολλῆς
3189 4328 3287 4396 τῆς
3319 4328 3535 4391 εὐνοίας

1932 4413 2032 4480 τὴν
2065 4410 2310 4463 δουλείαν
2341 4409 2820 4481 ἐποιησάμην,καὶ
2836 4411 2924 4463 τὸν
2959 4411 3126 4464 κόπον
3156 4412 3280 4466 ὅσον
3307 4412 3534 4480 ὑπέμει-

1934 4513 1999 4549 να
2023 4495 2327 4564 ποιμαίνων
2360 4494 2429 4547 τά
2459 4494 2728 4565 πρόϐατα,
2762 4495 2856 4547 καὶ
2877 4495 2934 4546 ἐν
2963 4494 3148 4565 ήμέρᾳ
3174 4495 3269 4548 καὶ
3297 4496 3355 4548 ἐν
3377 4497 3534 4550 νυκτὶ

1934 4575 2234 4648 φροντίζων
2255 4577 2542 4641 διετέλουν,
2579 4577 2716 4648 πρὸς
2747 4577 2930 4629 ἐκεῖνα
2951 4577 3072 4630 ίδὼν
3093 4579 3122 4630 ὁ
3148 4577 3533 4650 φιλάνθρωπος

1932 4660 2204 4729 Δεσπότης
2232 4660 2358 4731 χθὲς
2392 4658 2586 4730 ήλεγξέ
2627 4676 2708 4723 σε,
2741 4660 2938 4728 ἐπέσχε
2970 4661 3068 4731 τῆς
3094 4661 3213 4714 κατ’
3246 4661 3380 4731 ἐμοῦ
3415 4663 3533 4715 ἀδι-

1937 4745 2059 4808 κίας
2088 4745 2180 4797 καὶ
2208 4745 2309 4814 τῆς
2339 4742 2624 4811 ἀλογίστου
2666 4744 2864 4815 ὁρμῆς.
2883 4744 3102 4807 Ἰκανῶς
3130 4746 3187 4797 ἐν
3218 4744 3368 4809 τάξει
3395 4748 3533 4800 ἀποο

1930 4828 2116 4896 λογίας
2145 4826 2401 4881 καθίκετο
2430 4826 2526 4880 τοῦ
2569 4827 2776 4891 Λάϐαν,
2807 4828 2900 4880 καὶ
2934 4829 3072 4899 μετὰ
3103 4829 3165 4880 τὸ
3189 4828 3406 4896 ἐλέγξαι
3434 4829 3533 4900 τὴν

1931 4913 2009 4974 είς
2031 4910 2194 4963 αὑτὸν
2215 4910 2451 4972 ἀδικίαν,
2471 4910 2564 4962 καὶ
2597 4909 2696 4973 τὰς
2723 4914 2852 4981 παρ’
2883 4912 3047 4964 αὑτοῦ
3070 4913 3152 4975 εἰς
3183 4911 3347 4965 αὑτὸν
3375 4914 3531 4984 εὐερ.

1930 4994 2120 5062 γεσίας
2157 4992 2604 5063 άπηριθμήσατο.
2631 4994 2721 5046 Διὸ
2749 4993 3016 5057 αἰδεσθεὶς
3062 4997 3269 5057 ἐκεῖνος
3301 4997 3369 5048 τὰ
3399 4999 3530 5069 παρ’

1928 5077 2094 5141 αὑτοῦ
2151 5076 2442 5147 εἰρημένα,
2479 5075 2668 5130 λοιπὸν
2710 5079 2803 5129 καὶ
2847 5077 2928 5140 εἰς
2957 5077 3158 5131 δειλίαν
3185 5079 3528 5147 καθίσταται,

1931 5163 2023 5215 καὶ
2054 5160 2329 5232 συνθήκας
2359 5159 2660 5230 ἀπαιτῆσαι
2695 5159 2943 5228 βούλεται
2977 5161 3128 5233 παρά
3159 5163 3254 5215 τοῦ
3292 5163 3526 5220 δικαίου.

1931 5247 2073 5319 Ὅρα
2095 5244 2230 5297 Θεοῦ
2253 5243 2604 5314 κηδεμονίαν.
2623 5244 2680 5296 Ὀ
2704 5243 2847 5298 οὕτω
2875 5248 3417 5318 παρεσκευασμένος,
3438 5253 3528 5303 καὶ

1933 5332 2070 5403 μετά
2086 5329 2355 5398 τοσαύτης
2371 5328 2548 5399 ὁρμῆς
2569 5330 2667 5399 τὴν
2693 5331 3016 5395 καταδίωξιν
3047 5335 3435 5404 ποιησάμενος,
3451 5339 3529 5400 εἰς

1927 5415 2195 5484 τοσαύτην
2218 5413 2462 5486 κατέστη
2480 5414 2703 5480 δειλίαν,
2722 5416 2797 5479 ὼς
2809 5415 2909 5479 τὰς
2923 5418 3053 5488 παρ’
3068 5419 3234 5472 αὑτοῦ
3255 5421 3528 5491 συνθήκας

1929 5498 2226 5568 ἐπιζητεῖν.
2249 5496 2610 5562 Ἀποκριθεὶς
2634 5499 2738 5566 γὰρ
2763 5500 2987 5568 Λάϐαν,
3010 5501 3162 5574 [560]
3187 5505 3372 5574 φησὶν,
3396 5501 3528 5557 εἷπε

1927 5581 2008 5646 τῷ
2025 5579 2248 5635 Ἰακώϐ·
2265 5583 2335 5633 ΑΙ
2367 5579 2686 5649 θυγατέρες
2700 5600 2838 5648 σου,
2859 5586 3177 5654 θυγατέρες
3195 5605 3337 5656 μου,
3353 5589 3450 5640 καὶ
3474 5593 3528 5642 οἱ

1928 5665 2047 5718 υἱοί
2075 5678 2213 5723 σου,
2247 5661 2366 5715 υἱοί
2381 5663 2635 5730 μου,καὶ
2659 5666 2729 5719 τὰ
2755 5667 2947 5736 κτήνη
2976 5685 3110 5734 σου,
3155 5670 3347 5737 κτήνη
3380 5691 3522 5740 μου,

1930 5747 2026 5800 καὶ
2048 5745 2244 5800 πάντα
2272 5747 2388 5799 ὅσα
2409 5746 2490 5800 σὺ
2520 5746 2684 5814 ὁρᾷς,
2711 5749 2824 5818 ἐμά
2851 5751 2980 5804 ἐστι
3009 5751 3105 5804 καὶ
3140 5750 3259 5806 τῶν
3284 5755 3523 5822 θυγατέ-

1921 5846 2046 5896 ρων
2077 5831 2290 5898 μουοτί
2315 5829 2549 5894 ποιήσω
2580 5832 2824 5897 ταύταις
2855 5833 3143 5902 σήμερον,
3193 5837 3225 5904 ἢ
3264 5835 3387 5902 τοῖς
3440 5838 3520 5889 τέ-

1991 5925 2016 5964 Ῐν
2037 5923 2287 5974 Edcbulur
2313 5928 2481 5987 (Su-vnn;
2536 5927 2679 5976 (Inibi.
2707 5930 2934 5986 ξύνηθιὶη.
2963 5928 3096 5978 Lmr.
