4182 6322
659 371 764 428 505

658 504 828 554 κνοις
864 483 1062 539 αὐτῶν
1092 481 1204 546 τοῖς
1236 483 1565 549 τεχθεῖσινς
1599 482 1730 536 Οἶδα
1756 482 1837 535 ὃτι
1865 482 1957 534 καὶ
1985 483 2042 534 al
2073 481 2240 550 θυγα-

656 567 1038 640 τέρες,φησὶν,
1075 561 1204 633 ἐμαί
1236 564 1361 625 είσι,
1399 564 1494 615 καὶ
1523 565 1695 618 πάντα
1728 564 1825 617 ὅσα
1865 564 1946 616 σοί
1984 565 2160 628 ἐστιν,
2179 565 2243 616 ἐκ

652 653 753 721 τῆς
771 643 1050 719 ὑπάρξεως
1077 648 1174 716 τῆς
1193 645 1331 716 ἐμῆς
1353 646 1711 716 προσεγένετό
1729 664 1832 699 σοι.
1854 649 1916 699 Τί
1931 641 2047 701 οὖν
2073 646 2243 712 ποιή-

650 749 742 787 σω
767 733 1004 795 ταύταις
1031 729 1318 798 σήμερον,
1345 730 1382 797 ἣ
1413 729 1537 794 τοῖς
1567 730 1667 784 ὑπ’
1723 728 1924 784 αὐτῶν
1951 731 2238 799 τεχθεῖσι;

654 815 781 869 Νῦν
803 814 1000 881 δεῦρο,
1045 812 1375 881 διαθώμεθα
1411 811 1708 879 διαθήκην
1737 812 1852 880 ἐγώ
1894 829 1958 865 τε
1994 813 2090 865 καὶ
2125 813 2229 872 σὺ,

653 896 753 950 καί
774 895 946 950 ἔσται
967 897 1056 958 είς
1063 895 1390 963 μαρτύριον
1402 893 1520 947 ἀνὰ
1528 895 1724 962 μέσον
1740 893 1886 962 ἐμοῦ
1905 910 1969 946 τε
1984 893 2078 945 καί
2097 893 2233 946 σοῦ.

650 978 951 1048 Συνθήκας,
982 976 1135 1046 φησὶ,
1174 974 1550 1044 ποιησώμεθα,
1575 976 1682 1028 Kal
1710 975 1880 1028 ἔσται
1915 976 2237 1042 είςμαρτύ-

647 1078 780 1128 ριυν
814 1062 931 1115 ἀντὶ
943 1061 1140 1128 μέσον
1163 1057 1310 1128 ἐμοῦ
1342 1057 1439 1110 καί
1457 1058 1597 1120 σοῦ,
1629 1058 1707 1120 εἰς
1735 1057 1978 1128 ἔλεγχον,
2001 1061 2081 1121 εἰς
2100 1058 2236 1110 ἀπό-

646 1143 830 1208 δειξιν.
867 1139 1004 1195 Εἷπε
1039 1142 1096 1194 δὲ
1127 1138 1307 1210 αὐτῷ’
1339 1140 1405 1192 Et
1424 1156 1509 1202 τις
1531 1139 1843 1209 παραϐῆναι
1876 1139 1946 1194 τά
1977 1138 2073 1192 νῦν
2104 1139 2235 1210 παρ’

645 1225 804 1296 ἡμῶν
849 1224 1189 1296 προταθέντα
1223 1223 1641 1292 ἐπιχειρήσειεν,
1692 1221 1836 1276 Ἰδοὺ
1874 1221 2076 1288 οὐδεὶς
2107 1224 2233 1291 μεθ’

643 1306 834 1377 ήμῶνο
863 1311 894 1361 ό
929 1306 997 1359 δὲ
1025 1306 1169 1372 Θεὸς
1190 1304 1420 1374 μάρτυς
1437 1303 1553 1358 ἀνὰ
1573 1305 1769 1373 μέσον
1799 1303 1944 1373 ἐμοῦ
1970 1303 2067 1356 καί
2093 1304 2231 1358 σοῦ.

565 1404 567 1407 ’
719 1391 996 1461 η’·Σκόπει
1023 1390 1140 1453 πῶς
1159 1389 1300 1442 κατὰ
1323 1389 1517 1459 μικρὸν
1537 1389 1763 1442 όΛάσαν
1783 1389 1876 1441 καὶ
1895 1389 1974 1451 είς
2003 1387 2232 1453 θεογνω-

647 1474 770 1527 σίαν
791 1475 1062 1542 ἐνάγεται.
1080 1473 1139 1525 '0
1155 1471 1262 1541 γὰρ
1279 1471 1378 1540 τὴν
1400 1469 1605 1541 κλοπὴν
1635 1469 1740 1540 πρὸ
1765 1470 1954 1523 τούτου
1971 1469 2079 1523 τῶν
2095 1469 2232 1523 θεῶν

645 1557 811 1610 αὐτοῦ
843 1556 1116 1628 ἐπιφέρων
1168 1555 1247 1623 τῷ
1297 1552 1516 1621 δικαίῳ,
1567 1553 1660 1606 καὶ
1710 1553 1978 1623 τοσαύτην
2007 1553 2233 1623 ἔρευναν

647 1639 1030 1708 ποιησάμενος,
1062 1635 1156 1690 νῦν
1208 1651 1371 1706 φησιν
1391 1650 1406 1665 ·
1448 1634 1664 1706 Ἐπειδὴ
1683 1635 1856 1699 οὐδείς
1882 1639 1997 1690 ἐστι
2028 1635 2231 1706 μεταξὺ

645 1719 801 1788 ἡμῶν
829 1723 856 1773 6
880 1719 1200 1790 δυνάμενος,
1229 1718 1281 1771 εί
1305 1734 1357 1770 τι
1394 1715 1534 1786 μετὰ
1565 1715 1739 1770 ταῦτα
1768 1718 1983 1784 γένοιτο
2012 1729 2059 1782 α,
2088 1734 2229 1789 μαρ-

641 1801 878 1870 τυρῆσαι
902 1803 1012 1864 τοῖς
1047 1800 1142 1854 νῦν
1175 1798 1304 1870 παρ’
1328 1796 1484 1868 ἡμῶν
1512 1798 1841 1868 γινομένοις,
1872 1801 1900 1852 6
1923 1799 2056 1863 Θεὸς
2093 1800 2231 1871 μάρ-

639 1902 739 1947 τυς
763 1884 866 1938 ἀνὰ
904 1884 1067 1954 μέσον
1097 1881 1232 1952 ἐμοῦ
1260 1882 1354 1934 καὶ
1389 1880 1502 1935 σοῦ.
1523 1882 1761 1944 Ἐκεῖνος
1791 1882 2075 1952 πάρεστιν,
2106 1885 2134 1934 6
2162 1883 2231 1935 τά

644 1967 822 2036 πάντα
847 1966 1010 2037 ὁρῶν,
1044 1965 1104 2017 ὃν
1151 1963 1302 2017 οὐδὲν
1333 1963 1516 2017 λαθεῖν
1533 1963 1780 2028 δύναται,
1815 1966 1844 2016 6
1875 1963 1974 2033 τὴν
1999 1963 2228 2016 ἐκάστου

643 2047 868 2117 γνώμην
885 2045 1261 2114 ἐπιστάμενος.
1278 2044 1490 2099 Λαϐὼν
1514 2044 1602 2106 δὲ,
1622 2045 1810 2114 φησὶν,
1828 2045 2039 2099 Ἰακὼϐ
2047 2045 2228 2113 ἔστης

639 2145 716 2182 σε
734 2129 994 2194 στήλην,
1037 2126 1135 2178 καί
1164 2125 1415 2193 ἐποίησε
1449 2127 1709 2190 βουνὸν,
1737 2129 1837 2180 καί
1868 2127 2096 2196 ἔφατον
2129 2129 2228 2181 ἐπὶ

638 2209 744 2262 τοῦ
755 2203 1008 2272 βουνοῦ.
1029 2199 1174 2257 Εἶτα
1196 2200 1367 2258 εἶπεν
1382 2204 1542 2270 αὐτῷ
1563 2202 1785 2258 Λάϐάννο
1805 2207 1864 2259 '0
1880 2206 2111 2272 ,ϐουνὸς
2126 2203 2228 2264 οὗ-

637 2306 741 2354 τος
767 2286 1054 2357 μαρτυρεῖ
1073 2285 1190 2340 άνὰ
1204 2284 1399 2354 μέσον
1428 2286 1574 2354 ἐμοῦ
1603 2285 1701 2339 καὶ
1723 2287 1861 2341 σοῦ.
1878 2289 1942 2340 Τί
1975 2302 2142 2353 εστιν,
2174 2289 2227 2341 '0

633 2369 864 2435 ,ϐουνὸς
879 2364 1090 2433 οὗτος;
1107 2367 1252 2421 Ἀντὶ
1271 2367 1388 2431 τοῦ,
1411 2368 1477 2421 τὰ
1495 2370 1714 2438 ῥήματα
1743 2369 1812 2422 τὰ
1834 2369 2068 2424 ἐνταῦθα
2083 2372 2228 2439 γινόο

639 2469 776 2523 μενα
801 2455 857 2504 ἐν
886 2451 964 2521 τῷ
989 2450 1162 2521 βουνῷ
1190 2450 1363 2521 τούτῳ
1384 2451 1690 2522 ὑπόμνησις
1719 2453 1850 2523 ἡμῖν
1880 2453 2226 2525 ἐσταιδιηνε-

636 2533 770 2597 κῶς.
812 2533 921 2588 Kal
955 2532 1215 2587 ἐκάλεσε
1261 2534 1330 2586 τὸ
1370 2533 1558 2601 ὄνομα
1611 2535 1718 2587 τοῦ
1747 2535 1956 2598 τόπου,
1999 2536 2228 2603 Βουνὸς

635 2612 1134 2684 μαρτυρίου.Εῐτά
1169 2629 1352 2686 φησιν·
1396 2615 1624 2668 Ἐπίδοι
1647 2618 1681 2668 ὸ
1719 2616 1864 2682 Θεὸς
1885 2617 2002 2671 ἀνὰ
2027 2618 2225 2685 μέσον

633 2697 781 2765 ἐμοῦ
805 2697 906 2750 καὶ
931 2697 1068 2752 σοῦ.
1097 2697 1296 2750 Σκόπει
1326 2696 1443 2760 πιῖις
1473 2697 1634 2750 πάλιν
1669 2697 1764 2767 τὴν
1797 2699 1944 2767 παρὰ
1974 2701 2068 2750 τοῦ
2090 2699 2223 2752 Θεοῦ

632 2785 792 2853 δίκην
829 2783 1169 2836 ἐπικαλεῖται
1200 2783 1230 2833 ό
1278 2782 1485 2836 Λάϐαν·
1530 2783 1755 2836 Ἑπίὸοι
1796 2783 1925 2852 γάρ,
1969 2785 2153 2854 φησὶν,
2188 2788 2221 2839 ό

637 2865 783 2930 Θεὸς
817 2863 936 2919 dra
942 2863 1139 2933 μέσον
1159 2863 1310 2932 ἐμοῦ
1337 2863 1436 2917 καί
1461 2863 1602 2928 σοῦ,
1635 2865 1724 2917 ὅτι
1753 2864 2225 2934 ἁποστησόμεθα

633 2946 835 3014 ἕτερος
862 2947 968 3001 τοῦ
998 2945 1227 3014 ἐτέρου.
1263 2944 1406 3011 Νῦν,
1433 2946 1590 3016 φησὶ,
1627 2947 2100 3017 χωρισθησόμεθα,
2132 2949 2225 3002 καὶ

636 3030 702 3082 σὺ
734 3029 834 3098 μὲν
862 3027 1141 3101 ἀπελεύσῃ
1185 3029 1266 3091 είς
1288 3027 1389 3097 τὴν
1417 3028 1623 3081 οἰκείαν
1646 3028 1770 3098 γῆν,
1825 3028 1936 3096 ἐγὼ
1966 3029 2023 3082 δέ
2053 3030 2221 3083 ἐπανα

635 3110 926 3180 ελεύσομαι
946 3112 1025 3172 εἰς
1051 3111 1142 3163 τὸν
1157 3105 1307 3163 οῐκον
1337 3109 1426 3161 τὸν
1443 3109 1595 3178 ἐμόν.
1614 3111 1683 3162 El
1704 3109 2088 3177 ταπεινώσεις
2120 3111 2224 3177 τὰς

635 3192 964 3260 θυγατέρας
996 3209 1138 3260 μου,
1188 3193 1241 3244 εί
1288 3190 1498 3256 λάϐοις
1560 3190 1852 3260 γυναῖκας
1899 3192 2049 3261 πρὸς
2095 3192 2226 3259 ταῖς

599 3275 602 3279 ’
634 3273 960 3343 θυγατράσι
974 3289 1114 3341 μου,
1132 3272 1261 3340 ὅρα,
1273 3270 1474 3336 οὐδεὶς
1487 3273 1616 3342 μεθ’
1633 3273 1803 3342 ἡμῶν
1817 3274 2031 3329 ἐστινό
2047 3273 2219 3342 ὀρῶν·

632 3357 784 3422 Θεὸς
804 3354 1055 3424 μάρτυς.
1085 3355 1284 3407 Σκόπει
1301 3354 1416 3418 πῶς
1449 3357 1541 3408 καὶ
1571 3355 1716 3421 ἅπαξ
1745 3357 1837 3409 καὶ
1859 3355 2106 3428 δεύτερον
2129 3357 2224 3411 καὶ

639 3438 899 3501 πολλάκις
929 3437 1022 3489 τὸν
1060 3436 1196 3491 Θεδν
1225 3437 1381 3491 καλεῖ
1435 3438 1706 3509 μάρτυρα.
1735 3438 1844 3491 Καὶ
1874 3439 1983 3510 γάρ
2016 3441 2050 3510 ἡ
2085 3441 2222 3510 πρό-

633 3537 752 3574 νοια
774 3521 806 3590 ή
831 3519 960 3589 περὶ
985 3519 1076 3572 τὸν
1103 3518 1296 3573 Ἰακὼϐ
1320 3520 1660 3590 γεγενημένη
1691 3521 2009 3573 ἐπαίδευσεν
2039 3521 2219 3586 αὑτὸν,

633 3604 733 3674 ὅση
769 3601 863 3655 τοῦ
905 3601 1176 3655 Δεσπότου
1217 3602 1251 3671 ἠ
1284 3600 1530 3671 δύναμις,
1559 3603 1653 3654 καλ⁸
1680 3602 1755 3665 ὡς
1788 3605 1886 3673 οὐχ
1926 3599 2035 3656 οἷόν
2067 3604 2125 3657 τέ
2166 3621 2219 3656 τι

634 3685 818 3738 λαθεῖν
837 3684 928 3736 τὸν
957 3682 1254 3753 ἀκοίμητον
1281 3682 1579 3752 ὀφθαλμόν.
1601 3684 1698 3738 Διά
1724 3683 1880 3737 τοῦτό
1902 3702 2033 3756 φησι
2055 3700 2072 3716 ⁶
2104 3685 2222 3740 Κᾶν

634 3765 1105 3837 διαχωρισθῶμεν,
1136 3763 1236 3817 κάν
1266 3765 1451 3835 μηδεὶς
1478 3766 1664 3837 ἐτερος
1696 3768 1722 3818 6
1754 3765 2102 3838 μαρτυρῆσαι
2131 3766 2221 3820 δυ-

635 3850 887 3921 νάμενος,
919 3847 1077 3909 αὐτὸς
1123 3846 1272 3899 ἐσται
1307 3846 1514 3920 μάρτυς
1539 3849 1567 3899 6
1596 3848 1870 3916 πανταχοῦ
1899 3849 2086 3919 παρών
2108 3862 2123 3881 ⁸
2153 3850 2220 3904 δι’

635 3933 870 3987 ἑκάστου
914 3930 1022 3984 τῶν
1070 3929 1331 4000 ῥημάτων
1366 3929 1659 3999 ἐνέφηνεν·,
1685 3930 1767 3982 ὅτι
1804 3931 1903 3999 τῆς
1947 3934 2220 4002 πανταχοῦ

635 4015 737 4085 γῆς
755 4014 871 4066 ἐστι
894 4010 1189 4080 Δεσπότης.
1207 4011 1313 4064 Kal
1329 4007 1499 4064 εἶπεν
1528 4009 1734 4064 Ἰακώϐ
1751 4028 1764 4040 ·
1795 4011 1947 4065 Ἰδοὺ
1966 4014 2004 4081 ἡ
2023 4013 2220 4081 στήλη

546 4098 550 4100 ’
636 4097 786 4162 αὕτη
815 4092 1122 4163 μαρτυρεῖ.
1154 4089 1296 4149 Εἶτα
1321 4092 1506 4146 πάλιν
1533 4095 1565 4146 ό
1593 4094 1796 4146 Λάϐαν
1815 4095 2007 4161 φησίν
2026 4110 2039 4124 ’
2081 4094 2224 4148 Ἐάν

639 4192 702 4228 τε
731 4179 842 4242 γὰρ
870 4171 986 4241 ἐγὼ
1005 4170 1092 4240 μὴ
1140 4169 1318 4224 διαϐὦ
1359 4171 1507 4239 πρὸς
1547 4170 1643 4232 σὲ,
1684 4170 1838 4239 μήτε
1884 4172 1965 4226 σὺ
2011 4171 2221 4241 διαϐῇς

639 4255 789 4323 πρὸς
837 4256 942 4324 ἐμὲ
983 4253 1091 4307 τὸν
1132 4251 1369 4317 ,βουνὸν
1417 4253 1634 4306 τοῦτον
1673 4252 1768 4305 καί
1820 4253 1934 4321 τὴν
1980 4255 2222 4322 στήλην

639 4339 864 4406 ταύτην
904 4335 1002 4389 ἐπὶ
1045 4336 1242 4401 κακίᾳ,
1277 4338 1311 4388 ό
1360 4334 1506 4398 Θεὸς
1561 4335 1837 4403 Ἀϐραὰμ,
1877 4337 1974 4388 καὶ
2006 4340 2037 4389 ό
2077 4337 2223 4404 Θεὸς

638 4421 852 4490 Ναχὼρ
882 4421 1073 4488 κρίνοι
1098 4418 1214 4472 ἀνὰ
1235 4418 1432 4487 μέσον
1459 4416 1649 4486 ἡμῶν.
1673 4418 1782 4470 Θέα
1816 4419 1932 4480 πῶς
1964 4420 2101 4489 μετὰ
2127 4422 2220 4474 τοῦ

643 4505 848 4575 πατρὸς
877 4502 1087 4556 καὶτὸν
1119 4502 1342 4555 πάππον
1366 4500 1456 4554 τὸν
1488 4500 1682 4553 ἐαυτοῦ
1718 4501 1972 4571 συνῆψεν,
1994 4503 2222 4572 ἀδελφὸν

645 4587 743 4654 μὲν
773 4585 867 4638 τοῦ
897 4585 1234 4654 πατριάρχου
1267 4585 1623 4653 τυγχάνοντα,
1662 4585 1856 4638 ἐαυτοῦ
1886 4585 1941 4638 δὲ
1976 4587 2216 4641 πάππον.

588 4714 590 4716 τ
653 4668 717 4720 '0
751 4667 894 4733 Θεὸς
941 4665 1217 4734 Ἀϐραὰμ,
1245 4665 1344 4718 καί
1386 4671 1417 4719 ό
1445 4668 1591 4732 Θεὸς
1637 4668 1850 4734 Ναχὼρ
1883 4668 2072 4735 κρίνοι
2105 4669 2222 4723 ἀνὰ

641 4751 834 4819 μέσον
858 4748 1047 4818 ἡμῶν.
1070 4749 1178 4803 Kal
1209 4746 1446 4816 ὤμοσεν
1478 4746 1688 4800 Ἰακὼϐ
1717 4748 1864 4801 κατὰ
1899 4751 2003 4802 τοῦ
2032 4754 2220 4818 φόϐου

637 4835 749 4888 τοῦ
777 4833 1001 4900 πατρὸς
1029 4832 1215 4887 αὐτοῦ
1239 4832 1455 4891 Ἰσαὰκ,
1480 4829 1629 4902 [561]
1663 4832 1759 4884 καὶ
1786 4832 1969 4886 ἔθυσε
2003 4834 2222 4888 θυσίαν

636 4917 711 4970 -ὲν
750 4915 832 4980 τῷ
875 4915 1027 4982 ὄρει,
1079 4915 1174 4967 καὶ
1213 4912 1472 4967 ἐκάλεσε
1509 4912 1652 4977 τοὺς
1680 4912 1984 4981 ἀδελφοὺς
2010 4917 2218 4980 αὐτοῦ,

635 4999 742 5051 xal
790 4996 1016 5065 ἔφαγον
1060 4995 1154 5048 καὶ
1195 4996 1396 5058 ἔπιον,
1454 4995 1551 5048 καί
1591 4996 2004 5064 ἐκοιμήθησαν
2035 4998 2105 5050 ἐν
2141 4999 2220 5064 τῷ

632 5080 785 5146 ὄρει.
808 5080 1025 5132 Ἕθυσε
1048 5078 1268 5131 θυσίαν
1287 5078 1357 5130 ἐν
1378 5076 1455 5141 τῷ
1478 5077 1595 5144 ὄρει
1616 5095 1627 5108 ’
1648 5077 2040 5150 ηῦχαρίστησε,
2064 5082 2217 5150 φησὶ,

643 5161 722 5230 τῷ
756 5159 873 5229 Θεῷ
903 5160 995 5211 ἐπὶ
1027 5162 1137 5223 τοῖς
1165 5162 1412 5228 γεγονόσι
1433 5177 1444 5188 °
1479 5161 1588 5213 Kal
1615 5161 1860 5230 ἔφαγον,
1894 5162 1994 5215 καὶ
2024 5164 2218 5229 ἔπιον,

645 5242 744 5314 καὶ
766 5242 1175 5311 ἐκοιμήθησαν
1208 5243 1277 5295 ἐν
1308 5242 1387 5307 τῷ
1418 5243 1559 5310 ὄρει.
1604 5243 1895 5309 Ἀναστὰς
1927 5245 1994 5298 δὲ
2020 5245 2221 5300 Λάϐαν

643 5325 726 5390 τῷ
766 5326 915 5393 πρωῒ
937 5326 1315 5394 ,κατεφίλησε
1356 5325 1499 5391 τοὺς
1540 5325 1709 5392 υἱοὺς
1741 5327 1947 5391 αὑτοῦ,
1983 5327 2079 5381 καί
2113 5326 2220 5396 τὰς

639 5410 970 5478 θυγατέρας
1017 5408 1232 5473 αὐτοῦ,
1285 5408 1383 5461 καὶ
1431 5411 1768 5476 εὐλόγησεν
1824 5412 2063 5478 αὐτούς.
2109 5412 2218 5465 Kal

636 5491 1053 5560 ,ἀποστραφεὶς
1090 5492 1293 5545 Λάϐαν
1327 5490 1603 5559 ἀπῆλθεν
1641 5495 1727 5558 εἰς
1762 5492 1867 5545 τὸν
1898 5489 2066 5547 οἷκον
2109 5496 2218 5548 αὺ-

639 5575 770 5628 τοῦ.
816 5571 986 5639 Εἶδες,
1019 5575 1289 5645 ἀγαπητέ,
1328 5575 1465 5645 πόση
1497 5573 1588 5627 τοῦ
1622 5575 1755 5627 Θεοῦ
1805 5578 1837 5646 ὴ
1867 5576 2046 5645 σοφία,
2072 5577 2219 5638 ὅπως

644 5659 787 5712 κατὰ
813 5659 1004 5712 ταύτὸν
1043 5661 1134 5711 καὶ
1164 5660 1258 5730 τὴν
1310 5659 1436 5729 περὶ
1471 5659 1560 5712 τὸν
1602 5660 1803 5714 δίκαιον
1841 5661 2092 5731 πρόνοιαν
2123 5661 2220 5714 ἐπ-

667 5772 674 5778 ’
712 5778 737 5805 ἰ
759 5777 840 5827 Sic
861 5776 988 5827 bene
1015 5779 1154 5829 Coisl.
1183 5775 1429 5828 Edebalur
1451 5778 1658 5838 γένηται.
1686 5778 1814 5828 Enn.

1333 365 1390 422 S.
1425 365 1708 423 JOANNIS
1740 364 2234 424 CIIRYSOSTOMI
2270 364 2588 424 ARCIIIEP.
2629 365 3184 425 CONSTANTINOI‘.

2351 485 2609 551 εδείξατο,
2636 483 2885 537 κάκεῖνον
2919 482 3194 554 ἀπέστησε
3217 480 3316 552 τῆς
3341 483 3462 536 κατ’
3494 483 3662 537 αὑτοῦ
3699 485 3932 550 άδικίας.

2351 567 2444 617 καὶ
2465 567 2534 619 δι’
2556 561 2632 620 ὧν
2657 566 2807 637 αὐτῷ
2830 565 3184 637 παρεγγύησε
3210 565 3287 636 μὴ
3309 564 3538 634 λαλῆσαι
3558 566 3770 637 πονηρὰ
3796 573 3940 622 κατα

2348 644 2442 697 τοῦ
2475 644 2691 711 Ἰακὼϐ,
2716 647 2794 708 είς
2819 646 2918 716 τήν
2943 647 3041 714 τῆς
3073 644 3401 712 θεογνωσίας
3421 644 3539 698 666v
3562 646 3705 698 κατὰ
3740 647 3938 718 μικρὸν

2349 727 2513 780 αὑτὸν
2534 729 2791 798 ἐνήγαγε,
2811 728 2907 780 καὶ
2929 729 2957 780 ό
2986 726 3243 797 καθάπερ
3272 727 3459 798 θηρίον
3481 727 3812 798 ἐπιτρέχων,
3843 731 3941 783 καὶ

2349 810 2552 876 φθάσαι
2587 810 2911 881 βουλόμενος
2937 810 3031 864 καὶ
3065 809 3294 873 ἀνελεῖν,
3325 809 3813 880 ἀπολογησάμενος
3844 813 3940 865 καὶ

2349 893 2726 964 καταφιλήσας
2756 894 2851 946 καὶ
2886 892 2985 956 τὰς
3018 892 3326 962 θυγατέρας
3365 892 3459 945 καὶ
3487 893 3614 955 τοῦς
3648 893 3801 955 υἱοὺς
3835 892 3938 946 αὐ·-

2346 974 2473 1040 τῶν,
2500 975 2674 1040 οὕτως
2701 976 2883 1029 οἴκαδε
2909 975 3217 1046 ὑπέστρεψε
3241 992 3258 1042 ;
3282 974 3436 1044 Τάχα
3462 977 3542 1038 είς
3589 974 3725 1028 πολὺ
3761 975 3938 1046 μῆκος

2345 1063 2436 1115 τὸν
2469 1063 2627 1132 λόγον
2671 1063 3049 1133 ἐξετείναμεν,
3095 1062 3233 1116 ἀλλὰ
3280 1063 3380 1132 τῆς
3424 1063 3666 1133 ἱστορίας
3708 1066 3790 1126 είς
3836 1062 3939 1134 τὴν

2345 1147 2591 1216 ἀνάγκην
2616 1148 2764 1216 ἡμᾶς
2791 1147 2996 1216 ταύτην
3020 1145 3468 1216 καταστησάσης.

2415 1231 2615 1300 Διόπερ
2637 1228 2870 1282 ἐνταῦθα
2896 1230 3195 1300 στήσαντες
3221 1228 3312 1282 τόν
3343 1228 3521 1296 λόγον,
3556 1229 3732 1282 ἐκεῖνο
3757 1245 3941 1300 παρα-

2344 1313 2662 1383 καλέσωμεν
2689 1312 2718 1364 ὑ
2728 1312 2842 1382 μῶν
2861 1313 2961 1383 τὴν
2987 1313 3230 1383 ἀγάπην,
3253 1311 3396 1365 ὥστε
3428 1312 3608 1365 πάντα
3639 1314 3817 1364 ποιεῖν
3845 1313 3942 1366 καὶ

2344 1394 2860 1466 πραγματεύεσθαι,
2895 1395 2983 1446 ἴνα
3011 1393 3110 1465 τὴν
3139 1393 3345 1448 ἄνωθεν
3383 1392 3595 1446 εὔνοιαν
3620 1391 3943 1446 ἐπισπασώο

2346 1477 2505 1546 μεθα.
2542 1476 2668 1530 Ἐάν
2701 1477 2809 1547 γὰρ
2843 1477 3048 1531 ἐκεῖνον
3090 1477 3302 1546 ἔχωμεν
3334 1475 3560 1546 εὐμενῆ,
3596 1476 3776 1529 πάντα
3805 1478 3942 1546 ἡμῖν

2344 1559 2502 1629 ῥᾴδια
2536 1559 2686 1612 ἔσται
2720 1560 2814 1612 καὶ
2837 1558 3055 1624 εῦκολα,
3085 1562 3180 1612 καὶ
3222 1557 3374 1611 οὐδὲν
3418 1559 3566 1629 ἡμᾶς
3612 1556 3725 1610 τῶν
3774 1560 3834 1612 ἐν
3859 1557 3940 1626 τῷ

2341 1642 2570 1712 παρόντι
2606 1641 2706 1712 βίῳ
2742 1640 2984 1712 λυπῆσαι
3025 1630 3338 1712 δυνήσεται,
3367 1639 3471 1693 κᾶν
3517 1637 3762 1709 λυπηρὸν
3797 1633 3939 1691 εἶναι

2339 1721 2493 1794 δοκῇ,
2524 1723 2771 1794 Τοσαύτη
2802 1724 2911 1794 γάρ
2940 1722 3042 1793 τῆς
3072 1723 3240 1776 αὐτοῦ
3267 1721 3550 1792 δυνάμεως
3569 1723 3603 1790 ἡ
3631 1720 3936 1791 ὑπερϐολὴ,

2337 1805 2416 1868 ὼς
2446 1806 2539 1860 καὶ
2566 1805 2705 1859 αὐτὰ
2735 1805 3044 1877 τάλυπηρὰ
3077 1806 3156 1868 είς
3186 1806 3248 1858 τὸ
3278 1804 3518 1858 ἐναντίον
3555 1806 3935 1874 περιτρέπειν,

2339 1887 2468 1941 ὃταν
2518 1887 2795 1957 βούληται.
2837 1888 2993 1942 Οὕτω
3038 1889 3134 1942 καὶ
3184 1887 3394 1950 Παῦλος
3455 1887 3515 1940 ἐν
3569 1884 3817 1955 θλίψεσιν
3859 1883 3938 1938 ὢν

2340 1969 2525 2042 ἔχαιρε
2563 1972 2657 2024 καὶ
2695 1971 2962 2040 ἠγάλλετο
2991 1973 3059 2042 τῇ
3095 1970 3394 2042 προσδοκίᾳ
3413 1969 3522 2022 τῶν
3548 1967 3937 2038 ἀποκειμένων

2340 2053 2583 2124 ἀμοιϐῶν
2604 2054 2991 2126 πτερούμενος.
3018 2055 3119 2108 Διά
3147 2052 3305 2106 τοῦτο
3329 2053 3420 2105 καὶ
3447 2053 3476 2106 6
3497 2051 3791 2123 Προφήτης
3817 2051 3936 2105 ἐλε-

2339 2154 2455 2205 γεν,
2473 2138 2576 2191 Ἐν
2593 2139 2795 2205 θλίψει
2817 2136 3166 2203 ἐπλάτυνάς
3187 2153 3311 2207 μοι,
3342 2135 3610 2189 διδάσκων
3639 2136 3812 2205 ἡμᾶς,
3850 2136 3936 2189 ὅτι

2339 2221 2396 2271 ἐν
2432 2222 2570 2289 αὐτῇ
2620 2223 2686 2291 τῇ
2730 2220 2906 2290 θλίψει
2947 2220 3290 2291 τυγχάνοντα
3330 2217 3513 2280 ἀδείας
3553 2217 3646 2270 καὶ
3688 2216 3936 2280 ἀνέσεως

2337 2301 2498 2354 αὐτὸν
2527 2301 2819 2358 ἀπολαύειν
2851 2301 3264 2373 παρεσκεύαζεν
3290 2303 3321 2354 6
3347 2299 3501 2362 Θεός.
3538 2298 3794 2354 Τοιοῦτον
3825 2301 3936 2353 τοί-

2337 2401 2432 2437 νυν
2460 2385 2673 2454 ἔχοντες
2696 2386 2995 2455 Δεσπότην,
3024 2384 3169 2438 οὕτω
3194 2383 3439 2449 δυνατὸν,
3475 2381 3648 2444 οὕτως
3681 2383 3932 2452 εὐμήχα-

2337 2483 2426 2519 νον
2471 2469 2562 2520 καὶ
2601 2468 2783 2536 σοφὸν,
2824 2466 2969 2520 οὕτω
3012 2465 3410 2538 φιλάνθρωπον,
3459 2465 3528 2517 τὰ
3558 2466 3686 2535 παρ’
3717 2465 3934 2517 ἑαυτῶν

2336 2549 2701 2621 είσφέρωμεν,
2733 2551 2826 2602 καὶ
2856 2552 2956 2621 τῆς
2984 2549 3188 2621 ἀρετῆς
3222 2549 3389 2602 πολὺν
3422 2548 3704 2620 ποιώμεθα
3746 2548 3932 2617 λόγον.

2337 2634 2426 2687 ἵνα
2465 2636 2560 2687 καὶ
2590 2633 2699 2686 τῶν
2733 2632 2966 2688 ἐνταῦθα
2987 2634 3208 2688 καὶτῶν
3245 2633 3548 2704 μελλόντων
3579 2631 3932 2702 ἐπιτύχωμεν

2335 2718 2574 2786 ἀγαθῶν,
2613 2717 2795 2788 χάριτι
2836 2719 2932 2770 καὶ
2974 2716 3356 2788 φιλανθρωπίᾳ
3390 2716 3486 2770 τοῦ
3521 2716 3726 2788 Κυρίου
3767 2715 3932 2786 ἡμῶν

2347 2799 2520 2869 Ἰησοῦ
2556 2800 2828 2871 Χριστοῦ,
2880 2801 3002 2871 μεθ’
3035 2794 3097 2856 οῦ
3143 2800 3221 2871 τῷ
3257 2801 3434 2872 Πατρὶ
3486 2802 3520 2870 ἡ
3565 2799 3692 2864 δόξα
3738 2800 3837 2851 καὶ
3870 2799 3932 2851 τὸ

2335 2884 2555 2952 κράτος,
2585 2884 2702 2953 ἅμα
2737 2882 2816 2953 τῷ
2843 2883 2984 2954 ἀγίῳ
3016 2883 3313 2954 Πνεύματι,
3337 2883 3434 2937 νῦν
3465 2883 3558 2936 καὶ
3585 2883 3692 2946 ἀεὶ,
3721 2883 3817 2935 καὶ
3851 2883 3931 2945 είς

2334 2964 2460 3027 τοὺς
2483 2963 2686 3028 αίῶνσς
2705 2965 2810 3020 τῶν
2836 2963 3069 3019 αἰώνων.
3106 2965 3300 3037 ’Δμήν.

2921 3149 3164 3208 ΟΜΙΛΙΛ
3202 3157 3334 3211 NH’.

2334 3318 2440 3373 Kal
2499 3318 2850 3393 ἀναϐλέψας
2865 3389 2890 3393 _
2913 3322 3114 3375 Ἰακὼϐ
3144 3318 3279 3393 Αεῖδε
3328 3325 3720 3393 παρεμϐολὴν
3776 3328 3931 3381 Θεοῦ

2401 3389 2963 3461 παρεμϐεϐληκυῖαν
2988 3431 3003 3453 ,
3057 3391 3157 3461 καί
3205 3389 3611 3461 συνήντησαν
3662 3389 3826 3456 αὐτῷ
3873 3399 3932 3451 οι

2399 3459 2643 3532 ἄγγελοι
2683 3457 2784 3512 τοῦ
2825 3461 2994 3532 Θεοῦ.
3025 3457 3175 3532 Εἷπε
3206 3461 3276 3532 δὲ
3303 3457 3520 3525 Ἰακὼϐ.
3545 3465 3732 3532 ήνίκα
3763 3462 3930 3520 εἶδεν

2403 3531 2659 3598 αὐτούς·
2705 3529 3059 3598 Παρεμϐολή
3093 3530 3243 3585 Θεοῦ
3282 3533 3471 3598 αῦτη’
3521 3529 3618 3586 κάξ
3665 3534 3930 3589 ἐκάλεσε

2403 3597 2469 3650 τὸ
2499 3597 2687 3667 ὄνομα
2712 3599 2817 3654 τοῦ
2839 3601 3026 3654 τόπου
3049 3597 3316 3669 ἐκείνου,
3345 3597 3740 3672 ιΙᾲρεμϐολαί.

2401 3774 2470 3829 α’.
2494 3772 2623 3828 Οἶδα
2645 3775 2727 3828 ὅτι
2751 3777 3068 3847 κεκμήκατε
3085 3775 3231 3847 χθές,
3250 3779 3331 3843 είς
3352 3779 3489 3833 πολὺ
3515 3781 3691 3852 μῆκος
3713 3783 3814 3838 τοῦ
3841 3785 3928 3839 λό-

2331 3873 2428 3924 γου
2463 3857 2815 3930 προελθόντος
2858 3861 3020 3929 ἡμῖν’
3064 3859 3200 3913 ἀλλὰ
3233 3862 3327 3914 καὶ
3368 3861 3652 3934 θαρσεῖτε·
3683 3867 3713 3918 6
3753 3867 3925 3930 κόπος

2333 3939 2362 3990 ύ
2370 3939 2485 4008 μῶν
2512 3941 2612 3992 οὐκ
2630 3940 2742 3994 ἐστι
2761 3941 2936 4005 κενός·
2965 3942 3022 3993 ἐν
3040 3943 3230 4014 Κυρίῳ
3249 3944 3358 4014 γάρ
3385 3947 3504 3998 ἐστι
3523 3947 3832 4018 γινόμενος,
3854 3950 3926 4003 δι’

2331 4021 2390 4074 ὃν
2421 4021 2516 4074 καὶ
2537 4023 2719 4092 ὁπρὸς
2755 4023 2928 4093 βραχὺ
2963 4025 3124 4088 πόνος
3146 4026 3398 4095 μεγάλων
3428 4027 3635 4096 μισθῶν
3662 4031 3926 4102 πρόξενος

2331 4103 2558 4187 γίνεται.
2679 4103 2787 4176 γὰρ
2817 4105 2911 4158 καὶ⁵
2943 4105 3003 4158 τὸ
3032 4105 3194 4176 σῶμα
3221 4108 3520 4179 κέκμηκεν,
3557 4110 3673 4165 ἀλλ’
3705 4113 3740 4183 ή
3770 4113 3924 4187 ψυχὴ

2331 4185 2499 4238 πλέον
2522 4186 2847 4259 ἐρρώννυτο.
2885 4187 2976 4240 Διὸ
3004 4188 3098 4241 και
3151 4190 3312 4254 αὐτὸς
3355 4191 3500 4262 ὀρῶν
3544 4194 3699 4264 ὑμῶν
3730 4185 3924 4268 ἀκμάέ

2331 4270 2491 4332 ζοντα
2527 4270 2620 4324 τὸν
2654 4270 2839 4332 πόθον,
2878 4273 2973 4325 καὶ
3004 4273 3104 4341 τὴν
3130 4273 3428 4342 ἐπιθυμίαν
3460 4275 3921 4352 διεγηγερμένην,

2333 4351 2652 4436 βουλόμενος
2682 4353 2960 4436 συστεῖλαι
2983 4354 3090 4436 τὴν
3121 4355 3471 4410 διδασκαλίαν
3489 4400 3503 4424 ,
3551 4360 3651 4413 οὐκ
3683 4351 3924 4436 {160011;-

2333 4433 2430 4501 θην
2459 4433 2610 4504 [562]
2655 4436 2762 4505 πρὸ
2789 4435 2884 4488 τοῦ
2919 4435 3105 4498 τέλους
3163 4439 3241 4501 είς
3279 4438 3435 4510 σιγὴν
3475 4441 3779 4497 καταλῦσαι
3827 4433 3924 4500 τόν

2332 4515 2510 4585 λόγον,
2563 4517 2718 4580 εἰδὼς
2751 4518 2826 4580 ὡς
2854 4517 3028 4592 ταύτῃ
3071 4519 3273 4588 μᾶλλον
3315 4522 3445 4590 ὑμῖν
3488 4525 3809 4596 χαριοῦμαι.
3848 4527 3926 4583 Τὸ

2331 4599 2439 4684 γὰρ
2486 4599 2700 4684 Δπλῆθος
2756 4601 2863 4684 τῶν
2908 4603 3214 4673 εἰρημένων
3258 4604 3496 4675 μάλιστα
3552 4609 3766 4665 ἐδείκνυ
3818 4613 3924 4684 τῆς

2333 4681 2603 4753 ὑμετέρας
2631 4683 2915 4752 φιληκοΐας
2944 4686 3043 4754 τὴν
3072 4687 3273 4759 πολλὴν
3299 4690 3535 4763 σπουδὴν
3559 4694 3769 4750 καὶτὸν
3792 4681 3922 4751 ἀκό-

2335 4783 2522 4836 ρεστον
2567 4767 2764 4820 πόθον
2801 4768 2890 4821 διὰ
2937 4768 3096 4822 τοῦτο
3141 4772 3237 4825 καὶ
3268 4772 3433 4837 αὐτὸς
3479 4776 3620 4842 μετά
3670 4777 3922 4843 πλείονος

2331 4849 2637 4920 προθυμίας
2658 4851 2757 4918 τῆς
2784 4850 2920 4921 πρὸς
2945 4852 3091 4921 ὑμᾶς
3117 4852 3360 4924 ἀπτομαι
3382 4855 3754 4924 διδασκαλίας,
3774 4863 3922 4932 ὀρῶν

2331 4933 2483 5002 ὑμῶν
2507 4933 2628 5018 καθ’
2655 4933 2894 5004 ἑκάστην
2916 4934 3129 5006 ἡμέραν
3151 4937 3252 5006 τὴν
3277 4938 3456 5011 ὄρεξιν
3479 4941 3918 5018 ἐπιτεινομένην.

2329 5019 2464 5089 Φέρε
2499 5013 2596 5070 οὖν
2630 5018 2725 5070 καὶ
2758 5019 2996 5090 σήμερον
3027 5019 3098 5072 τά
3136 5020 3264 5092 ἑξῆς
3301 5022 3411 5075 τῶν
3446 5022 3572 5094 χθὲς
3609 5013 3922 5097 εἰρημένων

2329 5102 2472 5156 κατὰ
2497 5101 2727 5172 δύναμιν
2753 5101 3203 5175 ἐπελθόντες,τὴν
3237 5106 3442 5177 συνήθη
3467 5105 3715 5160 ἐπίασιν
3741 5126 3922 5180 παρα-

2331 5184 2511 5255 θῶμεν
2544 5184 2700 5254 ὑμῶν
2739 5186 2807 5255 τῇ
2848 5184 3070 5259 ἀγάπῃ,
3107 5188 3203 5241 καὶ
3249 5189 3481 5258 ἴδωμεν,
3518 5190 3656 5259 μετά
3687 5190 3789 5263 τὴν
3823 5192 3920 5247 τοῦ

2330 5269 2514 5322 Λάόαν
2569 5267 2917 5340 ἀναχώρησιν
2962 5273 3110 5336 ὅπως
3155 5275 3183 5326 6
3224 5273 3428 5337 δίκαιος
3472 5274 3573 5345 τῆς
3609 5275 3921 5349 ὁδοιπορίας

2331 5354 2581 5407 ἅπτεται.
2619 5353 2786 5406 Οὐδὲν
2826 5356 2934 5426 γὰρ
2983 5357 3151 5427 ἀργὸν
3184 5357 3292 5410 τῶν
3339 5360 3397 5413 ἐν
3436 5362 3503 5430 τῇ
3554 5358 3675 5431 θείᾳ
3722 5361 3918 5433 Γραφῇ

2331 5437 2600 5507 κειμένων
2628 5436 2796 5501 ἐστὶν,
2831 5437 2968 5492 ἀλλὰ
2997 5440 3177 5493 πάντα
3205 5444 3273 5495 τά
3307 5441 3411 5494 ὑπὸ
3441 5441 3551 5495 τῶν
3577 5441 3804 5496 δικαίων
3835 5462 3920 5512 για

2330 5521 2530 5591 νόμενα
2569 5519 2832 5591 μεγίστης
2869 5523 3029 5594 γέμει
3063 5526 3166 5595 τῆς
3206 5525 3492 5595 ὠφελείας.
3551 5528 3771 5599 Ἐπειδὴ
3808 5531 3919 5600 γὰρ

2329 5606 2418 5657 τὸν
2446 5602 2555 5656 τῶν
2585 5603 2722 5656 ὅλων
2761 5607 3035 5678 Δεσπότην
3071 5602 3218 5678 εἶχον
3250 5607 3514 5679 διηνεκῶς
3555 5611 3742 5674 αὐτοῖς
3770 5627 3918 5682 συμ-

2331 5687 2593 5756 παρόντα,
2629 5685 2725 5739 ml.
2751 5688 2877 5751 τοὺς
2907 5691 3045 5744 κατὰ
3082 5692 3181 5759 τὴν
3211 5690 3521 5763 ὁδοιπορίαν
3556 5693 3752 5757 πόνους
3794 5696 3917 5749 ἐπι-

2332 5768 2678 5839 κουφίζοντα,
2704 5772 2902 5845 πολλὴν
2936 5776 3027 5828 καὶ
3066 5774 3173 5828 ἀπὸ
3215 5775 3314 5846 τῆς
3343 5776 3508 5848 ψιλῆς
3549 5778 3727 5833 αὐτῶν
3771 5779 3916 5834 ὁδοι-
