4182 6322
212 394 308 450 505

215 511 357 575 rides,
411 521 524 560 mea
571 513 710 571 sunt,
761 512 808 558 et
849 501 1075 570 filiarum
1111 511 1385 551 mearum:
1414 495 1535 565 quid
1585 495 1803 564 [navem

216 605 307 659 illis
330 601 500 666 hodie,
536 600 615 654 vel
630 597 802 669 pueris
824 594 909 665 qui
938 593 1000 647 ab
1020 592 1093 647 eis
1113 600 1228 645 sunt
1256 590 1363 643 nati
1384 588 1410 641 ?
1436 588 1580 651 Scio,
1611 582 1802 653 inquit,

212 695 343 769 quod
374 695 498 748 ﬁlim
520 707 655 747 mea:
684 696 831 755 sunt,
856 696 911 743 et
937 685 1116 740 omnia
1144 692 1497 753 quaecumque
1527 677 1710 741 habes,
1738 692 1804 730 ex

214 767 500 845 iubSIantia
536 797 653 837 mea
681 785 1045 835 accesserunt.
1081 772 1220 838 Quid
1258 772 1418 842 igitur
1459 773 1679 842 facerem
1702 767 1807 820 illis

214 880 369 945 Itodie,
401 876 480 931 rel
509 876 681 947 pueris
707 873 795 944 qui
821 872 885 927 ab
909 871 982 926 eis
1011 867 1156 923 nati?
1180 866 1271 921 ιι.
1305 863 1460 919 Nunc
1483 862 1641 933 igitur
1669 860 1801 926 ueni,

211 982 254 1025 et
281 972 509 1025 ineamus
537 966 705 1038 {tedas
729 980 822 1036 ego
851 971 898 1018 et
926 971 1003 1028 tu,
1032 968 1079 1014 et
1104 958 1199 1014 erit
1227 957 1280 1011 in
1310 953 1646 1010 testimonium
1673 953 1805 1006 inter

212 1079 283 1116 me
307 1070 353 1116 et
392 1069 457 1113 te.
487 1058 673 1122 Pacta,
698 1054 891 1126 inquit,
922 1053 1200 1118 faciamus,
1236 1047 1303 1103 Et
1324 1058 1469 1102 erunt
1497 1047 1550 1099 in
1580 1045 1804 1099 testimo-

210 1154 339 1205 nium
366 1152 502 1205 inter
535 1165 615 1202 me
641 1156 688 1203 et
716 1156 765 1201 te
795 1160 814 1201 :
840 1145 892 1199 in
907 1143 1164 1215 judicium
1186 1149 1241 1197 et
1262 1136 1801 1194 demonstrationem.

212 1241 343 1297 Dixit
368 1249 555 1294 autem
580 1240 633 1294 ei
663 1255 679 1291 :
722 1236 779 1292 Si
817 1235 939 1306 quis
985 1229 1287 1302 transgredi
1317 1226 1660 1284 attentaverit
1684 1240 1804 1295 qua:

209 1348 340 1387 nunc
368 1347 400 1386 a
427 1330 587 1386 nobis
610 1337 736 1385 sunt
759 1325 1033 1399 proposita
1076 1342 1091 1380 :
1138 1322 1274 1378 Ecce
1314 1321 1490 1376 nullus
1516 1319 1800 1384 nobiscum,

210 1423 336 1480 Dm
360 1431 537 1476 autem
561 1421 700 1475 testis
725 1421 857 1473 inter
884 1433 964 1470 me
987 1424 1034 1469 et
1063 1425 1130 1470 te.

272 1514 323 1569 8.
364 1510 663 1567 Considera
705 1505 977 1578 quomodo
1020 1502 1277 1574 paulatim
1317 1510 1370 1573 et
1397 1500 1578 1555 Laban
1608 1498 1676 1552 ad
1708 1512 1804 1550 ro-

208 1605 493 1677 gnitionem
542 1602 639 1657 Dei
683 1598 915 1656 ducitur.
973 1595 1107 1651 Nam
1137 1594 1227 1665 qui
1253 1602 1378 1648 ante
1408 1591 1511 1646 hoc
1547 1590 1806 1660 arguebat

208 1701 392 1769 justutn
423 1698 493 1753 de
526 1698 667 1752 furto
694 1694 922 1751 deorum
952 1707 1195 1756 suorum,
1246 1699 1301 1746 ct
1335 1696 1537 1743 tantam
1586 1693 1805 1757 propter

208 1806 293 1848 eos
316 1790 705 1847 scrutationem
742 1787 993 1854 faciebat,
1044 1799 1188 1839 nunc
1219 1782 1428 1852 inquit:
1461 1780 1594 1848 Quia
1625 1777 1805 1832 nullus

207 1894 279 1941 est
322 1884 462 1938 inter
508 1897 631 1948 nos,
674 1880 765 1951 qui
794 1878 984 1950 possit,
1040 1877 1083 1932 si
1131 1874 1259 1946 quid
1303 1873 1525 1945 posthac
1550 1878 1803 1925 novatum

209 1974 375 2038 fuerit,
416 1972 574 2029 testis
599 1985 721 2027 esse
747 1969 969 2025 hederis
998 1967 1189 2033 nostri,
1224 1966 1367 2020 Deus
1392 1963 1546 2021 testis
1569 1962 1638 2016 sit
1666 1960 1806 2014 inter

210 2082 287 2123 me
312 2075 367 2121 et
412 2076 482 2120 te.
534 2063 860 2135 ille,inquit,
900 2060 1074 2126 adest,
1101 2059 1191 2130 qui
1221 2057 1401 2113 omnia
1431 2055 1597 2121 videt,
1644 2066 1803 2123 quem

210 2159 329 2215 nihil
356 2161 531 2215 latere
556 2166 756 2230 potest,
800 2157 892 2227 qui
920 2153 1339 2223 uniuscujusque
1366 2157 1602 2205 mentem
1636 2160 1804 2217 agno-

210 2253 318 2308 scit.
343 2252 432 2307 l5.
486 2251 710 2307 Sumens
750 2257 941 2315 autem,
992 2244 1185 2316 inquit,
1230 2242 1394 2297 Iacob
1421 2241 1578 2296 erexit
1605 2239 1804 2293 colum-

210 2360 336 2406 nam,
383 2352 432 2395 et
469 2342 591 2413 fecit
616 2342 797 2395 collem
820 2340 866 2407 ¹,,
892 2347 939 2393 et
964 2335 1291 2393 comederunt
1311 2348 1462 2404 super
1479 2331 1679 2385 collem.
1715 2329 1805 2383 47.

212 2434 273 2487 Et
310 2433 439 2487 dixit
484 2434 531 2487 ei
572 2430 751 2486 Laban
798 2446 817 2484 :
864 2428 1022 2485 Collis
1050 2428 1130 2482 hic
1160 2435 1374 2480 testatur
1406 2425 1538 2477 inter
1562 2437 1642 2474 me
1665 2432 1712 2473 et
1739 2429 1805 2473 te.

208 2523 335 2602 Quid
365 2532 466 2589 est,
507 2522 670 2579 Collis
695 2520 821 2575 hic?
872 2519 930 2575 Id
955 2528 1059 2587 est,
1111 2516 1285 2572 Verba
1317 2529 1438 2585 quae
1465 2513 1597 2568 ﬁunt
1622 2510 1675 2565 in
1707 2509 1811 2563 hoc

211 2617 335 2671 colle
358 2615 619 2669 memoria
646 2621 902 2683 perpetua
930 2610 1086 2665 nobis
1115 2615 1291 2663 erunt.
1323 2604 1386 2658 Et
1407 2604 1602 2657 vocavit
1628 2616 1811 2654 nomen

214 2709 317 2773 eius
346 2708 462 2774 loci,
498 2706 661 2763 Collis
692 2702 986 2758 testimonii.
1035 2699 1235 2755 Deinde
1262 2696 1434 2766 inquit
1467 2713 1480 2749 :
1513 2694 1603 2750 49.
1658 2693 1809 2761 Aspi-

212 2806 302 2859 ciat
336 2803 477 2858 Deus
522 2802 654 2855 inter
684 2813 765 2852 me
799 2806 848 2851 et
880 2804 946 2849 te.
999 2792 1232 2849 Attende
1274 2787 1547 2861 quomodo
1597 2801 1809 2858 poenam

214 2898 394 2950 iterum
437 2907 466 2945 a
515 2891 628 2946 Deo
668 2889 991 2958 deprecatur
1033 2884 1236 2939 Laban.
1292 2881 1560 2950 Aspiciat,
1619 2877 1809 2947 inquit,

214 2986 343 3040 Deus
366 2985 593 3038 interme
617 2993 663 3037 et
683 2981 817 3034 inter
840 2988 909 3044 te,
932 2978 1053 3049 quia
1074 2975 1364 3031 secedemus
1390 2972 1521 3027 alter
1543 2969 1603 3024 ab
1626 2970 1809 3024 altera.

215 3076 375 3141 Nunc,
410 3077 606 3145 inquit,
657 3071 1050 3143 separabimur,
1082 3077 1137 3122 et
1164 3078 1217 3122 tu
1249 3065 1465 3137 quidem
1491 3063 1593 3119 ibis
1616 3064 1667 3116 in
1702 3070 1814 3116 ter-

216 3183 318 3222 ram
337 3166 630 3237 propriam,
651 3178 752 3235 ego
775 3170 954 3217 autem
981 3157 1167 3215 redibo
1190 3158 1241 3211 in
1262 3156 1481 3211 domum
1505 3168 1703 3208 meam.
1722 3151 1813 3205 50.

217 3257 272 3314 Si
296 3255 641 3311 humiliaveris
669 3254 805 3323 ﬁlias
832 3268 991 3316 meas,
1021 3251 1065 3305 si
1090 3247 1345 3317 acceperis
1374 3260 1557 3299 uxores
1579 3244 1647 3296 ad
1680 3241 1817 3310 ﬁlias

217 3367 362 3414 meas,
412 3347 549 3411 vide,
596 3346 769 3402 nullus
814 3342 1079 3398 nobiscum
1130 3348 1205 3395 est
1255 3339 1343 3410 qui
1400 3337 1603 3401 uideat;
1678 3333 1817 3387 Deus

218 3442 363 3497 testis.
409 3437 711 3495 Considera
758 3433 1033 3506 quomodo
1084 3431 1253 3487 semel
1303 3438 1356 3483 et
1410 3428 1606 3483 iterum
1653 3432 1818 3493 atque

219 3534 404 3602 stepius
458 3530 633 3585 Deum
687 3528 740 3582 in
791 3535 983 3581 testem
1028 3530 1204 3577 vocat.
1258 3519 1393 3587 Quia
1446 3514 1812 3587 providentia,

220 3639 368 3695 quam
426 3628 688 3700 expertus
756 3625 873 3672 erat
934 3613 1141 3678 Jacob,
1208 3610 1391 3666 docuit
1451 3623 1574 3664 eum
1643 3620 1815 3676 quan-

220 3694 267 3768 ta
304 3720 447 3768 esset
472 3694 686 3765 Domini
713 3704 981 3777 potentia,
1012 3712 1067 3759 et
1093 3702 1250 3772 quod
1264 3697 1594 3777 impossibile
1622 3698 1694 3752 sit
1721 3694 1820 3748 ali-

221 3807 336 3878 quid
369 3805 644 3863 occultum
681 3815 802 3857 esse
828 3799 986 3855 oculo
1012 3797 1101 3869 qui
1128 3795 1421 3851 dormitare
1447 3790 1651 3861 nequit.
1682 3788 1818 3841 Pro-

224 3877 396 3968 pterea
443 3893 618 3965 inquit
661 3910 675 3947 :
727 3888 951 3945 Etiamsi
995 3899 1339 3956 separemur,
1382 3880 1592 3937 etiamsi
1639 3877 1822 3932 nullus

224 3988 350 4042 alius
376 3987 519 4043 adsit
547 3984 641 4056 qui
671 3981 942 4038 testiﬁcari
976 3979 1176 4049 possit,
1206 3977 1297 4032 ille
1326 3976 1477 4030 testis
1502 3972 1603 4027 erit
1625 3970 1823 4040 ubique

225 4094 453 4150 prresens
488 4097 502 4135 :
537 4092 636 4147 per
660 4075 867 4145 singula
892 4074 1053 4128 verba
1082 4070 1241 4126 docet
1270 4069 1445 4138 ipsum
1476 4065 1638 4122 totius
1665 4071 1823 4118 terra:

224 4187 337 4227 esse
381 4170 690 4226 Dominum.
739 4168 829 4223 5i.
881 4164 948 4219 Et
991 4164 1120 4217 dixit
1160 4160 1321 4215 Jacob
1354 4176 1372 4215 :
1402 4159 1533 4213 Ecce
1568 4156 1714 4211 collis
1739 4154 1826 4208 ille

228 4273 448 4318 testatur.
490 4261 585 4318 52.
615 4260 811 4315 Deinde
838 4260 1020 4313 iterum
1049 4256 1227 4310 Laban
1252 4254 1412 4325 inquit
1441 4269 1460 4308 :
1494 4251 1554 4306 Si
1577 4250 1710 4305 enim
1735 4264 1827 4319 ego

228 4372 321 4409 non
362 4355 614 4409 transiero
655 4354 724 4407 ad
770 4362 850 4417 te,
897 4366 1055 4421 neque
1094 4359 1146 4402 tu
1187 4357 1415 4401 transeas
1441 4344 1509 4397 ad
1541 4359 1620 4397 me
1645 4340 1827 4396 callent

231 4447 353 4499 hunc
400 4453 446 4500 et
489 4445 780 4498 columnam
824 4443 957 4495 lianc
999 4442 1053 4494 in
1097 4439 1294 4492 malitia
1323 4454 1339 4491 :
1366 4436 1456 4491 53.
1498 4433 1639 4489 Deus
1662 4432 1829 4485 Abra-

231 4540 338 4591 Itam
358 4580 372 4603 ,
401 4547 447 4592 et
479 4536 623 4590 Deus
655 4534 865 4589 Nachor
877 4533 1074 4604 judicet
1100 4532 1230 4585 inter
1250 4544 1361 4583 nos.
1396 4525 1530 4581 Vide
1560 4522 1831 4593 quomodo

230 4645 343 4683 cum
385 4640 541 4698 patre
585 4637 641 4682 et
678 4641 839 4679 avum
887 4638 1041 4678 suum
1083 4622 1390 4690 conjunxit,
1418 4617 1510 4688 qui
1539 4616 1705 4670 frater
1730 4612 1832 4667 fuit

202 4719 580 4790 ‘patriarchaa,
630 4717 798 4787 ipsius
838 4726 1017 4771 autem
1060 4728 1210 4767 avus.
1262 4712 1401 4766 Deus
1446 4708 1738 4770 Abraham,
1785 4713 1834 4758 et

234 4810 363 4866 Deus
414 4810 631 4865 Nacltor
664 4808 861 4879 judicet
899 4809 1030 4861 inter
1071 4822 1184 4859 nos.
1214 4804 1302 4859 54.
1352 4801 1419 4857 Ει
1444 4801 1640 4873 juravit
1668 4799 1829 4853 Jacob

236 4922 318 4974 per
352 4905 583 4957 timorem
613 4900 712 4955 Dei
740 4901 897 4970 patris
916 4899 995 4953 sui
1024 4897 1205 4963 Isaac,
1235 4905 1281 4949 et
1310 4893 1613 4962 sacriﬁcavit
1638 4891 1838 4959 sacriﬁ-

238 4996 363 5047 cium
388 4996 439 5047 in
473 5002 645 5046 monte
671 5007 689 5045 :
720 5000 764 5044 et
789 4991 980 5044 vocavit
1012 4992 1195 5060 fratres
1222 5003 1339 5044 suos
1371 5002 1391 5040 :
1420 4995 1465 5039 et
1485 4983 1833 5048 comederunt,

238 5098 280 5141 et
304 5088 534 5142 biberunt
554 5126 571 5153 ,
600 5095 647 5138 et
667 5084 980 5154 dormierunt
1010 5084 1062 5137 in
1091 5092 1275 5135 monte.
1302 5079 1623 5148 Sacri/ienuit
1643 5077 1840 5146 sacri/i-

241 5180 366 5231 cium
402 5179 456 5231 in
486 5186 658 5230 monte
688 5190 707 5229 :
741 5174 968 5245 gratias,
1003 5174 1203 5243 inquit,
1232 5172 1339 5242 egit
1379 5170 1487 5225 Deo
1518 5170 1587 5225 ob
1626 5184 1688 5223 ea
1719 5184 1840 5238 qua:

243 5268 582 5333 acciderant;
627 5266 695 5321 Et
733 5268 1095 5331 comederunt,
1144 5275 1191 5319 et
1233 5266 1491 5329 biberunt,
1535 5273 1581 5317 et
1623 5263 1844 5316 dormie—

247 5374 358 5414 runt
400 5362 455 5415 in
507 5371 696 5415 monte.
741 5361 830 5415 55.
879 5359 1114 5413 Surrexit
1155 5368 1322 5411 autent
1368 5356 1544 5410 Laban
1589 5372 1767 5422 mane,
1796 5365 1842 5409 et

247 5455 496 5507 osculatus
535 5462 609 5506 est
652 5454 785 5520 ﬁlios
812 5471 929 5507 suos
956 5463 1001 5507 et
1032 5452 1167 5520 ﬁlias
1196 5468 1314 5505 suas
1335 5494 1350 5517 ,
1383 5461 1427 5505 et
1456 5448 1705 5504 benedixit
1736 5464 1840 5501 eos.

250 5542 312 5596 Et
349 5561 576 5600 reversus
614 5543 790 5597 Laban
819 5547 940 5599 abiit
980 5547 1031 5599 in
1058 5546 1225 5599 locum
1250 5559 1416 5598 suum.
1454 5542 1681 5609 Vidisti,
1712 5540 1843 5595 dile-

312 5683 325 5711 ¹
366 5687 416 5729 El
439 5680 555 5742 [erit
580 5680 764 5730 collem.
806 5689 916 5729 ture
951 5680 1168 5741 pluribus
1209 5686 1465 5729 narrantur
1486 5684 1532 5729 in
1559 5689 1697 5732 textu
1724 5688 1847 5735 Scri-

253 5747 417 5800 ptura}.
437 5744 521 5790 uhi
546 5744 721 5791 dicitur
746 5746 891 5790 θυρίδι)
928 5745 1221 5851 ιιμηυίνῖιὶδδθ
1250 5742 1482 5791 fratribus
1518 5747 1620 5795 suis
1648 5756 1698 5796 ut
1726 5746 1848 5810 lapi-

256 5806 338 5851 (le
356 5812 717 5851 eoaccrvarent.
746 5818 909 5851 omne
939 5807 993 5851 iis
1009 5804 1082 5851 col
1106 5818 1181 5851 ein
1201 5805 1528 5851 constituisse.

256 5806 338 5855 de:
356 5812 718 5864 concertarent,
746 5818 909 5867 exque
939 5807 993 5853 iis
1009 5804 1181 5855 collem
1201 5805 1528 5855 constituisse.

1204 379 1267 435 ΙΝ
1300 376 1448 436 CAP.
1476 374 1692 434 XXXII.
1719 372 1965 431 GENES.
2011 375 2240 433 IIOMIL.
2284 376 2466 434 LVIII.

3406 383 3513 440 506

1916 501 2036 560 cte,
2080 504 2277 565 quanta
2327 495 2422 550 Dei
2470 493 2767 565 sapientia,
2815 496 3086 565 quomodo
3132 511 3238 551 uno
3282 495 3423 553 laeto
3463 508 3518 555 et

1914 598 2064 640 suam
2105 600 2230 655 erga
2266 585 2468 655 justum
2506 585 2799 642 declaravit
2832 584 3224 655 providentiam
3245 629 3259 651 ,
3282 596 3337 642 et
3366 588 3517 643 illum

1913 678 1983 734 ab
2022 678 2281 749 injustitia
2309 678 2563 744 abduxit,
2595 688 2649 735 ct
2678 680 2731 734 in
2761 678 2956 734 divinm
2986 678 3185 734 notitiae
3213 680 3355 734 viam
3382 694 3520 749 pau-

1912 770 2061 824 latim
2090 770 2305 825 induxit
2334 770 2605 828 Labanum
2622 811 2638 837 ,
2669 769 3068 825 interminando
3088 770 3135 824 ei
3162 785 3231 824 ne
3248 770 3372 840 quid
3389 772 3517 825 mali

1912 870 2101 915 contra
2127 860 2298 917 Jacob
2324 862 2663 932 loqueretur:
2684 869 2738 917 et
2763 862 2853 933 qui
2882 862 3035 932 quasi
3059 860 3170 916 fera
3201 862 3519 917 accurrebat

1911 963 1965 1007 et
1994 954 2458 1024 comprehendere
2490 964 2650 1024 atque
2693 953 2997 1009 interﬁcere
3050 952 3297 1020 volebat,
3321 952 3521 1007 desinit

1913 1048 1965 1101 in
1992 1047 2365 1103 defensionem
2389 1088 2404 1111 ,
2436 1056 2493 1101 et
2521 1047 2574 1100 in
2607 1044 2838 1101 ﬁliorum
2872 1044 3209 1115 ﬁliarumque
3235 1043 3519 1099 deoscula-

1913 1141 2148 1205 tionem,
2193 1148 2248 1194 et
2289 1140 2368 1194 sic
2398 1138 2615 1193 domum
2644 1137 2822 1193 redit?
2862 1137 3024 1193 Forte
3052 1136 3313 1206 prolixius
3338 1149 3523 1191 sermo

1909 1246 1970 1285 se
2012 1230 2284 1293 extendit,
2331 1229 2428 1284 sed
2470 1229 2728 1301 ignoscite
2760 1246 2772 1283 :
2802 1243 2908 1285 non
2955 1229 3056 1283 hoc
3081 1236 3274 1297 sponte
3300 1226 3522 1282 admisi;

1910 1335 2033 1374 mus
2058 1360 2072 1386 ,
2109 1320 2203 1374 sed
2232 1320 2407 1390 coegit
2436 1335 2536 1373 nos
2560 1318 2799 1374 historia!
2825 1319 2983 1373 ratio.

1984 1412 2201 1467 Moralis
2240 1412 2544 1467 exhortatio.
2593 1442 2666 1453 --
2704 1410 2831 1466 Ideo
2877 1412 2963 1465 hic
3001 1411 3224 1465 missum
3257 1408 3518 1464 facientes

1909 1518 2217 1559 sermonem
2246 1546 2260 1569 ,
2300 1518 2519 1557 oramus
2546 1512 2777 1559 vestram
2806 1502 3084 1557 caritatem
3104 1542 3121 1569 ,
3154 1510 3211 1556 ut
3236 1500 3415 1556 omnia
3443 1498 3522 1553 fa-

1908 1595 2114 1651 ciamus
2154 1605 2207 1650 et
2251 1603 2573 1661 tractemus,
2619 1608 2728 1664 quo
2766 1607 3053 1663 supernam
3084 1591 3238 1646 nobis
3260 1590 3520 1647 concilie-

1911 1701 2031 1741 mus
2077 1685 2534 1741 benevolentiam.
2575 1683 2707 1738 Natn
2735 1683 2782 1737 si
2819 1683 2988 1737 Deum
3017 1681 3359 1735 habuerimus
3385 1680 3519 1733 ami-

1910 1793 2035 1833 cum
2058 1819 2073 1843 ,
2100 1778 2281 1833 omnia
2311 1777 2466 1832 nobis
2495 1775 2669 1835 facilia
2697 1783 2857 1830 erunt
2885 1789 2899 1827 :
2928 1782 2982 1829 et
3014 1772 3143 1826 nihil
3171 1786 3269 1825 nos
3296 1771 3347 1824 in
3382 1785 3519 1839 prae-

1911 1868 2053 1922 senti
2094 1868 2201 1922 vita
2247 1868 2569 1922 contristare
2614 1865 2847 1935 poterit,
2887 1862 3134 1934 quamvis
3164 1861 3517 1931 iujucundum

1909 1972 2033 2014 esse
2060 1958 2323 2013 videatur.
2374 1956 2545 2012 Tanta
2575 1955 2719 2011 enim
2753 1954 2871 2024 ejus
2902 1954 3114 2009 virtutis
3138 1961 3224 2008 est
3249 1952 3520 2008 excellen-

1912 2052 2019 2115 tia,
2065 2061 2123 2106 ut
2170 2051 2331 2106 etiam
2377 2066 2439 2106 ea
2484 2064 2607 2119 quae
2648 2050 2816 2103 tristia
2868 2057 3022 2112 sunt,
3064 2045 3299 2117 jucunda
3344 2043 3524 2099 facere

1908 2152 2093 2213 queat.
2116 2142 2207 2198 Sic
2228 2150 2282 2197 et
2311 2142 2509 2198 Paulus
2536 2141 2588 2196 in
2616 2139 2998 2195 afﬂictionibus
3028 2138 3295 2193 exsistens
3319 2136 3521 2205 gaude-

1912 2240 2004 2294 bat
2031 2247 2087 2293 et
2115 2236 2420 2293 exsultabat
2439 2235 2846 2304 exspectatione
2872 2232 3238 2301 repositorum
3260 2229 3525 2283 bonorum

1911 2331 2181 2386 animatus
2212 2328 2388 2399 (Rom.
2414 2328 2468 2384 5.
2501 2327 2556 2382 2.
2583 2328 2657 2388 5).
2692 2326 2981 2396 Propterea
3009 2333 3063 2378 et
3090 2320 3349 2393 propheta
3375 2319 3525 2375 dice-

1920 2422 2011 2477 bat
2044 2437 2057 2472 :
2091 2418 2159 2472 In
2184 2419 2454 2490 aﬂlictione
2481 2417 2709 2471 dilatastt'
2739 2416 2863 2469 mihi
2906 2413 3079 2485 (Psal.
3111 2413 3165 2467 4.
3193 2412 3255 2482 2)
3284 2409 3529 2466 :docens

1916 2526 2016 2566 nos
2041 2550 2055 2575 ,
2094 2510 2261 2565 Deum
2294 2524 2353 2564 se
2375 2509 2427 2563 in
2464 2508 2577 2577 ipsa
2610 2506 2904 2562 afﬂictione
2931 2504 3161 2560 liberum
3191 2512 3248 2559 et
3269 2501 3527 2571 tranquil-

1917 2603 2028 2657 lum
2076 2601 2450 2657 constituisse.
2500 2599 2685 2654 Talem
2720 2599 2879 2669 igitur
2910 2597 3171 2652 habentes
3202 2592 3528 2657 Dominum,

1918 2704 2024 2748 tam
2066 2701 2375 2763 potentem,
2420 2700 2527 2747 tam
2570 2692 2871 2761 sapientem
2896 2729 2912 2755 ,
2966 2696 3180 2758 tamque
3219 2686 3530 2741 misericor-

1915 2785 2071 2854 dem,
2117 2786 2262 2855 quod
2309 2795 2551 2839 nostrum
2595 2793 2678 2838 est
2714 2781 3036 2845 aderamus,
3067 2778 3388 2849 virtutisque
3414 2791 3529 2829 ma-

1919 2894 2079 2950 gnam
2110 2878 2408 2934 habeamus
2437 2878 2701 2932 rationem
2724 2918 2739 2943 ,
2773 2884 2829 2929 ut
2860 2888 2969 2929 non
2999 2873 3173 2929 solum
3203 2869 3485 2941 przesentia
3514 2909 3529 2932 ,

1918 2970 2015 3026 sed
2056 2979 2111 3025 et
2148 2968 2326 3024 futura
2369 2969 2508 3024 bona
2547 2982 2973 3036 consequamur,
3001 2964 3173 3036 gratia
3202 2973 3256 3018 et
3281 2961 3530 3032 benigni-

1920 3071 2027 3117 tate
2056 3060 2265 3114 Domini
2295 3059 2466 3113 nosui
2492 3058 2621 3114 Jesu
2649 3056 2883 3121 Christi,
2910 3070 3035 3111 cum
3062 3068 3171 3124 quo
3197 3052 3342 3109 Patri
3370 3051 3529 3106 simul

1918 3163 1974 3210 et
2021 3152 2245 3222 Spiritui
2294 3160 2481 3206 sancto
2524 3152 2596 3204 sit
2641 3150 2848 3221 gloria,
2899 3147 3184 3216 imperium
3220 3186 3238 3213 ,
3283 3158 3427 3199 nunc
3475 3153 3531 3198 et

1918 3258 2135 3315 semper
2153 3286 2167 3309 ,
2201 3254 2256 3299 et
2281 3244 2334 3298 in
2365 3244 2562 3299 sarcula
2589 3240 2932 3297 smculorum.
2956 3239 3155 3293 Amen.

2478 3374 2761 3434 llOMlLIA
2801 3373 2984 3429 LVlll.

1926 3518 1988 3573 Et
2012 3518 2216 3573 elevatis
2245 3504 2409 3571 oculis
2429 3514 2591 3570 Iacob
2621 3513 2747 3567 vidit
2782 3520 2951 3566 castra
2995 3509 3089 3566 Dei
3114 3519 3300 3564 metata
3322 3550 3338 3573 ,
3361 3518 3409 3563 et
3438 3524 3528 3562 oc-

1992 3619 2256 3667 currerunt
2296 3608 2343 3663 ei
2370 3608 2538 3678 angeli
2562 3604 2695 3670 Dei;
2730 3620 2853 3673 quos
2872 3620 2988 3657 cum
3007 3602 3211 3656 vidisset
3234 3643 3251 3668 ,
3283 3600 3412 3655 dixit
3438 3599 3538 3654 Ja-

1995 3705 2087 3759 cob
2132 3719 2151 3758 :
2194 3702 2376 3757 Castra
2406 3699 2498 3753 Dei
2527 3706 2646 3754 sunt
2672 3699 2782 3751 lucc
2802 3737 2818 3759 ,
2848 3705 2895 3750 et
2919 3695 3195 3765 appellarit
3224 3710 3406 3749 nomen
3433 3694 3533 3748 loci

1996 3796 2135 3850 illius
2154 3837 2168 3863 ,
2196 3794 2377 3849 Castra
2407 3791 2560 3863 (Gen.
2589 3789 2677 3846 32.
2710 3785 2877 3860 1.-2).

1998 3954 2049 4007 1.
2070 3950 2195 4007 Scio
2220 3964 2317 4003 vos
2339 3946 2456 4003 heri
2482 3944 2803 4017 defatigatos
2828 3942 3017 4010 fuisse,
3049 3942 3205 3998 nobis
3232 3957 3539 3998 sermonem

1929 4044 2192 4115 prolixius
2216 4038 2632 4095 extendentibus
2661 4054 2676 4089 :
2709 4034 2807 4091 sed
2834 4034 2979 4089 bono
3008 4042 3184 4089 estote
3204 4034 3385 4087 animo
3409 4050 3423 4098 ;
3456 4033 3540 4087 la-

1930 4136 2031 4191 bor
2074 4143 2256 4189 vester
2304 4147 2413 4187 non
2460 4139 2543 4185 est
2589 4128 2764 4183 inanis
2794 4145 2807 4182 ε
2843 4127 2897 4181 in
2930 4126 3161 4182 Domino
3189 4124 3335 4181 enim
3367 4125 3541 4180 factus

1931 4237 2045 4292 est,
2077 4235 2298 4297 propter
2322 4240 2481 4295 quem
2508 4230 2565 4279 et
2588 4222 2764 4277 brevis
2791 4220 2940 4274 labor
2961 4234 3211 4290 magnam
3234 4218 3543 4281 mercedem

1931 4321 2087 4377 vobis
2128 4320 2388 4374 allaturos
2436 4326 2539 4371 est.
2592 4313 2727 4370 Nam
2772 4313 2897 4367 licet
2943 4327 3142 4382 corpus
3186 4311 3500 4381 fatigaretur
3528 4353 3545 4376 ,

1932 4415 2113 4469 anima
2162 4421 2340 4466 tamen
2389 4410 2559 4480 magis
2596 4406 3035 4462 conﬁrmabatur.
3082 4405 3206 4461 Ideo
3238 4415 3293 4460 et
3320 4406 3434 4476 ipse
3462 4405 3541 4460 vi-

1935 4504 2070 4558 dens
2109 4513 2346 4558 vestrum
2393 4502 2605 4558 fervens
2647 4497 2975 4553 desiderium
3014 4506 3067 4552 et
3098 4496 3372 4564 studium,
3397 4496 3543 4551 vole-

1936 4595 2058 4649 bam
2088 4593 2408 4648 contrahere
2438 4589 2697 4647 doctrinae
2734 4603 3081 4652 sermonem;
3118 4588 3212 4642 sed
3258 4595 3545 4656 antequam

1939 4688 2187 4743 ﬁniretur
2234 4685 2491 4749 historia,
2546 4682 2730 4747 nolui,
2772 4681 2950 4736 sciens
2998 4695 3083 4734 me
3128 4680 3283 4735 vobis
3326 4680 3426 4734 hac
3462 4695 3544 4733 ra-

1942 4784 2090 4837 tione
2130 4781 2301 4851 tnagis
2327 4778 2767 4849 gratiﬁcaturum.
2799 4773 3081 4829 Multitudo
3106 4774 3252 4829 enim
3278 4772 3549 4828 dictorum

1941 4876 2074 4929 satis
2112 4871 2426 4928 declarabat
2468 4868 2798 4939 inexplebile
2841 4875 3076 4922 vestrum
3127 4864 3451 4921 desiderium
3493 4873 3550 4919 et

1942 4966 2181 5021 studium
2224 4964 2476 5021 audiendi
2522 4963 2733 5019 avidum
2787 4980 2799 5015 :
2854 4970 3134 5030 propterea
3178 4969 3233 5014 et
3275 4960 3389 5028 ipse
3427 4972 3557 5014 cum

1946 5058 2138 5128 majori
2182 5058 2461 5113 alacritate
2491 5073 2586 5112 vos
2614 5056 2812 5135 docere
2840 5054 3066 5124 incipio,
3099 5053 3286 5108 videns
3315 5061 3556 5107 vestram

1946 5152 2189 5223 quotidie
2216 5149 2579 5221 appetentiam
2607 5163 2875 5204 crescere.
2906 5148 3019 5216 Age
3051 5155 3105 5201 et
3137 5145 3294 5199 hodie
3320 5159 3440 5214 qua:
3473 5158 3559 5198 se-

1949 5254 2185 5315 quuntur
2226 5244 2533 5299 hesternam
2581 5242 2868 5297 lectionem
2908 5254 3010 5309 pro
3039 5238 3174 5293 virili
3219 5245 3398 5291 nostra
3434 5252 3559 5306 per.

1953 5350 2280 5403 tractemus,
2312 5347 2630 5392 consuetum
2653 5347 2846 5389 vestra:
2868 5331 3078 5387 caritati
3097 5329 3401 5385 convivium
3434 5343 3561 5397 pro-

1956 5442 2220 5501 ponentcs
2245 5471 2260 5495 ,
2312 5438 2366 5484 et
2394 5430 2700 5493 videamus,
2735 5434 2857 5496 post
2885 5426 3180 5480 discessum
3214 5422 3393 5478 Laban
3424 5437 3560 5491 quo—

1956 5522 2115 5577 modo
2152 5523 2329 5591 justus
2359 5522 2459 5573 iter
2489 5520 2727 5589 arripiat.
2760 5518 2902 5572 Nihil
2934 5518 3075 5573 enim
3107 5529 3564 5585 supervacaneum

1957 5617 2008 5671 in
2050 5617 2233 5670 divina
2281 5616 2553 5684 Scriptura
2596 5616 2827 5684 positum
2875 5623 2996 5679 cst,
3044 5611 3141 5667 sed
3182 5611 3359 5665 omnia
3387 5624 3505 5677 qua:
3539 5622 3568 5662 τι

1952 5709 2111 5778 justis
2157 5708 2332 5771 ﬁunt,
2374 5707 2603 5759 maxima
2648 5706 2875 5759 utilitate
2925 5705 3083 5773 plena
3126 5712 3273 5757 sunt.
3301 5700 3573 5767 Quoniam

1962 5800 2103 5855 enim
2141 5798 2514 5853 universorum
2550 5798 2830 5851 llotuiuum
2860 5799 3115 5850 continuo
3139 5792 3442 5849 habuerunt
3472 5806 3570 5846 cev
