4182 6322
662 333 763 388 507

659 449 879 514 mitem,
925 454 979 502 et
1021 448 1228 504 itineris
1272 449 1610 507 difficultates
1655 453 1965 510 reddentem
2019 455 2239 518 faciles.

656 538 878 591 multum
924 539 1083 593 etiam
1124 554 1221 596 nos
1259 542 1499 598 utilitatis
1539 561 1608 600 ex
1651 561 1814 614 parvo
1841 562 2026 602 eorum
2055 550 2243 604 itinere

658 640 938 693 pessumus
965 630 1259 699 percipere.
1282 631 1412 685 Nam
1439 644 1716 704 postquam
1741 636 1921 690 Laban
1951 638 2001 691 in
2023 638 2238 692 domum

654 731 805 768 suam
836 717 998 782 abiit,
1034 719 1088 773 1.
1118 719 1181 772 Et
1200 718 1359 776 Iacob
1389 723 1520 776 viam
1544 741 1690 778 suam
1727 729 1981 796 perrexit,
2009 737 2056 782 et
2075 727 2240 781 eleva-

655 806 718 858 tis
740 808 901 862 oculis
928 809 1050 862 vidit
1076 821 1240 865 castra
1267 813 1362 867 Dei
1389 825 1756 872 castrametata
1790 835 1892 872 esse
1915 859 1929 883 ,
1948 822 1996 872 et
2012 836 2240 874 occurre-

655 907 775 951 runt
815 900 861 953 ei
895 901 1060 971 angeli
1103 901 1197 957 Dei
1226 904 1412 974 (Caput
1439 908 1551 975 52).
1576 909 1859 979 Postquam
1890 912 2036 965 enim
2061 927 2240 966 cessa-

656 988 769 1053 vit,
810 999 863 1043 et
907 991 1067 1046 ﬁnem
1117 992 1300 1050 habuit
1345 997 1504 1051 timor
1528 997 1765 1064 Labaui,
1794 1001 2005 1070 excepit
2026 1016 2148 1056 eum
2176 1003 2240 1057 tir-

659 1095 775 1131 mor
808 1081 988 1136 fratris
1028 1101 1042 1137 :
1086 1099 1304 1155 prepter
1333 1088 1433 1143 hoc
1457 1090 1692 1145 clemens
1720 1092 1975 1149 Dominus
2002 1096 2240 1152 animare

655 1171 851 1236 justum
878 1174 1062 1226 volens
1081 1217 1095 1238 ,
1129 1185 1183 1229 et
1201 1193 1413 1232 onmem
1434 1179 1549 1248 ejus
1575 1191 1774 1237 metum
1795 1183 2086 1251 discutere,
2117 1188 2240 1243 fecit

656 1270 712 1312 ut
739 1263 1047 1329 angelorum
1066 1265 1270 1321 videret
1295 1279 1486 1324 castra.
1520 1270 2021 1340 Occurreruntenim,
2047 1278 2235 1349 inquit,

656 1351 700 1400 ei
723 1353 889 1420 angeli
910 1351 1024 1407 Dei.
1051 1354 1105 1408 2.
1131 1356 1196 1410 Et
1217 1359 1344 1413 dixit
1362 1360 1546 1429 Iacob,
1569 1376 1738 1420 castra
1757 1366 1856 1421 Dei
1873 1379 1990 1423 sunt
2014 1371 2142 1425 lucc.
2169 1371 2236 1424 Et

657 1442 846 1493 vocavit
875 1458 1052 1497 nomen
1079 1447 1176 1499 loci
1202 1450 1340 1519 ejus,
1375 1450 1553 1507 Castra
1575 1470 1594 1508 :
1621 1465 1678 1509 ut
1701 1471 1764 1511 ex
1797 1473 1858 1511 ea
1885 1460 2238 1527 appellatione

662 1541 913 1598 perpetua
943 1549 1185 1591 maneret
1207 1543 1460 1596 memoria
1483 1545 1701 1601 visionis
1729 1564 1846 1616 qure
1868 1550 1978 1604 illic
1997 1550 2044 1604 ei
2067 1553 2240 1606 conti-

655 1631 824 1689 gerat.
857 1623 1055 1678 Deinde
1073 1638 1187 1694 post
1205 1629 1460 1686 visionem
1485 1636 1640 1701 hanc,
1659 1639 1712 1692 ὅ.
1738 1638 1898 1705 Misit,
1921 1641 2239 1711 inquit,ante

653 1726 706 1764 se
734 1715 933 1767 nuntios
961 1717 1029 1767 ad
1068 1716 1206 1772 Esau
1233 1721 1441 1788 fratrem
1467 1742 1632 1792 suum,
1662 1738 1707 1782 et
1733 1731 1988 1784 mandavit
2027 1733 2096 1785 eis
2118 1774 2134 1800 ,
2153 1735 2237 1787 di-

654 1803 884 1857 cens:Sic
899 1805 1072 1860 dicetis
1093 1809 1294 1864 domino
1322 1830 1431 1867 meo
1455 1814 1753 1874 EsaitNide
1772 1829 1824 1874 el
1839 1830 1957 1889 post
1978 1822 2235 1878 visionem

652 1903 883 1959 quantus
911 1896 1087 1952 adhuc
1117 1900 1274 1954 timor
1305 1905 1522 1973 urgebat
1545 1905 1764 1975 justum.
1806 1909 2050 1966 Timebat
2089 1913 2232 1967 enim

653 1981 832 2036 fratris
858 1985 1181 2054 violentiam,
1212 1999 1265 2045 et
1296 1994 1590 2062 angebatur
1620 1998 1821 2065 animo,
1864 2017 1930 2056 ne
1958 2001 2091 2058 forte
2117 2019 2232 2059 me-

652 2071 818 2125 moria
840 2088 1023 2130 eorum
1050 2093 1168 2146 qua:
1196 2081 1320 2136 olim
1350 2083 1484 2138 facta
1511 2099 1634 2142 sunt
1661 2087 1963 2159 impelleret
1989 2095 2135 2149 illum
2166 2097 2232 2151 ad

651 2159 888 2216 insidias.
937 2165 992 2218 ι.
1021 2166 1204 2233 Dicite,
1238 2171 1425 2242 inquit,
1459 2175 1661 2232 domino
1688 2197 1796 2234 meo
1827 2182 1968 2237 Esau
1995 2201 2012 2238 :
2037 2185 2128 2240 Sic
2150 2189 2232 2240 di-

649 2252 715 2302 cit
763 2268 933 2308 servus
968 2266 1081 2311 tuus
1109 2258 1267 2315 Iacob
1309 2281 1326 2316 :
1359 2263 1665 2336 Peregrinus
1695 2271 1770 2340 fui
1803 2289 1917 2326 cum
1959 2274 2156 2342 Laban,
2187 2287 2234 2331 et

650 2343 800 2412 longo
842 2354 1061 2415 tempore
1103 2351 1171 2403 ibi
1198 2364 1422 2408 moratus
1449 2374 1560 2410 sum
1589 2376 1744 2427 usque
1769 2379 1920 2428 nunc,
1953 2365 2006 2419 5.
2038 2375 2084 2419 et
2113 2382 2234 2420 con-

649 2432 867 2500 tigerunt
891 2438 1015 2489 milii
1043 2438 1204 2506 boves,
1230 2452 1280 2495 et
1306 2445 1482 2512 asinat,
1514 2457 1560 2501 et
1590 2464 1722 2513 oves,
1755 2461 1801 2503 et
1828 2455 1972 2518 servi,
1999 2464 2045 2507 et
2066 2457 2230 2509 ancil-

647 2523 730 2585 Iw,
754 2533 798 2576 et
842 2527 955 2579 misi
999 2539 1051 2581 at
1078 2535 1464 2588 annuntiaretur
1489 2538 1692 2592 domino
1735 2557 1844 2594 meo
1873 2542 2034 2610 Esat't,
2067 2556 2119 2599 ut
2146 2549 2228 2600 in-

647 2615 810 2666 veniat
835 2633 960 2684 puer
985 2629 1100 2674 tuus
1137 2625 1353 2691 gratiam
1384 2643 1552 2680 coram
1581 2641 1646 2683 te.
1699 2633 1926 2689 Attende
1964 2641 2231 2706 quomodo

655 2704 840 2758 timeat
877 2706 1091 2763 fratrem
1123 2728 1137 2764 :
1168 2723 1221 2766 et
1272 2726 1545 2785 propterea
1599 2721 1809 2789 placare
1859 2704 1994 2779 eunti
2021 2729 2225 2799 volens,

649 2796 936 2860 prmmittat
962 2800 1262 2869 signiﬁcans
1287 2807 1335 2860 ei
1366 2817 1419 2861 et
1453 2810 1678 2866 reditum
1710 2830 1862 2870 suum
1891 2827 1944 2872 et
1970 2796 2220 2877 substan;

645 2883 769 2936 tiam
789 2900 905 2954 quae
935 2888 1376 2962 sihicontigerat,
1406 2909 1458 2952 et
1488 2900 1577 2954 ubi
1606 2912 1752 2958 tanto
1781 2914 2021 2975 tempore
2045 2926 2225 2966 mora-

646 2982 730 3027 tus
762 2973 937 3044 fuerit,
971 2988 1027 3033 ut
1054 2982 1262 3049 placato
1286 2988 1400 3054 ejus
1427 2988 1606 3046 furore
1645 2973 1968 3051 clementem
1999 2999 2225 3058 reddere

647 3067 854 3133 possit:
901 3069 951 3122 id
999 3075 1141 3140 quod
1180 3086 1232 3130 et
1291 3076 1486 3134 factum
1536 3092 1643 3149 est,
1681 3085 1788 3140 Deo
1841 3103 1934 3143 cor
1968 3091 2108 3147 illius
2132 3093 2225 3148 de-

644 3156 929 3224 mulcente,
954 3170 1008 3214 et
1034 3163 1177 3217 illum
1207 3170 1532 3224 tractabilem
1563 3174 1826 3230 exstincta
1851 3179 1925 3232 ira
1967 3181 2216 3240 faciente.

643 3246 773 3301 Nam
801 3250 843 3303 si
872 3251 1141 3309 Labanum
1171 3259 1258 3326 qui
1304 3268 1443 3315 tanta
1479 3265 1834 3322 concitatione
1864 3275 2220 3343 persequeba-

644 3348 748 3402 tur,
796 3339 1052 3398 deterruit
1083 3361 1176 3414 per
1212 3363 1273 3403 ea
1303 3366 1422 3419 qua:
1460 3353 1526 3406 ad
1560 3355 1730 3424 ipsum
1760 3359 1969 3415 dicebat
2004 3339 2219 3420 :vmulto

642 3430 807 3498 magis
834 3431 1046 3488 fratrem
1075 3441 1483 3496 mansuetiorem
1515 3459 1638 3515 erga
1653 3446 1854 3516 justum
1888 3451 2134 3507 reddidit.
2161 3456 2217 3512 6.

646 3519 846 3575 lieversi
868 3534 982 3576 sunt
1002 3536 1192 3594 autem,
1219 3529 1405 3600 inquit,
1439 3535 1655 3590 dicentes
1677 3555 1695 3591 :
1730 3537 1965 3596 Venimus
2008 3545 2076 3598 ad
2098 3546 2215 3612 fra-

646 3618 772 3660 trem
791 3620 950 3677 tuum,
980 3624 1027 3666 et
1066 3617 1195 3669 venit
1228 3620 1280 3671 in
1318 3636 1577 3678 occursum
1598 3638 1756 3693 tuum,
1784 3639 1829 3682 et
1865 3634 2218 3707 quadringenti

639 3700 730 3751 viri
754 3717 866 3754 cum
887 3719 963 3755 eo.
985 3703 1116 3759 Vide
1131 3713 1396 3776 quomodo
1413 3727 1464 3769 et
1492 3716 1627 3771 istud
1652 3720 1820 3788 ipsum
1842 3700 1997 3794 auget
2014 3700 2213 3784 metum

638 3790 784 3855 justi.
817 3793 999 3863 Neque
1043 3799 1183 3852 enim
1212 3803 1413 3857 sciebat
1432 3806 1704 3863 evidenter
1727 3790 1960 3870 mentem
1990 3818 2168 3876 fratris
2197 3840 2211 3877 :

635 3881 726 3934 sed
747 3893 797 3936 ut
819 3883 1000 3941 didicit
1023 3889 1408 3948 multitudinem
1429 3900 1748 3954 venientium
1766 3918 1885 3958 cum
1904 3906 2012 3974 illo,
2033 3909 2214 3966 formi-

635 3971 796 4036 davit,
826 3977 1100 4045 suspicans
1126 3997 1192 4036 ne
1214 3987 1362 4052 quasi
1386 3988 1438 4041 in
1462 3987 1658 4044 bellum
1683 4005 1867 4051 coatra
1893 4012 1952 4053 se
1981 4003 2207 4070 veniret,

637 4071 691 4114 et
721 4062 787 4116 ita
819 4065 977 4120 vellet
997 4081 1298 4126 occurrere.
1328 4075 1378 4128 7.
1410 4075 1595 4132 Timuit
1625 4083 1789 4150 enim,
1815 4085 2002 4156 inquit,
2025 4062 2206 4161 Iacob,

630 4160 680 4202 et
707 4154 972 4220 perplexas
1010 4169 1134 4211 erat.
1180 4162 1428 4218 Formido
1459 4179 1688 4224 mentem
1723 4174 1841 4241 ejus
1875 4154 2205 4250 turbaverat,

632 4251 685 4294 et
736 4245 1007 4302 nesciebat
1059 4253 1183 4319 quid
1239 4255 1454 4326 faceret,
1501 4263 1593 4315 sed
1637 4269 1829 4321 mansit
1869 4245 2201 4340 pcrplexusi

629 4343 909 4401 propterea
952 4338 1123 4394 timuit
1152 4347 1303 4411 quasi
1333 4347 1401 4402 de
1422 4351 1591 4407 salute
1621 4370 1737 4422 sua,
1769 4338 2060 4417 etmortem
2082 4376 2206 4422 ante

627 4425 812 4479 oculos
862 4427 1084 4486 habens.
1118 4432 1294 4489 Divisit
1319 4451 1488 4493 autem
1527 4443 1578 4495 in
1615 4446 1743 4499 duas
1777 4459 1968 4505 turmas
2005 4471 2204 4510 onmem

630 4515 873 4580 populant
894 4521 986 4588 qui
1023 4538 1189 4574 secum
1233 4537 1358 4580 erat.
1386 4531 1438 4583 8.
1464 4530 1603 4585 Dixit
1628 4538 1780 4601 enim,
1822 4539 1881 4592 Si
1921 4545 2108 4596 venerit
2132 4547 2202 4599 ad

625 4611 847 4658 (trinam
878 4624 1051 4677 unam,
1093 4622 1139 4665 et
1182 4622 1481 4684 percusserit
1525 4641 1658 4691 eam,
1701 4630 1795 4681 erit
1826 4632 1990 4687 adhuc
2016 4638 2196 4705 altera,

626 4711 735 4759 qua:
763 4698 1052 4755 salvabitur.
1085 4703 1228 4758 Talia
1258 4711 1608 4778 suggerebant
1643 4717 1690 4769 ei
1726 4718 1882 4772 timor
1925 4733 1977 4777 et
2006 4698 2194 4796 magna

627 4783 866 4842 formido.
902 4789 1099 4847 Videns
1130 4805 1304 4850 autem
1335 4813 1392 4853 se
1435 4805 1583 4870 quasi
1627 4805 1676 4857 in
1713 4811 1809 4861 reti
1841 4817 2194 4882 comprehcn-

624 4887 761 4939 sum,
790 4879 854 4930 ad
885 4879 1132 4936 invictum
1167 4885 1442 4943 Dominum
1456 4893 1707 4962 confugit,
1740 4905 1793 4950 et
1819 4879 2195 4966 promissiones

623 4980 740 5032 qua:
766 4969 813 5020 ei
842 4968 990 5025 facta:
1034 4984 1185 5028 erant
1206 4981 1394 5046 repetit
1421 4981 1489 5036 ab
1522 4988 1756 5042 omnium
1785 4990 1908 5058 Deo,
1947 4999 2094 5064 quasi
2123 5001 2196 5054 di-

620 5069 749 5109 cens
790 5057 857 5111 ad
903 5076 1024 5115 eum
1059 5082 1074 5118 :
1113 5065 1262 5121 Nune
1289 5072 1432 5123 venit
1458 5081 1663 5142 tempus
1698 5079 1746 5131 in
1765 5097 1870 5150 quo
1898 5057 2193 5158 et-prOpter

628 5148 1092 5217 primogenitorum
1126 5157 1370 5214 virtutem
1401 5203 1415 5225 ,
1448 5172 1501 5216 et
1538 5176 1752 5233 propter
1784 5176 2188 5239 promissionem

617 5252 735 5302 qua:
765 5254 794 5292 a
823 5249 871 5295 te
901 5243 1035 5297 facta
1066 5256 1146 5300 est
1181 5249 1332 5316 mihi,
1362 5252 1550 5321 dignus
1585 5255 1779 5314 habear
1805 5264 1892 5332 qui
1922 5277 2012 5322 tuo
2040 5273 2189 5340 adju-

619 5341 714 5378 ver
757 5332 1018 5393 praesidio.
1052 5335 1106 5390 9.
1154 5337 1296 5392 Dixit
1330 5345 1470 5398 enim
1498 5346 1657 5403 Iacob
1688 5369 1704 5405 :
1735 5351 1871 5408 Deus
1900 5362 2055 5424 patris
2091 5367 2187 5418 mei

615 5415 888 5486 Abraham,
915 5432 960 5474 et
995 5423 1131 5481 Deus
1166 5434 1325 5495 patris
1351 5437 1447 5488 mei
1473 5436 1640 5505 Isaac,
1661 5453 1712 5495 tu
1734 5447 1821 5511 qui
1840 5449 2011 5504 dixisti
2039 5456 2181 5522 mihi,

625 5503 758 5560 l'mfe
793 5512 844 5563 in
889 5524 1071 5568 terram
1110 5522 1554 5597 uativitatistute;
1579 5535 1665 5601 qui
1698 5541 1926 5592 evocasti
1955 5557 2058 5606 me,
2098 5545 2180 5599 iu-

613 5598 740 5664 quit,
771 5601 836 5656 de
864 5613 1001 5662 terra
1029 5609 1218 5683 aliena,
1249 5625 1300 5670 et
1332 5598 1627 5691 praecepisti
1660 5637 1714 5681 ut
1743 5630 1968 5688 redirem
1997 5635 2060 5692 ad
2091 5651 2179 5708 pa-

1372 339 1428 395 S.
1470 340 1746 397 IOANNIS
1791 340 2267 399 CllliYSOSTOMl
2309 342 2629 421 ARCHIEP.
2671 352 3206 419 CONSTANTINOP.

3829 374 3939 430 508

2358 465 2492 512 trem
2525 477 2721 529 meum,
2765 477 2818 521 et
2845 469 2896 522 in
2927 481 3120 527 terram
3154 476 3478 533 nativitatis:
3512 479 3600 536 10.
3644 481 3787 539 Satis
3811 486 3941 539 mihi

2351 552 2415 603 sit
2443 556 2458 583 ¹
2486 554 2548 608 de
2573 559 2714 610 omni
2733 560 2934 628 justitia
2957 573 3002 616 et
3025 568 3249 634 veritate,
3273 586 3424 638 quam
3453 575 3615 641 fecisti
3638 588 3794 642 puero
3825 587 3938 630 tuo.

2351 641 2588 699 Sufficiat
2618 650 2765 715 mihi,
2798 652 2986 722 inquit,
3017 658 3082 710 ad
3114 660 3408 716 subsidium
3440 663 3490 716 in
3518 667 3936 733 prasentitem-

2352 746 2499 799 pore.
2529 734 2628 802 Qui
2660 741 2799 794 enim
2824 757 2988 813 usque
3014 748 3078 801 ad
3093 764 3328 817 pra-sons
3355 763 3560 824 tempus
3589 765 3788 810 tantam
3811 774 3942 828 erga

2352 836 2437 875 me
2463 823 2742 883 declarasti
2772 834 3180 904 providentiam,
3208 849 3360 908 potes
3385 823 3546 899 etiam
3569 830 3711 901 nunc
3725 823 3942 918 eripere

2351 926 2436 967 me
2467 914 2536 970 ab
2575 923 2881 988 urgentibus
2913 928 3182 995 periculis.
3219 932 3336 986 Non
3366 936 3508 990 enim
3541 938 3763 1007 ignoro,
3793 914 3944 1009 quod

2350 1004 2416 1059 In
2468 1009 2562 1064 isto
2600 1011 2777 1069 baculo
2811 1035 2920 1072 meo
2949 1024 3157 1077 transivi
3191 1025 3472 1081 Iordanem
3511 1045 3532 1084 :
3563 1004 3666 1086 sed
3716 1042 3940 1101 propter

2349 1105 2490 1151 tuam
2527 1100 2594 1156 de
2619 1120 2705 1159 me
2730 1109 3141 1168 sollicitudinem
3167 1158 3181 1181 ,
3210 1118 3302 1187 qui
3328 1118 3571 1174 baculum
3627 1123 3806 1176 solum
3819 1100 3941 1192 ige-

2349 1198 2498 1244 stans
2531 1193 2669 1248 abivi
2701 1198 2751 1251 in
2773 1207 2968 1255 terram
2998 1204 3247 1272 alienam,
3282 1207 3436 1263 Nunc
3457 1227 3572 1264 cum
3597 1213 3797 1268 duabus
3821 1224 3940 1267 tur-

2349 1279 2442 1331 mis
2463 1282 2662 1336 adveni.
2690 1285 2766 1341 Tu
2793 1289 2970 1358 igitur,
3018 1293 3261 1364 Domine,
3292 1301 3382 1368 qui
3412 1309 3611 1354 tantam
3643 1303 3776 1356 mihi
3803 1302 3941 1358 sub-

2343 1555 2460 1621 quia
2493 1556 2642 1610 timeo
2681 1576 2772 1630 ego
2793 1579 2926 1627 eum,
2963 1582 3026 1619 ne
3066 1571 3196 1637 forte
3245 1575 3491 1638 percutiat
3527 1591 3623 1641 me,
3648 1585 3696 1628 et
3721 1586 3942 1629 matrem

2345 1660 2456 1697 cum
2497 1650 2685 1715 pueris.
2717 1651 2807 1706 12.
2839 1653 2914 1707 Tu
2936 1657 3110 1711 dixisti
3133 1677 3145 1711 :
3170 1658 3495 1731 Beuefaciam
3521 1665 3627 1731 tibi,
3669 1679 3719 1719 et
3748 1683 3942 1736 ponant

2343 1751 2508 1789 semen
2547 1747 2688 1792 tuum
2717 1743 2844 1796 sicut
2881 1762 3089 1802 arenam
3125 1753 3300 1819 maris,
3336 1769 3450 1823 qua:
3474 1758 3732 1810 numerari
3759 1760 3935 1828 nequit

2343 1845 2450 1898 pra:
2469 1833 2806 1888 multitudine.

2413 1923 2466 1975 2.
2496 1924 2656 1980 Iacob
2692 1928 2817 1997 petit
2852 1948 2884 1985 a
2921 1930 3027 1987 Deo
3062 1945 3117 1988 ut
3149 1953 3268 1990 suas
3297 1940 3651 2007 promissiones
3681 1943 3938 2009 impleat;

2342 2012 2550 2067 luctatio
2568 2014 2747 2071 Jacobi
2782 2036 2896 2074 cum
2924 2025 3103 2093 angelo
3125 2042 3145 2088 ,'
3167 2030 3376 2082 mutatio
3415 2033 3631 2086 nominis
3649 2035 3702 2087 in
3724 2033 3898 2098 Israel
3918 2054 3938 2103 ,-

2341 2122 2431 2158 cur
2458 2107 2681 2163 humana
2706 2112 2874 2183 ﬁgura
2897 2129 3177 2186 appareant
3210 2121 3400 2191 angeli.
3427 2153 3497 2162 —
3528 2123 3660 2179 Vide
3684 2126 3817 2194 justi
3847 2143 3936 2182 re—

2343 2194 2584 2263 ligiosum
2606 2201 2863 2269 animum,
2883 2215 2939 2259 et
2963 2208 3185 2276 probum
3213 2210 3458 2267 affectum
3488 2233 3501 2268 :
3534 2217 3810 2284 quomodo
3829 2233 3936 2274 non

2339 2287 2481 2342 aliud
2513 2290 2794 2348 Dominum
2826 2308 3089 2365 precatur,
3126 2318 3284 2372 quam
3313 2314 3372 2358 ut
3396 2320 3522 2360 suas
3543 2310 3937 2377 promissiones

2339 2378 2647 2449 adimpleat.
2666 2384 2731 2438 Et
2752 2385 2818 2440 de
2842 2389 3107 2457 prioribus
3123 2393 3357 2449 exhibita
3383 2398 3673 2466 gratiarum
3693 2401 3932 2468 actione,

2339 2472 2716 2544 confessusque
2751 2493 2810 2532 se
2831 2479 3030 2535 nudum
3063 2493 3116 2537 et
3136 2478 3383 2540 omnibus
3403 2488 3715 2544 destitutum
3741 2492 3794 2546 in
3821 2501 3934 2547 tan-

2341 2570 2447 2616 tam
2479 2567 2784 2632 pervenisse
2813 2569 3492 2646 abundantiam,supplicat
3518 2590 3574 2634 ut
3596 2579 3663 2636 de
3686 2583 3932 2651 periculo

2338 2669 2398 2708 se
2443 2655 2651 2711 liberet.
2703 2658 2886 2715 Dixisti
2927 2665 3092 2729 enim,
3123 2668 3313 2738 inquit,
3346 2669 3546 2724 Ponant
3590 2689 3760 2728 semen
3787 2685 3930 2728 tuum

2336 2744 2465 2796 sicut
2489 2762 2694 2800 arcnant
2725 2752 2900 2817 maris,
2928 2770 3043 2823 qua:
3065 2756 3377 2812 dinumerari
3397 2761 3584 2827 nequit.
3605 2761 3743 2817 Cum
3767 2763 3928 2833 igitur

2336 2836 2631 2892 orationem
2663 2855 2812 2896 suam
2836 2842 2902 2897 ad
2934 2844 3102 2900 Deum
3124 2847 3363 2916 fecisset,
3393 2861 3448 2904 et
3476 2853 3923 2921 supplicationem

2336 2941 2549 2994 precum
2580 2929 2880 2999 obtulisset,
2903 2934 3027 2989 facit
3051 2945 3106 2992 et
3133 2954 3286 2992 suum
3304 2941 3558 2995 officium.
3599 2943 3663 2996 Et
3684 2947 3926 3014 acceptis

2331 3022 2664 3087 muneribus,
2707 3026 2895 3096 inquit,
2928 3045 2991 3084 ex
3030 3031 3093 3085 iis
3123 3047 3241 3100 qua:
3268 3034 3544 3099 afferebat,
3569 3037 3716 3090 misit
3744 3038 3922 3104 fratri,

2330 3126 2449 3166 cum
2468 3127 2800 3186 segregasset
2815 3136 2932 3189 qua:
2951 3123 3308 3189 mitterentur,
3327 3136 3380 3180 et
3396 3128 3644 3183 mandata
3661 3131 3922 3197 dedisset,

2331 3202 2398 3256 ita
2441 3213 2496 3259 ut
2546 3207 2851 3276 placaretur
2875 3213 3032 3266 etiam
3080 3229 3175 3282 per
3205 3217 3362 3271 verba
3394 3219 3604 3274 animus
3631 3220 3835 3287 fratris,
3869 3234 3923 3278 et

2327 3308 2454 3348 suns
2490 3299 2824 3354 nuntiaretur
2863 3302 3124 3358 adventus
3159 3307 3226 3374 (v.
3275 3309 3360 3362 15.
3393 3338 3419 3350 -
3451 3308 3562 3380 19).
3605 3311 3696 3367 20.
3747 3310 3916 3368 Dicite

2325 3379 2707 3457 enim,:inquit,
2742 3389 2873 3446 Ecce
2898 3411 3023 3460 puer
3051 3405 3166 3450 tuus
3199 3397 3399 3451 advenit
3425 3410 3536 3468 post
3562 3418 3695 3465 nos;
3722 3414 3780 3458 ut
3805 3407 3914 3474 pri-

2325 3490 2468 3528 mum
2486 3478 2799 3535 redderetur
2818 3483 3048 3547 amicus,
3074 3496 3127 3539 et
3145 3495 3269 3541 tunc
3291 3487 3343 3541 in
3369 3487 3557 3544 facient
3579 3492 3698 3561 ejus
3720 3509 3917 3550 oecur-

2325 3575 2486 3621 reret.
2514 3567 2740 3624 Posthac
2775 3573 2929 3638 enim,
2967 3575 3157 3644 inquit,
3194 3577 3370 3632 videbo
3390 3580 3571 3648 [aciem
3601 3585 3714 3652 ejus
3740 3601 3758 3638 :
3784 3587 3922 3654 forte

2324 3661 2456 3712 enim
2491 3670 2699 3730 accepta
2737 3664 2831 3717 erit
2874 3666 2921 3718 ei
2957 3668 3114 3737 facies
3153 3685 3283 3722 mea.
3323 3670 3412 3726 2|.
3447 3671 3513 3726 Et
3550 3676 3920 3732 antecedebant

2323 3748 2458 3801 dona
2499 3752 2773 3806 secundum
2817 3756 2997 3824 faciem
3038 3759 3168 3828 ejus.
3214 3759 3411 3816 Verum
3461 3763 3602 3830 vide,
3657 3766 3911 3836 obsecro,

2323 3840 2641 3896 ineffabilem
2671 3843 2766 3899 Dei
2787 3845 3147 3914 clementiam,
3179 3860 3231 3905 et
3254 3855 3522 3922 quomodo
3539 3871 3757 3927 semper
3779 3875 3912 3916 con-

2319 3944 2451 3997 gruo
2467 3939 2708 4002 tempore
2725 3950 2874 3989 suam
2893 3938 3126 3994 declarat
3142 3929 3550 4009 providentiam.
3568 3947 3702 4004 Nam
3719 3949 3792 4005 de
3809 3951 3910 4006 La-

2320 4021 2422 4074 ban
2440 4023 2652 4090 quidem
2668 4027 2919 4094 quoniam
2937 4029 3113 4097 justus
3129 4032 3258 4086 nihil
3279 4035 3385 4089 tale
3400 4038 3798 4108 suspicabatur,
3819 4058 3910 4098 ne-

2316 4129 2419 4182 que
2447 4114 2654 4170 sciebat
2679 4117 2951 4174 Labanum
2983 4136 3103 4177 eum
3135 4133 3276 4179 tanta
3303 4129 3353 4182 vi
3384 4129 3635 4186 invadere
3663 4148 3724 4188 se
3744 4135 3906 4203 velle,

2316 4213 2370 4256 ut
2394 4203 2532 4258 clam
2554 4217 2867 4276 susceptum
2903 4211 2971 4263 ab
2998 4227 3058 4267 se
3104 4213 3397 4270 discessum
3426 4220 3795 4290 ulcisceretur,
3825 4226 3905 4279 di-

2313 4303 2456 4348 ctum
2479 4305 2561 4350 est
2580 4301 2890 4366 apparuisse
2905 4305 3149 4372 angelum
3174 4317 3335 4361 noctu
3362 4307 3596 4374 Labano,
3615 4323 3668 4366 et
3695 4330 3903 4385 repres-

2312 4388 2444 4442 sisse
2491 4389 2608 4458 ejus
2662 4390 2938 4460 impetum,
2995 4396 3409 4468 mandatumque
3447 4401 3660 4459 dedisse
3704 4422 3774 4462 ne
3817 4409 3904 4463 vel

2311 4492 2554 4545 asperum
2586 4482 2803 4536 verbum
2832 4484 3138 4554 loqueretur
3155 4488 3357 4546 Iacob:
3386 4493 3595 4550 dicebat
3619 4497 3790 4564 enim,
3818 4500 3901 4555 Ne

2310 4567 2529 4634 loquaris
2553 4587 2666 4624 cum
2683 4571 2843 4627 Iacob
2871 4578 3005 4629 mala
3024 4576 3172 4648 (Gen.
3199 4581 3287 4635 51.
3311 4581 3407 4652 24)
3439 4602 3452 4636 :
3477 4594 3532 4639 et
3559 4587 3661 4642 hoc
3692 4589 3762 4642 ita
3792 4589 3898 4644 dis-

2310 4660 2578 4725 pensabat,
2611 4677 2715 4731 quo
2735 4679 2830 4732 per
2851 4666 2988 4719 illius
3009 4667 3240 4737 linguam
3271 4681 3450 4725 notum
3478 4674 3626 4729 fieret
3646 4678 3827 4748 justo,‘
3844 4689 3895 4734 ut

2307 4747 2571 4803 fidentiori
2604 4763 2746 4806 esset
2778 4756 2956 4809 animo
2984 4772 3256 4826 comperta
3287 4771 3430 4818 tanta
3462 4766 3552 4820 Dei
3595 4769 3646 4820 in
3675 4785 3734 4823 se
3767 4787 3894 4840 pro-

2303 4840 2550 4894 videntia.
2585 4842 2733 4898 Nunc
2763 4855 2961 4914 autem,
2993 4850 3114 4920 quia
3157 4851 3318 4906 frater
3359 4859 3614 4925 temporis
3657 4859 3891 4932 longitu-

2303 4932 2424 4986 dine
2469 4934 2737 5003 mitigatus
2781 4948 2917 5002 erat,
2952 4941 3330 5013 quieveratqne
3376 4945 3453 5000 ira
3501 4957 3552 5002 et
3599 4949 3891 5021 indignatio

2300 5034 2485 5078 contra
2516 5024 2678 5081 Jacob
2710 5045 2724 5081 :
2761 5029 2844 5084 hic
2869 5040 3044 5086 autem
3073 5035 3263 5090 anxius
3290 5047 3424 5102 erat,
3457 5041 3648 5096 timens
3683 5053 3738 5098 et
3777 5056 3886 5101 tre-

2301 5129 2451 5168 mens
2495 5115 2669 5171 fratris
2713 5133 2992 5176 occursum
3043 5140 3056 5175 :
3104 5124 3275 5180 bonus
3323 5129 3580 5185 Dominus
3624 5148 3729 5187 non
3774 5136 3884 5204 jam

2299 5202 2439 5257 Esau
2471 5207 2727 5275 prtecipit,
2759 5206 2912 5280 (nihil
2941 5213 3082 5265 enim
3112 5225 3299 5270 contra
3339 5217 3554 5273 fratrem
3587 5202 3883 5279 meditaba-

2299 5296 2425 5362 tur).
2460 5297 2551 5351 sed
2581 5301 2779 5366 justum
2810 5302 3030 5356 solatur.
3058 5305 3187 5360 Nam
3219 5318 3495 5377 postquam
3538 5315 3770 5370 misisset
3795 5317 3880 5372 of-

2297 5374 2526 5441 ferentes
2559 5406 2800 5458 munera,
2827 5403 2884 5447 et
2906 5395 3262 5464 dormivisset,
3291 5400 3380 5454 22.
3412 5399 3717 5458 Surreaitin
3738 5420 3883 5463 nocte

2293 5477 2402 5544 illa,
2436 5490 2482 5532 et
2513 5498 2692 5538 uxores
2721 5487 2848 5541 duas
2875 5497 2923 5542 et
2949 5490 3084 5557 ﬁlios
3112 5495 3388 5548 transmisit
3432 5496 3481 5549 in
3525 5501 3742 5553 transitu
3776 5501 3877 5556 Ia-

2351 5616 2720 5736 ;ﬁnixtahtjoisl.
2750 5619 3011 5683 legendum
3053 5629 3160 5676 cst:
3189 5625 3312 5680 Satis
3351 5626 3469 5680 mihi
3500 5636 3594 5692 est,
3622 5639 3674 5683 et
3711 5632 3876 5684 infra:

2402 5689 2446 5725 t‘t
2489 5689 2553 5726 nu
2590 5690 2623 5727 t.

2289 5684 2464 5727 Sllml‘ll
2489 5684 2623 5727 "itm.
