4182 6322
272 411 382 467 5οἹ

271 523 474 593 πορὶας
499 523 608 576 ἔστι
629 521 730 593 τὴν
754 521 1021 592 ὠφέλειαν
1042 521 1241 592 καρπώ
1252 521 1458 576 ιασοαι.
1493 519 1868 582 ’Δπελοόντος,

269 606 430 675 φησι,
465 603 562 656 τοῦ
607 605 794 658 Λάϐαν
835 605 915 668 εἰς
939 604 1030 657 τὸν
1067 600 1217 656 οἷκον
1265 604 1454 667 αὑτοῦ,
1497 605 1607 658 Καὶ
1664 602 1878 656 Ἰακὼϐ

267 687 554 757 ἀπῆλθεν
596 691 684 753 εις
727 688 841 756 τὴν
877 687 1098 741 ἑαυτοῦ
1147 688 1326 752 ὀδόν,
1365 687 1464 741 καί
1518 686 1872 753 ἀναϐλέψας

263 768 396 827 εἶδε
458 771 848 841 παρεμϐολὴν
911 770 1059 824 Θεοῦ
1117 770 1680 840 παρεμϐεϐληκυῖαν
1701 811 1715 834 ,
1771 768 1868 820 καὶ

264 855 678 923 συνήντησαν
712 852 873 918 αὐτῷ
903 855 958 907 οί
1005 853 1248 923 ἄγγελοι
1293 854 1398 906 τοῦ
1437 853 1604 906 Θεοῦ.
1651 849 1870 920 Ἐπειδὴ

262 943 402 1012 γὰρ,
451 938 804 1007 παυσαμένου
845 938 940 990 τοῦ
971 937 1141 1006 φόϐου
1193 938 1288 990 τοῦ
1335 937 1524 990 Λάϐαν
1569 935 1666 989 καὶ
1716 933 1870 996 τέλος

263 1024 578 1093 εἰληφότος,
613 1021 880 1090 διεδέχετο
906 1012 1093 1073 λοιπὸν
1121 1022 1149 1073 6
1180 1019 1344 1088 φόϐος
1369 1019 1463 1072 τοῦ
1499 1016 1754 1086 ἀδελφοῦ,
1783 1015 1870 1068 διὰ

261 1105 432 1158 τοῦτο
475 1108 505 1158 6
543 1104 928 1175 φιλάνθρωπος
980 1104 1262 1173 Δεσπότης
1318 1102 1739 1175 παραθαρρῦναι
1779 1099 1870 1152 τὸν

262 1191 480 1244 δίκαιον
537 1189 895 1260 βουλόμενος,
947 1188 1042 1241 καὶ
1090 1189 1274 1240 πᾶσαν
1313 1187 1481 1240 αὑτοῦ
1513 1186 1612 1257 τὴν
1659 1184 1868 1238 δειλίαν

259 1269 1114 1342 ἀποσκεδάσαι,-παρεσκεύασεν
1146 1271 1309 1324 αὑτὸν
1339 1271 1448 1323 τῶν
1487 1269 1736 1338 ἀγγέλων
1769 1267 1868 1338 τὴν

260 1354 628 1426 παρεμϐολὴν
665 1355 813 1407 ἰδεῖν.
850 1353 1259 1421 Συνήντησαν
1299 1355 1410 1423 γὰρ
1456 1352 1638 1416 αὐτῷ,
1679 1352 1866 1422 φησὶν,

258 1441 316 1490 οὶ
339 1438 587 1507 ἅγγελοι
607 1435 712 1490 τοῦ
735 1436 907 1490 Θεοῦ.
925 1436 1031 1489 Καὶ
1057 1433 1230 1489 εἶπεν
1246 1435 1448 1490 Ἰακώϐ
1465 1453 1478 1466 ·
1507 1435 1863 1503 Παρεμϐολὶι

263 1520 418 1575 Θεοῦ
465 1521 641 1586 αὕτη.
696 1519 804 1572 Καὶ
844 1518 1103 1572 ἐκάλεσε
1160 1518 1229 1571 τὸ
1276 1518 1468 1586 ὄνομα
1521 1517 1627 1572 τοῦ
1678 1520 1867 1571 τόπου

255 1605 530 1668 ἐκείνου,
579 1603 1021 1670 Παρεμϐολαὶο,
1053 1600 1193 1653 ὥστε
1225 1603 1289 1653 ἐκ
1341 1602 1440 1670 τῆς
1493 1602 1868 1671 προσηγορίας

258 1687 493 1756 διηνεκῆ
526 1687 626 1754 τὴν
655 1685 965 1755 ὑπόμνησιν
993 1679 1134 1738 εἷναι
1169 1685 1266 1753 τῆς
1300 1684 1679 1754 γεγενημένης
1719 1684 1868 1754 αὐτῷ

259 1771 449 1822 ἐκεῖσε
491 1768 780 1829 ὀπτασίας.
827 1763 962 1820 Εἶτα
1013 1767 1154 1836 μετά
1196 1767 1294 1837 τὴν
1327 1768 1600 1820 ὀπτασίαν
1628 1767 1864 1837 ταύτην,

273 1853 654 1912 Ἀπέστειλε,
703 1851 905 1920 φησὶν,
958 1850 1302 1919 ἔμπροσθεν
1344 1850 1533 1903 αὐτοῦ
1566 1848 1866 1919 ἀγγέλους

256 1936 414 2004 πρὸς
456 1935 649 1990 Ἠσαῦ
686 1935 794 1988 τὸν
835 1934 1105 2002 άόελφίν
1138 1934 1349 1997 αὐτοῦ,
1390 1935 1488 1987 καί
1524 1934 1866 1987 ἐνετείλατο

256 2019 491 2087 λέγων’
526 2019 726 2082 Οὕτως
756 2017 941 2084 ἐρεῖτε
984 2016 1063 2081 τῷ
1095 2018 1282 2084 κυρίῳ
1321 2033 1442 2085 μου
1486 2015 1687 2069 Ἠσαῦ.
1723 2016 1866 2085 Ὅρα

256 2103 357 2155 καὶ
391 2103 531 2172 μετὰ
562 2103 660 2169 τὴν
687 2101 810 2169 ἂψιν
846 2102 1011 2164 πόσος
1041 2101 1122 2152 ἔτι
1143 2103 1170 2153 6
1201 2102 1364 2168 φόϐος
1395 2101 1648 2153 ἐπέκειτο
1678 2099 1754 2170 τῷ
1783 2099 1864 2150 δι-

257 2185 423 2255 καίῳ.
464 2185 754 2237 Ἑδεδοίκει
800 2184 910 2255 γὰρ
955 2184 1049 2237 τοῦ
1100 2183 1331 2250 ἀδελφοῦ
1375 2183 1473 2254 τὴν
1515 2184 1730 2255 ὁρμὴν,
1776 2183 1866 2234 καὶ

254 2268 494 2338 ὴγωνία,
529 2269 608 2338 μὴ
633 2270 666 2338 ἡ
709 2269 900 2337 μνήμη
929 2267 1040 2320 τῶν
1079 2267 1210 2335 πρὶν
1241 2265 1335 2318 ὑπ’
1364 2265 1531 2319 αὑτοῦ
1562 2265 1866 2334 γεγενημέ-

251 2370 366 2404 νων
395 2353 474 2415 εἰς
504 2352 604 2422 τὴν
635 2350 756 2403 κατ’
787 2349 953 2402 αὑτοῦ
994 2349 1182 2417 ἔφοδον
1224 2351 1582 2420 παρορμήσῃ.
1615 2350 1863 2414 Εἴπατε,

253 2433 418 2504 φησὶ,
444 2433 524 2486 τῶ
552 2435 738 2500 κυρίῳ
749 2451 868 2502 μου
901 2432 1083 2487 Ἠσαῦ
1101 2449 1113 2462 ·
1151 2433 1316 2485 Οὕτω
1337 2434 1500 2502 λέγει
1524 2436 1555 2486 ό
1582 2431 1724 2497 παῖς
1746 2449 1863 2484 σου

266 2517 502 2572 Ἰαλίὼϐο
520 2516 684 2570 Μετὰ
709 2516 914 2570 Αάϐαν
935 2515 1290 2582 παρῴκησα,
1311 2517 1409 2568 καὶ
1437 2516 1730 2584 έχρόνισα
1751 2515 1864 2581 ἕως

234 2602 365 2665 ⁸τοῦ
383 2602 518 2663 νῦν,
536 2600 636 2654 καὶ
650 2599 934 2668 ἐγένοντό
943 2617 1044 2669 μοι
1057 2596 1206 2664 ,ϐόες
1224 2600 1321 2652 καὶ
1341 2600 1468 2654 ὄνοι
1485 2599 1583 2653 καὶ
1598 2601 1864 2667 πρόϐατα

249 2684 356 2736 καὶ
375 2682 588 2748 παῖδες
608 2683 707 2735 καὶ
737 2681 1076 2744 παιδίσκαι,
1097 2684 1193 2735 καὶ
1223 2683 1558 2735 ἀπέστειλα
1583 2681 1663 2747 τῷ
1680 2683 1864 2751 κυρίῳ

246 2785 394 2837 μου,
410 2768 512 2820 ἵνα
525 2766 672 2836 εὕρῃ
685 2769 718 2819 ό
731 2765 870 2832 παῖς
883 2782 1002 2820 σου
1018 2767 1300 2819 ἐναντίω·
1315 2783 1432 2820 σου
1446 2766 1645 2834 χάριν.
1661 2767 1862 2818 Σκόπει

249 2851 377 2913 πῶς
413 2850 618 2902 δέδοικε
641 2849 733 2902 τὸν
760 2851 1010 2918 ἀδελφὶν,
1046 2852 1141 2902 καὶ
1175 2850 1261 2902 διά
1309 2848 1469 2902 τοῦτο
1505 2850 1862 2919 ἑξευμενίσα-

251 2933 384 2986 σθαι
415 2934 580 2986 αὑτὸν
613 2933 964 3003 βουλόμενος,
995 2932 1428 3001 προαποστέλλει
1457 2932 1680 3003 μηνύων
1711 2932 1863 3003 αὑτῷ

246 3018 352 3086 τήν
397 3033 454 3068 τε
494 3016 704 3069 οἰκείαν
747 3016 1029 3082 ἐπάνοδον,
1061 3019 1159 3087 τήν
1202 3033 1261 3068 τε
1307 3017 1680 3086 γεγενημένην
1713 3017 1863 3087 αὑτῷ

250 3099 601 3172 περιουσίαν,
632 3102 728 3152 καὶ⁸
771 3101 907 3152 ὅπου
941 3100 1033 3152 τὸν
1067 3099 1286 3152 ἅπαντα
1333 3099 1602 3152 διετέλεσε
1648 3099 1859 3170 χρόνον,

250 3183 342 3236 ἵνα
382 3183 628 3251 μαλάξας
662 3183 828 3236 αὑτοῦ
859 3183 951 3236 τὸν
996 3183 1190 3253 θυμὸν,
1230 3183 1441 3253 ἥμερον
1488 3182 1650 3235 αὑτὸν
1690 3199 1862 3236 κατα-

252 3267 457 3336 στῆσαι
486 3266 722 3337 δυνηθῇ-
768 3267 796 3318 ὃ
838 3265 903 3336 δὴ
936 3267 1029 3318 καὶ
1058 3265 1379 3336 γεγένηται,
1420 3265 1515 3318 τοῦ
1563 3265 1700 3318 Θεοῦ
1731 3284 1864 3319 κατ-

249 3349 590 3411 ευνάσαντος
626 3348 793 3402 αὑτοῦ
829 3350 928 3419 τὴν
969 3348 1234 3420 καρδίαν,
1281 3349 1376 3401 καὶ
1422 3347 1718 3411 σϐέσαντος
1762 3349 1862 3418 τὴν

246 3432 428 3503 ὀργὴν
483 3430 674 3494 αὑτοῦ,
710 3433 806 3485 καὶ
843 3433 1052 3503 ἧμερον
1086 3430 1252 3483 αὑτὸν
1291 3432 1758 3501 καταστήσαντος.
1799 3431 1861 3484 Et

249 3517 366 3587 γὰρ
401 3515 495 3568 τὸν
521 3514 709 3568 Λάϐαν
748 3515 840 3567 τδν
884 3513 1023 3584 μετά
1063 3513 1336 3582 τοσαύτης
1368 3514 1547 3584 ὁρμῆς
1593 3513 1862 3566 καταδιώσ

251 3599 446 3665 ξαντα,
475 3598 534 3650 ὲν
552 3596 797 3668 τοσούτῳ
827 3598 980 3666 φόϐῳ
1006 3595 1260 3664 γενέσθαι
1285 3595 1669 3666 παρεσκεύασε
1693 3596 1760 3649 δι’
1788 3590 1862 3649 ὧν

251 3682 397 3754 πρὸς
425 3682 591 3734 αὑτὸν
618 3677 763 3743 εἷπε,
797 3680 978 3750 πολλῷ
1015 3679 1216 3751 μᾶλλον
1245 3680 1335 3733 τὸν
1374 3678 1602 3749 ἀδελφὸν
1637 3680 1861 3750 ἡμερώ-

249 3779 414 3832 τερον
465 3763 531 3814 ἂν
575 3761 830 3828 γενέσθαι
880 3759 1266 3829 παρεσκεύασε
1319 3760 1450 3830 περὶ
1491 3760 1584 3812 τὸν
1629 3761 1857 3813 δίκαιον.

269 3839 687 3909 ,Ανέσφεψαν
731 3839 820 3905 δὲ,
880 3839 1036 3910 φησὶ,
1097 3838 1419 3907 λέγοντες⁶
1481 3838 1864 3910 Ἀπήλθομεν

253 3922 411 3988 πρὸς
435 3921 546 3975 τὸν
574 3921 845 3990 ἀδελφόν
872 3935 1013 3984 σου,
1040 3920 1138 3973 καὶ
1167 3920 1404 3988 ἔρχεται
1435 3922 1523 3986 εὶς
1547 3920 1860 3988 συνάντη-

251 4001 364 4054 σίν
383 4015 520 4064 σου,
542 4000 644 4054 καὶ
674 3999 1048 4068 τετρακόσιοι
1078 3999 1294 4067 ἄνδρες
1317 4001 1445 4068 μετ’
1472 3999 1680 4054 αὑτοῦ.
1708 4000 1860 4073 [565]

255 4079 404 4148 Ὅρα
447 4079 564 4142 πῶς
601 4078 697 4132 καὶ
733 4079 866 4130 αὑτὸ
899 4076 1058 4130 τοῦτο
1100 4079 1346 4130 ἐπέτεινε
1398 4077 1479 4148 τῷ
1525 4077 1722 4149 δικαίῳ
1771 4079 1862 4132 τὸν

253 4157 447 4228 φόϐον.
477 4157 613 4212 οὑδὲ
643 4158 753 4230 γὰρ
782 4157 898 4228 ᾔδει
945 4156 1040 4209 τὸν
1068 4157 1274 4210 σκοπὸν
1307 4155 1404 4209 τοῦ
1445 4157 1676 4227 ἀδελφοῦ
1721 4159 1861 4229 μετά

251 4238 568 4310 ἀκριϐείας,
586 4237 721 4292 ἀλλὰ
751 4237 942 4308 μαθὼν
966 4237 1026 4291 τὸ
1055 4237 1258 4308 πλῆθος
1283 4237 1392 4290 τῶν
1420 4238 1691 4292 συνόντων
1712 4239 1862 4310 αὑτῷ

250 4318 926 4388 ὲδεδοίκει,ὑφορώμενος
965 4317 1040 4388 μὴ
1069 4317 1145 4379 ὼς
1191 4317 1328 4386 πρὸς
1383 4317 1621 4388 πόλεμον
1667 4337 1862 4390 παρα-

251 4398 692 4468 σκευασάμενος,
729 4396 871 4449 οὕτω
899 4396 997 4466 τὴν
1039 4395 1346 4466 ὑπάντησιν
1379 4397 1711 4466 ποιήσασθαι
1739 4399 1862 4470 βού-

248 4479 435 4551 ληται.
473 4475 775 4546 Ἕφοϐήθη
816 4475 956 4547 γὰρ,
1002 4475 1189 4546 φησὶν,
1233 4476 1472 4541 Ἰακὼϐ,
1511 4477 1610 4531 καὶ
1648 4477 1858 4547 διηπο-

246 4557 429 4627 ρεῖτο.
475 4555 534 4610 '0
557 4555 722 4625 φόϐος
746 4553 914 4607 αὑτοῦ
959 4554 1056 4627 τὴν
1092 4555 1335 4608 διάνοιαν
1372 4555 1720 4628 διετάρασσε,
1769 4559 1860 4612 καὶ

247 4635 352 4688 οὑκ
377 4635 497 4705 ᾔδει
528 4633 590 4686 τὸ
622 4634 677 4686 τί
715 4633 936 4704 πράξει,
968 4634 1084 4687 ἀλλ’
1125 4635 1183 4687 έν
1219 4633 1426 4706 ἀπορίᾳ
1458 4636 1703 4706 ἐγεγόνει
1725 4653 1739 4668 ο
1780 4638 1860 4691 διὸ

247 4714 326 4777 ὡς
359 4713 494 4785 περὶ
522 4712 619 4766 τοῦ
655 4713 856 4775 παντὸς
886 4712 1142 4777 δεδοικὼς
1165 4754 1177 4777 ,
1221 4715 1315 4769 καὶ
1358 4714 1450 4769 τὸν
1488 4714 1719 4770 θάνατον
1754 4719 1860 4789 πρὸ

244 4790 550 4862 ὀφθαλμῶν
568 4791 726 4862 ἔχων,
753 4789 976 4858 Διαιρεῖ
993 4793 1080 4857 εις
1105 4791 1215 4847 δύο
1247 4795 1631 4863 παρεμϐολὰς
1662 4795 1860 4850 πάντα

247 4870 358 4923 τὸν
399 4867 560 4923 λαὸν
592 4869 702 4922 τὸν
736 4867 866 4938 μετ’
899 4869 1112 4924 αὐτοῦ.
1138 4866 1286 4924 Εἷπε
1317 4871 1451 4941 γὰρ,
1483 4873 1680 4944 φησίν·
1726 4876 1860 4928 Ἐὰν

245 4950 399 5017 ἔλθῃ
433 4952 524 5015 εις
567 4946 961 5017 παρεμϐολὴν
991 4949 1141 5017 μίαν
1183 4950 1282 5003 καί
1333 4953 1499 5020 κόψη
1547 4953 1768 5022 αὐτὴν,
1820 4957 1857 5024 ἡ

244 5027 505 5095 δευτέρα
534 5028 706 5082 ἔσται
735 5029 824 5094 εις
849 5028 916 5081 τὸ
945 5027 1258 5088 σώζεσθαι.
1282 5030 1470 5084 Ταῦτα
1505 5032 1604 5100 μὲν
1639 5035 1668 5086 6
1694 5032 1859 5102 φόϐος

247 5106 603 5178 ὑπηγόρευσε
625 5108 721 5160 καὶ
759 5109 794 5177 ἡ
819 5106 993 5178 πολλὴ
1025 5107 1235 5161 δειλίας
1259 5109 1439 5179 Ὁρῶν
1468 5109 1524 5162 δὲ
1559 5112 1756 5164 ἑαυτὸν
1783 5113 1860 5177 ὼς

244 5189 303 5241 ὲν
331 5185 577 5249 δικτύοις
605 5183 1040 5257 ἀπειλημμένον,
1076 5187 1169 5239 ἐπὶ
1199 5185 1291 5240 τὸν
1316 5187 1534 5259 ἄμαχον
1572 5191 1858 5262 Δεσπότην

246 5265 614 5336 καταφεύγει,
641 5265 736 5318 καὶ
765 5265 866 5327 τὰς
900 5264 1224 5335 ὑποσχέσεις
1257 5266 1356 5329 τὰς
1381 5269 1464 5332 είς
1498 5268 1663 5321 αὑτὸν
1691 5285 1856 5338 γεγε-

245 5348 492 5419 νημένας
525 5349 749 5400 άπαιτεῖ
773 5343 928 5417 παρὰ
948 5345 1043 5399 τοῦ
1070 5347 1180 5402 τῶν
1211 5345 1349 5400 ὅλων
1375 5347 1540 5424 Θεοῦ,
1569 5355 1858 5424 μονονουχὶ

245 5427 426 5496 λέγων
455 5426 594 5499 πρὸς
619 5426 809 5480 αὑτόν·
829 5425 944 5480 Νῦν
968 5427 1092 5497 ἥκει
1115 5427 1329 5498 καιρὸς,
1361 5429 1420 5482 έν
1441 5421 1486 5496 ᾧ
1514 5430 1609 5482 καὶ
1638 5429 1728 5483 διὰ

244 5508 358 5563 τῶν
397 5507 681 5580 προγόνων
713 5506 936 5578 ἀρετὴν,
963 5506 1058 5561 καὶ
1099 5506 1190 5560 διὰ
1215 5507 1316 5578 τὴν
1349 5507 1504 5580 παρὰ
1551 5508 1648 5563 σοῦ
1687 5529 1854 5581 γεγε-

245 5603 310 5658 νη
319 5586 492 5658 μένην
511 5586 804 5656 ὑπόσχεσιν
824 5586 1033 5650 δίκαιος
1049 5587 1116 5641 ἂν
1137 5586 1257 5658 εἴην
1285 5587 1506 5658 ἁπάσης
1533 5590 1853 5646 ἀπολαῦσαι

247 5667 595 5738 συμμαχίας.
621 5662 771 5720 Εἶπε
795 5666 937 5738 γὰρ,
968 5667 1157 5739 φησὶν,
1196 5667 1407 5722 Ἰακώϐ
1423 5685 1436 5698 ο
1475 5669 1540 5723 ’0
1562 5673 1710 5740 Θεὸς
1745 5675 1852 5728 τοῦ

310 5805 340 5835 ι
381 5804 617 5868 Quinque
657 5817 774 5853 mss.
814 5805 1114 5869 παριμεολή.
1158 5806 1258 5855 Alii
1299 5810 1628 5872 παρεμϐολαί,
1681 5821 1735 5862 ει
1776 5778 1854 5863 ὲιο

247 5878 434 5950 ι-εεῃιιτ
472 5875 523 5924 ιιι
545 5875 644 5950 to};
668 5878 710 5947 ρ
726 5875 758 5935 ’,
779 5874 864 5950 ιιρὶ
890 5875 1048 5950 ρςὶηιο
1082 5878 1194 5950 Ιοοο
1210 5877 1334 5928 illud
1365 5881 1660 5950 Hegraicum
1681 5887 1844 5950 mna

249 5937 770 6035 :“33:_21“.‘...‘1L
778 5937 1020 6035 τίὲἕὲᾞὶ
1061 5937 1840 6035 εωέξῖἓοζεττξὲέξξαεξιιὲ

245 6007 324 6066 λή.
350 6009 584 6061 Secundo
601 6011 772 6058 autem
796 6008 908 6057 loco
937 6008 1021 6058 ubi
1061 6010 1114 6058 In
1155 6009 1375 6062 Hebreo
1420 6015 1610 6075 legitur
1649 6007 1842 6074 :1»an

249 6069 550 6132 ΙαΙιωιαὶαι,
572 6069 725 6126 forma
743 6069 1203 6133 ἀυειί,καρεμ6ο).αί
1224 6082 1420 6126 vol-lqu
1443 6077 1583 6129 LXX.

1275 409 1337 465 IN
1377 408 1535 466 CAP.
1581 407 1774 464 XXXII
1809 407 2062 464 GENES.
2104 410 2340 467 HOMIL.
2378 412 2559 468 ιιίιι.

3478 419 3583 472 508

1981 524 2208 591 πατρός
2227 542 2348 593 μου
2383 526 2661 594 Ἀϐραὰμ,
2691 524 2790 577 καὶ
2841 527 2873 578 ὀ
2902 526 3048 592 Θεὸς
3077 525 3184 579 τοῦ
3208 524 3436 593 πατρός
3463 545 3591 596 μου

1995 605 2224 670 Ἰσαὰκ,
2262 607 2366 670 σὺ,
2414 609 2601 677 φησὶν,
2643 611 2674 661 ὀ
2729 607 2896 672 Θεὸς,
2935 612 2968 661 o'
3009 609 3196 661 ειπών
3221 621 3360 676 μοι·
3411 609 3586 661 Ἀπόο

1979 703 2154 757 τρεχε
2179 692 2269 755 εις
2298 690 2413 757 τὴν
2439 690 2558 760 γῆν
2581 689 2690 756 τῆς
2712 690 3007 759 γενέσεώς
3037 705 3155 743 σου
3173 707 3186 718 ·
3220 693 3248 741 6
3273 692 3590 761 ἀναστήσας

1983 786 2071 839 με,
2107 773 2294 842 φησὶν,
2319 773 2429 825 ἀπὸ
2462 773 2563 841 τῆς
2589 773 2767 841 ξένης,
2804 773 2900 825 καὶ
2926 772 3238 842 προστάξας
3268 771 3588 824 ἐπανελθεῖν

1979 854 2117 925 πρὸς
2150 856 2242 907 τὸν
2270 856 2482 927 πατέρα
2512 856 2603 908 τὸν
2634 857 2765 908 ἴδιον
2795 857 2891 910 καὶ
2921 858 3000 917 εἰς
3036 855 3134 925 τὴν
3158 857 3262 924 γῆν
3301 856 3402 924 τῆς
3431 857 3588 923 γενέ-

1981 953 2152 1001 σεως·
2194 939 2563 992 Ἰκανούσθω
2584 957 2687 1007 μοι
2714 939 2740 977 1³
2770 939 2887 991 ἀπὸ
2933 937 3140 1004 πάσης
3164 938 3585 1004 δικαιοσύνης,

1978 1021 2078 1073 καὶ
2109 1022 2417 1089 ἀληθείας,
2446 1019 2523 1094 ἧς
2546 1023 2843 1088 ἐποίησας
2882 1019 2960 1084 τῷ
2989 1021 3158 1073 παιδί
3187 1036 3326 1074 σου.
3369 1022 3586 1090 Ἀρκεί-

1980 1103 2113 1164 σΘω,
2143 1106 2300 1174 φησὶ,
2332 1104 2470 1175 πρὸς
2508 1106 2608 1174 τὴν
2653 1105 2747 1156 ἐπὶ
2776 1103 2870 1155 τοῦ
2916 1104 3183 1174 παρόντος
3221 1104 3418 1174 καιροῦ
3449 1122 3590 1173 συμ-

1981 1185 2206 1254 μαχίαν.
2250 1187 2306 1239 Ὀ
2341 1188 2451 1256 γὰρ
2495 1188 2656 1256 μέχρι
2693 1185 2787 1238 τοῦ
2829 1188 3097 1256 παρόντος
3147 1186 3419 1255 τοσαύτην
3462 1188 3584 1238 ἐπι-

1975 1267 2296 1338 δειξάμενος
2331 1270 2461 1340 περὶ
2497 1270 2596 1339 ὲμὲ
2641 1268 2990 1338 κηδεμονίαν,
3027 1269 3253 1331 δυνατὸς
3292 1264 3340 1320 εἶ
3371 1270 3466 1321 καὶ
3491 1268 3587 1321 νῦν

1977 1352 2288 1421 ἐξαρπάσαι
2335 1371 2402 1423 με
2435 1353 2545 1406 τῶν
2587 1353 2954 1420 ἐπικειμένων
2988 1369 3077 1421 μοι
3121 1352 3405 1406 κινδύνων.
3448 1352 3586 1405 Οὐδὲ

1977 1434 2086 1504 γὰρ
2115 1435 2314 1503 ἀγνοῶ,
2350 1437 2432 1488 ὅτι
2476 1437 2577 1490 Ἑν
2606 1435 2682 1503 τῇ
2714 1436 2919 1502 ῥάϐδῳ
2952 1454 3073 1504 μου
3107 1437 3295 1505 ταύτῃ
3329 1434 3588 1504 διῆλθον

1977 1518 2085 1571 τὸν
2128 1518 2444 1586 Ἰορδάνην
2487 1520 2739 1572 τοῦτον’
2773 1519 2892 1570 νυνὶ
2946 1518 3000 1570 δὲ
3035 1519 3123 1571 διὰ
3166 1519 3267 1590 τὴν
3307 1519 3408 1589 σὴν
3454 1519 3587 1588 περὶ

1977 1603 2077 1670 ἐμὲ
2115 1602 2393 1673 πρόνοιαν,
2423 1604 2450 1654 6
2484 1602 2581 1673 τὴν
2619 1601 2923 1670 βακτηρίαν
2954 1602 3122 1671 μόνην
3159 1601 3585 1672 ἐπιφερόμενος,

1977 1685 2140 1755 ἡνίκα
2167 1687 2247 1748 εἰς
2281 1687 2380 1756 τὴν
2411 1684 2698 1755 ἀλλοτρίαν
2725 1685 2944 1754 ἀπῄειν,
2964 1685 3095 1737 Νῦν
3119 1686 3271 1752 μετὰ
3299 1685 3410 1739 δύο
3437 1701 3587 1750 παι-

1975 1769 2248 1837 εμϐολῶν
2284 1770 2687 1837 παραγέγονά.
2743 1767 2815 1819 Σὺ
2852 1763 2966 1831 οὖν,
3004 1767 3276 1831 Δέσποτα,
3314 1770 3341 1819 6
3374 1767 3586 1836 ταύτην

1980 1870 2070 1921 μοι
2101 1853 2200 1922 τὴν
2232 1853 2496 1922 εὑπορίαν
2521 1851 2916 1921 χαρισάμενος,
2941 1852 2966 1901 6
2995 1854 3073 1912 εἰς
3096 1850 3352 1902 τοσοῦτόν
3387 1868 3455 1920 με
3485 1852 3586 1901 αὑ-

1978 1935 2208 2005 ξηθῆναι
2243 1935 2698 2004 παρασκευάσας.
2737 1935 2802 1987 σὺ
2833 1934 2928 1986 νῦν
2977 1933 3231 1997 Ἐξελοῦ
3265 1950 3343 2002 με
3371 1935 3439 1986 ἐκ
3467 1950 3590 2000 χει-

1968 2017 2078 2084 ρὸς
2119 2017 2227 2070 τοῦ
2259 2017 2530 2085 ἀδελφοῦ
2577 2035 2698 2086 μου
2746 2017 2970 2079 Ἡσαῦ,
3007 2016 3097 2069 ὅτι
3137 2017 3430 2085 φοϐοῦμαι
3469 2015 3590 2085 ἐγὼ

1974 2102 2183 2168 αὑτὸν,
2227 2102 2466 2170 μήποτε
2513 2100 2751 2167 πατάξῃ
2792 2119 2889 2169 με,
2925 2101 3023 2154 καὶ
3076 2101 3308 2170 μητέρα
3341 2101 3439 2152 ἐπὶ
3489 2100 3586 2154 τέ-

1975 2202 2167 2252 κνοις.
2211 2186 2296 2239 Σὺ
2339 2187 2547 2250 εἶπας·
2596 2180 2682 2238 Εὖ
2717 2199 2792 2237 σε
2836 2184 3106 2252 ποιήσω,
3145 2185 3242 2236 καὶ
3299 2183 3467 2248 θήσω
3517 2184 3589 2236 τὸ

1974 2270 2214 2338 σπέρμα
2243 2287 2360 2324 σου
2384 2271 2464 2334 ὡς
2497 2269 2613 2337 τὴν
2635 2267 2842 2336 ’ἅμμον
2865 2268 2978 2335 τῆς
3015 2269 3362 2336 θαλάσσης,
3397 2266 3435 2334 ἢ
3472 2271 3586 2322 οὐκ

1973 2351 2445 2419 άριθμηθήσεται
2471 2351 2590 2405 ὑπὸ
2632 2351 2739 2405 τοῦ
2770 2351 3046 2416 πλήθους
3071 2361 3118 2406 ε.

2047 2435 2130 2504 β’,
2160 2437 2302 2507 Ὅρα
2345 2435 2438 2488 τοῦ
2474 2437 2684 2488 δικαίου
2725 2435 2786 2487 τὸ
2828 2433 3077 2504 φιλόθεον
3117 2435 3213 2488 καὶ
3243 2436 3344 2506 τὴν
3383 2435 3590 2507 πολλὴν

1974 2507 2418 2589 εὐγνωμοσύνην,
2453 2519 2574 2580 πῶς
2597 2519 2752 2572 οὐδὲν
2773 2519 2961 2589 ἕτερον
2991 2516 3130 2581 ἀξιοί
3161 2516 3250 2569 τὸν
3280 2519 3584 2589 Δεσπότην,

1973 2601 2006 2672 ἢ
2059 2602 2158 2664 τὰς
2198 2601 2405 2664 οἰκείας
2443 2601 2770 2672 ὑποσχέσεις
2810 2599 3122 2672 πληρῶσαι.
3182 2600 3295 2654 Καὶ
3345 2601 3438 2653 ἐπὶ
3472 2603 3588 2664 τοῖς

1974 2684 2344 2755 προλαϐοῦσιν
2394 2684 2751 2756 εὐχαριστίαν
2780 2683 3217 2753 ἐπιδειξάμενος,
3261 2684 3350 2736 καὶ
3391 2685 3588 2753 ὁμολο-

1973 2769 2152 2838 γήσας
2180 2769 2263 2820 ὅτι
2291 2769 2498 2839 γυμνὸν
2537 2769 2666 2820 ὄντα
2698 2767 2792 2819 καὶ
2831 2766 3254 2838 ἀπερριμμένον
3278 2769 3359 2829 είς
3399 2767 3425 2805 ἀ
3456 2785 3587 2820 τοσο

1973 2851 2146 2920 αύτην
2180 2852 2502 2922 περιουσίαν
2557 2850 2915 2921 κατέστησεν,
2948 2849 3183 2902 ίκετεύει
3211 2849 3306 2902 τοῦ
3335 2851 3591 2903 κινδύνου

1972 2935 2136 2988 αὑτὸν
2166 2933 2494 3005 ἐξαρπάσαι.
2541 2929 2736 2999 Εἷπας
2781 2933 2911 3004 γὰρ,
2950 2934 3139 3003 φησὶν,
3182 2932 3269 2985 ὅτι
3301 2933 3482 2998 Θήσω
3521 2933 3592 2986 τό

1972 3019 2213 3087 σπέρμα
2247 3034 2364 3072 σου
2394 3018 2475 3082 ὼς
2505 3016 2622 3083 τὴν
2654 3017 2854 3084 ἅμμον
2883 3016 2993 3082 τῆς
3029 3018 3378 3083 θαλάσσης.
3410 3015 3448 3082 ἢ
3474 3019 3590 3070 οὐκ

1971 3100 2534 3169 ἐξαριθμηθήσεται.
2568 3099 2950 3168 Ποιησάμενος
2982 3099 3162 3168 δὲτὴν
3195 3100 3334 3170 πρὸς
3363 3100 3454 3152 τὸν
3489 3103 3592 3152 Δε-

1975 3187 2181 3256 σπότην
2201 3182 2572 3254 παράκλησιν,
2593 3182 2688 3233 καὶ
2721 3183 2820 3251 τὴν
2849 3182 3130 3251 ἱκετηρίαν
3149 3185 3247 3251 τῆς
3279 3183 3590 3254 προσευχῆς

1972 3269 2274 3336 ἀνενέγκας
2304 3266 2382 3337 τῷ
2436 3265 2705 3335 Δεσπότῃ.
2742 3264 2838 3316 καὶ
2884 3264 2954 3315 1‘1
3006 3265 3136 3335 παρ’
3171 3263 3370 3316 ἑαυτοῦ
3414 3281 3589 3334 προσ-

1971 3350 2175 3419 τίθησι.
2214 3351 2325 3403 Καὶ
2369 3347 2573 3413 λαϐὼν,
2608 3348 2765 3418 φησὶ,
2815 3346 2994 3417 δῶρα,
3030 3347 3089 3410 ἐξ
3135 3342 3212 3399 ὧν
3248 3347 3588 3418 ἐπεφέρετο,

1972 3431 2262 3484 ἀπέστειλε
2291 3429 2370 3500 τῷ
2407 3427 2662 3498 ἀδελφῷ,
2694 3426 2886 3480 διελὼν
2926 3427 2993 3480 τὰ
3033 3427 3451 3490 ἀποσταλέντα,
3495 3429 3592 3480 καὶ

1973 3513 2190 3575 ἐντολὰς
2235 3509 2508 3573 δεδωκὼς,
2553 3509 2697 3561 ὥστε
2745 3509 2839 3560 καὶ
2877 3507 2966 3560 διὰ
2999 3507 3108 3560 τῶν
3140 3508 3318 3576 λόγων
3357 3507 3590 3578 ἐξευμε-

1972 3591 2252 3646 νίσασθαι.
2291 3593 2386 3643 καὶ
2421 3588 2574 3660 [564]
2611 3586 2854 3658 μηνῦσαι
2889 3587 2988 3657 τὴν
3017 3587 3216 3639 ἑαυτοῦ
3257 3588 3590 3657 παρουσίαν.

1972 3674 2198 3726 Εἴπατε
2227 3669 2359 3740 γὰρ,
2391 3669 2578 3737 φησὶν,
2622 3667 2710 3718 ὅτι
2747 3665 2904 3720 Ἰδοὺ
2937 3669 2969 3717 ό
3001 3665 3143 3730 παῖς
3186 3682 3304 3718 σου
3333 3667 3590 3734 παραγί-

1970 3767 2137 3805 νεται
2173 3750 2368 3802 ὀπίσω
2395 3745 2596 3816 ήμῶν·
2622 3743 2765 3796 ὥστε
2797 3745 3064 3815 πρότερον
3102 3743 3590 3813 ἑξευμενίσασοαι,

1971 3835 2066 3887 καὶ
2096 3833 2217 3885 τότε
2245 3832 2346 3902 τὴν
2388 3831 2531 3884 κατά
2563 3829 2860 3901 πρόσωπον
2893 3826 3058 3878 αὑτοῦ
3097 3825 3356 3892 γενέσθαι
3387 3844 3588 3880 συντυ-

1973 3909 2296 3982 χίαν.Μετὰ
2326 3908 2505 3961 τοῦτο
2531 3909 2665 3976 γὰρ,
2687 3906 2875 3976 φησὶν,
2911 3905 3134 3973 ὄψομαι
3159 3906 3223 3955 τὸ
3254 3907 3592 3971 πρόσωπον

1970 3992 2191 4049 αὑτοῦ·
2227 3993 2376 4057 ἴσως
2427 3989 2572 4059 γὰρ,
2625 3989 2792 4058 φησὶ,
2833 3985 3237 4054 προσδέξεται
3277 3984 3345 4038 τὸ
3387 3990 3586 4054 πρόσ-

1971 4074 2138 4128 ωπόν
2165 4088 2307 4141 μου.
2339 4069 2449 4122 Καὶ
2479 4067 2914 4136 προεπορεύετο
2940 4065 3009 4119 τὰ
3033 4063 3191 4132 δῶρα
3219 4064 3372 4117 κατὰ
3398 4068 3588 4133 πρόσι

1971 4169 2139 4206 ωπον
2167 4149 2376 4204 αὑτοῦ.
2416 4147 2556 4201 Ἀλλ’
2587 4149 2688 4219 ὅρα
2725 4164 2816 4216 μοι
2848 4143 3084 4198 ενταῦθα
3118 4144 3286 4197 πάλιν
3314 4144 3411 4197 τοῦ
3447 4147 3588 4200 Θεοῦ

1971 4231 2071 4302 τὴν
2101 4232 2310 4299 ἄφατον
2333 4226 2772 4298 φιλανθρωπίαν,
2799 4226 2893 4278 καὶ
2929 4223 3078 4288 ὅπως
3108 4226 3194 4278 ἀεὶ
3226 4224 3584 4296 καταλλήλως

1969 4310 2068 4380 τὴν
2098 4307 2307 4362 οἰκείαν
2339 4306 2598 4377 πρόνοιαν
2633 4303 2993 4356 ἐνδείκνυται.
3035 4304 3160 4356 Ἐπὶ
3207 4304 3307 4374 μὲν
3340 4304 3450 4376 γὰρ
3490 4306 3586 4358 τοῦ

1969 4389 2181 4451 Λάϐαν,
2214 4385 2401 4456 ἐπειδὴ
2432 4386 2459 4436 6
2499 4384 2709 4445 δίκαιος
2745 4381 2900 4436 οὐδὲν
2939 4381 3184 4435 τοιοῦτον
3229 4381 3584 4450 ὑπώπτευεν,

1969 4468 2092 4521 οὑδὲ
2133 4467 2249 4538 ᾔδει
2300 4467 2381 4520 ὅτι
2423 4463 2642 4526 πάντως
2687 4461 2852 4516 αὑτὸν
2904 4461 3279 4531 καταλήψεται
3323 4464 3352 4515 ό
3397 4464 3590 4518 Λάϐαν

1971 4547 2114 4616 μετά
2136 4547 2335 4618 πολλῆς
2363 4545 2464 4616 τῆς
2494 4544 2671 4617 ὁρμῆς
2694 4543 2788 4595 ἐπὶ
2812 4541 2877 4594 τὸ
2905 4540 3226 4612 ἀμύνασθαι
3253 4540 3346 4594 τὸν
3373 4541 3589 4599 δίκαιον

1968 4628 2068 4698 τῆς
2100 4627 2278 4698 λάθρα
2307 4624 2607 4694 γενομένης
2635 4623 3045 4692 ἀναχωρήσεως
3077 4621 3265 4684 ἕνεκα,
3292 4622 3371 4692 τῷ
3393 4623 3587 4680 Λάϐαν

1969 4707 2258 4775 ἐπιφανεὶς
2292 4704 2645 4758 καταστέλλει
2689 4699 2860 4754 αὑτοῦ
2897 4699 2996 4772 τὴν
3034 4701 3240 4773 ὁρμὴν,
3277 4703 3374 4755 καὶ
3402 4705 3589 4758 ἐντέλ-

1969 4786 2122 4840 λεται
2146 4784 2313 4856 μηδὲν
2346 4783 2424 4855 τῷ
2453 4781 2650 4836 Ἰακὼϐ
2681 4779 2818 4852 μηδὲ
2849 4781 2907 4834 έν
2936 4782 3146 4852 ῥήμασι
3177 4781 3423 4852 λυπηρὸν
3445 4785 3588 4839 ἀπο-ο

1969 4861 2420 4937 κρίνασθαι’Μὴ
2471 4862 2750 4929 λαλήσῃς
2805 4859 2938 4930 γὰρ,
2979 4861 3135 4932 φησὶ,
3177 4861 3331 4929 μετὰ
3384 4863 3594 4918 Ἰακὼϐ

1969 4946 2242 5012 πονηρόν
2264 4961 2278 4974 ο
2313 4943 2412 4995 κα)⁸
2434 4939 2595 4994 τοῦτο
2623 4939 2898 5011 ᾠκονόμει
2924 4939 3012 4993 διὰ
3039 4940 3140 5011 τῆς
3167 4941 3382 4994 ἐκείνου
3408 4943 3587 5011 γλώτ-

1967 5041 2068 5095 της
2117 5021 2394 5094 γνώριμον
2429 5020 2684 5090 γενέσθαι
2725 5020 2804 5091 τῷ
2859 5019 3086 5089 δικαίῳ,
3121 5019 3208 5071 ἵνα
3243 5020 3433 5090 μαθὼν
3483 5024 3588 5094 τὴν

1969 5103 2100 5175 περὶ
2147 5104 2311 5156 αὑτὸν
2345 5101 2727 5172 γεγενημένην
2773 5101 3093 5170 οἰκονομίαν
3124 5100 3477 5172 Θαρσαλεὼτε
3492 5122 3589 5176 ρον

1967 5186 2238 5254 καταστῇ.
2280 5183 2416 5235 Νυνὶ
2462 5181 2560 5247 δὲ,
2614 5181 2808 5252 ἐπειδὴ
2837 5185 2865 5235 6
2912 5181 3143 5252 ἀδελφὸς
3197 5181 3298 5252 μὲν
3333 5183 3439 5236 ὑπὸ
3489 5185 3583 5238 τοῦ

1967 5264 2162 5335 χρόνου
2194 5263 2455 5334 λωφήσας
2493 5257 2584 5333 ἦν,
2626 5262 2723 5315 καὶ
2753 5262 2845 5315 τὸν
2889 5261 3061 5333 θυμὸν
3086 5263 3182 5315 καὶ
3218 5263 3320 5333 τὴν
3368 5264 3582 5332 ἀγανά-

1967 5361 2160 5411 κτησιν
2191 5343 2407 5408 παύσας
2437 5342 2534 5415 τὴν
2563 5341 2709 5395 κατά
2739 5341 2832 5395 τοῦ
2864 5341 3083 5405 Ἰακὼϐ,
3110 5335 3266 5405 οὗτος
3289 5342 3344 5396 δὲ
3373 5343 3587 5412 έναγὼ-

1965 5441 2078 5488 νιος
2107 5420 2196 5496 ἦν,
2227 5423 2483 5487 δεδοικὼς
2522 5421 2619 5475 καὶ
2656 5419 2879 5491 τρέμων
2919 5421 3014 5475 τοῦ
3045 5421 3282 5490 ἀδελφοῦ
3319 5423 3418 5493 τὴν
3455 5441 3586 5477 συν·

1965 5502 2175 5574 τυχίαν,
2215 5505 2242 5556 6
2277 5503 2481 5572 ἀγαθὸς
2508 5501 2793 5570 Δεσπότης
2820 5501 2926 5554 οὑκ
2958 5501 3040 5556 ἐτι
3070 5502 3149 5571 τῷ
3190 5502 3362 5555 Ἡσαῦ
3399 5502 3584 5555 ἐντέλ-

1963 5583 2118 5638 λεται
2133 5600 2145 5612 ·
2174 5583 2294 5636 οὑδὲ
2314 5584 2424 5654 γὰρ
2444 5581 2762 5635 ὲϐουλεύετό
2783 5600 2838 5635 τι
2865 5583 3009 5640 κατά
3029 5583 3122 5636 τοῦ
3147 5582 3382 5652 ἀδελφοῦ
3405 5601 3418 5614 ·
3445 5583 3584 5639 ἀλλὰ

1962 5663 2054 5717 τὸν
2082 5664 2292 5718 δίκαιον
2326 5663 2762 5734 παραμυθεῖται.
2797 5661 2953 5716 Μετὰ
2984 5663 3094 5734 γὰρ
3125 5662 3187 5715 τὸ
3228 5663 3576 5724 ἀποστεῖλαι,

1964 5746 2135 5816 φησὶ,
2184 5745 2312 5809 τοὺς
2360 5743 2428 5799 τὰ
2476 5743 2628 5815 δῶρα
2675 5741 3152 5812 ἀποκομίζοντας,
3213 5743 3579 5814 καθευδήσας,

1965 5825 2121 5896 φησὶ,
2159 5823 2252 5879 καὶ
2310 5825 2609 5890 Ἀναστὰς
2640 5823 2711 5876 ἐν
2742 5820 2818 5890 τῇ
2847 5819 3024 5876 νυκτὶ
3061 5821 3290 5892 ἐκείνῃ,
3326 5821 3579 5892 διήγαγε

2010 5947 2038 5988 1’
2065 5957 2214 6008 Colsl.
2237 5955 2486 6006 ῑκανοῦταί
2509 5974 2608 6018 μοι,
2623 5965 2677 6005 et
2699 5957 2848 6018 paulo
2861 5931 3140 6018 ροειάρκεῖς
3160 5973 3240 6018 μοι
3253 5957 3344 6017 τὴν
3363 5956 3541 6007 έπῖτοῦ

2017 6019 2044 6076 ε
2071 6020 2173 6068 Sex
2200 6033 2316 6068 mss.
2343 6019 2438 6068 ἀπὸ
2461 6018 2548 6067 τοῦ
2582 6020 2808 6076 πλήειους,
2831 6022 2958 6066 torte
2985 6019 3184 6069 meum.

2022 6071 2050 6113 δ
2075 6080 2171 6131 Sex
2199 6093 2314 6130 mss.
2342 6081 2516 6142 γυμνὸν
2538 6082 2650 6129 6m
2668 6071 2750 6128 ὶιαί
2779 6071 2953 6141 ἔρημον
2980 6080 3060 6134 εἰς.
