4182 6322
241 398 355 455 509

239 518 414 580 bach;
445 512 535 569 23.
566 521 614 566 et
639 511 833 581 act-epit
856 526 961 577 eos,
991 519 1035 563 et
1072 507 1270 563 transiit
1298 517 1587 562 torrentem.
1620 505 1710 560 24.
1744 502 1847 557 lie-

241 609 399 660 fiettts
428 613 499 658 est
528 614 699 658 autem
722 601 887 657 Jacob
916 602 1077 668 solus,
1123 609 1171 655 et
1214 599 1500 654 luctabatur
1538 598 1687 651 homo
1732 612 1847 649 cum

237 712 324 752 eo.
371 695 553 765 Magna
602 692 815 749 Domini
864 691 1167 748 clementia.
1214 689 1477 757 Quoniam
1524 700 1849 743 occursurus

236 796 360 842 erat
387 786 558 853 fratri,
588 794 645 839 ut
673 785 833 839 sciret
862 784 1035 853 reipsa
1062 782 1205 853 quod
1237 780 1371 837 nihil
1405 794 1655 849 asperum
1702 778 1846 832 latu-

236 893 338 934 rus
362 886 525 941 esset,
558 877 609 931 in
642 874 807 946 figura
835 874 1068 929 hominis
1098 874 1286 928 luctari
1321 888 1442 927 cum
1478 871 1624 942 justo
1655 869 1844 924 voluit.

239 972 449 1027 Deinde
477 970 666 1026 videns
691 985 752 1025 se
781 969 921 1023 vinci
952 968 1057 1038 (a),
1097 966 1190 1023 25.
1234 965 1603 1037 Appreltendit,
1652 962 1841 1033 inquit,

236 1064 565 1118 latitudinem
601 1064 809 1134 {entoris
846 1063 976 1134 ejus.
1027 1060 1220 1115 Totum
1264 1070 1444 1139 autem
1493 1059 1597 1113 hoc
1645 1056 1843 1111 factum

234 1165 343 1221 est,
373 1164 434 1209 ut
459 1168 520 1210 se
561 1154 703 1210 illius
741 1151 1028 1209 humilitati
1060 1156 1463 1221 attemperaret,
1503 1148 1842 1203 formidinem

231 1260 296 1298 ex
326 1244 508 1299 anima
534 1245 663 1314 justi
690 1244 973 1309 eximeret,
1015 1252 1069 1297 et
1105 1240 1451 1311 persuaderet
1489 1240 1560 1306 ei,
1607 1249 1667 1293 ut
1707 1237 1840 1291 citta

230 1349 495 1406 angorem
522 1335 673 1389 fratri
702 1342 1032 1388 occurreret.
1066 1331 1199 1387 Nam
1228 1347 1349 1386 cum
1375 1330 1637 1385 tenuisset
1663 1328 1844 1382 latitu-

228 1424 416 1478 dinem
462 1423 681 1479 femoris
717 1422 902 1488 Jacob,
937 1420 1201 1475 Emarcuit
1248 1419 1466 1475 latitudo
1500 1419 1708 1491 femoris
1744 1416 1844 1470 Ja-

228 1517 344 1579 eeb,
375 1531 493 1568 eum
534 1515 899 1569 cofluetaretur
937 1514 1025 1567 ille
1063 1529 1179 1566 cum
1220 1528 1299 1566 eo.
1340 1510 1546 1565 Deinde
1578 1519 1634 1564 ut
1677 1510 1839 1563 sciret

228 1605 400 1661 Jacob
434 1608 684 1662 virtutem
712 1607 828 1675 ejus
855 1621 1014 1675 quem
1043 1621 1225 1661 secum
1257 1604 1447 1659 luctari
1478 1602 1725 1672 putabat,
1753 1601 1838 1654 tli-

226 1699 299 1752 cit
320 1700 389 1754 ad
412 1714 538 1754 eum
584 1717 597 1753 :
644 1697 736 1752 26.
784 1697 995 1751 Dimitte
1028 1712 1147 1761 me;
1187 1696 1417 1751 ascendit
1462 1696 1595 1749 enim
1623 1711 1834 1748 aurora.

226 1790 487 1845 Sentiens
517 1790 678 1860 igitur
703 1790 879 1858 justus
901 1788 1324 1858 magnitudinem
1348 1786 1561 1841 virtutis
1581 1786 1715 1857 ejus,
1743 1786 1836 1856 qui

229 1883 345 1935 httc
370 1880 474 1935 sibi
500 1880 732 1944 dixerat,
764 1879 901 1933 dixit
938 1897 951 1933 :
982 1879 1199 1934 Minime
1228 1889 1275 1933 te
1313 1878 1590 1944 dimittam,
1623 1878 1722 1931 nisi
1758 1878 1839 1931 me

226 1972 566 2026 benedixeris.
600 1972 789 2041 Magna
819 1980 1186 2042 consequutus
1224 1986 1371 2036 sum,
1409 1980 1464 2026 et
1507 1986 1627 2041 qua!
1668 1985 1831 2039 supra

224 2078 404 2117 meam
433 2073 559 2118 sunt
583 2063 893 2134 dignitatem
923 2081 937 2116 :
969 2078 1074 2119 non
1104 2064 1251 2133 prius
1288 2073 1341 2117 te
1380 2064 1701 2131 relinquam,
1730 2062 1832 2117 do-

225 2168 325 2207 nec
355 2152 792 2208 benedictionem
828 2168 856 2206 a
902 2153 1251 2224 teaccipiam.
1300 2152 1503 2208 Deinde
1539 2152 1689 2219 dicit,
1738 2152 1827 2207 27.

227 2243 381 2311 Quod
411 2260 597 2297 nomen
622 2253 765 2298 tuum
784 2244 900 2298 est?
929 2244 1057 2298 Vide
1084 2245 1277 2298 iterum
1305 2254 1562 2314 quantum
1588 2259 1708 2300 sese
1731 2244 1833 2299 Ln-

224 2333 396 2389 miliet
421 2342 479 2389 et
499 2342 836 2404 attemperet.
858 2332 995 2389 Num
1022 2335 1069 2390 si
1093 2350 1201 2389 non
1226 2336 1629 2406 interrogasset,
1658 2336 1806 2391 nesci

223 2426 538 2496 vissetjusti
564 2441 758 2482 nomen
777 2427 800 2481 ἲ
822 2426 1035 2493 Sciebat
1055 2430 1237 2497 utique
1259 2446 1271 2481 :
1296 2427 1390 2482 sed
1410 2429 1830 2498 interrogatione

220 2519 333 2573 vult
359 2518 482 2589 ejus
517 2518 764 2573 ﬁduciam
793 2519 1045 2580 solidare,
1078 2531 1134 2575 et
1160 2520 1357 2575 docere
1386 2520 1504 2590 quis
1548 2520 1617 2575 sit
1658 2521 1749 2589 qui
1778 2521 1824 2575 ei

204 2609 492 2680 loquatur.
523 2608 592 2663 Et
616 2619 898 2679 postquam
927 2610 1082 2676 dixit,
1112 2609 1300 2675 Jacob,
1324 2609 1415 2664 28.
1450 2610 1624 2679 inquit
1654 2626 1668 2662 :
1704 2609 1829 2664 Non

217 2700 487 2754 secabitur
536 2718 719 2755 nomen
761 2711 901 2755 tuum
939 2702 1122 2768 Jacob,
1164 2704 1253 2755 sed
1292 2700 1463 2756 Israel
1501 2703 1593 2755 erit
1644 2719 1826 2758 nomen

218 2801 387 2845 tuum.
419 2791 676 2859 Quoniam
699 2792 744 2846 si
769 2803 949 2847 contra
975 2792 1142 2847 Deum
1168 2793 1317 2864 fortis
1339 2794 1501 2865 fuisti,
1532 2794 1692 2847 multo
1719 2808 1831 2845 ma.

217 2885 295 2954 gis
325 2894 507 2937 contra
533 2884 760 2937 homines
781 2893 961 2955 potens
980 2886 1100 2939 eris.
1130 2885 1318 2939 Vidisti
1342 2885 1615 2953 quomodo
1641 2894 1827 2938 osten-

214 2975 297 3029 dit
324 2986 493 3029 totam
531 2990 770 3042 causam,
802 2984 1019 3045 pr0pter
1044 2991 1204 3045 quam
1237 2975 1371 3029 adeo
1408 2992 1467 3030 se
1492 2974 1727 3033 demisit.
1771 2987 1824 3031 et

214 3067 378 3121 simul
407 3067 589 3121 docuit
623 3066 824 3137 justum
866 3082 960 3137 per
991 3066 1223 3122 nominis
1265 3067 1663 3137 itnpositionem
1707 3068 1827 3136 quis

213 3168 364 3213 esset
383 3173 541 3228 quem
567 3159 760 3213 viderit
781 3167 834 3213 et
849 3158 1338 3227 comprehenderit.
1373 3158 1492 3213 Non
1525 3159 1660 3212 utra
1681 3160 1826 3213 enim

214 3251 477 3305 vocaberis
504 3249 688 3315 Iacob,
718 3251 808 3304 sed
831 3249 1003 3303 Israel
1029 3253 1121 3303 erit
1146 3268 1327 3304 nomen
1359 3261 1520 3303 tuum.
1550 3250 1708 3304 lsraél
1732 3265 1827 3303 au-

216 3352 358 3408 tem,
386 3343 429 3396 si
459 3343 578 3411 quis
608 3342 1009 3412 interpretetur,
1037 3352 1213 3407 sonat,
1240 3341 1438 3397 Videns
1463 3343 1651 3396 Deum.
1675 3340 1823 3407 Quo-

216 3432 364 3485 niam
392 3431 532 3486 sicut
558 3431 740 3485 videre
767 3431 967 3485 homini
1003 3431 1257 3500 possibile
1296 3441 1399 3497 est,
1432 3432 1598 3487 Deum
1640 3432 1824 3487 videre

217 3522 503 3576 meruisti:
536 3531 816 3591 propterea
855 3530 909 3576 et
945 3521 1085 3575 hanc
1127 3522 1542 3592 appellationem
1591 3521 1683 3575 tibi
1720 3522 1823 3575 im-

218 3630 388 3685 pono,
418 3625 474 3670 ut
504 3616 754 3671 omnibus
782 3616 1011 3685 posteris
1041 3615 1384 3670 manifestum
1422 3616 1513 3681 sit,
1549 3630 1708 3684 quam
1748 3617 1827 3668 vi-

216 3708 429 3763 sionem
456 3717 775 3778 assequutus
800 3708 985 3762 fueris.
1018 3708 1084 3761 Et
1115 3707 1330 3777 subjicit
1356 3724 1368 3761 :
1405 3706 1658 3771 Quoniam
1689 3723 1824 3775 pra:-

216 3800 423 3853 raluisti
447 3810 623 3852 contra
654 3797 841 3863 Deum,
880 3807 925 3853 et
968 3808 1145 3851 contra
1176 3797 1406 3851 homines
1445 3807 1622 3867 potens
1664 3799 1762 3851 eris
1806 3816 1824 3853 :

218 3890 354 3945 nihil
382 3890 609 3959 amplius
641 3889 768 3944 time
806 3891 846 3956 ‘,
875 3904 1050 3959 neque
1098 3890 1353 3944 damnum
1384 3889 1600 3960 aliquod
1629 3906 1825 3959 exspe-

215 3993 358 4048 ctes,
390 3982 533 4052 quod
561 3983 628 4037 ab
652 3984 832 4053 aliquo
857 3982 1016 4038 feras.
1054 3983 1184 4038 Nam
1213 3984 1302 4053 qui
1333 3991 1533 4038 tantam
1573 3984 1823 4039 virtutem

217 4074 502 4143 accepiSti,
537 4084 593 4129 ut
617 4089 740 4129 cum
773 4074 881 4129 Deo
919 4074 1106 4129 luctari
1149 4075 1401 4139 valueris,
1445 4075 1615 4129 multo
1655 4077 1826 4147 magis

219 4166 472 4220 homines
502 4166 804 4234 superabis,
830 4173 884 4220 et
911 4166 1136 4221 invictus
1166 4166 1416 4221 onmibus
1452 4168 1579 4221 eris.

289 4259 347 4314 3»
390 4257 485 4312 llis
532 4258 727 4312 auditis
742 4257 918 4327 justus
968 4258 1356 4329 obstupesceus
1405 4258 1823 4329 magnitudinem

215 4348 337 4416 ejus
367 4349 460 4418 qui
486 4362 671 4403 secum
698 4348 1126 4418 colloquebatur,
1158 4349 1289 4404 dicit
1316 4349 1364 4403 ei
1404 4367 1415 4401 :
1447 4350 1536 4404 29.
1568 4349 1826 4403 Annuntia

218 4440 349 4492 mihi
374 4455 557 4493 nomen
584 4450 745 4493 tuum.
772 4440 838 4493 Et
865 4440 995 4494 dixit
1030 4455 1048 4493 :
1072 4439 1177 4494 Cur
1204 4442 1387 4510 quwris
1408 4457 1592 4494 nomen
1619 4442 1827 4494 meum?

218 4531 289 4587 Et
318 4532 575 4586 benedixit
599 4549 737 4586 eum.
770 4531 912 4588 Intra
937 4542 1058 4588 tuos
1081 4533 1300 4601 limites,
1338 4534 1535 4604 inquit,
1568 4549 1743 4599 mane,
1773 4543 1828 4589 et

219 4641 290 4680 ne
321 4625 737 4695 transgrediaris
778 4641 1082 4680 mensuram
1124 4636 1291 4680 tuam.
1326 4626 1418 4682 Vis
1453 4643 1627 4681 meam
1661 4627 1825 4683 bene—

218 4716 514 4771 dictionem
543 4716 824 4771 obtinere?
858 4718 995 4772 Ecce
1021 4732 1142 4773 eam
1172 4718 1267 4772 tibi
1288 4718 1377 4772 do.
1413 4719 1548 4773 Dicit
1572 4718 1736 4784 enim,
1762 4717 1827 4770 Et

217 4810 479 4863 benedixit
522 4825 656 4864 eum.
698 4808 791 4864 30.
836 4808 904 4862 Et
942 4810 1159 4873 uocauit,
1193 4809 1402 4879 inquit,
1440 4809 1603 4863 Jacob
1647 4824 1828 4862 nomen

224 4899 324 4953 loci
353 4900 513 4965 illius,
548 4898 784 4969 Speciem
823 4898 936 4952 Dei.
984 4898 1097 4953 Vidi
1134 4888 1267 4953 Enim
1304 4898 1470 4953 Deum
1499 4900 1630 4969 [acie
1655 4900 1723 4952 ad
1748 4899 1838 4969 ft;-

222 4990 382 5051 ciem,
402 4998 451 5041 et
481 4989 623 5041 salva
650 4993 790 5059 facta
818 4999 890 5044 est
919 4990 1092 5043 anima
1123 5007 1255 5043 mea.
1291 4989 1455 5044 Vides
1482 5000 1739 5059 quantum
1778 4992 1827 5045 ei

224 5080 438 5135 fiatut-ite
464 5096 493 5133 a
535 5081 741 5135 visione
778 5083 849 5137 sit
886 5084 1151 5137 inditum?
1183 5082 1343 5138 Salva
1389 5085 1528 5152 facta
1556 5093 1628 5137 est
1656 5083 1830 5137 animo

289 5210 309 5274 ξ
343 5210 566 5274 Quinque
589 5215 719 5274 lassa
742 5209 979 5274 neminem
1003 5210 1210 5274 amplius
1226 5210 1364 5261 time.

290 5270 366 5332 (α)
400 5270 497 5335 tuo
513 5272 677 5321 series
703 5283 763 5335 se
802 5270 1351 5322 iutricatam'exhibere
1395 5274 1565 5335 incipit
1598 5286 1609 5322 :
1646 5285 1757 5335 nam
1790 5275 1835 5321 si

225 5331 379 5405 itast}
403 5331 601 5405 habeat,
626 5339 681 5405 u_t
702 5334 751 5405 in
776 5335 924 5405 Euius
944 5342 997 5383 et
1028 5335 1080 5405 in
1102 5335 1433 5405 Manuscriptis
1453 5331 1833 5405 carnibuslcgi-

226 5402 327 5451 tur,
352 5394 499 5442 Jaeob
519 5394 630 5464 ipse
653 5395 705 5464 in
728 5392 854 5445 lucta
879 5397 1034 5446 victus
1054 5394 1223 5455 fuerit,
1250 5392 1355 5459 ipse
1385 5397 1572 5464 dixerit
1596 5410 1608 5444 :
1640 5392 1833 5464 {nutrite

226 5468 323 5513 sese,
348 5455 712 5505 ascenditens'm
734 5469 929 5507 aurora.
979 5464 1032 5507 Et
1068 5465 1233 5508 tamen
1267 5455 1362 5506 non
1395 5459 1537 5507 modo
1569 5458 1835 5507 Hebraieus

227 5524 417 5581 textus,
448 5530 721 5581 comesque
752 5525 1051 5581 Interpretes
1083 5520 1187 5570 haec
1209 5520 1360 5569 verba
1382 5520 1549 5569 dicunt
1579 5531 1691 5567 esse
1728 5520 1835 5580 ejus

224 5580 312 5638 qui
330 5577 610 5645 luctabatur
634 5577 744 5645 cum
768 5591 855 5641 eo;
996 5595 1103 5645 ipse
1148 5582 1519 5645 Chrysostomus
1550 5583 1674 5630 intra
1696 5577 1832 5645 dicit,

226 5639 440 5709 sentiens
459 5639 612 5709 igitur
624 5641 789 5709 justus
813 5639 1195 5709 magnitudinem
1242 5639 1431 5709 uirtutis
1474 5643 1581 5704 ejus
1626 5642 1711 5709 qui
1743 5641 1837 5709 sibi

226 5698 332 5750 hec
358 5698 573 5751 dixerat.
592 5698 916 5760 Quamobrem
935 5706 1318 5768 videturseries
1346 5698 1648 5768 aliquantum
1669 5705 1836 5753 vitiata

228 5776 360 5812 esse.
388 5770 498 5836 utut
523 5771 620 5821 est,
644 5772 853 5827 textum,
888 5764 1025 5819 nullo
1068 5766 1369 5832 suffragante
1403 5764 1599 5829 tiodice,
1642 5773 1835 5816 mutare

236 5839 332 5875 non
344 5836 449 5877 aus:
471 5837 663 5877 sumus.

1284 391 1347 448 IN
1377 391 1529 449 CAP.
1574 388 1788 445 XXXII.
1825 385 2070 443 CENES.
2112 386 2342 443 lfUMlL.
2385 386 2566 442 LVIII.

3466 388 3570 445 510

1959 517 2105 569 mea,
2160 518 2280 572 quae
2328 512 2447 557 erat
2497 501 2883 573 prepcmodum
2934 514 3145 559 mortua
3190 518 3305 575 prae
3351 505 3564 564 timore.

1955 591 2221 658 Quoniam
2264 592 2444 648 videre
2475 593 2606 647 mihi
2646 593 2829 647 datum
2872 603 2956 648 est
3002 594 3169 649 Deum
3216 596 3350 651 facie
3389 594 3456 651 ad
3490 596 3569 650 fa-

1954 683 2117 745 cient,
2149 682 2309 737 Salva
2330 683 2470 753 [acta
2498 692 2572 737 est
2600 684 2774 737 animo
2805 700 2935 741 mea.
2970 685 3059 739 5|.
3112 683 3269 739 Ortus
3294 696 3369 741 est
3401 694 3568 741 autem

1953 770 1999 824 ei
2026 771 2123 833 sol,
2153 772 2357 838 quando
2380 772 2623 841 prwteriit
2649 772 2776 827 visio
2806 772 2919 827 Dei.
2948 772 3141 828 Vidisti
3173 776 3445 843 quomodo
3486 776 3567 831 in-

1954 858 2195 915 firmitati
2218 860 2468 917 humana:
2501 862 2760 917 Dominus
2804 878 2925 920 sese
2965 873 3352 934 attemperans,
3382 868 3564 923 omnia

1952 951 2060 1025 agit
2090 961 2143 1005 et
2171 960 2383 1019 tractat,
2410 961 2467 1007 ut
2497 967 2647 1007 suam
2681 953 3066 1023 benignitatem
3092 956 3365 1012 declaret?
3401 958 3469 1012 Et
3497 974 3565 1013 ne

1951 1040 2259 1105 admireris,
2304 1042 2519 1107 dilecte,
2553 1042 2697 1113 quod
2739 1052 2883 1098 tanta
2924 1044 2995 1099 sit
3034 1044 3381 1115 indulgentia:
3421 1047 3566 1103 illius

1951 1133 2301 1202 magnitudo:
2329 1134 2423 1188 sed
2450 1136 2620 1205 cogita
2648 1135 2919 1205 quomodo
2958 1145 3013 1191 et
3052 1115 3393 1206 patriarchas,
3438 1155 3563 1195 cum

1948 1224 2089 1294 apud
2121 1240 2375 1294 quercum
2401 1226 2642 1294 sederet,
2668 1226 2720 1280 in
2753 1226 2986 1281 hominis
3015 1228 3179 1297 figura
3207 1244 3328 1282 cum
3354 1229 3563 1299 angelis

1949 1313 2148 1384 hospes
2173 1315 2357 1382 fuerit,
2384 1317 2715 1387 pracsignans
2756 1317 2915 1373 nobis
2942 1317 3053 1388 jam
3089 1319 3259 1374 multo
3304 1331 3462 1374 antea
3506 1330 3562 1377 et

1947 1404 2016 1458 ab
2043 1405 2196 1460 initio
2225 1420 2285 1459 se
2315 1407 2602 1461 humanam
2630 1417 2876 1461 naturam
2903 1418 3278 1479 suscepturum
3307 1425 3429 1466 εδει)
3449 1450 3468 1478 ,
3500 1422 3558 1467 ut

1946 1497 2024 1551 sic
2043 1511 2256 1553 Omnem
2286 1499 2573 1553 humanam
2600 1510 2848 1556 naturam
2893 1514 2923 1553 a
2951 1501 3151 1555 diaboli
3181 1502 3463 1573 tyrannide
3496 1504 3558 1558 li-

1947 1588 2181 1657 beraret,
2214 1601 2265 1645 et
2294 1590 2361 1645 ad
2388 1592 2619 1646 salutem
2651 1592 2956 1647 reduceret.

2028 1679 2226 1737 Veritas
2271 1683 2641 1737 incarnationis
2687 1684 3024 1748 declaratur;
3064 1684 3425 1752 beneﬁciorum
3465 1685 3557 1740 Dei

1943 1785 2272 1828 monumenta
2301 1776 2353 1829 in
2382 1775 2753 1846 Scriptura.-—
2769 1775 2967 1831 Verum
3000 1785 3125 1829 tunc
3151 1777 3393 1847 quidem,
3420 1793 3554 1847 quu-

1945 1864 2086 1919 niam
2119 1865 2264 1920 initia
2296 1878 2349 1919 et
2379 1868 2640 1936 principia
2669 1876 2843 1932 erant,
2881 1869 2936 1921 in
2963 1867 3127 1938 figura
3159 1868 3449 1938 unicuique
3486 1870 3553 1923 il-

1943 1955 2116 2010 lorum
2145 1957 2458 2026 apparebat,
2486 1959 2626 2013 sicut
2659 1959 2776 2028 ipse
2808 1973 2904 2028 per
2928 1959 3093 2012 alium
3124 1959 3440 2028 pI‘OItllclttttl
3472 1961 3555 2014 di-

1940 2047 2012 2099 cit
2042 2062 2058 2100 :
2089 2046 2201 2117 Ego
2232 2048 2447 2103 visiones
2475 2050 2831 2120 multiplicaui,
2854 2059 2899 2103 et
2926 2050 2979 2102 in
3006 2051 3240 2104 manibus
3271 2053 3547 2121 propheta-

1939 2154 2053 2191 rnm
2079 2140 2391 2195 assimilatas
2433 2157 2545 2194 sunt
2583 2140 2739 2211 (Osee
2788 2143 2875 2196 12.
2912 2141 3004 2212 10)
3052 2159 3064 2195 2
3112 2141 3328 2212 quando
3371 2153 3550 2200 autent

1937 2229 2193 2301 dignatus
2214 2240 2298 2287 est
2328 2233 2585 2289 Dominus
2608 2233 2897 2289 humanam
2923 2232 3152 2289 formam
3177 2236 3474 2306 suscipere,
3500 2247 3556 2294 ct

1940 2324 2200 2391 primitias
2232 2335 2442 2380 neStras
2471 2326 2732 2395 recipere,
2767 2342 2871 2379 non
2904 2326 2955 2380 in
2988 2326 3153 2396 figura
3188 2344 3360 2396 neque
3386 2344 3554 2398 appa.

1939 2422 2149 2469 rentem
2179 2424 2384 2469 tantum
2415 2430 2661 2480 carnem,
2690 2416 2785 2470 sed
2814 2431 3007 2471 veram
3032 2416 3225 2472 induit.
3263 2418 3331 2472 Et
3351 2434 3551 2489 capru-

1910 2514 2054 2583 ‘ptcr
2096 2506 2265 2559 voluit
2312 2521 2408 2575 per
2448 2507 2629 2560 omnia
2676 2518 2857 2560 nostra
2905 2508 3169 2575 transire,
3216 2524 3277 2563 ex
3326 2510 3554 2565 muliere

1937 2597 2106 2663 nasci,
2137 2597 2313 2653 infans
2344 2597 2482 2664 fieri,
2526 2598 2828 2669 panniculis
2873 2598 3097 2666 involvi,
3122 2608 3178 2654 ct
3214 2600 3349 2654 lacte
3382 2602 3548 2669 pasci,

1935 2689 2147 2759 alioque
2191 2690 2369 2745 omnia
2415 2690 2582 2759 ferre,
2618 2699 2675 2745 ut
2716 2690 3136 2759 dispensationis
3184 2692 3381 2746 veritas
3422 2708 3547 2747 cre-

1932 2778 2152 2835 dibilior
2206 2791 2386 2845 esset,
2442 2792 2497 2835 et
2545 2781 2924 2836 hmreticorum
2986 2796 3081 2835 ora
3144 2782 3546 2836 obturarcntur.

1936 2871 2223 2940 Propterea
2282 2882 2338 2928 et
2392 2872 2593 2927 dormit
2643 2873 2703 2926 .in
2764 2872 2926 2937 navi,
2999 2882 3055 2925 et
3114 2872 3215 2925 iter
3274 2871 3433 2936 facit,
3493 2883 3551 2927 et

1932 2963 2217 3033 fatigatur,
2268 2972 2321 3018 et
2371 2964 2549 3017 omnia
2600 2963 2832 3017 humana
2884 2962 3151 3025 sustinet,
3202 2972 3259 3015 ut
3307 2977 3403 3031 per
3457 2977 3545 3019 res

1932 3052 2078 3125 ipsas
2147 3054 2416 3122 certisque
2474 3054 2810 3122 argumentis
2879 3051 3201 3119 persuadeat
3271 3052 3545 3107 omnibus.

1932 3144 2159 3214 Propter
2189 3144 2293 3198 hoc
2339 3145 2501 3198 etiam
2545 3144 2797 3198 tribunali
2845 3143 3053 3209 adstat,
3092 3151 3148 3198 et
3192 3143 3544 3214 crucifigitur,

1931 3245 2267 3305 mortemque
2296 3236 2530 3289 sustinet
2559 3235 3147 3305 ignominiosissimam,
3179 3243 3235 3288 et
3276 3236 3327 3288 in
3367 3237 3549 3306 sepul-

1930 3341 2024 3381 cro
2055 3328 2291 3396 ponitur,
2326 3336 2385 3382 ut
2422 3343 2518 3382 sua
2563 3327 2862 3381 incarnatio
2895 3342 2991 3397 per
3014 3327 3210 3381 omnia
3238 3328 3330 3381 fiat
3374 3330 3549 3383 mani-

1931 3419 2088 3476 festa.
2120 3420 2252 3474 Nam
2282 3420 2327 3475 si
2358 3436 2463 3474 non
2500 3435 2628 3474 vcrc
2668 3434 2890 3474 carnem
2927 3430 3169 3474 nostram
3208 3421 3499 3490 assumpsit
3530 3436 3543 3475 :

1932 3527 2105 3582 neque
2131 3502 2550 3576 crucifixusest,
2585 3526 2761 3581 neque
2785 3520 3050 3576 mortuus,
3076 3524 3251 3579 neque
3280 3511 3546 3580 sepultus,

1932 3619 2105 3673 neque
2146 3605 2460 3658 resurrexit.
2505 3602 2659 3671 Quod
2691 3603 2736 3657 si
2765 3618 2870 3657 non
2900 3601 3225 3667 resurrexit,
3272 3602 3450 3657 omnis
3478 3603 3546 3658 de

1933 3695 2303 3749 incarnatione
2333 3709 2516 3749 sermo
2542 3696 2835 3750 subversus
2864 3702 2969 3748 est.
3006 3693 3169 3747 Vides
3200 3694 3251 3746 in
3283 3703 3542 3764 quautant

1932 3784 2322 3838 ahsurditatcm
2348 3784 2595 3838 incidunt
2621 3784 2712 3854 qui
2738 3784 2933 3839 divinzn
2963 3784 3259 3854 Scripturze
3280 3798 3547 3840 cntionem

1929 3876 2082 3945 sequi
2140 3875 2366 3941 nolunt,
2423 3876 2518 3929 scd
2572 3875 2686 3931 suis
2749 3874 3168 3946 cogitationibus
3231 3874 3548 3945 permittunt

1930 3966 2152 4019 omnia?
2198 3966 2393 4021 Verum
2442 3967 2581 4022 sicut
2628 3966 2715 4020 hic
2764 3966 3044 4036 perspicua
3074 3974 3160 4021 est
3207 3966 3428 4031 veritas,
3475 3966 3543 4018 ita

1930 4056 2069 4125 apud
2104 4056 2311 4125 justum
2344 4057 2496 4111 illum
2549 4058 2719 4127 figura
2763 4056 3009 4126 quaedam
3056 4065 3193 4119 erat,
3246 4072 3343 4126 per
3381 4072 3549 4126 quam

1928 4149 2112 4218 justus
2142 4151 2324 4204 multis
2354 4152 2689 4220 argumentis
2718 4151 2919 4205 certior
2961 4149 3136 4212 fieret,
3170 4162 3427 4219 quantam
3462 4152 3547 4203 sui

1930 4256 2112 4296 curam
2146 4244 2285 4297 Deus
2331 4243 2576 4309 haberet,
2626 4254 2680 4298 et
2734 4244 2990 4297 invictum
3040 4258 3099 4297 se
3148 4243 3383 4297 futurum
3423 4258 3548 4299 esse

1930 4336 2182 4389 omnibus
2212 4336 2301 4405 qui
2334 4335 2435 4390 sibi
2467 4336 2871 4389 insidiarentur.
2906 4335 3129 4398 Deinde,
3158 4345 3209 4389 ut
3247 4337 3545 4403 posteritati

1930 4434 2056 4478 nota
2088 4425 2239 4479 ﬁeret
2266 4426 2382 4495 ejus
2413 4426 2569 4493 visio,
2606 4424 2958 4492 Claudicavit,
2983 4425 3175 4494 inquit,
3209 4426 3402 4493 femore
3422 4442 3541 4480 suo.

1934 4517 2022 4570 32.
2064 4516 2287 4588 PrOpter
2312 4518 2408 4571 hoc
2436 4535 2539 4573 non
2566 4518 2836 4572 comedunt
2878 4518 2975 4586 ﬁlii
3017 4516 3185 4570 Israel
3218 4534 3425 4570 uerrunt
3456 4519 3543 4587 qui

1932 4611 2198 4678 emarcuit,
2234 4612 2320 4682 qui
2362 4622 2434 4666 est
2476 4627 2630 4681 super
2674 4610 2995 4663 latitudinem
3024 4604 3253 4679 femoris,
3297 4625 3455 4679 usque
3496 4611 3557 4662 its

1933 4704 2066 4757 hunc
2097 4704 2229 4756 diem
2258 4718 2280 4757 ε
2309 4704 2429 4773 quia
2458 4703 2625 4773 attigit
2665 4717 2885 4755 nervum
2922 4716 3074 4769 super
3106 4699 3431 4751 latitudinem
3469 4705 3550 4770 [οι-

1933 4797 2087 4850 moris
2107 4794 2291 4863 Jacob,
2320 4806 2366 4848 et
2388 4795 2657 4850 emarcuit.
2686 4793 2952 4861 Quoniam
2980 4791 3126 4847 enim
3158 4791 3335 4859 justus
3362 4790 3553 4859 impfe~

1936 4891 2003 4945 tis
2028 4890 2151 4943 vitae
2193 4905 2305 4944 sure
2344 4888 2523 4955 annis,
2572 4888 2931 4958 emigratm'us
2964 4892 3081 4940 erat
3124 4900 3190 4938 ex
3231 4883 3333 4938 hac
3372 4884 3486 4938 vita
3532 4904 3543 4937 :

1935 4983 2219 5052 Oportebat
2243 4990 2422 5037 autem
2453 4980 2847 5052 providentiam
2878 4979 2970 5032 Dei
3014 4978 3066 5031 in
3101 4976 3273 5041 illum,
3316 4984 3371 5031 et
3416 4985 3549 5031 tan-

1936 5086 2043 5129 tam
2074 5075 2166 5130 Dei
2195 5075 2699 5144 attemperationem
2739 5072 2884 5127 omni
2919 5069 3196 5124 hominum
3224 5067 3411 5138 generi
3442 5068 3545 5123 dc-

1936 5168 2128 5221 clarari
2160 5184 2171 5219 :
2205 5165 2368 5235 Ideo,
2388 5167 2579 5237 inquit,
2623 5184 2725 5220 non
2764 5166 3034 5219 comedunt
3082 5162 3178 5231 lilii
3223 5160 3397 5215 Israel
3429 5178 3550 5215 ner-

1936 5277 2053 5314 vum
2096 5260 2384 5314 latitudinis
2420 5261 2652 5330 femoris,
2696 5259 2781 5329 qui
2827 5256 3094 5311 emarcuit.
3144 5253 3332 5309 Sciens
3362 5269 3556 5309 eorum

1938 5353 2225 5408 admodum
2256 5353 2518 5423 ingratam
2551 5361 2810 5417 mentem,
2851 5360 2907 5405 et
2950 5364 3109 5419 quam
3158 5346 3317 5403 facile
3354 5348 3552 5402 oblivi-

1938 5453 2155 5499 scantur
2176 5444 2266 5498 Dei
2295 5443 2573 5506 beneficia,
2604 5452 2861 5513 perpetuo
2882 5441 3096 5495 artibus
3119 5437 3438 5508 quibusdam
3469 5437 3551 5491 ef-

1942 5538 2052 5593 ficit
2091 5549 2145 5593 ut
2174 5550 2518 5593 monumenta
2558 5537 2792 5590 habeant
2835 5550 3025 5589 eorum
3072 5548 3191 5603 qua:
3232 5545 3262 5584 a
3306 5546 3365 5585 se
3413 5529 3551 5584 facta

1942 5640 2086 5698 sunt,
2122 5629 2475 5700 providetque
2502 5643 2559 5683 ut
2598 5630 2687 5683 illa
2728 5630 3057 5682 monimenta
3103 5638 3200 5695 per
3245 5622 3555 5691 hujusmodi

1943 5724 2348 5779 observationes
2372 5722 2781 5786 custodiantur;
2811 5718 2861 5774 id
2903 5717 3049 5790 quod
3094 5731 3189 5787 per
3218 5714 3558 5783 Scripturam

1950 5826 2115 5873 totam
2134 5816 2397 5874 invenies.
2427 5815 2553 5872 Haec
2578 5814 2729 5870 citius
2750 5811 2989 5869 mnium
3015 5822 3175 5866 causa
3193 5815 3278 5863 est
3299 5803 3553 5879 plurima-
