4182 6322
258 305 367 362 813

261 418 358 472 tari
382 423 439 469 et
470 410 865 482 reprehendere
892 407 1219 477 negligentes
1241 403 1447 466 volens,
1465 400 1595 454 dicit
1619 416 1632 450 :
1669 396 1854 450 Nonne

259 518 307 560 et
337 506 597 575 publicani
619 505 754 557 idem
784 500 1020 573 faciunt?
1039 499 1437 564 Quetncumque
1469 491 1609 546 enitn
1647 489 1862 559 ignavo—

263 607 383 649 rum
410 594 708 663 sumpseris
728 635 742 651 .
769 607 943 645 nonne
977 589 1076 641 hoc
1106 586 1265 640 facit?
1312 584 1495 638 Nonne
1515 592 1566 636 et
1596 578 1859 650 publicani

261 699 461 753 magno
503 685 677 738 studio
719 683 832 733 haec
887 677 1117 732 faciunt?
1161 675 1296 742 Quid
1348 683 1526 725 autem
1585 669 1863 737 publicano

260 774 541 830 deterius?
588 765 1110 826 Attunen‘iuvenies
1152 781 1274 819 eum
1322 764 1422 816 hoc
1459 760 1706 815 omnibus
1751 775 1865 811 tuo-

263 867 348 920 dis
395 865 723 925 observare,
768 872 819 915 et
854 875 958 912 non
987 867 1069 912 est
1099 855 1350 927 possibile
1390 864 1446 905 nt
1486 866 1588 904 non
1626 849 1867 903 rcdamct

269 955 359 1024 qui
393 961 626 1006 amatur.
675 951 786 1019 Ego
815 957 989 1002 autem
1026 947 1144 1016 quia
1185 953 1232 996 cl
1274 943 1596 997 eicelsiores
1625 953 1717 992 vos
1744 950 1865 1024 esse

266 1045 413 1108 volo,
437 1051 492 1096 et
513 1040 706 1110 aliquid
729 1040 956 1107 amplius
979 1036 1196 1098 habere;
1217 1049 1321 1086 non
1346 1031 1445 1085 hoc
1465 1029 1751 1091 admoneo,
1771 1023 1865 1080 sed

267 1144 324 1188 ut
367 1134 617 1187 inimicos
648 1131 898 1200 ιΙὶΙίεειιίμ.
930 1129 982 1182 Id
1010 1127 1150 1198 quod
1183 1125 1366 1180 beatus
1393 1123 1482 1178 ille
1506 1130 1628 1175 ante
1657 1120 1862 1188 legem,

268 1237 397 1279 ante
418 1224 716 1278 doctrinam
751 1222 816 1274 ab
841 1221 956 1273 aliis
978 1227 1249 1286 acceptam
1273 1224 1464 1284 sponte
1491 1228 1584 1266 sua
1619 1211 1740 1264 fecit
1767 1226 1779 1262 :
1814 1215 1868 1261 et

273 1325 496 1385 propwr
525 1313 872 1368 excellentem
915 1306 1373 1362 mansuetudinem
1417 1303 1562 1370 prius
1597 1297 1870 1368 superavit

274 1404 481 1469 Laban,
526 1417 666 1457 nunc
704 1413 877 1455 autem
921 1408 976 1454 ct
1019 1397 1256 1452 fratrem.
1297 1394 1427 1449 Nam
1473 1393 1595 1446 licet
1634 1403 1869 1458 superno

268 1496 531 1566 praesidio
558 1493 727 1548 fretus
757 1492 930 1558 fuerit,
958 1500 1192 1543 attamen
1223 1485 1364 1556 quod
1394 1500 1548 1540 suum
1581 1491 1694 1536 erat
1724 1482 1869 1549 prius

268 1585 514 1641 exhibuit
540 1582 635 1653 (ιι).
656 1581 729 1635 lta
757 1596 886 1635 sane
908 1592 960 1634 et
983 1593 1078 1633 nos
1105 1576 1517 1648 persuadeamus
1545 1572 1717 1636 nobis,
1749 1572 1871 1625 licet

273 1677 470 1730 millies
521 1676 825 1739 enitamur,
865 1670 996 1725 nihil
1040 1678 1215 1724 tamen
1268 1667 1668 1736 prorsus’recte
1710 1675 1870 1731 agere

276 1780 458 1835 posse,
491 1764 593 1818 nisi
624 1777 856 1832 superno
890 1760 1088 1814 auxilio
1124 1758 1355 1826 adjutos.
1397 1757 1545 1810 Sicut
1589 1755 1731 1808 enim
1769 1751 1870 1806 nisi

277 1858 370 1912 illo
398 1856 638 1911 subsidio
662 1854 937 1918 fruamur,
965 1851 1094 1905 nihil
1131 1865 1380 1920 umquam
1413 1862 1697 1918 possumus
1727 1855 1872 1901 recte

271 1964 438 2017 agere
462 1965 476 2002 :
507 1948 578 2002 ita
601 1947 698 2001 nisi
724 1945 863 2016 quod
896 1955 1134 1998 nostrum
1163 1951 1245 1997 est
1269 1940 1624 2005 attulerimus,
1649 1954 1752 1991 non
1780 1952 1872 2008 po-

275 2041 502 2095 terimus
550 2053 839 2108 supernum
889 2035 1142 2089 auxilium
1182 2034 1444 2088 obtinere.
1492 2032 1685 2086 Demus
1716 2029 1875 2099 igitur

276 2147 501 2201 operam
529 2140 586 2185 ut
612 2140 664 2185 et
691 2140 868 2184 nostra
899 2127 1212 2190 aderamus,
1240 2137 1295 2180 et
1321 2140 1611 2194 supernum
1639 2124 1872 2177 favorem

273 2222 598 2286 alliciamus,
623 2232 675 2276 ιιι
696 2231 749 2276 et
769 2236 835 2276 ex
860 2228 1044 2275 nostro
1065 2217 1241 2274 studio
1266 2226 1318 2274 et
1343 2233 1406 2272 ex
1434 2215 1524 2272 Dei
1554 2216 1816 2286 benignita
1844 2228 1876 2270 e

280 2317 517 2368 virtutes
547 2323 742 2368 notra:
771 2311 1007 2382 quotidie
1034 2318 1316 2374 crescant,
1345 2311 1616 2378 multaque
1642 2321 1873 2375 superna

278 2405 526 2459 fruamur
547 2404 734 2472 gratia.
766 2403 916 2471 Quod
946 2402 1098 2457 nobis
1123 2401 1367 2455 erunibus
1388 2400 1732 2460 eoncedatur,
1756 2413 1873 2466 gra-

278 2498 356 2549 tia
385 2506 439 2550 et
467 2495 787 2566 benignitate
814 2494 1020 2548 Domini
1053 2493 1217 2546 nostri
1245 2491 1367 2546 Jesu
1395 2489 1614 2556 Christi,
1644 2489 1728 2544 cui
1753 2502 1876 2542 cum

280 2591 443 2644 l‘atre
471 2600 522 2642 et
549 2597 733 2643 sancto
757 2587 956 2658 Spiritu
998 2585 1066 2641 sit
1103 2584 1268 2654 gloria
1287 2625 1302 2650 ,
1331 2583 1612 2658 imperium
1637 2624 1652 2648 ,
1681 2581 1873 2646 honor,

281 2696 430 2738 nunc
452 2690 507 2737 et
530 2696 762 2752 semper,
787 2689 841 2735 et
866 2679 918 2734 in
949 2678 1143 2732 smcula
1173 2655 1509 2732 smeulor’um.
1541 2676 1732 2729 Amen.

855 2807 1136 2865 "0Mth
1175 2806 1314 2863 LIX.

282 2921 357 2979 Et
396 2925 525 2979 venit
545 2924 706 2980 Iacob
738 2922 813 2996 (ὁ)
839 2924 890 2977 in
926 2921 1100 2978 Solem
1129 2921 1378 2974 civitatem
1401 2918 1716 2974 Secintorum
1757 2917 1807 2981 ³,
1836 2925 1882 2969 et

360 3018 479 3070 emit
499 3025 688 3082 partem
713 3015 824 3084 agri
838 3013 898 3068 ab
917 3012 1076 3066 Emor
1093 3023 1236 3081 patre
1257 3010 1475 3082 Sychem
1487 3021 1683 3063 centum
1701 3025 1845 3078 agnis
1863 3022 1884 3062 :

362 3119 406 3167 et
427 3109 579 3166 erexit
595 3107 665 3163 ibi
692 3107 882 3177 altare,
912 3115 957 3161 et
984 3104 1228 3160 invocavit
1251 3101 1412 3158 Deum
1440 3099 1606 3158 Israel
1625 3097 1882 3174 (Gcn.35.

367 3200 582 3271 ιιι-ευ).

367 3296 413 3349 l.
462 3293 675 3348 Vidistis
701 3291 816 3346 heri
845 3301 900 3346 et
929 3292 1095 3346 nostri
1137 3291 1372 3344 omnium
1407 3289 1613 3344 Domini
1637 3290 1886 3344 eximiam

278 3384 648 3448 clementiam,
671 3392 726 3438 et
744 3383 1122 3452 discipulorum
1154 3380 1567 3450 philosophiam,
1593 3391 1647 3435 et
1674 3379 1887 3434 .ludrco-

281 3493 413 3534 rum
438 3475 698 3547 ingratum
723 3472 1000 3527 animum?
1026 3472 1242 3527 Vidistis
1265 3477 1459 3542 quanta
1486 3484 1606 3524 cum
1630 3470 1886 3539 patientia

283 3581 481 3624 eorum
537 3565 900 3634 impudentem
947 3563 1225 3636 audaciam
1274 3563 1649 3618 obmutescere
1691 3562 1886 3630 coegit,

283 3673 419 3714 cum
457 3672 584 3712 suos
611 3665 892 3711 excusaret
918 3655 1213 3725 discipulos
1234 3697 1246 3718 ,
1281 3665 1589 3708 monstrans
1624 3653 1769 3722 ipsos
1797 3651 1887 3722 qui

287 3749 469 3817 legem
497 3747 770 3802 vindicare
796 3747 1067 3810 volebant,
1093 3746 1221 3816 legis
1247 3745 1578 3800 voluntatem
1621 3745 1889 3814 ignorare,

287 3850 352 3896 et
398 3838 687 3893 irradiante
718 3839 942 3894 veritate
962 3881 976 3904 ,
1001 3838 1175 3892 adhuc
1217 3838 1419 3891 umbra?
1442 3837 1683 3892 assidere
1711 3837 1847 3890 velle
1869 3837 1892 3889 ἲ

291 3932 519 3985 Vidistis
548 3929 816 4000 quomodo
853 3931 962 3999 jam
1003 3930 1127 3984 inde
1172 3929 1238 3983 ab
1275 3929 1426 3982 initio
1475 3928 1886 3984 observationes

290 4022 496 4092 legales
545 4021 757 4075 auferre
794 4020 1078 4084 studebat,
1128 4019 1328 4074 docens
1367 4034 1495 4082 eos,
1542 4027 1731 4074 exorto
1779 4018 1894 4073 Suic

285 4113 538 4184 justitia‘,
570 4111 803 4166 lucernae
833 4111 1010 4166 lumen
1043 4110 1172 4164 nihil
1199 4111 1308 4179 jam
1334 4108 1550 4164 efﬁcere
1579 4126 1735 4179 posse
1754 4111 1777 4163 ἶ)
1796 4109 1894 4164 Ju-

290 4207 402 4260 bar
423 4203 566 4256 enim
594 4201 785 4256 solaris
813 4200 1035 4256 luminis
1065 4200 1206 4271 quod
1246 4201 1454 4255 accedit
1475 4241 1488 4264 ,
1517 4200 1619 4254 hoc
1646 4201 1773 4268 tegit
1793 4241 1807 4266 ,
1840 4209 1895 4253 et

291 4295 472 4351 videri
503 4309 609 4348 non
635 4292 784 4347 sinit.
809 4293 1080 4347 Didicistis
1119 4291 1390 4361 quomodo
1417 4291 1672 4359 possibile
1699 4291 1770 4344 sit
1792 4331 1805 4348 .
1837 4299 1895 4345 ut

292 4385 451 4440 feria:
478 4392 750 4453 perpetua:
777 4390 1022 4453 agantur,
1052 4390 1107 4437 et
1133 4398 1161 4434 a
1188 4389 1488 4450 temporum
1515 4381 1894 4436 observatiOnc

293 4478 611 4534 liheremur.
635 4474 766 4529 Nam
812 4485 1029 4545 propter
1071 4474 1173 4527 hoc
1202 4473 1347 4528 venit
1390 4473 1646 4528 Dominus
1687 4483 1892 4539 noster,

292 4579 359 4623 ut
395 4581 491 4620 nos
520 4566 772 4620 liberaret
800 4580 828 4618 a
861 4575 1164 4632 temporum
1211 4565 1534 4618 necessitate
1570 4581 1583 4616 :
1613 4573 1668 4617 et
1713 4563 1897 4620 efﬁce-

292 4668 411 4723 ret,
431 4667 484 4712 ut
513 4658 674 4711 altius
701 4658 1057 4722 evolaremns,
1088 4665 1143 4712 et
1168 4657 1277 4727 jam
1320 4659 1372 4711 in
1400 4657 1536 4711 c:clo
1577 4655 1896 4713 haberemus

299 4752 690 4819 municipatum
715 4792 730 4814 ,
761 4759 814 4804 et
841 4765 962 4803 cum
991 4750 1165 4804 adhuc
1196 4749 1439 4803 homines
1478 4765 1693 4814 sumus,
1716 4749 1896 4820 Ange-

345 4887 388 4946 ,⁸
423 4893 562 4935 Juxta
583 4885 725 4957 Savil.
741 4886 1006 4948 legendum
1022 4893 1173 4945 esset,
1191 4885 1515 4947 Sicanorum;
1540 4894 1592 4937 et
1608 4889 1745 4949 juxta
1764 4890 1903 4950 quin-

295 4962 403 5012 que
427 4956 552 5008 ιω,
575 4956 875 4998 Stcttrtortun.

365 5031 441 5092 (ο)
475 5033 591 5078 uota
611 5041 722 5091 quae
743 5035 1017 5092 sequuntur
1037 5034 1203 5078 contra
1224 5040 1312 5078 eos
1340 5029 1423 5092 qui
1439 5028 1679 5092 cbrysost.
1707 5028 1902 5092 Pelagio

296 5091 471 5140 favere
491 5089 678 5139 dicunt.

347 5103 471 5140 vere
491 5093 678 5139 dicunt.

366 5152 444 5215 te)
470 5158 608 5215 tunc
633 5148 877 5215 hvmiliam
896 5149 1066 5215 habuit
1087 5149 1336 5215 [nstridim
1370 5157 1427 5198 ut
1449 5151 1729 5215 “initioab,
1755 5163 1899 5215 quam

296 5210 446 5262 aliam
469 5212 727 5267 habuerat,
746 5211 828 5260 ubi
854 5211 1037 5259 Domini
1061 5210 1341 5261 clementia.
1360 5218 1412 5258 et
1429 5210 1900 5272 discipulorum'pbi-

301 5272 524 5335 losophia
547 5272 891 5335 exhibebatur,
916 5272 1187 5335 Judteornm
1211 5272 1430 5335 ingratus
1453 5272 1642 5335 animus
1681 5272 1898 5335 declara-

302 5330 462 5394 batu'r,
485 5335 808 5384 lncusanthtm
828 5330 1120 5394 discipulos;
1155 5344 1251 5394 qua
1274 5330 1338 5394 de
1366 5346 1423 5382 re
1457 5334 1736 5394 incusarent
1775 5334 1900 5382 haud

300 5393 496 5445 difﬁcile
520 5402 598 5443 est
615 5394 860 5455 augurari,
901 5392 1028 5454 quod
1071 5392 1198 5455 fame
1225 5392 1504 5441 laborantes
1539 5393 1660 5455 idum
1684 5406 1773 5454 per
1796 5402 1901 5442 sata

301 5408 496 5445 armate
520 5408 598 5443 ast
615 5408 676 5442 au
715 5408 860 5451 urari,
901 5408 1028 5454 quon
1071 5408 1198 5441 tame
1225 5408 1504 5441 laborantes
1545 5408 1660 5440 num
1684 5408 1773 5454 per
1796 5408 1901 5442 sata

301 5457 570 5506 transirent
591 5408 801 5504 Subitam
828 5448 995 5516 'spicas
1036 5453 1282 5516 vellerent
1306 5463 1357 5503 et
1380 5454 1717 5516 comederent,
1757 5467 1903 5516 quam

303 5469 570 5506 transui-ent
591 5469 801 5504 διοικιιο
838 5469 995 5563 εῗαιε
1036 5469 1282 5503 venerem
1306 5469 1357 5503 et
1380 5469 1717 5512 comederent,
1757 5469 1903 5516 quam

303 5521 496 5578 vivendi
523 5516 867 5578 frugalitatem
911 5516 955 5563 ie
973 5522 1024 5564 et
1039 5513 1145 5563 aliis
1185 5515 1233 5563 in
1271 5514 1388 5578 locis
1404 5515 1772 5578 t‘hrysostomns
1795 5516 1903 5578 phi-

304 5575 748 5640 lmophiamiocat.
783 5577 1056 5640 Judarorum
1094 5587 1215 5625 vero
1251 5575 1755 5640 atnlacbnuZwercuit
1776 5575 1905 5640 Chri-

301 5635 424 5693 stus;
448 5649 502 5689 ιιι
524 5637 911 5699 ibidemgnarrat
943 5637 1321 5699 (tbrysostomus.
1369 5635 1618 5685 ltomiliam
1653 5649 1794 5698 porro
1828 5637 1906 5688 hic
1983 5649 1986 5657 '

301 5707 617 5752 mmmam
639 5697 907 5748 amisimus.

1273 291 1338 347 ΙΝ
1375 290 1525 346 CAP.
1569 286 1809 346 XXXIII.
1849 285 2090 342 CENES.
2126 285 2353 341 llOMlL.
2401 284 2534 341 LIX.

3463 286 3567 343 5M

1972 395 2144 449 lorum
2195 395 2530 449 imitaremur
2575 393 2769 459 vitam,
2819 407 2882 449 ac
2936 409 3023 450 res
3068 392 3330 451 humanas
3376 410 3566 450 omnes

1970 486 2338 539 irrideremus.
2368 489 2479 553 Age
2503 483 2684 549 hodie,
2709 484 2752 538 si
2782 485 3025 550 videtur,
3050 489 3245 541 seriem
3275 488 3564 541 verborum

1970 575 2108 628 beati
2143 576 2303 629 Musis
2349 585 2670 644 sequentes,
2701 590 2763 630 ea
2801 593 2919 643 qua:
2963 578 3331 646 superioribus
3372 577 3567 632 diebus

1967 664 2107 719 dicta
2139 674 2455 734 sequuntur,
2489 673 2800 731 tractemus,
2832 676 2886 721 et
2914 668 3037 722 inde
3065 669 3214 720 vobis
3235 683 3569 737 apponamus

1971 756 2296 809 convivium.
2331 755 2491 810 Scitis
2515 757 2656 811 enim
2689 771 2789 810 nos
2811 797 2824 819 ,
2858 772 2978 811 cum
3009 758 3256 812 rediissct
3291 773 3357 812 ex
3389 755 3575 813 Mesoi

1970 848 2205 918 potamia
2227 847 2413 912 Jacob,
2437 855 2494 902 et
2519 858 2827 903 occurreret
2855 848 3004 903 fratri
3027 890 3041 909 ,
3069 859 3125 903 et
3168 850 3358 903 iterum
3405 849 3474 902 ab
3503 865 3569 904 co

1971 948 2334 1007 separaretur,
2365 947 2416 991 et
2447 937 2537 992 ille
2575 939 2790 1008 quidem
2842 939 2892 990 in
2924 938 3043 993 Seir
3075 949 3311 992 montem
3339 948 3568 995 conten-

1971 1028 2155 1093 deret,
2185 1028 2350 1083 Jacob
2380 1039 2558 1083 autem
2593 1031 2933 1084 tabernacula
2967 1033 3181 1100 figeret,
3208 1042 3261 1084 et
3289 1032 3461 1086 locum
3502 1033 3573 1088 ab

1972 1128 2166 1175 eventu
2197 1120 2561 1175 Taberuacula
2592 1131 2803 1176 vocaret
2830 1163 2846 1188 ,
2877 1137 3182 1176 sermonem
3221 1122 3306 1176 hic
3347 1124 3572 1179 missum

1974 1210 2208 1266 fecisse:
2247 1211 2368 1267 ideo
2391 1229 2526 1282 opus
2567 1223 2647 1266 est
2691 1221 2748 1267 ut
2794 1215 3071 1282 sequentia
3107 1230 3203 1281 pro
3234 1214 3432 1267 viribus
3471 1233 3571 1266 uo-

1974 1303 2100 1356 stris
2145 1311 2464 1365 tractantes,
2492 1303 2790 1356 doctrinam
2820 1305 2972 1358 vobis
3004 1305 3368 1374 relinquamus
3411 1308 3571 1375 spiri-

1975 1395 2194 1448 tualcm.
2251 1393 2481 1448 Securus
2529 1396 2671 1448 enim
2723 1396 2938 1449 tandem
2984 1396 3152 1449 factus
3195 1398 3387 1465 justus,
3414 1409 3466 1452 ct
3505 1399 3574 1452 ab

1975 1483 2120 1539 omni
2154 1486 2349 1540 mentis
2392 1501 2592 1555 angore
2638 1486 2928 1550 liberatus,
2963 1489 3049 1542 18.
3088 1487 3248 1551 ch't,
3283 1492 3487 1558 inquit,
3519 1491 3575 1543 in

1975 1575 2221 1627 civitatem
2247 1575 2563 1630 Serimorum
2587 1617 2599 1638 ,
2633 1577 2717 1631 l9.
2750 1586 2794 1630 et
2815 1580 2934 1631 emit
2960 1590 3152 1647 partem
3174 1583 3286 1649 agri
3312 1581 3373 1633 ab
3421 1580 3576 1634 Emor

1979 1676 2122 1733 patre
2146 1664 2364 1735 Sychcm
2391 1677 2589 1720 centum
2616 1668 2792 1737 agnis‘
2820 1683 2839 1720 ,ο
2858 1667 2947 1723 ‘20.
2981 1681 3026 1723 et
3048 1674 3206 1725 erexit
3231 1670 3300 1724 ibi
3324 1673 3504 1735 altare,
3527 1681 3575 1726 et

1975 1755 2224 1810 invocavit
2253 1756 2420 1810 Deum
2451 1756 2633 1812 Israel.
2653 1758 2726 1812 Ne
2756 1769 3133 1828 praetereamus
3165 1761 3337 1817 obiter
3367 1777 3427 1817 ea
3455 1779 3575 1833 qua:

1979 1848 2031 1902 in
2064 1849 2260 1902 divinis
2289 1849 2580 1918 Scriptnris
2611 1861 2732 1904 sunt
2779 1861 3053 1906 contenta.
3091 1851 3219 1906 Nam
3265 1855 3309 1907 si
3341 1855 3430 1924 qui
3461 1855 3574 1909 auri

1980 1952 2220 1994 ramenta
2271 1958 2302 1997 e
2343 1953 2480 1997 terra
2531 1944 2826 2010 effodiunt,
2859 1946 2985 1999 nulli
3024 1945 3190 2000 labori
3240 1959 3493 2016 parcunt,
3523 1959 3579 2003 et

1979 2034 2158 2086 entia
2188 2035 2367 2102 gravia
2409 2037 2617 2099 ferunt,
2653 2045 2710 2089 nt
2738 2037 2942 2106 possint
2973 2053 3161 2092 aurum
3193 2054 3220 2092 a
3251 2051 3389 2094 terra
3419 2041 3573 2110 sepa-

1981 2139 2101 2177 rare
2127 2143 2140 2177 :
2168 2125 2336 2178 multo
2363 2127 2534 2194 magis
2552 2124 2754 2195 justum
2779 2127 2938 2182 fuerit
2961 2139 3014 2182 nt
3040 2139 3344 2185 scrutemur
3367 2131 3578 2202 eloquia

1981 2216 2211 2285 Spiritus
2232 2258 2247 2283 ,
2281 2226 2335 2270 et
2377 2217 2658 2272 utilitatem
2688 2235 2805 2289 qua:
2832 2220 2953 2274 inde
2982 2231 3064 2276 est
3109 2223 3496 2291 percipianms,
3526 2236 3581 2279 et

1982 2311 2061 2364 sic
2091 2312 2214 2365 hinc
2241 2326 2518 2366 exeamus.
2550 2313 2762 2381 Cogita,
2783 2314 3037 2379 obsecro,
3071 2316 3251 2370 eximii
3295 2317 3448 2371 istius
3481 2319 3577 2371 viri

1985 2402 2403 2473 philosottbiam,
2428 2405 2697 2471 quomodo
2716 2415 2862 2460 tanto
2892 2408 3094 2461 auxilio
3119 2423 3350 2477 superne
3373 2409 3579 2472 fruens,

1983 2504 2039 2550 et
2067 2496 2256 2550 videns
2294 2497 2477 2566 augeri
2507 2497 2785 2552 facultates
2813 2515 2959 2565 suas,
2989 2514 3180 2568 pecora
3208 2501 3348 2563 dico,
3379 2511 3433 2556 et
3468 2511 3584 2554 tan-

1986 2598 2097 2644 tum
2127 2607 2406 2646 numerum
2435 2591 2662 2647 ﬁliorum
2694 2591 3152 2660 circumstantem,
3172 2610 3277 2650 non
3295 2605 3581 2652 exstruen-

1985 2681 2070 2735 dis
2090 2682 2328 2738 mdiﬁciis
2348 2684 2540 2753 amplis
2567 2695 2619 2740 et
2641 2685 2914 2756 prmclaris
2943 2684 3042 2741 fuit
3070 2697 3384 2756 occupatus,
3406 2705 3581 2757 neque

1987 2789 2142 2844 agros
2174 2785 2228 2831 et
2256 2777 2408 2831 villas
2437 2792 2620 2833 emere
2649 2782 2890 2846 curavit,
2931 2796 3050 2850 qua:
3085 2779 3338 2836 sufﬁcere
3364 2794 3584 2850 possent

1988 2877 2046 2921 ut
2070 2867 2518 2924 distribuerentur
2561 2869 2702 2925 ﬁliis.
2750 2871 2874 2926 llaec
2912 2875 3053 2926 enim
3086 2882 3140 2926 et
3187 2873 3378 2928 similia
3420 2891 3585 2944 agere

1990 2963 2164 3016 solent
2196 2965 2282 3031 qui
2319 2979 2416 3017 nos
2441 2964 2635 3031 opibus
2666 2965 2997 3018 antecellunt
3025 2975 3274 3033 :etszrpe
3295 2967 3384 3035 qui
3417 2984 3582 3021 ιιιιιιιιι

1992 3063 2195 3109 tantmn
2243 3055 2401 3112 habet
2434 3056 2634 3124 ﬁlium,
2664 3055 2852 3110 decem
2899 3057 3060 3111 millia
3104 3057 3423 3114 talentorum
3473 3062 3587 3114 auri

1990 3146 2242 3218 Colligere
2283 3149 2507 3219 quaerit,
2538 3158 2593 3202 ut
2646 3161 2803 3218 agros
2853 3158 3030 3214 emat,
3076 3159 3129 3204 et
3174 3150 3368 3206 domus
3412 3151 3587 3204 claras

1993 3249 2233 3295 exstruat
2257 3260 2269 3294 :
2293 3249 2348 3296 et
2376 3242 2577 3294 utinam
2621 3257 2685 3294 ex
2711 3240 2873 3310 justis
2903 3239 3178 3295 laboribus
3204 3282 3218 3305 ,
3249 3249 3305 3296 et
3345 3241 3462 3295 sine
3509 3243 3591 3294 iu-

2002 3333 2207 3402 justitia
2241 3344 2413 3387 tantas
2441 3347 2571 3402 opes
2600 3333 2908 3402 colligeret;
2932 3333 3024 3388 sed
3048 3334 3188 3403 quod
3221 3349 3380 3403 grave
3407 3341 3512 3400 est,
3535 3345 3591 3389 et

1994 3427 2234 3480 Omnium
2263 3425 2661 3495 gravissimum,
2694 3425 2762 3479 ab
2787 3426 2907 3481 aliis
2946 3429 3122 3496 rapit,
3172 3427 3308 3487 alios
3351 3428 3586 3482 circum-

1996 3518 2173 3583 venit,
2205 3518 2326 3573 aliis
2355 3517 2476 3572 lites
2506 3527 2721 3583 movet,
2746 3528 2800 3571 et
2829 3520 2897 3571 ita
2927 3519 3130 3572 alienas
3162 3519 3441 3574 facultates
3466 3534 3591 3574 suas

2000 3610 2141 3664 facit.
2176 3611 2242 3664 Et
2284 3611 2329 3665 si
2369 3609 2490 3680 quis
2518 3610 2714 3664 dixerit
2747 3628 2760 3664 :
2793 3610 2872 3664 Ad
2903 3611 3028 3680 quid
3057 3619 3198 3666 tanta
3238 3613 3303 3666 ad
3335 3615 3592 3682 colligen-

1999 3703 2095 3758 das
2127 3718 2257 3774 apes
2290 3704 2540 3758 insania?
2569 3704 2658 3759 ille
2687 3705 2866 3759 statim
2900 3705 3066 3759 ﬁlium
3095 3707 3360 3775 praetexit,
3384 3716 3439 3761 et
3463 3707 3594 3763 dicit

1998 3813 2056 3852 se
2082 3799 2205 3851 talia
2232 3798 2442 3867 operari
2467 3797 2538 3852 ob
2558 3813 2712 3852 suum
2738 3798 2788 3852 in
2818 3798 2968 3852 illum
2996 3814 3254 3853 amorem.
3276 3800 3339 3854 Et
3367 3801 3453 3856 ille
3477 3804 3597 3871 qui-

1999 3890 2119 3943 dem
2145 3889 2355 3944 tametsi
2377 3904 2596 3958 puerum
2617 3898 2937 3958 prmtexens,
2954 3889 3070 3944 hinc
3088 3899 3373 3960 utcmnquc
3395 3906 3457 3946 ex
3467 3893 3595 3961 piat,

2001 3981 2195 4036 frustra
2239 3991 2414 4035 tamen
2455 3990 2511 4036 et
2556 3982 2846 4035 incassum.
2881 3982 3021 4035 Sunt
3060 3989 3238 4035 autem
3283 3983 3374 4050 qui
3423 3998 3599 4054 nequ-2

2005 4091 2201 4144 pueros
2229 4075 2448 4141 habent,
2477 4085 2530 4130 et
2561 4075 2831 4129 insaniunt
2859 4083 2916 4128 ut
2939 4075 3193 4144 pecunias
3218 4076 3472 4146 colligant
3502 4095 3517 4130 :
3547 4087 3599 4130 et

2003 4168 2223 4222 mallent
2254 4167 2567 4236 gravissima
2596 4165 2737 4220 ferre
2757 4207 2772 4230 ,
2799 4180 2960 4235 quam
3001 4181 3167 4220 unum
3198 4166 3416 4221 obolum
3462 4166 3603 4221 indi-

1999 4261 2251 4329 gentibus
2277 4273 2520 4327 erogare.
2554 4257 2659 4312 Sed
2689 4256 2866 4327 justus
2899 4256 2987 4310 ille
3016 4256 3151 4311 nihil
3181 4257 3358 4312 simile
3386 4260 3603 4312 consul-

2004 4352 2136 4406 tavit
2159 4393 2171 4414 ,
2199 4367 2372 4420 neque
2401 4350 2656 4421 cogitavit
2681 4367 2693 4402 :
2725 4348 2820 4403 sed
2849 4364 2969 4403 cmn
3001 4364 3166 4418 parvo
3196 4365 3332 4418 opus
3379 4350 3605 4405 haberet

1999 4457 2151 4512 agro,
2180 4450 2396 4497 centum
2427 4442 2581 4510 agnis
2607 4441 2770 4504 datis,
2805 4450 3006 4508 partem
3037 4440 3150 4508 agri
3185 4441 3317 4495 emit
3341 4439 3410 4494 ab
3435 4440 3604 4494 Emor

2002 4546 2153 4604 patre
2178 4533 2430 4605 Sychem.
2462 4532 2528 4586 Et
2553 4533 2675 4586 vide
2709 4532 2984 4599 pietatem,
3014 4531 3435 4602 religionemque
3465 4531 3562 4585 viri
3586 4575 3598 4592 ,

2001 4644 2110 4699 qua
2154 4627 2221 4681 de
2266 4641 2425 4678 causa
2473 4641 2659 4694 agrum
2689 4639 2871 4678 emere
2921 4623 3206 4680 studuerit.
3240 4623 3305 4677 Et
3328 4625 3486 4678 erexit
3511 4628 3602 4686 ibi.

2005 4717 2196 4784 inquit,
2226 4717 2388 4768 altare
2407 4758 2422 4781 ,
2447 4724 2497 4768 et
2538 4714 2783 4767 invocavit
2821 4713 2982 4766 Deum
3022 4711 3190 4768 Israe'l
3219 4730 3238 4768 :
3267 4723 3320 4769 et
3345 4717 3455 4785 agri
3484 4731 3607 4785 par-

2010 4815 2116 4859 tem
2148 4808 2280 4861 cmit
2308 4807 2449 4860 nulla
2483 4806 2584 4858 alia
2617 4804 2686 4860 de
2718 4819 3077 4874 causa,quam
3112 4814 3167 4858 ut
3194 4807 3394 4874 gratias
3424 4818 3609 4873 ageret

2005 4898 2277 4951 comnnmi
2326 4897 2496 4950 nostri
2540 4895 2783 4949 omnium
2833 4895 3079 4949 Domino.
3121 4893 3272 4949 Illum
3321 4906 3600 4965 oporteret

2007 4988 2201 5041 imitari
2231 5002 2418 5040 omnes
2443 4986 2534 5056 qui
2567 4985 2668 5039 sub
2708 4986 2878 5055 gratia
2919 4993 3080 5049 sunt,
3108 4987 3198 5056 qui
3233 4987 3331 5041 fuit
3362 4997 3487 5041 ante
3532 4989 3610 5041 le-

2005 5093 2168 5147 gem;
2200 5087 2254 5131 et
2295 5093 2401 5131 non
2447 5077 2525 5131 sic
2573 5076 2811 5130 insanire
2858 5077 2909 5130 in
2955 5077 3299 5145 pecuniarum
3331 5078 3610 5132 collectio-

2008 5186 2152 5222 nem.
2197 5171 2373 5233 Quare
2427 5168 2594 5232 enim,
2625 5167 2712 5220 die
2741 5168 2894 5232 mihi,
2924 5177 2980 5222 et
3025 5169 3224 5238 tibiipsi
3279 5169 3397 5223 lucc
3440 5184 3607 5224 onera

2007 5262 2282 5330 spinarum
2315 5274 2632 5330 congregas,
2665 5260 2896 5330 ﬁliisque
2926 5261 3032 5313 tuis
3059 5260 3340 5316 materiam
3365 5269 3422 5314 et
3446 5275 3613 5314 occa-

2007 5355 2215 5406 sionem
2246 5353 2462 5406 malitirc
2505 5363 2558 5406 te
2606 5353 2914 5420 relinquere
2956 5369 3061 5406 non
3110 5353 3391 5408 advortis?
3421 5353 3605 5408 Nescis

2013 5444 2296 5498 Dominum
2325 5444 2583 5512 majorem
2603 5483 2620 5509 ,
2649 5458 2809 5512 quam
2839 5452 2894 5497 tu
2923 5443 3123 5498 habeas
3143 5485 3159 5512 ,
3195 5443 3288 5499 lilii
3314 5445 3390 5500 tui
3419 5460 3585 5498 curan

2073 5603 2089 5634 ⁸
2126 5609 2177 5651 ιιι
2211 5603 2449 5652 ttebraieo
2485 5599 2668 5665 legitur
2692 5606 2895 5685 nemp
2913 5607 3083 5658 nam
3108 5621 3122 5657 :
3154 5611 3232 5662 alii
3259 5617 3475 5669 vertunt,
3501 5622 3612 5660 rru-

2008 5705 2106 5750 ttmt
2129 5697 2352 5748 nummis.
