4182 6322
627 414 728 470 5ῒῦ

625 535 832 593 gerere,
867 530 919 572 ttt
954 523 1128 568 autem
1155 521 1421 580 tamquam
1449 508 1589 560 illius
1615 505 1869 572 majorem
1894 513 2077 553 curam
2104 509 2196 566 ge-

630 589 777 678 rens,
804 609 1112 665 occasiones
1133 605 1206 657 illi
1239 602 1540 669 relinquere
1558 595 1775 662 "studes,
1805 607 1925 662 qtue
1963 589 2206 645 submer—

629 719 756 774 gere
801 700 1029 755 animam
1077 694 1195 764 ejus
1241 688 1486 746 valeant?

699 793 942 845 Iuventus
966 786 1032 839 ad
1051 785 1237 838 malum
1255 777 1663 853 proclivia—Au
1682 772 1856 828 nescis
1874 771 2205 841 juventulem

637 898 730 954 per
760 883 988 950 seipsam
1015 875 1082 931 ad
1108 875 1313 930 ruinam
1353 869 1640 941 proclivem
1681 877 1823 927 esse,
1852 869 1906 915 et
1947 857 2013 912 ad
2058 853 2212 910 mali-

637 976 762 1027 tiam
797 971 898 1024 levi
928 973 1202 1022 momento
1224 958 1506 1018 inclinari?
1530 954 1744 1026 quando
1773 961 1950 1007 autem
1974 957 2210 1015 etopqu

637 1061 963 1118 afﬂuentiam
992 1054 1282 1126 acceperit,
1306 1051 1473 1106 multo
1509 1047 1674 1116 magis
1720 1043 1786 1098 ad
1833 1040 2032 1096 malum
2088 1049 2212 1106 pro-

637 1154 766 1208 ruit.
795 1152 944 1205 Sient
970 1148 1111 1204 enim
1141 1146 1276 1216 ignis
1301 1156 1420 1198 eum
1454 1138 1688 1193 fomitem
1722 1132 1958 1196 invenit,
1986 1126 2214 1181 validio-

639 1244 788 1300 ribus
834 1240 1058 1296 ﬂammis
1094 1236 1371 1305 exsurgit:
1407 1233 1476 1286 ita
1523 1239 1576 1284 et
1618 1225 1832 1298 quando
1872 1225 1926 1282 in
1966 1223 2216 1290 juvenem

643 1337 862 1390 materia
889 1332 1230 1404 pecuniarum
1255 1325 1513 1387 inciderit,
1541 1329 1739 1376 tantam
1772 1314 2016 1372 accendit
2043 1311 2220 1366 forna-

646 1441 763 1481 cem
784 1466 797 1485 ,
827 1403 897 1479 ut
930 1423 1157 1476 animam
1199 1418 1406 1488 juvenis
1439 1424 1603 1468 totam
1635 1410 1943 1467 inﬂammet.
1966 1403 2218 1474 Quando—

643 1514 770 1570 nam
803 1517 997 1584 poterit
1025 1512 1144 1565 talis
1165 1509 1321 1562 homo
1351 1503 1690 1560 continentia:
1715 1515 1895 1554 curam
1917 1495 2136 1559 habere,
2167 1499 2223 1548 et

648 1605 1109 1674 intemperantiam
1142 1601 1354 1668 lugere,
1388 1611 1451 1650 ac
1487 1595 1722 1648 laborem
1755 1605 1852 1661 pro
1877 1589 2103 1666 virtute,
2138 1584 2219 1638 vel

646 1695 788 1750 aliud
822 1693 1098 1763 spirituale
1127 1688 1379 1760 quiddam
1408 1682 1728 1754 suscipere?

715 1786 771 1839 2.
815 1784 1113 1836 Diuitiarum
1134 1779 1422 1832 vanitas.—
1441 1774 1631 1830 Annon
1667 1770 1820 1826 audis
1842 1769 2112 1823 Christum
2143 1765 2224 1819 di-

650 1886 860 1930 ecntetn
896 1892 908 1926 ε
936 1874 1083 1927 Cura-
1102 1871 1253 1940 hujus
1269 1867 1439 1922 circuli
1455 1875 1499 1919 et
1515 1863 1738 1932 deceptio
1755 1861 2043 1913 divitiarum
2061 1855 2225 1924 διεπο-

649 1975 766 2019 rant
783 1973 1011 2023 mentem,
1031 1978 1090 2014 ac
1118 1961 1299 2013 sterilis
1334 1958 1388 2026 ﬁt
1407 1955 1616 2025 (Matth.
1639 1953 1724 2009 15.
1757 1949 1872 2022 2'2),
1898 1965 2017 2019 quae
2048 1946 2226 2002 omnia

649 2056 829 2126 spinas
850 2051 1162 2107 nominavit?
1177 2048 1305 2103 Nam
1329 2062 1447 2101 cum
1465 2043 1694 2098 dixisset
1718 2042 1769 2095 in
1789 2037 2035 2109 parabola
2065 2035 2229 2090 semi-

652 2148 757 2211 nis,
778 2144 916 2198 aliud
940 2159 1002 2199 ex
1029 2140 1319 2197 seminibus
1345 2139 1395 2192 in
1425 2137 1604 2206 spinas
1634 2134 1906 2198 incidisse,
1923 2128 2116 2184 deinde
2143 2129 2227 2180 di-

651 2237 868 2307 scipulis
895 2237 1248 2304 interpretans
1276 2243 1518 2300 qutcuam
1545 2228 1652 2281 sint
1671 2226 1859 2295 spinse,
1880 2223 2080 2292 inquit:
2109 2221 2228 2276 Sol-

658 2327 876 2382 licitudo
905 2325 1059 2394 hujus
1087 2322 1263 2378 steculi
1290 2329 1344 2375 ct
1369 2319 1615 2388 deceptio
1635 2317 1937 2371 divitiarum
1962 2311 2229 2367 sull‘ocant

657 2428 911 2479 mentem,
940 2423 994 2470 ct
1022 2413 1217 2469 sterilis
1243 2412 1298 2465 lit
1322 2409 1532 2481 (Matth.
1566 2407 1666 2472 l3;
1696 2416 1742 2459 et
1763 2405 1888 2458 Luc.
1911 2401 1984 2474 8).
2008 2402 2072 2456 Et
2097 2401 2232 2456 bene

655 2511 824 2580 spinis
852 2505 1176 2576 comparavit
1218 2501 1627 2559 sollicitudinem
1669 2497 1823 2567 hujus
1851 2493 2032 2550 steeuli
2085 2492 2235 2548 Sicut

658 2603 800 2657 enim
829 2602 994 2670 spina:
1017 2613 1121 2653 non
1143 2597 1326 2652 sinunt
1351 2609 1534 2650 semen
1562 2591 1813 2654 emicare,
1838 2589 1932 2643 sed
1970 2586 2235 2641 densitate

659 2709 752 2748 sna
781 2694 1095 2747 setninatum
1122 2688 1461 2758 supprimunt
1489 2703 1500 2738 :
1536 2684 1606 2737 ita
1637 2691 1690 2736 et
1716 2695 1861 2735 cura:
1890 2677 2233 2748 temporales,

659 2784 936 2852 spirituale
965 2795 1171 2843 semen,
1202 2777 1342 2849 quod
1375 2777 1426 2830 in
1456 2775 1630 2829 anima
1661 2772 1986 2834 seminatur,
2019 2783 2126 2823 non
2155 2769 2235 2823 si-

661 2884 792 2932 nunt
822 2874 1046 2928 fructum
1085 2869 1278 2924 all‘erre
1306 2884 1320 2922 :
1352 2863 1444 2920 scd
1475 2865 1703 2918 adurunt
1733 2872 1787 2916 et
1818 2859 2076 2914 stillocant
2100 2857 2240 2913 sicut

659 2965 850 3033 spinte,
874 2977 974 3016 nec
999 2960 1180 3014 sinunt
1217 2955 1492 3026 spirituale
1522 2969 1707 3008 semen
1749 2965 2015 3006 crescere.
2048 2947 2116 3002 Et
2145 2949 2236 3004 de-

662 3057 824 3127 ceptio
870 3053 1178 3108 divitiarum.
1225 3050 1394 3105 Recte
1439 3045 1572 3101 dixit
1622 3043 1992 3113 deccptionem
2030 3041 2242 3095 divitia-

662 3163 782 3203 runt
816 3164 830 3201 :
863 3146 1060 3200 etenim
1105 3157 1233 3198 vere
1267 3139 1514 3210 deceptio
1543 3145 1646 3192 est.
1676 3135 1807 3203 Qua:
1850 3135 1993 3189 enim
2038 3133 2240 3188 utilitas

663 3246 742 3292 tot
768 3237 1088 3291 talentorum
1108 3273 1124 3299 ,
1152 3243 1204 3288 et
1235 3239 1395 3286 tanta:
1423 3227 1700 3298 pecunize?
1723 3223 1971 3279 Profecto
1989 3263 2005 3289 ,
2033 3221 2238 3291 inquit,

666 3342 909 3396 magnam
940 3324 1136 3395 prmbet
1159 3323 1390 3375 laetitiam
1414 3318 1697 3389 possessio.
1721 3313 1945 3380 Qualem
1979 3312 2242 3366 la-titiant?

670 3417 739 3473 Et
791 3415 916 3485 quid
975 3415 1096 3469 dico
1153 3409 1431 3468 laetitiam?
1474 3409 1661 3464 Nonne
1702 3405 1932 3461 maxime
1976 3405 2241 3473 intempe-

672 3511 862 3563 stivam
888 3505 1153 3560 tristitiam
1179 3511 1230 3558 et
1253 3514 1534 3556 mterorem
1558 3498 1780 3552 multum
1809 3494 1984 3565 parit?
2003 3492 2240 3547 nondum

671 3601 789 3655 ilico
832 3611 1076 3667 magnam
1116 3595 1257 3648 illam
1299 3601 1354 3646 et
1393 3592 1446 3644 in
1489 3589 1669 3644 futuro
1703 3587 1988 3659 repositam
2029 3593 2244 3654 propter

672 3693 814 3761 ipsas
860 3703 1070 3759 poenam
1105 3685 1240 3742 :scd
1285 3684 1353 3739 de
1397 3683 1478 3738 his
1507 3684 1700 3750 loquor
1736 3695 1857 3750 quae
1901 3679 1953 3733 in
1995 3676 2244 3748 prtesenti

672 3783 773 3835 vita
795 3780 1127 3847 contingunt,
1161 3789 1352 3841 nempe
1381 3787 1446 3828 ne
1473 3772 1802 3840 voluptatem
1840 3769 2056 3839 quidem
2081 3769 2244 3822 ullam

681 3872 819 3926 hanc
848 3883 973 3924 vere
1004 3867 1202 3922 habere
1229 3877 1407 3933 posse,
1438 3861 1531 3917 sed
1564 3861 1738 3938 potius
1765 3859 2106 3929 quotidianus
2138 3865 2247 3912 tur-

672 3961 912 4016 bationes
934 3967 990 4013 et
1013 3953 1414 4010 amaritudines.
1463 3950 1570 4005 Nec
1598 3964 1745 4004 mare
1782 3947 2032 4003 fluctibus
2063 3947 2134 4000 ita
2167 3946 2247 4000 itt-

677 4050 944 4112 tumescit,
970 4057 1028 4101 ut
1068 4046 1227 4100 talem
1265 4043 1496 4096 animam
1522 4056 1551 4094 a
1576 4039 1990 4110 cogitationibus
2024 4048 2080 4092 et
2119 4035 2248 4092 all'e-

680 4140 948 4195 ctionibus
977 4135 1236 4197 infestari,
1260 4141 1311 4188 e‘t
1343 4133 1394 4186 in
1427 4145 1614 4186 omnes
1645 4140 1750 4183 tam
1773 4143 1900 4183 suos
1935 4143 2092 4198 quam
2121 4127 2251 4182 alie-

675 4246 775 4286 nos
798 4227 936 4283 male
955 4225 1095 4282 allici
1122 4223 1379 4279 videmus.
1407 4221 1473 4275 Et
1494 4221 1538 4276 si
1565 4219 1778 4289 quando
1807 4228 2011 4288 partem
2036 4217 2247 4270 illorum

672 4319 877 4373 anl‘etat
914 4316 1138 4386 aliquis:
1173 4313 1335 4367 multa
1367 4311 1512 4365 enim
1549 4310 1814 4375 accidunt,
1843 4315 1897 4362 et
1926 4306 2075 4360 multi
2111 4305 2239 4360 insi-

673 4411 907 4472 diantur,
937 4420 1129 4476 nempe
1156 4403 1473 4458 famulorum
1503 4400 1823 4469 malignitas,
1851 4397 2253 4468 potentiamque

676 4501 961 4566 violentia;
996 4509 1118 4554 tunc
1157 4497 1336 4565 utique
1371 4493 1611 4548 invenies
1641 4492 1758 4545 illos
1789 4491 1948 4546 vitam
1980 4490 2078 4545 sibi
2105 4505 2259 4544 acer-

679 4596 801 4650 bam
825 4592 1042 4646 ducere.
1066 4586 1318 4654 Qualibus
1354 4583 1515 4655 igitur
1555 4583 1803 4637 lamentis
1832 4580 1965 4636 tales
2004 4595 2109 4635 non
2142 4578 2253 4634 lue-

682 4686 792 4740 rint
809 4682 975 4752 digni,
999 4680 1087 4749 qui
1110 4677 1285 4730 omnia
1306 4675 1478 4730 facere
1499 4675 1715 4729 student
1735 4689 1854 4743 qua:
1881 4672 1979 4728 sibi
2006 4681 2250 4732 noceant,

678 4785 734 4831 et
770 4774 822 4828 in
853 4770 1141 4844 perniciem
1183 4768 1375 4820 anime
1411 4780 1522 4818 stne
1567 4765 1687 4817 talia
1731 4763 1982 4831 colligere
2025 4760 2253 4815 volunt?

679 4867 900 4932 Verum,
933 4867 977 4919 si
1005 4863 1232 4925 videtur,
1266 4861 1460 4914 talibus
1493 4857 1694 4911 relictis
1731 4855 1795 4909 ad
1829 4855 2106 4908 historiam
2124 4853 2254 4922 justi

685 4960 842 5028 hujus
885 4957 1188 5017 redeamus,
1219 4963 1274 5007 et
1330 4951 1603 5004 videamus
1654 4946 1988 5017 sequentium
2037 4945 2252 4999 seriem.

683 5049 860 5103 Erexit
879 5090 892 5111 ,
923 5047 1110 5115 inquit,
1141 5045 1300 5097 altare
1325 5041 1376 5094 in
1405 5051 1556 5111 parte
1581 5038 1715 5107 agri,
1743 5047 1785 5089 e:
1813 5035 2056 5089 invocavit
2095 5034 2257 5087 Deum

687 5143 849 5196 lsraél
872 5183 886 5205 ,
911 5151 964 5194 et
1001 5148 1180 5208 ροιιρει
1214 5139 1262 5190 in
1302 5135 1528 5191 Sceitnis
1569 5134 1894 5187 domicilium
1939 5131 2136 5185 habere
2168 5148 2246 5184 vo-

688 5235 804 5287 ]nit.
840 5232 943 5288 Sed
979 5233 1095 5284 vide
1131 5232 1319 5283 iterum
1352 5229 1616 5298 quomodo
1653 5226 1831 5295 justus
1874 5236 1928 5280 et
1979 5226 2062 5278 hic
2108 5239 2256 5278 suam

686 5327 1140 5379 tuansttetmlinetn
1161 5321 1487 5374 declaratJCt
1505 5320 1630 5389 quid
1649 5319 1861 5372 accidit?
1882 5319 1930 5371 i.
1954 5317 2168 5386 Eyressn
2190 5328 2260 5370 est

685 5427 881 5476 animi,
916 5415 1112 5482 inquit,
1151 5413 1278 5464 Dina
1309 5413 1414 5480 [ilia
1447 5411 1572 5471 Lite,
1603 5420 1654 5461 ut
1687 5410 1869 5462 videret
1901 5409 2034 5476 ﬁlias
2062 5409 2258 5477 indigeo

687 5522 887 5557 narum.
906 5503 960 5556 9..
992 5503 1051 5554 Et
1076 5513 1126 5555 ut
1157 5501 1274 5554 villi!
1304 5519 1413 5553 cum
1443 5501 1657 5570 Sycltcm
1682 5499 1816 5565 ﬁlius
1851 5497 2006 5550 [ζωοτ-
2027 5538 2040 5560 ,
2071 5498 2259 5548 dormi-

688 5597 754 5645 vi:
788 5611 900 5646 cum
929 5610 1018 5658 ea,
1053 5593 1105 5646 5.
1136 5604 1178 5643 et
1218 5592 1391 5645 dilra'it
1430 5590 1705 5658 virginem,
1737 5597 1783 5640 ct
1824 5589 2061 5655 loquutus
2105 5596 2174 5638 est
2217 5585 2261 5636 ei

681 5689 837 5754 juxta
882 5697 1087 5738 mentem
1121 5684 1324 5753 virginis
1351 5683 1497 5750 (Cap.
1533 5681 1643 5750 5i).
1677 5679 1860 5734 Vidisti
1900 5686 2154 5746 Quantum
2195 5677 2260 5730 sit

683 5778 931 5847 juventus
964 5779 1178 5841 malum,
1207 5772 1415 5842 quando
1451 5780 1603 5826 recta-
1634 5770 1849 5827 rationis
1892 5768 2040 5824 lrcno
2085 5768 2257 5825 Caret?

1330 400 1386 456 S.
1429 394 1706 456 JOANNIS
1733 385 2205 448 CIIRYSOSTOMI
2246 382 2566 441 AllCﬂlEP.
2610 378 3146 437 CONSTANTINOP.

3804 377 3913 436 5M

2318 495 2460 549 Vidit
2513 493 2658 548 enim
2714 491 3016 561 virginem,
3063 499 3118 545 et
3166 500 3311 546 totus
3358 499 3578 560 propter
3627 502 3913 561 aspectum

2311 600 2493 639 amore
2518 592 2817 652 correptus,
2849 580 3344 651 concupiscentiam
3369 595 3537 649 opere
3573 578 3906 651 complevit,

2312 685 2359 728 et
2385 676 2622 745 loquutus
2647 685 2718 729 est
2746 674 2792 726 ci
2806 674 2960 743 juxta
2981 681 3193 725 mentem
3209 669 3438 741 virginis.
3459 670 3594 737 Quid
3616 681 3723 738 est,
3750 671 3915 744 juxta

2313 776 2530 820 mentem
2568 764 2821 836 virginis!
2842 762 3106 830 Quoniam
3132 761 3346 832 juvenis
3373 770 3491 816 erat
3520 760 3696 831 puella
3715 801 3730 825 ,
3760 760 3915 829 ejus-

2317 857 2463 913 modi
2489 859 2670 924 verba,
2700 857 2902 927 inquit,
2929 870 3051 910 cum
3081 869 3143 910 ea
3175 854 3428 926 loquutus
3454 861 3569 918 est,
3595 867 3715 923 quae
3757 851 3916 907 sulti-

2317 951 2531 1006 ciebant
2577 949 2644 1005 ad
2687 947 3082 1004 conciliandum
3107 946 3208 1002 sibi
3237 961 3377 1001 eam.
3413 946 3478 1001 l'lt
3509 946 3682 1016 inquit
3709 945 3777 1000 ad
3813 960 3912 1015 pa-

2320 1050 2454 1095 trem
2478 1057 2494 1094 :
2520 1040 2574 1094 ι.
2606 1040 2788 1109 Accipe
2817 1038 2942 1091 milii
2966 1038 3104 1107 puell
3121 1053 3187 1090 ait
3217 1037 3354 1090 lianc
3400 1037 3451 1091 iu
3481 1051 3714 1090 uxorem.
3743 1035 3917 1090 Audi-

2318 1131 2397 1184 vit
2414 1143 2598 1184 autem
2623 1127 2791 1184 Iacob
2815 1126 3011 1182 laetum
3032 1133 3061 1193 ,'
3079 1136 3134 1182 et
3161 1136 3287 1182 tunc
3315 1126 3507 1182 leviter
3547 1125 3692 1193 tulit,
3715 1140 3920 1195 exspe-

2321 1231 2472 1275 ctans
2493 1219 2715 1274 fratrum
2739 1218 2860 1287 ejus
2883 1217 3195 1272 adventum.
3227 1216 3394 1271 Erant
3418 1217 3564 1272 enim
3593 1215 3646 1270 in
3677 1213 3915 1286 pascuis.

2323 1312 2377 1368 5.
2405 1310 2470 1365 Et
2494 1311 2655 1374 siluit,
2688 1309 2861 1379 inquit
2885 1350 2898 1370 ,
2929 1307 3091 1362 Iacob
3110 1348 3126 1372 ,
3149 1306 3310 1361 donec
3336 1306 3562 1362 venirent
3589 1306 3686 1361 illi.
3706 1305 3765 1361 6.
3786 1303 3920 1361 Cum

2323 1416 2488 1459 autem
2518 1401 2726 1457 venisset
2754 1400 2913 1455 Emor
2936 1398 3007 1453 ad
3034 1397 3225 1462 Iacob,
3255 1398 3308 1451 7.
3337 1405 3579 1452 venerunt
3626 1407 3676 1451 et
3730 1400 3940 1466 fratrea.

2326 1496 2499 1563 Dime,
2526 1504 2570 1549 et
2591 1509 2705 1547 cum
2733 1491 3039 1545 audivissent
3069 1505 3183 1557 ante
3219 1488 3357 1558 facta
3395 1496 3540 1542 eram
3579 1486 3746 1541 sorori
3773 1501 3882 1540 sua
3901 1527 3918 1549 ,

2326 1584 2612 1655 compuncti
2638 1593 2774 1638 sunt.
2795 1581 2933 1648 Quid
2976 1589 3057 1635 est
3078 1621 3093 1645 ,
3122 1579 3411 1648 compuucti
3433 1578 3593 1633 sunt!
3617 1577 3922 1632 contristati

2326 1686 2473 1740 sunt,
2508 1689 2729 1746 remque
2761 1671 3156 1728 intolerabilem
3185 1684 3305 1726 esse
3333 1679 3662 1739 putaverunt
3699 1678 3757 1723 ct
3797 1683 3923 1738 gra-

2330 1767 2602 1822 vissimam
2630 1806 2646 1828 ,
2674 1772 2895 1832 eratque
2921 1762 3000 1817 eis
3030 1759 3293 1816 maerendi
3322 1775 3511 1830 magna
3536 1761 3776 1814 occasio.
3804 1756 3926 1811 lla-

2329 1874 2429 1928 gna
2451 1856 2604 1922 enim,
2637 1853 2830 1924 inquit,
2853 1868 2937 1906 eos
2983 1851 3188 1906 tristitia
3215 1849 3487 1921 aﬁcicbat,
3515 1848 3653 1919 quod
3683 1864 3792 1903 rem
3819 1858 3927 1901 tur-

2331 1962 2444 2016 pem
2473 1950 2660 2016 fecerat
2686 1945 2740 1998 in
2769 1941 2940 1998 [crati
2957 1941 3178 2014 Sycltem
3198 1983 3212 2006 ,
3240 1940 3326 2011 qui
3345 1940 3650 1995 dormiverat
3675 1955 3796 1992 cum
3816 1938 3930 2008 [ilia

2331 2035 2514 2091 Iacob.
2566 2034 2728 2092 Vides
2782 2034 3015 2089 ﬁliorum
3049 2032 3483 2088 continentiam?
3530 2029 3929 2100 turpitudinem

2335 2129 2621 2183 maximam
2647 2126 2750 2182 hoc
2787 2126 2982 2180 factum
3013 2122 3381 2194 reputabant?
3421 2120 3612 2176 Vidisti
3651 2111 3934 2192 quommlo

2331 2224 2510 2294 justus
2545 2235 2739 2291 pueros
2785 2234 2914 2274 suos
2955 2217 3152 2273 erudiit
3196 2215 3265 2272 ad
3318 2215 3612 2271 virtutem?
3642 2213 3935 2282 Quomodo

2337 2318 2462 2371 item
2498 2314 2636 2368 lilius
2666 2313 2830 2367 Emor
2857 2325 3013 2366 suam
3049 2309 3543 2380 concupiscentiam
3585 2322 3754 2377 opere
3780 2321 3935 2362 com-

2338 2406 2490 2477 plens
2509 2446 2525 2472 ,
2555 2403 2615 2458 llt
2655 2403 2794 2474 patri
2827 2411 2885 2458 et
2909 2411 2966 2457 to
2993 2402 3008 2456 i
3033 2401 3238 2457 civitati
3267 2399 3529 2471 perniciei
3560 2407 3752 2452 auctor
3774 2399 3800 2452 τ
3829 2396 3935 2452 Sed

2339 2499 2488 2568 prius
2509 2495 2792 2550 audiamus
2814 2508 2935 2565 quae
2958 2493 3124 2548 Emor
3155 2491 3222 2546 ad
3269 2506 3364 2547 eos
3388 2490 3625 2552 dixerit,
3655 2498 3711 2543 et
3739 2496 3934 2560 postea

2337 2588 2519 2643 scietis
2549 2586 2775 2642 fratrum
2798 2586 2950 2640 Dina:
2986 2583 3281 2640 versutiam
3302 2625 3317 2649 ,
3345 2592 3402 2637 et
3447 2580 3721 2652 quomodo
3761 2577 3937 2634 vindi-

2339 2697 2465 2737 care
2495 2679 2815 2737 studuerunt
2839 2677 3086 2746 injuriam
3109 2677 3283 2732 sorori
3312 2676 3537 2731 illatam.
3570 2675 3626 2730 8.
3656 2671 3725 2726 Et
3748 2673 3929 2742 loquu-

2341 2783 2423 2827 tua
2451 2781 2525 2826 est
2564 2773 2635 2826 eis
2661 2769 2820 2825 Emor
2856 2770 3026 2823 dicens
3049 2786 3068 2822 :
3090 2767 3311 2838 Sgchem
3343 2767 3483 2835 [ilius
3511 2780 3652 2819 meus
3677 2762 3937 2835 price-legit

2340 2865 2513 2918 animo
2554 2863 2716 2931 ﬁliam
2745 2868 2981 2914 vestram.
3010 2858 3143 2913 Vide
3169 2857 3442 2928 quomodo
3485 2857 3598 2925 jam
3648 2853 3939 2924 pra-signat

2345 2955 2638 3025 perniciem
2681 2966 2741 3007 se
2769 2949 3311 3020 comprehensuram.
3344 2945 3614 3018 Prwelegit
3642 2944 3788 3000 enim
3811 2986 3827 3008 ,
3859 2943 3939 2998 in-

2343 3045 2688 3116 quit,anima
2711 3059 2729 3096 :
2760 3042 2862 3098 hoc
2911 3050 3016 3106 est,
3045 3042 3281 3095 animam
3331 3053 3483 3094 suam
3535 3037 3789 3108 cxjuisuit
3841 3048 3940 3105 pro

2346 3138 2450 3193 lilia
2502 3149 2704 3192 vestra.
2755 3135 2851 3191 ille
2910 3133 3126 3203 quidem
3180 3131 3399 3187 dicebat
3443 3128 3940 3199 concupiscentiam

2346 3227 2484 3297 cjus,
2507 3240 2664 3296 quam
2695 3238 2821 3294 erga
2852 3223 3084 3294 puellam
3118 3220 3349 3276 habebat
3374 3237 3387 3273 :
3414 3221 3575 3290 paulo
3603 3230 3723 3288 post
3757 3227 3942 3273 atem

2345 3319 2552 3386 didicit,
2582 3318 2721 3373 hanc
2750 3332 2861 3371 sum
2888 3327 2941 3370 et
2966 3315 3203 3370 omnium
3234 3312 3325 3382 qui
3355 3312 3428 3366 ibi
3454 3323 3643 3377 erant,
3675 3308 3942 3380 perditio-

2346 3414 2430 3466 nis
2483 3411 2599 3467 l'orc
2642 3409 3006 3465 occasionem.
3039 3406 3174 3474 Quia
3205 3405 3380 3475 igitur
3417 3403 3510 3458 ille
3558 3403 3822 3472 virginem
3863 3401 3944 3456 sic

2345 3499 2642 3571 deperibat,
2673 3499 2821 3564 Date,
2849 3498 3039 3566 inquit,
3065 3498 3217 3550 ictam
3237 3495 3316 3548 illi
3344 3509 3574 3555 uxorem,
3601 3492 3658 3549 9.
3688 3502 3734 3546 et
3767 3491 3944 3562 aﬂui-

2347 3602 2498 3648 tatem
2529 3590 2810 3645 contraliite
2845 3589 3144 3642 nobiscum:
3172 3586 3310 3656 [ilius
3336 3595 3524 3639 vestras
3544 3584 3662 3638 date
3696 3580 3874 3647 nobis,
3896 3591 3946 3634 et

2349 3683 2484 3752 ﬁlius
2510 3689 2709 3736 nostra:
2727 3679 2940 3750 accipite
2960 3678 3079 3746 [iliis
3107 3676 3282 3731 vestris
3301 3717 3316 3742 ,
3340 3675 3428 3730 10.
3449 3684 3496 3729 et
3519 3674 3649 3727 inter
3673 3688 3766 3726 nos
3793 3671 3944 3726 babi-

2350 3783 2469 3828 tate.
2492 3771 2556 3826 Et
2581 3785 2692 3826 ecce
2719 3778 2854 3822 terra
2881 3769 2987 3822 lata
3015 3777 3087 3823 est
3113 3782 3286 3820 coram
3311 3764 3447 3819 vobis
3465 3805 3481 3828 ,
3511 3762 3738 3818 habitate
3773 3770 3822 3816 et
3854 3778 3947 3814 ne-

2350 3863 2610 3936 gotiantiui
2635 3864 2687 3916 in
2714 3877 2793 3929 ea,
2820 3870 2867 3914 et
2895 3861 2947 3914 in
2978 3875 3038 3914 ea
3083 3857 3419 3927 possessiones
3443 3854 3639 3909 habete.
3677 3851 3809 3908 Vide
3847 3866 3948 3921 pa-

2352 3970 2511 4020 trem,
2531 3962 2781 4025 quantam
2812 3959 3031 4021 propter
3058 3948 3151 4002 lilii
3181 3962 3423 4002 amorem
3450 3944 3616 4000 habet
3634 3957 3759 4012 erga
3787 3957 3949 4012 pere-

2352 4037 2534 4118 grinos
2564 4045 2967 4113 benignitatem,
2994 4051 3049 4096 et
3073 4039 3347 4110 quomodo
3373 4052 3472 4094 eos
3516 4034 3810 4091 conciliare
3842 4033 3947 4090 sibi

2353 4139 2487 4200 vult,
2520 4137 2642 4192 data
2670 4136 2750 4192 eis
2777 4135 2830 4188 in
2855 4133 3003 4188 omni
3033 4132 3253 4201 regione
3283 4144 3380 4184 sua
3403 4136 3688 4199 potestate.
3731 4124 3799 4178 Et
3831 4125 3950 4179 haec

2354 4227 2570 4299 quidem
2613 4227 2722 4295 egit
2771 4233 2964 4293 pater:
2998 4221 3139 4275 ﬁlius
3185 4230 3365 4275 autem
3418 4217 3541 4288 quia
3594 4214 3729 4271 vidit
3777 4215 3951 4284 patria

2354 4332 2480 4387 erga
2524 4312 2856 4376 sestudium,
2884 4321 2939 4367 et
2983 4309 3253 4381 quomodo
3289 4307 3468 4363 omnia
3508 4304 3687 4360 facere
3728 4313 3952 4375 paratus

2357 4406 2535 4471 luerit,
2587 4414 2646 4461 ut
2690 4402 3004 4473 impleretur
3050 4399 3192 4469 quod
3244 4397 3517 4468 cupiebat,
3569 4393 3756 4466 adjicit
3801 4395 3951 4464 quod

2357 4511 2513 4552 suum
2557 4504 2671 4560 est,
2705 4492 2941 4562 dicitque
2968 4489 3032 4545 ad
3059 4487 3228 4544 Iacob
3257 4498 3313 4544 et
3360 4485 3427 4542 ad
3472 4486 3672 4540 fratres
3703 4483 3902 4554 puella:
3932 4501 3948 4538 :

2359 4587 2382 4641 1
2403 4589 2444 4640 l.
2463 4584 2727 4650 Inveniam
2754 4582 2970 4654 gratiam
2988 4596 3159 4634 coram
3174 4577 3334 4645 vobis,
3353 4587 3401 4632 et
3417 4574 3668 4647 quidquid
3691 4573 3952 4639 dixeritis,

2358 4680 2588 4734 dabimus
2610 4693 2630 4731 :
2669 4675 2753 4730 19..
2796 4673 3134 4743 Multiplicate
3175 4670 3379 4734 dotem,
3406 4678 3454 4722 et
3499 4666 3633 4721 dabo
3667 4664 3954 4720 secundum

2358 4769 2492 4839 quod
2512 4767 2736 4823 dixeritis
2764 4765 2967 4830 mihi,“
2993 4762 3176 4816 dabitis
3203 4760 3326 4815 mihi
3343 4758 3565 4830 puellam
3586 4757 3717 4810 hanc
3741 4755 3796 4810 in
3819 4771 3956 4833 mf

2362 4828 2488 4914 ient.
2517 4857 2706 4911 Vidisti
2738 4828 2943 4924 patrem
2968 4862 3185 4921 propter
3209 4828 3444 4904 studium
3474 4857 3530 4903 et
3567 4859 3752 4902 curam
3779 4843 3834 4900 in
3881 4828 3955 4898 ll-h

2361 4951 2492 5006 lium
2544 4949 2740 5003 obnixe
2792 4945 3023 5016 precari,
3068 4943 3430 5012 juvenemque
3479 4949 3725 5010 prompte
3765 4937 3956 4992 omnia

2363 5041 2698 5111 promittere,
2731 5048 2785 5091 ut
2815 5035 2988 5106 puella
3021 5032 3322 5106 potiretur?

2436 5131 2633 5187 5.1km
2661 5128 2823 5193 enim,
2849 5127 2962 5180 tunc
2990 5126 3286 5195 perniciosa
3316 5121 3531 5176 al'l‘ectio
3555 5119 3732 5174 omnia
3773 5118 3956 5174 susci-

2367 5223 2558 5294 picnda
2590 5220 2810 5275 libidine
2841 5216 3101 5272 dilﬂnenti
3128 5213 3441 5285 persuadet,
3473 5211 3646 5267 donec
3675 5211 3728 5265 in
3755 5208 3959 5265 inferni

2369 5311 2688 5382 profundum
2727 5311 2904 5364 ducat.
2963 5308 3031 5362 Et
3073 5306 3227 5370 vide,
3261 5306 3486 5361 obsecro
3529 5319 3545 5355 :
3600 5303 3780 5358 senior
3824 5302 3959 5371 qui-

2366 5407 2484 5460 dem
2513 5405 2674 5460 Jacob
2701 5404 2814 5457 brec
2835 5401 3054 5455 audiens
3077 5401 3217 5464 silet,
3233 5409 3283 5453 et
3305 5415 3399 5468 pro
3423 5412 3518 5452 sua
3537 5393 3956 5449 mansuetudine

2368 5498 2495 5552 nihil
2528 5497 2791 5564 loquitur:
2821 5495 2912 5547 sed
2943 5494 3044 5546 vim
3073 5492 3193 5545 lilia:
3219 5492 3410 5544 lactant
3435 5487 3695 5558 patienter
3712 5485 3832 5539 fert.
3861 5487 3958 5540 1'5.

2371 5590 2490 5642 Filii
2520 5599 2684 5639 autent
2716 5584 2874 5638 Iacob
2913 5584 3146 5637 dixerunt
3178 5581 3397 5651 Sychem
3425 5590 3472 5632 et
3503 5577 3659 5632 Emor
3681 5577 3815 5646 patri
3841 5577 3961 5642 eius

2369 5682 2557 5740 dolose,
2590 5687 2635 5731 et
2667 5677 2855 5744 loquuti
2881 5685 2996 5729 sunt
3033 5674 3155 5735 illis,
3192 5671 3322 5738 quod
3350 5671 3722 5741 coinquinarint
3769 5667 3969 5722 Dium

2369 5787 2590 5827 sororem
2612 5785 2773 5823 suam.
2802 5765 3093 5823 Considera
3125 5763 3208 5819 hic
3254 5761 3522 5834 quomodo
3552 5769 3773 5833 propter
3801 5765 3975 5822 unius
