4182 6322
322 404 427 461 ΜἹ

322 518 789 585 intemperantiam
821 514 1051 569 universi
1078 515 1350 566 civitatem
1384 510 1689 565 habitantes
1725 521 1916 576 paena-

325 624 444 662 rutn
471 610 603 662 Socii
630 608 781 661 fiant.
824 608 969 661 Sicut
1000 604 1142 663 enim
1173 618 1395 657 accensa
1431 615 1558 671 pyra
1590 641 1606 665 ,
1634 598 1722 667 qtti
1752 610 1920 666 prope

324 699 565 752 lubitant
588 699 811 766 periculi
837 706 961 748 sunt
992 694 1278 765 participes
1304 734 1317 753 .
1373 692 1493 760 igne
1538 690 1713 741 omnia
1754 686 1921 755 depa-

330 798 519 841 stente
552 789 781 842 :codent
813 786 973 840 modo
1016 794 1070 839 et
1100 800 1239 837 nunc
1265 781 1618 835 adolescentis
1661 778 1923 845 intempe-

326 882 499 935 r.:ntia
550 896 654 934 non
701 879 872 932 solum
905 887 1109 945 patrem
1134 918 1148 938 ,
1177 873 1272 929 sed
1301 883 1357 927 ct
1385 887 1573 925 omnes
1604 870 1748 924 urbis
1773 869 1921 923 civcs

317 974 479 1026 simul
510 970 762 1041 perdidit.
793 966 931 1034 Quid
956 968 1112 1037 igitur
1136 964 1224 1017 lilii
1244 962 1453 1018 Jacoh?
1481 961 1671 1014 Dolose
1714 960 1793 1013 eis
1834 974 1920 1012 rc-

318 1065 679 1133 spondcruut.
730 1061 953 1131 Dignum
981 1069 1063 1113 est
1100 1056 1307 1118 auditu,
1335 1064 1390 1107 ut
1419 1052 1633 1106 discatis
1659 1059 1917 1115 quantum

320 1164 544 1223 propter
567 1167 807 1206 sororem
836 1149 1143 1203 doluerunt.
1166 1146 1254 1199 14.
1282 1138 1916 1206 Dia'eruntetlimftnquit,

320 1246 552 1315 Symeon
596 1252 642 1296 et
679 1241 795 1295 Levi
825 1244 1007 1311 fratres
1042 1237 1189 1289 Dina:
1212 1276 1225 1296 ,
1256 1234 1353 1303 [illi
1403 1243 1567 1285 autem
1610 1230 1717 1283 Lite
1751 1244 1771 1281 :
1801 1226 1920 1281 Non

320 1338 603 1407 poterimus
635 1339 801 1407 facere
848 1333 1050 1386 verbum
1096 1330 1190 1383 hoc
1216 1369 1229 1391 ,
1264 1340 1316 1379 ut
1353 1327 1528 1379 demus
1559 1338 1783 1377 sororem
1822 1338 1917 1372 uo-

316 1442 477 1482 stram
509 1426 703 1479 homini
735 1425 819 1492 qui
844 1424 989 1476 liabet
1035 1421 1367 1490 pra'putium.
1402 1416 1485 1469 l5.
1521 1415 1582 1467 Si
1632 1412 1785 1482 igitur
1822 1412 1920 1461 cir-

315 1516 682 1572 cumcidamini
708 1530 860 1567 carne
885 1511 1119 1580 prtcputii
1146 1507 1295 1560 vestri
1318 1548 1332 1570 ,
1374 1507 1459 1559 lli.
1510 1504 1740 1556 dabimus
1784 1500 1920 1567 filias

320 1622 523 1664 nostras
564 1609 721 1670 vobis,
754 1616 801 1658 et
846 1605 909 1657 de
940 1602 1145 1671 ﬁliabus
1176 1599 1352 1652 vestris
1384 1597 1690 1663 accipiemus
1710 1634 1722 1656 ,
1746 1603 1789 1645 et
1820 1592 1893 1643 eri

318 1719 431 1755 mus
458 1700 609 1770 quasi
637 1714 794 1769 genus
817 1712 992 1749 unum.
1026 1693 1156 1747 Ilzcc
1185 1690 1397 1758 quidem
1438 1685 1730 1755 propositio
1762 1682 1921 1736 hone-

316 1805 398 1845 sta
426 1800 565 1851 erat,
595 1799 645 1843 et
669 1786 858 1841 rationi
888 1791 1269 1844 consentanea,
1289 1778 1382 1832 sed
1413 1792 1533 1831 cum
1558 1774 1705 1838 dolo,
1725 1773 1916 1841 inquit,

316 1884 460 1937 dicta
492 1891 595 1936 est.
628 1880 712 1932 l7.
746 1878 809 1931 Et
840 1877 884 1931 si
926 1872 1211 1935 nolueritis,
1242 1867 1410 1936 inquit
1436 1908 1448 1930 ,
1481 1867 1573 1917 hoc
1599 1869 1766 1935 facere
1788 1902 1802 1926 ,
1828 1878 1919 1915 ac-

316 1987 465 2043 cepta
502 1974 613 2042 ﬁlia
657 1981 831 2025 nostra
873 1967 1139 2020 abibimus.
1188 1962 1313 2016 Ha-c
1350 1959 1564 2028 quidem
1608 1956 1839 2026 Symeon
1867 1962 1921 2009 ct

320 2069 449 2123 Levi
495 2065 700 2120 caedem
747 2062 984 2115 omnium
1027 2070 1210 2112 secum
1267 2054 1590 2107 meditantes
1638 2061 1921 2118 proposue-

320 2172 465 2217 runt.
513 2160 589 2213 illi
622 2166 799 2210 autem
850 2152 1198 2222 reSpicicntcs
1224 2147 1289 2202 ad
1334 2145 1475 2216 quod
1516 2142 1917 2212 exspectabant,

317 2252 667 2322 puellamque
691 2247 891 2301 habere
917 2242 1215 2306 cupientes,
1247 2244 1636 2292 consenserunt
1666 2234 1717 2285 in
1742 2232 1917 2295 dicta,

318 2354 373 2396 et
405 2344 725 2411 placuerunt
768 2338 847 2391 eis
878 2335 1173 2405 proposita.
1204 2330 1337 2383 Dicit
1368 2329 1509 2381 cuitu
1543 2344 1555 2378 :
1593 2326 1678 2378 18.
1698 2322 1921 2375 Placuit

320 2452 500 2491 coram
530 2434 602 2487 eis
630 2447 815 2496 sermo,
847 2430 931 2483 l9.
985 2437 1030 2480 et
1077 2442 1173 2479 non
1225 2422 1441 2475 tardarit
1483 2417 1762 2483 adimplere
1786 2415 1923 2466 dicta

319 2528 641 2581 adolescens.
675 2522 944 2590 Depert‘bat
970 2518 1102 2571 enim
1129 2517 1292 2585 ﬁliam
1322 2511 1502 2565 Jucob.
1536 2509 1647 2563 lloc
1677 2514 1795 2567 est.
1837 2514 1920 2557 ιο·-

320 2632 437 2675 tum
459 2633 525 2671 se
549 2618 602 2671 in
632 2614 820 2683 put-lla:
849 2626 1088 2665 amorem
1111 2606 1408 2663 dediderat.
1442 2604 1531 2657 (ΞΟ.
1560 2600 1623 2653 Et
1659 2606 1919 2663 venerunt,

320 2710 518 2781 inquit,
543 2709 649 2776 ipse
670 2716 717 2759 et
748 2715 889 2776 pater
902 2704 1013 2775 ejus
1033 2700 1100 2753 ad
1128 2708 1349 2770 portant,
1379 2704 1423 2747 ct
1450 2691 1644 2762 loquuti
1672 2697 1789 2743 sunt
1814 2704 1924 2739 om-

320 2803 473 2858 uibus
525 2800 611 2869 qui
664 2798 715 2850 in
755 2796 953 2848 civittue
993 2790 1287 2845 habitabant
1314 2830 1328 2855 ,
1356 2795 1410 2841 ct
1444 2781 1829 2844 consuluerunt
1866 2787 1925 2833 ut

317 2891 792 2948 circuntcisionem
843 2886 1181 2956 susciperent
1235 2877 1531 2936 secundum
1572 2874 1811 2930 oblatam
1855 2870 1925 2926 ab

320 2988 435 3043 illis
456 2985 843 3047 conditionem,
873 2990 928 3035 et
954 2989 1013 3034 ut
1041 2978 1160 3031 illos
1209 2974 1274 3029 ad
1304 2970 1756 3027 cohabitationcm
1784 2962 1927 3018 acci-

320 3076 849 3152 perentJmplebant
881 3072 953 3127 illi
985 3071 1163 3124 statim
1189 3082 1311 3136 qua:
1328 3065 1395 3119 ab
1422 3063 1586 3117 Emor
1606 3069 1661 3113 et
1691 3057 1923 3129 Sychcm

318 3148 471 3224 dicta
503 3176 651 3229 sunt,
682 3177 737 3220 et
763 3179 954 3218 omnes
995 3160 1151 3215 simul
1180 3152 1606 3212 circumcisiouis
1630 3151 1842 3219 signum
1872 3148 1923 3200 in

320 3273 559 3328 corpore
580 3254 936 3324 accipiebant.
984 3250 1098 3305 lloe
1128 3247 1214 3302 ubi
1239 3242 1827 3311 resciveruutSymeon
1860 3250 1925 3290 ac

323 3350 484 3417 Levi,
517 3365 637 3418 qua:
681 3345 794 3417 jam
821 3341 1023 3398 dudum
1062 3352 1245 3394 secum
1293 3333 1688 3390 meditabantur
1711 3371 1726 3393 ,
1761 3342 1926 3397 opere

322 3444 770 3512 compleverunt;
792 3436 885 3491 9.5.
914 3435 978 3490 Et
1012 3431 1230 3501 acceptis
1271 3428 1459 3499 singuli
1488 3424 1672 3497 gladiis
1700 3421 1828 3507 suis,
1847 3420 1929 3473 in-

324 3535 494 3609 grcssi
515 3545 629 3590 sunt
653 3533 705 3586 in
732 3531 984 3585 civitatem
1022 3541 1216 3582 secure.
1248 3522 1383 3590 Quid
1410 3529 1526 3585 cst,
1572 3517 1635 3570 In
1674 3516 1928 3570 civitatem

323 3608 506 3683 secure
524 3625 700 3693 ?Quia
740 3638 864 3677 cum
891 3621 1066 3675 solum
1094 3617 1202 3673 duo
1227 3623 1412 3670 essent
1441 3653 1456 3678 ,
1485 3620 1645 3666 tanta:
1677 3608 1926 3664 multitu-

324 3718 447 3775 dini
487 3732 546 3773 se
572 3721 941 3786 opposuerunt
978 3711 1116 3765 :sed
1158 3721 1403 3776 magnam
1453 3705 1533 3759 eis
1581 3701 1926 3757 securitatem

329 3808 613 3881 praesutit,
644 3805 787 3877 quod
835 3817 1024 3858 omnes
1061 3800 1133 3856 illi
1179 3797 1347 3854 saucii
1394 3796 1658 3865 jacet-ent.
1690 3789 1842 3858 Quod
1872 3798 1930 3844 ut

328 3901 491 3957 nobis
522 3898 887 3953 manifestarct
911 3895 1090 3950 divina
1116 3891 1419 3959 Scriptura,
1454 3886 1669 3940 Factum
1709 3893 1803 3949 est,
1848 3883 1929 3935 in-

325 3994 469 4065 quit,
501 3993 554 4046 in
598 3991 682 4044 die
732 3989 899 4052 tertio,
928 3984 1133 4058 quando
1179 3990 1321 4038 erant
1363 3980 1413 4034 in
1441 3977 1636 4032 dolore.
1667 3975 1779 4030 lloc
1810 3973 1930 4028 illos

327 4100 557 4141 securos
588 4081 841 4145 reddidit,
874 4088 927 4133 et
955 4077 1092 4132 duos
1120 4074 1373 4129 fortiores
1400 4070 1582 4124 multis
1604 4066 1747 4122 fecit.
1780 4064 1931 4119 Occi-

328 4180 537 4241 dernut,
563 4175 754 4243 inquit,
772 4188 920 4227 onme
940 4167 1299 4228 masculinum,
1318 4164 1419 4218 hoc
1436 4172 1540 4225 est,
1558 4174 1746 4214 omnes
1762 4158 1927 4222 viros,

329 4270 429 4339 qui
496 4275 715 4337 propter
772 4258 1238 4318 circumcisioncm
1295 4252 1582 4323 jacebaut,
1649 4249 1929 4319 paratique

331 4338 508 4421 erant,
531 4365 589 4409 ιιι
607 4357 677 4408 ita
696 4353 894 4415 dicam,
914 4360 971 4403 ιιι
994 4347 1395 4404 occiderentur:
1413 4352 1467 4398 et
1487 4356 1610 4397 cum
1632 4340 1750 4393 aliis
1770 4338 1930 4393 etiam

332 4452 591 4524 juvenem
644 4446 737 4501 ulti
788 4452 933 4504 sunt,
963 4442 1052 4511 qui
1084 4439 1316 4510 puellam
1357 4435 1659 4490 vitiaverat.
1712 4431 1778 4485 Et
1826 4446 1931 4484 non

332 4540 581 4594 rottteuti
619 4539 717 4591 bac
748 4534 1003 4597 vindicta,
1024 4533 1186 4587 etiam
1214 4544 1344 4583 oves
1367 4568 1383 4591 ,
1416 4525 1621 4596 inquit,
1650 4538 1836 4579 eorum
1879 4529 1933 4575 ct

332 4634 522 4688 munia
567 4645 798 4700 pecora,
845 4626 1130 4693 omniaque
1184 4636 1410 4692 corpora
1470 4620 1523 4673 in
1568 4617 1932 4687 captivitatem

335 4726 616 4779 clnscruut
635 4764 652 4786 ,
678 4737 742 4776 ac
768 4720 985 4774 civitate
1014 4716 1142 4769 viris
1171 4714 1423 4768 destituta
1455 4720 1510 4765 et
1551 4709 1757 4777 direpta
1809 4706 1935 4761 red-

340 4811 793 4873 icruut.AVidisti,
820 4809 1333 4874 dilectemquantum
1373 4801 1572 4856 malum
1615 4807 1833 4868 operata
1865 4798 1936 4851 sit

342 4908 505 4960 unius
525 4903 739 4973 juvenis
768 4896 1073 4953 temeritas?
1104 4894 1293 4948 Vidisti
1322 4902 1574 4963 quantam
1602 4890 1780 4944 attulit
1811 4904 1934 4958 per-

341 4998 543 5055 niciem
566 4994 817 5050 omuilms
839 4991 1109 5046 civitatem
1138 4983 1536 5042 habitantibus?
1569 4983 1692 5036 llaec
1707 4982 1938 5036 scientes

344 5089 679 5147 refrenemus
708 5086 935 5139 filiorum
977 5092 1277 5135 nostrorum
1306 5078 1554 5145 impetus,
1584 5087 1938 5143 magnumque

347 5185 588 5238 furorem
621 5175 975 5233 absterrendo
1005 5182 1059 5227 et
1102 5169 1440 5226 admonendo
1483 5180 1889 5235 cotttpescamus
1920 5178 1936 5217 :

346 5287 409 5333 et
435 5289 686 5329 cnrenms
712 5279 900 5325 eurum
929 5265 1230 5321 castitatem
1258 5304 1272 5325 ,
1301 5262 1586 5330 omniaque
1612 5260 1867 5313 faciamus
1887 5268 1943 5314 et

348 5377 663 5423 tractemus.
696 5373 750 5416 ιιι
772 5359 1027 5415 absurdas
1047 5354 1506 5423 concupiscentias
1524 5352 1779 5422 juvenilis
1810 5361 1943 5407 tetas

349 5458 592 5528 effugere
622 5454 808 5524 possit.
839 5450 969 5506 Nam
998 5458 1215 5519 propter
1240 5446 1341 5501 hoc
1367 5455 1420 5499 et
1443 5444 1744 5498 communis
1763 5442 1940 5497 Domi-

352 5565 460 5607 nus
484 5557 668 5603 uoster
693 5545 869 5600 sciens
895 5542 1143 5596 humana:
1174 5548 1377 5592 natum
1414 5534 1776 5588 infirmitatem
1798 5572 1815 5597 ,
1839 5548 1943 5585 nu-

352 5644 493 5711 ptias
520 5636 675 5693 dedit
704 5647 758 5691 et
794 5632 1051 5698 saucivit,
1081 5638 1137 5685 ut
1156 5631 1223 5685 ab
1255 5628 1440 5683 illicito
1464 5623 1749 5681 concubitu
1775 5624 1944 5679 absti-

486 5739 592 5781 Illl'.

486 5742 499 5778 ι
574 5764 592 5781 .

345 5742 646 5876 "ese-relisa
670 5814 910 5871 uxcribus
926 5812 1197 5885 jungmdi.
1230 5840 1301 5853 -ο
1328 5809 1407 5867 Nc
1433 5809 1593 5882 igitur
1619 5808 1948 5880 negligaunts

1098 363 1100 365 ’
1178 402 1242 456 11v
1281 400 1433 455 car.
1478 397 1717 453 xxxw.
1760 395 1850 451 ET
1890 390 2109 451 xxxv.
2142 393 2387 451 cenes.
2432 394 2669 451 nomL.
2707 394 2843 450 th.

3523 398 3623 453 5ιὸ

2025 505 2270 573 juvenes.
2300 506 2393 561 sed
2422 506 2653 561 scientes
2686 505 2918 561 fornacis
2950 506 3292 572 incendium,
3317 507 3625 577 priusquam

2028 596 2081 650 in
2116 595 2324 649 luxuria
2358 597 2723 666 implicentur,
2757 597 3069 652 studeamus
3093 613 3187 652 cos
3222 601 3520 654 secundum
3547 600 3620 654 le-

2025 702 2148 755 gem
2175 684 2266 739 Dei
2303 689 2502 755 nuptiis
2532 690 2784 757 copulare
2808 731 2820 751 ,
2855 698 2911 742 ιιι
2946 700 2997 741 et
3046 690 3432 744 continentiam
3475 707 3624 745 suam

2026 779 2349 844 Custodiant,
2407 780 2721 849 nullumque
2781 781 3036 836 damnum
3081 782 3312 838 lasciviae
3368 799 3480 838 sua:
3530 783 3624 836 ha-

2028 872 2211 938 beant,
2245 875 2484 930 rcmedio
2523 877 2667 932 illinc
2697 888 2934 945 sumpto,
2957 888 3009 930 ut
3044 877 3444 944 possintcarnis
3470 877 3625 931 indo~

2026 965 2186 1017 mitos
2212 975 2390 1019 motus
2420 967 2735 1035 reprimere,
2779 978 2833 1021 ct
2881 983 3094 1036 pmnam
3134 968 3389 1037 effugere.
3420 967 3526 1021 Sed
3553 969 3626 1020 vi-

2025 1052 2247 1107 deanms
2283 1056 2554 1123 quomodo
2575 1072 2637 1111 ea
2663 1074 2783 1126 qua:
2819 1075 2846 1111 a
2876 1058 3055 1126 pueris
3086 1058 3218 1111 facta
3250 1068 3407 1120 sunt,
3439 1074 3625 1113 senem

2025 1143 2320 1199 affecerint.
2354 1146 2441 1201 ⁸50.
2474 1145 2618 1200 Diait
2649 1149 2823 1211 cnim,
2854 1148 3044 1217 inquit,
3076 1146 3238 1202 Jacob
3264 1164 3282 1203 :
3324 1149 3549 1218 Symcou
3581 1156 3627 1201 rt

2026 1233 2167 1297 Levi,
2192 1253 2403 1290 exosum
2426 1256 2504 1292 me
2526 1241 2714 1310 fecistis
2740 1282 2754 1305 ,
2780 1250 2836 1293 ut
2871 1241 3109 1295 molestus
3142 1257 3234 1311 ego
3254 1242 3350 1294 sim
3379 1222 3627 1294 habitata?

2026 1326 2162 1377 ribus
2191 1335 2357 1403 teme.
2383 1327 2587 1394 Quare,
2618 1330 2812 1399 inquit,
2842 1339 3047 1385 tantam
3080 1330 3282 1385 fecistis
3302 1332 3626 1387 vindictam?

2024 1415 2160 1469 Nam
2190 1434 2310 1485 qua:
2338 1434 2367 1471 a
2395 1418 2547 1475 vobis
2586 1420 2721 1475 facta
2749 1434 2872 1475 sunt
2898 1463 2913 1487 ,
2944 1423 3128 1477 odium
3173 1425 3300 1477 mihi
3334 1426 3627 1479 maximum

2026 1508 2236 1576 parient
2271 1509 2411 1577 apud
2442 1526 2631 1565 omnes
2668 1513 2991 1567 habitatores
3021 1524 3179 1568 terra:
3208 1514 3388 1583 hujus.
3423 1516 3627 1570 lletnde

2025 1610 2333 1653 monstrans
2356 1601 2604 1655 timorem
2632 1604 2683 1655 itt
2712 1618 2818 1672 quo
2844 1615 2961 1658 erat
2984 1606 3328 1671 constitutus,
3362 1605 3495 1657 Milli
3522 1624 3620 1658 au-

2026 1699 2145 1755 tem,
2174 1691 2344 1761 inquit
2368 1733 2381 1755 ,
2408 1710 2592 1761 parvus
2641 1710 2879 1748 numerus
2908 1707 3000 1761 est,
3050 1706 3095 1749 et
3121 1700 3412 1767 congregati
3449 1710 3627 1750 contra

2024 1796 2103 1833 me
2130 1821 2146 1845 ,
2186 1784 2467 1849 percutiant
2499 1800 2578 1837 me
2602 1828 2616 1849 ,
2651 1796 2697 1837 et
2728 1795 2925 1839 cxterar
2945 1802 2964 1839 .'
3004 1788 3155 1856 quasi
3177 1788 3385 1841 diceret
3410 1807 3422 1841 :
3447 1787 3629 1843 Nesci-

2026 1870 2093 1925 tis
2116 1872 2259 1941 qnod
2284 1876 2437 1942 pauci
2468 1878 2693 1930 sumus?
2722 1875 2875 1930 facile
2903 1877 3094 1931 eadem
3125 1885 3181 1932 ct
3206 1894 3305 1932 nos
3339 1880 3623 1947 patiemur,

2022 1963 2217 2031 quibus
2255 1966 2408 2019 vobis
2456 1966 2576 2019 illos
2629 1968 2850 2021 afliccrc
2888 1967 3103 2036 placuit.
3138 1969 3201 2022 Et
3230 1969 3367 2023 sicut
3392 1969 3624 2039 Sycltetn

2024 2057 2158 2125 patri
2186 2066 2241 2111 et
2264 2058 2515 2113 omnibus
2541 2058 2810 2113 civitatem
2838 2059 3200 2115 habitantibus
3241 2061 3400 2129 hujus
3446 2063 3615 2117 inter-

2026 2146 2127 2202 itus
2156 2148 2251 2202 fuit
2276 2160 2486 2214 auctor,
2516 2149 2585 2203 ita
2627 2159 2681 2204 et
2706 2166 2799 2204 vos
2830 2151 2982 2204 mihi.
3032 2151 3166 2205 Nam
3197 2165 3415 2221 propter
3448 2168 3542 2207 vos
3570 2164 3623 2208 et

2024 2253 2124 2307 ego
2162 2255 2357 2294 exosus
2386 2250 2480 2294 cro
2502 2282 2516 2305 ,
2551 2252 2604 2295 et
2640 2241 2773 2294 nihil
2818 2240 3066 2310 prohibet
3113 2244 3241 2312 qttin
3286 2244 3469 2297 tlelear
3500 2260 3631 2313 pro-

2028 2339 2145 2398 pter
2196 2338 2429 2386 vestram
2459 2332 2758 2387 audaciam.
2809 2333 2898 2387 51.
2933 2332 3025 2387 Illi
3049 2344 3220 2388 autem
3246 2335 3503 2400 dixerunt,
3542 2337 3627 2389 in-

2025 2421 2175 2489 quit,
2231 2421 2497 2493 Numquid
2543 2434 2596 2476 ut
2652 2434 2817 2477 scorto
2864 2424 3133 2478 abutemur
3177 2441 3352 2479 sorore
3403 2435 3575 2480 nostra
3603 2428 3629 2481 ?

2027 2512 2159 2567 Vide
2188 2529 2384 2583 pueros
2410 2516 2754 2569 continentiae
2782 2519 2955 2585 gratia
2998 2517 3261 2572 ultionem
3292 2521 3587 2589 sumpsisse
3611 2536 3623 2573 :

2024 2615 2281 2659 excusant
2301 2606 2446 2659 enim
2472 2622 2530 2659 se
2563 2606 2733 2674 patri,
2785 2616 2839 2660 ct
2877 2607 3064 2661 dicunt
3092 2624 3105 2660 :
3134 2606 3354 2663 Infamia
3389 2625 3485 2663 nos
3509 2610 3631 2666 alle-

2025 2704 2218 2749 ccrunt
2250 2736 2265 2761 ,
2295 2696 2458 2751 veluti
2486 2707 2673 2752 scorto
2702 2696 2855 2752 abusi
2882 2710 3007 2752 sunt
3035 2712 3222 2753 sorore
3246 2708 3429 2754 nostra
3457 2716 3471 2753 :
3507 2716 3631 2770 pro-

2029 2795 2211 2855 pterea
2244 2786 2347 2841 hoc
2387 2786 2564 2843 facere
2590 2789 2760 2843 coacti
2801 2803 3011 2857 sumus,
3055 2798 3113 2844 ut
3153 2799 3208 2847 ct
3245 2792 3427 2847 cancri
3456 2792 3630 2849 disce-

2028 2888 2169 2943 rent,
2201 2879 2394 2935 similia
2422 2895 2527 2935 non
2549 2880 2769 2935 audere.

2087 2972 2141 3025 4.
2165 2970 2270 3025 Sed
2293 2971 2435 3036 vide,
2456 2972 2705 3037 obsecro,
2728 2970 2815 3026 hic
2843 2972 3167 3027 inell‘abilcm
3194 2973 3285 3029 Dei
3301 2990 3485 3029 curam
3504 2991 3634 3045 erga

2024 3060 2251 3129 justum.
2306 3061 2441 3116 Nam
2470 3062 2593 3131 quia
2623 3062 2754 3116 vidit
2791 3079 2916 3118 eum
2968 3065 3348 3119 formidantem
3396 3068 3631 3136 regionis

2031 3154 2234 3208 illColns
2278 3164 2493 3224 pr0pter
2520 3154 2754 3209 filiorum
2782 3154 3038 3219 facinora,
3071 3159 3122 3211 l.
3157 3156 3303 3211 Dixit
3344 3158 3391 3211 ti
3437 3160 3572 3213 Deus
3602 3178 3621 3218 :

2032 3243 2220 3316 Surge,
2243 3255 2290 3300 et
2324 3248 2541 3301 ascende
2568 3248 2620 3301 in
2665 3247 2831 3301 locum
2877 3247 3071 3303 Bis-tlte!
3092 3290 3105 3313 ,
3135 3261 3181 3303 ct
3203 3251 3273 3303 ibi
3299 3252 3470 3304 habita
3492 3253 3628 3321 (Ca-

2030 3350 2121 3410 put
2150 3339 2221 3395 55
2252 3340 2293 3409 ).
2320 3340 2475 3407 Quia,
2508 3338 2699 3410 iuqttit,
2731 3356 2827 3395 eos
2852 3342 2941 3412 (ιιιί
2973 3340 3060 3397 hic
3090 3342 3329 3397 habitant
3354 3346 3531 3409 times,
3548 3362 3633 3400 re-

2034 3432 2171 3487 cede
2201 3432 2347 3498 hinc,
2379 3443 2431 3487 ct
2465 3433 2641 3501 habita
2673 3433 2723 3486 in
2750 3433 2971 3500 Bmthel,
2999 3433 3063 3488 Et
3094 3434 3178 3504 fac
3214 3436 3321 3489 illic
3340 3437 3504 3490 altare
3520 3436 3630 3490 Do-

2034 3523 2192 3587 mino,
2220 3524 2309 3593 qui
2332 3525 2569 3594 apparuit
2592 3525 2681 3576 tibi
2705 3540 2820 3577 cum
2851 3529 3050 3595 fugeres
3074 3542 3106 3577 a
3130 3526 3261 3595 facie
3289 3526 3428 3580 Esau
3458 3528 3635 3598 fratris

2034 3615 2128 3668 tui.
2154 3614 2211 3667 2.
2239 3613 2302 3667 Et
2324 3614 2452 3667 dixit
2474 3613 2635 3668 Jacob
2656 3615 2831 3668 domui
2849 3630 2980 3679 suat,
3009 3624 3057 3669 ct
3077 3615 3311 3669 omnibus
3336 3619 3442 3670 suis
3466 3632 3485 3671 :
3506 3616 3632 3671 Tol-

2033 3706 2123 3761 lite
2149 3705 2273 3760 dcos
2290 3707 2483 3760 alienos
2515 3722 2544 3759 e
2574 3705 2740 3760 ntedio
2773 3706 2943 3771 uestri,
2964 3716 3011 3760 ct
3039 3708 3406 3777 puri/iconiiui,
3435 3718 3481 3761 et
3522 3724 3636 3760 mu-

2037 3808 2137 3854 tate
2171 3799 2330 3853 stolas
2357 3808 2567 3865 vestras,
2600 3798 2654 3852 3.
2678 3809 2727 3851 et
2755 3799 2947 3869 surgite
2969 3841 2984 3863 ,
3006 3809 3055 3852 et
3084 3800 3419 3853 ascendamus
3441 3800 3491 3851 in
3511 3798 3631 3852 Bir-

2035 3888 2157 3953 tltcl,
2188 3899 2234 3943 et
2252 3888 2502 3959 faciamus
2548 3886 2658 3940 illic
2686 3888 2850 3941 altare
2870 3885 3114 3953 Domino,
3145 3888 3228 3956 qui
3261 3890 3517 3942 exaudivit
3549 3905 3630 3941 me

2033 3980 2089 4033 in
2119 3980 2202 4034 die
2243 3978 2549 4050 afflictionis,
2579 3977 2666 4045 qui
2694 3979 2793 4048 fuit
2815 3994 3031 4046 mecum,
3057 3988 3107 4032 et
3128 3978 3339 4033 saivar‘lt
3367 3995 3446 4032 me
3468 3981 3520 4033 in
3550 3979 3641 4035 vin

2034 4087 2135 4140 qua
2178 4068 2455 4123 ambulavi.
2486 4068 2868 4123 Animadverte
2898 4067 2984 4122 hic
3015 4068 3144 4137 justi
3179 4068 3541 4123 obedientiam
3582 4081 3638 4125 ct

2038 4164 2293 4232 pietatem
2324 4161 2377 4215 iu
2408 4162 2595 4214 Deum.
2626 4160 2760 4226 Quia
2788 4159 2993 4214 audivit
3018 4154 3290 4214 :VAscende
3334 4161 3387 4213 iu
3408 4159 3629 4224 Bwtlicl',

2037 4264 2083 4307 et
2109 4258 2193 4324 fac
2235 4254 2398 4307 altare
2429 4268 2448 4306 :
2478 4252 2714 4315 vocatis,
2747 4252 2949 4322 inquit,
2982 4252 3233 4306 omnibus
3276 4253 3423 4317 suis,
3451 4251 3586 4307 dixit
3615 4295 3633 4319 ,

2038 4345 2223 4401 Tollite
2252 4346 2393 4400 deos.
2448 4345 2646 4413 Quales
2667 4386 2682 4409 ,
2706 4345 2902 4399 dixerit
2942 4345 3064 4415 quis
3083 4386 3100 4410 ,
3127 4343 3303 4399 deos?
3362 4345 3635 4416 Nusquam

2037 4439 2184 4493 enim
2215 4437 2457 4492 videmus
2486 4438 2660 4507 ipsum
2691 4436 2943 4492 habuisse
2978 4436 3112 4491 deos
3151 4452 3165 4489 :
3207 4436 3279 4489 ab
3312 4436 3463 4490 initio
3492 4438 3637 4491 enim

2042 4530 2139 4585 Dei
2169 4530 2346 4585 cultor
2377 4529 2477 4583 fuit
2500 4529 2699 4597 justus.
2746 4526 3069 4597 Signiﬁcant;
3100 4526 3241 4580 forte
3260 4527 3393 4580 deos
3429 4526 3636 4589 Laban,

2039 4636 2176 4690 quos
2203 4620 2403 4674 Rachel
2433 4620 2791 4682 subtraxerat,
2825 4619 2944 4673 ideo
2968 4618 3132 4672 dixit:
3162 4618 3425 4685 Quoniam
3442 4619 3644 4688 gratias

2042 4712 2213 4768 acturi
2243 4727 2429 4766 sumus
2452 4727 2582 4765 vero
2625 4711 2733 4764 Deo
2757 4750 2771 4774 ,
2802 4709 2900 4780 qui
2924 4725 3139 4780 semper
3167 4719 3369 4763 tantam
3411 4709 3515 4763 mei
3539 4725 3637 4763 cu-

2043 4820 2159 4860 ram
2186 4803 2372 4873 gessit,
2402 4803 2607 4857 auferte
2636 4802 2679 4854 si
2710 4817 2818 4869 qus
2841 4811 2966 4855 sunt
2993 4800 3045 4855 itt
3071 4801 3224 4854 vobis
3253 4800 3418 4862 idola,
3452 4798 3515 4852 lit
3544 4816 3641 4867 pu-

2045 4895 2337 4966 riﬁcantiui,
2364 4904 2409 4949 et
2437 4904 2628 4947 mutate
2653 4894 2810 4947 stolas
2840 4903 3049 4956 vestras,
3080 4902 3136 4947 et
3164 4892 3241 4945 sic
3267 4890 3335 4944 ad
3366 4891 3643 4945 civitatem

2046 5002 2363 5057 pergemus,
2394 4994 2449 5038 et
2504 4985 2650 5037 intus
2697 4991 2752 5037 et
2803 4982 2934 5037 foris
2988 4981 3229 5036 mandati
3276 4980 3436 5035 simul
3468 4979 3637 5035 ibitis.

2045 5077 2164 5134 Non
2196 5078 2372 5133 solum
2397 5077 2624 5130 vestium
2668 5073 2844 5128 nitore
2873 5074 3161 5143 puritatem
3203 5072 3472 5126 declarato
3494 5112 3508 5134 ,
3542 5071 3641 5126 sed

2046 5186 2169 5228 cum
2205 5168 2509 5238 abjectioue
2556 5167 2819 5220 idolorum
2879 5163 3175 5233 purilicatis
3232 5163 3648 5231 (cgiuttimtihus

2048 5264 2243 5319 montis
2285 5261 2641 5317 ascendamus
2678 5258 2748 5313 ad
2779 5256 3007 5311 Btcthcl.
3033 5257 3089 5311 4.
3139 5256 3205 5310 Et
3230 5256 3511 5317 dederunt,
3561 5256 3646 5307 in-

2048 5355 2187 5422 quit,
2216 5352 2375 5407 Jacob
2397 5353 2515 5405 deos
2541 5350 2733 5403 alienos
2760 5350 2890 5416 (non
2924 5348 3072 5402 enim
3093 5357 3245 5420 erant
3272 5348 3512 5415 iPStll'llm
3530 5349 3570 5409 l,
3597 5356 3648 5399 ct

2050 5448 2255 5499 iuaurcs
2296 5458 2410 5512 qua:
2449 5442 2502 5493 in
2556 5440 2763 5492 auribus
2803 5456 2996 5493 eorum.
3030 5437 3189 5493 Forte
3230 5438 3375 5493 cnim
3426 5447 3481 5491 et
3534 5436 3649 5489 lure

2050 5538 2200 5605 signa
2235 5534 2479 5603 quaedam
2499 5539 2653 5585 crant
2679 5530 2903 5584 istorum
2944 5528 3208 5583 idolorum
3228 5569 3243 5591 ,
3294 5527 3416 5580 ideo
3443 5537 3497 5579 et
3535 5528 3649 5579 lucc

2052 5642 2175 5680 cum
2200 5625 2304 5679 diis
2343 5624 2575 5677 afferunt
2601 5619 2791 5675 Jacob.
2822 5618 2885 5671 Et
2915 5619 3178 5672 abscondit
3220 5635 3279 5671 ea
3314 5618 3486 5670 subter
3516 5626 3644 5669 tere.

2054 5717 2284 5771 bintluon
2310 5715 2361 5767 in
2390 5712 2623 5776 Secimis,
2665 5720 2711 5764 et
2742 5709 2964 5779 perdidit
2988 5724 3048 5761 ea
3078 5723 3233 5777 usque
3268 5708 3320 5760 in
3352 5718 3647 5775 pra'seutcnt

2064 5808 2216 5861 diem.
2244 5803 2536 5868 Abscondit,
2571 5802 2760 5872 inquit,
2791 5815 2873 5866 ca,
2905 5809 2950 5853 ct
2980 5797 3200 5868 perdidit
3222 5838 3236 5864 ,
3272 5808 3327 5852 ut
3364 5797 3462 5866 ipsi
3493 5811 3649 5851 rt‘t‘o-
