  <div class='ocr_page' id='page_1' title='image "/cluster/home/n/w/nwhite01/storage/ocr_20150623/54/pst.000005712533/147.png"; bbox 0 0 4182 6322; ppageno 0'>
   <div class='ocr_carea' id='block_1_1' title="bbox 587 363 694 417">
    <p class='ocr_par' dir='ltr' id='par_1_1' title="bbox 587 363 694 417">
     <span class='ocr_line' id='line_1_1' title="bbox 587 363 694 417; baseline 0.009 -1"><span class='ocrx_word' id='word_1_1' title='bbox 587 363 694 417; x_wconf 76' lang='grc'><strong>519</strong></span> 
     </span>
    </p>
   </div>
   <div class='ocr_carea' id='block_1_2' title="bbox 585 460 2174 544">
    <p class='ocr_par' dir='ltr' id='par_1_2' title="bbox 585 460 2174 544">
     <span class='ocr_line' id='line_1_2' title="bbox 585 460 2174 544; baseline -0.006 -10"><span class='ocrx_word' id='word_1_2' title='bbox 585 476 663 534; x_wconf 79' lang='lat' dir='ltr'><strong>ris</strong></span> <span class='ocrx_word' id='word_1_3' title='bbox 697 474 836 531; x_wconf 81' lang='lat' dir='ltr'><strong>servi</strong></span> <span class='ocrx_word' id='word_1_4' title='bbox 864 489 1102 531; x_wconf 78' lang='lat' dir='ltr'><strong>errorem</strong></span> <span class='ocrx_word' id='word_1_5' title='bbox 1129 472 1441 544; x_wconf 86' lang='lat' dir='ltr'><strong>cll‘ugcrcnt,</strong></span> <span class='ocrx_word' id='word_1_6' title='bbox 1471 483 1525 528; x_wconf 92' lang='lat' dir='ltr'><strong>et</strong></span> <span class='ocrx_word' id='word_1_7' title='bbox 1559 460 1737 528; x_wconf 84' lang='lat' dir='ltr'><strong>nullus</strong></span> <span class='ocrx_word' id='word_1_8' title='bbox 1761 472 1922 526; x_wconf 88' lang='lat' dir='ltr'><strong>etiam</strong></span> <span class='ocrx_word' id='word_1_9' title='bbox 1948 472 2084 526; x_wconf 88' lang='lat' dir='ltr'><strong>alios</strong></span> <span class='ocrx_word' id='word_1_10' title='bbox 2109 485 2174 525; x_wconf 90' lang='lat' dir='ltr'><strong>ex</strong></span> 
     </span>
    </p>
   </div>
   <div class='ocr_carea' id='block_1_3' title="bbox 606 560 2182 634">
    <p class='ocr_par' dir='ltr' id='par_1_3' title="bbox 606 560 2182 634">
     <span class='ocr_line' id='line_1_3' title="bbox 606 560 2182 634; baseline -0.003 -13"><span class='ocrx_word' id='word_1_11' title='bbox 606 566 664 624; x_wconf 83' lang='lat' dir='ltr'><strong>is</strong></span> <span class='ocrx_word' id='word_1_12' title='bbox 686 565 937 621; x_wconf 97' lang='lat' dir='ltr'><strong>damnum</strong></span> <span class='ocrx_word' id='word_1_13' title='bbox 961 565 1225 633; x_wconf 89' lang='lat' dir='ltr'><strong>acciperet</strong></span> <span class='ocrx_word' id='word_1_14' title='bbox 1251 563 1490 634; x_wconf 89' lang='lat' dir='ltr'><strong>posthac.</strong></span> <span class='ocrx_word' id='word_1_15' title='bbox 1519 561 1585 618; x_wconf 83' lang='lat' dir='ltr'><strong>Et</strong></span> <span class='ocrx_word' id='word_1_16' title='bbox 1610 577 1731 618; x_wconf 88' lang='lat' dir='ltr'><strong>cum</strong></span> <span class='ocrx_word' id='word_1_17' title='bbox 1753 561 1869 618; x_wconf 76' lang='lat' dir='ltr'><strong>bzec</strong></span> <span class='ocrx_word' id='word_1_18' title='bbox 1893 562 2072 616; x_wconf 90' lang='lat' dir='ltr'><strong>omnia</strong></span> <span class='ocrx_word' id='word_1_19' title='bbox 2099 560 2182 616; x_wconf 80' lang='lat' dir='ltr'><strong>fe-</strong></span> 
     </span>
    </p>
   </div>
   <div class='ocr_carea' id='block_1_4' title="bbox 593 654 2184 727">
    <p class='ocr_par' dir='ltr' id='par_1_4' title="bbox 593 654 2184 727">
     <span class='ocr_line' id='line_1_4' title="bbox 593 654 2184 727; baseline -0.004 -13"><span class='ocrx_word' id='word_1_20' title='bbox 593 659 764 719; x_wconf 83' lang='lat' dir='ltr'><strong>cisset</strong></span> <span class='ocrx_word' id='word_1_21' title='bbox 787 659 984 727; x_wconf 86' lang='lat' dir='ltr'><strong>justus,</strong></span> <span class='ocrx_word' id='word_1_22' title='bbox 1009 658 1064 711; x_wconf 86' lang='lat'><strong>5.</strong></span> <span class='ocrx_word' id='word_1_23' title='bbox 1099 657 1256 720; x_wconf 80' lang='lat' dir='ltr'><strong>Abiit,</strong></span> <span class='ocrx_word' id='word_1_24' title='bbox 1294 656 1551 726; x_wconf 82' lang='lat' dir='ltr'><strong>inquit,&#39;a</strong></span> <span class='ocrx_word' id='word_1_25' title='bbox 1571 655 1806 722; x_wconf 83' lang='lat' dir='ltr'><strong>Secimis,</strong></span> <span class='ocrx_word' id='word_1_26' title='bbox 1829 664 1882 709; x_wconf 93' lang='lat' dir='ltr'><strong>ct</strong></span> <span class='ocrx_word' id='word_1_27' title='bbox 1909 654 2184 710; x_wconf 83' lang='lat' dir='ltr'><strong>contendit</strong></span> 
     </span>
    </p>
   </div>
   <div class='ocr_carea' id='block_1_5' title="bbox 586 745 2181 816">
    <p class='ocr_par' dir='ltr' id='par_1_5' title="bbox 586 745 2181 816">
     <span class='ocr_line' id='line_1_5' title="bbox 586 745 2181 816; baseline -0.004 -12"><span class='ocrx_word' id='word_1_28' title='bbox 586 749 659 804; x_wconf 74' lang='lat' dir='ltr'><strong>uti</strong></span> <span class='ocrx_word' id='word_1_29' title='bbox 680 747 901 803; x_wconf 71' lang='lat' dir='ltr'><strong>Bzetbel.</strong></span> <span class='ocrx_word' id='word_1_30' title='bbox 933 747 1128 802; x_wconf 89' lang='lat' dir='ltr'><strong>lterum</strong></span> <span class='ocrx_word' id='word_1_31' title='bbox 1159 746 1246 802; x_wconf 87' lang='lat' dir='ltr'><strong>hic</strong></span> <span class='ocrx_word' id='word_1_32' title='bbox 1289 746 1505 803; x_wconf 86' lang='lat' dir='ltr'><strong>attende</strong></span> <span class='ocrx_word' id='word_1_33' title='bbox 1550 753 1807 816; x_wconf 87' lang='lat' dir='ltr'><strong>quantam</strong></span> <span class='ocrx_word' id='word_1_34' title='bbox 1851 745 1970 814; x_wconf 89' lang='lat' dir='ltr'><strong>ejus</strong></span> <span class='ocrx_word' id='word_1_35' title='bbox 1996 759 2181 800; x_wconf 84' lang='lat' dir='ltr'><strong>curant</strong></span> 
     </span>
    </p>
   </div>
   <div class='ocr_carea' id='block_1_6' title="bbox 595 835 2180 909">
    <p class='ocr_par' dir='ltr' id='par_1_6' title="bbox 595 835 2180 909">
     <span class='ocr_line' id='line_1_6' title="bbox 595 835 2180 909; baseline -0.001 -17"><span class='ocrx_word' id='word_1_36' title='bbox 595 837 840 893; x_wconf 75' lang='lat' dir='ltr'><strong>habuerit</strong></span> <span class='ocrx_word' id='word_1_37' title='bbox 859 837 1018 903; x_wconf 91' lang='lat' dir='ltr'><strong>Deus,</strong></span> <span class='ocrx_word' id='word_1_38' title='bbox 1039 847 1092 893; x_wconf 92' lang='lat' dir='ltr'><strong>et</strong></span> <span class='ocrx_word' id='word_1_39' title='bbox 1113 853 1276 908; x_wconf 76' lang='lat' dir='ltr'><strong>quam</strong></span> <span class='ocrx_word' id='word_1_40' title='bbox 1296 836 1578 909; x_wconf 74' lang='lat' dir='ltr'><strong>diligenter</strong></span> <span class='ocrx_word' id='word_1_41' title='bbox 1589 835 1862 907; x_wconf 81' lang='lat' dir='ltr'><strong>Scriptura</strong></span> <span class='ocrx_word' id='word_1_42' title='bbox 1886 852 1983 892; x_wconf 89' lang='lat' dir='ltr'><strong>nos</strong></span> <span class='ocrx_word' id='word_1_43' title='bbox 2003 837 2180 892; x_wconf 84' lang='lat' dir='ltr'><strong>omnia</strong></span> 
     </span>
    </p>
   </div>
   <div class='ocr_carea' id='block_1_7' title="bbox 599 927 2180 1001">
    <p class='ocr_par' dir='ltr' id='par_1_7' title="bbox 599 927 2180 1001">
     <span class='ocr_line' id='line_1_7' title="bbox 599 927 2180 1001; baseline -0.002 -17"><span class='ocrx_word' id='word_1_44' title='bbox 599 933 812 985; x_wconf 74' lang='lat' dir='ltr'><strong>dot-eat.</strong></span> <span class='ocrx_word' id='word_1_45' title='bbox 841 929 975 986; x_wconf 89' lang='lat' dir='ltr'><strong>Cum</strong></span> <span class='ocrx_word' id='word_1_46' title='bbox 1005 945 1254 1001; x_wconf 73' lang='lat' dir='ltr'><strong>egressus</strong></span> <span class='ocrx_word' id='word_1_47' title='bbox 1294 930 1437 985; x_wconf 82' lang='lat' dir='ltr'><strong>enim</strong></span> <span class='ocrx_word' id='word_1_48' title='bbox 1466 938 1610 985; x_wconf 85' lang='lat' dir='ltr'><strong>esset</strong></span> <span class='ocrx_word' id='word_1_49' title='bbox 1630 930 1809 998; x_wconf 85' lang='lat' dir='ltr'><strong>justus</strong></span> <span class='ocrx_word' id='word_1_50' title='bbox 1831 944 1896 984; x_wconf 87' lang='lat' dir='ltr'><strong>ex</strong></span> <span class='ocrx_word' id='word_1_51' title='bbox 1933 927 2180 990; x_wconf 87' lang='lat' dir='ltr'><strong>Secimis,</strong></span> 
     </span>
    </p>
   </div>
   <div class='ocr_carea' id='block_1_8' title="bbox 594 1019 2182 1093">
    <p class='ocr_par' dir='ltr' id='par_1_8' title="bbox 594 1019 2182 1093">
     <span class='ocr_line' id='line_1_8' title="bbox 594 1019 2182 1093; baseline -0.004 -16"><span class='ocrx_word' id='word_1_52' title='bbox 594 1023 787 1078; x_wconf 74' lang='lat' dir='ltr'><strong>Factus</strong></span> <span class='ocrx_word' id='word_1_53' title='bbox 809 1034 882 1078; x_wconf 89' lang='lat' dir='ltr'><strong>est</strong></span> <span class='ocrx_word' id='word_1_54' title='bbox 909 1023 1061 1077; x_wconf 86' lang='lat' dir='ltr'><strong>timor</strong></span> <span class='ocrx_word' id='word_1_55' title='bbox 1086 1020 1182 1076; x_wconf 85' lang='lat' dir='ltr'><strong>Dei</strong></span> <span class='ocrx_word' id='word_1_56' title='bbox 1206 1037 1358 1093; x_wconf 80' lang='lat' dir='ltr'><strong>super</strong></span> <span class='ocrx_word' id='word_1_57' title='bbox 1395 1037 1566 1076; x_wconf 82' lang='lat' dir='ltr'><strong>omnes</strong></span> <span class='ocrx_word' id='word_1_58' title='bbox 1610 1019 1835 1076; x_wconf 77' lang='lat' dir='ltr'><strong>civitates</strong></span> <span class='ocrx_word' id='word_1_59' title='bbox 1876 1020 1927 1073; x_wconf 88' lang='lat' dir='ltr'><strong>in</strong></span> <span class='ocrx_word' id='word_1_60' title='bbox 1967 1019 2182 1073; x_wconf 80' lang='lat' dir='ltr'><strong>circuitu</strong></span> 
     </span>
    </p>
   </div>
   <div class='ocr_carea' id='block_1_9' title="bbox 589 1109 2180 1185">
    <p class='ocr_par' dir='ltr' id='par_1_9' title="bbox 589 1109 2180 1185">
     <span class='ocr_line' id='line_1_9' title="bbox 589 1109 2180 1185; baseline -0.001 -19"><span class='ocrx_word' id='word_1_61' title='bbox 589 1133 766 1169; x_wconf 80' lang='lat' dir='ltr'><strong>cernat</strong></span> <span class='ocrx_word' id='word_1_62' title='bbox 791 1156 806 1181; x_wconf 97' lang='lat'><strong>,</strong></span> <span class='ocrx_word' id='word_1_63' title='bbox 856 1125 904 1171; x_wconf 84' lang='lat' dir='ltr'><strong>et</strong></span> <span class='ocrx_word' id='word_1_64' title='bbox 955 1131 1056 1170; x_wconf 85' lang='lat' dir='ltr'><strong>non</strong></span> <span class='ocrx_word' id='word_1_65' title='bbox 1109 1112 1394 1185; x_wconf 69' lang='lat' dir='ltr'><strong>persequuti</strong></span> <span class='ocrx_word' id='word_1_66' title='bbox 1436 1121 1554 1167; x_wconf 86' lang='lat' dir='ltr'><strong>sunt</strong></span> <span class='ocrx_word' id='word_1_67' title='bbox 1600 1111 1735 1182; x_wconf 79' lang='lat' dir='ltr'><strong>ﬁlios</strong></span> <span class='ocrx_word' id='word_1_68' title='bbox 1783 1109 1969 1166; x_wconf 81' lang='lat' dir='ltr'><strong>Israel.</strong></span> <span class='ocrx_word' id='word_1_69' title='bbox 2019 1109 2180 1165; x_wconf 76' lang='lat' dir='ltr'><strong>Vides</strong></span> 
     </span>
    </p>
   </div>
   <div class='ocr_carea' id='block_1_10' title="bbox 593 1202 2182 1277">
    <p class='ocr_par' dir='ltr' id='par_1_10' title="bbox 593 1202 2182 1277">
     <span class='ocr_line' id='line_1_10' title="bbox 593 1202 2182 1277; baseline -0.001 -17"><span class='ocrx_word' id='word_1_70' title='bbox 593 1220 792 1276; x_wconf 85' lang='lat' dir='ltr'><strong>quanta</strong></span> <span class='ocrx_word' id='word_1_71' title='bbox 813 1207 1167 1277; x_wconf 77' lang='lat' dir='ltr'><strong>providentia,</strong></span> <span class='ocrx_word' id='word_1_72' title='bbox 1189 1215 1246 1262; x_wconf 89' lang='lat' dir='ltr'><strong>et</strong></span> <span class='ocrx_word' id='word_1_73' title='bbox 1269 1221 1429 1276; x_wconf 85' lang='lat' dir='ltr'><strong>quam</strong></span> <span class='ocrx_word' id='word_1_74' title='bbox 1457 1205 1677 1260; x_wconf 83' lang='lat' dir='ltr'><strong>evidens</strong></span> <span class='ocrx_word' id='word_1_75' title='bbox 1696 1205 1712 1236; x_wconf 81' lang='grc'>⁸</span> <span class='ocrx_word' id='word_1_76' title='bbox 1727 1205 1846 1273; x_wconf 81' lang='lat' dir='ltr'><strong>ejus</strong></span> <span class='ocrx_word' id='word_1_77' title='bbox 1861 1202 2182 1258; x_wconf 80' lang='lat' dir='ltr'><strong>subsidium?</strong></span> 
     </span>
    </p>
   </div>
   <div class='ocr_carea' id='block_1_11' title="bbox 603 1299 2182 1370">
    <p class='ocr_par' dir='ltr' id='par_1_11' title="bbox 603 1299 2182 1370">
     <span class='ocr_line' id='line_1_11' title="bbox 603 1299 2182 1370; baseline -0.003 -14"><span class='ocrx_word' id='word_1_78' title='bbox 603 1300 762 1356; x_wconf 76' lang='grc' dir='ltr'>Ιιιιιίι</span> <span class='ocrx_word' id='word_1_79' title='bbox 793 1302 959 1366; x_wconf 89' lang='lat' dir='ltr'><strong>enim,</strong></span> <span class='ocrx_word' id='word_1_80' title='bbox 990 1299 1201 1370; x_wconf 91' lang='lat' dir='ltr'><strong>inquit,</strong></span> <span class='ocrx_word' id='word_1_81' title='bbox 1233 1313 1396 1369; x_wconf 86' lang='lat' dir='ltr'><strong>super</strong></span> <span class='ocrx_word' id='word_1_82' title='bbox 1421 1312 1517 1354; x_wconf 88' lang='lat' dir='ltr'><strong>eos</strong></span> <span class='ocrx_word' id='word_1_83' title='bbox 1545 1307 1737 1360; x_wconf 85' lang='lat' dir='ltr'><strong>luctus,</strong></span> <span class='ocrx_word' id='word_1_84' title='bbox 1769 1306 1822 1353; x_wconf 89' lang='lat' dir='ltr'><strong>et</strong></span> <span class='ocrx_word' id='word_1_85' title='bbox 1868 1313 1971 1351; x_wconf 92' lang='lat' dir='ltr'><strong>non</strong></span> <span class='ocrx_word' id='word_1_86' title='bbox 2002 1311 2182 1366; x_wconf 86' lang='lat' dir='ltr'><strong>persc-</strong></span> 
     </span>
    </p>
   </div>
   <div class='ocr_carea' id='block_1_12' title="bbox 597 1388 2182 1460">
    <p class='ocr_par' dir='ltr' id='par_1_12' title="bbox 597 1388 2182 1460">
     <span class='ocr_line' id='line_1_12' title="bbox 597 1388 2182 1460; baseline -0.002 -16"><span class='ocrx_word' id='word_1_87' title='bbox 597 1394 749 1460; x_wconf 88' lang='lat' dir='ltr'><strong>quuti</strong></span> <span class='ocrx_word' id='word_1_88' title='bbox 778 1401 904 1445; x_wconf 89' lang='lat' dir='ltr'><strong>sunt</strong></span> <span class='ocrx_word' id='word_1_89' title='bbox 924 1391 1067 1446; x_wconf 85' lang='lat' dir='ltr'><strong>illos.</strong></span> <span class='ocrx_word' id='word_1_90' title='bbox 1099 1389 1233 1445; x_wconf 75' lang='lat' dir='ltr'><strong>Nam</strong></span> <span class='ocrx_word' id='word_1_91' title='bbox 1261 1390 1384 1460; x_wconf 90' lang='lat' dir='ltr'><strong>quia</strong></span> <span class='ocrx_word' id='word_1_92' title='bbox 1418 1390 1638 1444; x_wconf 84' lang='lat' dir='ltr'><strong>timebat</strong></span> <span class='ocrx_word' id='word_1_93' title='bbox 1675 1388 1774 1441; x_wconf 85' lang='lat' dir='ltr'><strong>hoc</strong></span> <span class='ocrx_word' id='word_1_94' title='bbox 1798 1388 1996 1457; x_wconf 90' lang='lat' dir='ltr'><strong>justus,</strong></span> <span class='ocrx_word' id='word_1_95' title='bbox 2028 1397 2080 1443; x_wconf 91' lang='lat' dir='ltr'><strong>et</strong></span> <span class='ocrx_word' id='word_1_96' title='bbox 2101 1388 2182 1443; x_wconf 79' lang='lat' dir='ltr'><strong>di-</strong></span> 
     </span>
    </p>
   </div>
   <div class='ocr_carea' id='block_1_13' title="bbox 594 1479 2182 1551">
    <p class='ocr_par' dir='ltr' id='par_1_13' title="bbox 594 1479 2182 1551">
     <span class='ocr_line' id='line_1_13' title="bbox 594 1479 2182 1551; baseline -0.003 -13"><span class='ocrx_word' id='word_1_97' title='bbox 594 1484 755 1538; x_wconf 82' lang='lat' dir='ltr'><strong>cebat</strong></span> <span class='ocrx_word' id='word_1_98' title='bbox 788 1500 801 1536; x_wconf 91' lang='lat'><strong>:</strong></span> <span class='ocrx_word' id='word_1_99' title='bbox 838 1482 967 1537; x_wconf 76' lang='lat' dir='ltr'><strong>Mihi</strong></span> <span class='ocrx_word' id='word_1_100' title='bbox 995 1497 1180 1551; x_wconf 77' lang='lat' dir='ltr'><strong>paruus</strong></span> <span class='ocrx_word' id='word_1_101' title='bbox 1222 1495 1462 1536; x_wconf 78' lang='lat' dir='ltr'><strong>numerus</strong></span> <span class='ocrx_word' id='word_1_102' title='bbox 1505 1488 1576 1534; x_wconf 83' lang='lat' dir='ltr'><strong>est</strong></span> <span class='ocrx_word' id='word_1_103' title='bbox 1601 1520 1616 1547; x_wconf 94' lang='lat'><strong>,</strong></span> <span class='ocrx_word' id='word_1_104' title='bbox 1643 1489 1693 1534; x_wconf 88' lang='lat' dir='ltr'><strong>et</strong></span> <span class='ocrx_word' id='word_1_105' title='bbox 1729 1479 1929 1534; x_wconf 82' lang='lat' dir='ltr'><strong>delebor</strong></span> <span class='ocrx_word' id='word_1_106' title='bbox 1952 1496 1971 1534; x_wconf 91' lang='lat'><strong><em>:</em></strong></span> <span class='ocrx_word' id='word_1_107' title='bbox 2001 1489 2182 1534; x_wconf 82' lang='lat' dir='ltr'><strong>narrat</strong></span> 
     </span>
    </p>
   </div>
   <div class='ocr_carea' id='block_1_14' title="bbox 590 1572 2178 1653">
    <p class='ocr_par' dir='ltr' id='par_1_14' title="bbox 590 1572 2178 1653">
     <span class='ocr_line' id='line_1_14' title="bbox 590 1572 2178 1653; baseline -0.002 -24"><span class='ocrx_word' id='word_1_108' title='bbox 590 1574 864 1645; x_wconf 86' lang='lat' dir='ltr'><strong>quomodo</strong></span> <span class='ocrx_word' id='word_1_109' title='bbox 894 1576 1082 1630; x_wconf 86' lang='lat' dir='ltr'><strong>timore</strong></span> <span class='ocrx_word' id='word_1_110' title='bbox 1116 1587 1210 1628; x_wconf 87' lang='lat' dir='ltr'><strong>eos</strong></span> <span class='ocrx_word' id='word_1_111' title='bbox 1236 1572 1540 1653; x_wconf 82' lang='lat' dir='ltr'><strong>invadente,</strong></span> <span class='ocrx_word' id='word_1_112' title='bbox 1570 1573 1714 1644; x_wconf 84' lang='lat' dir='ltr'><strong>ipsos</strong></span> <span class='ocrx_word' id='word_1_113' title='bbox 1737 1576 2043 1644; x_wconf 85' lang='lat' dir='ltr'><strong>persequuti</strong></span> <span class='ocrx_word' id='word_1_114' title='bbox 2073 1589 2178 1628; x_wconf 93' lang='lat' dir='ltr'><strong>non</strong></span> 
     </span>
    </p>
   </div>
   <div class='ocr_carea' id='block_1_15' title="bbox 591 1665 2184 1738">
    <p class='ocr_par' dir='ltr' id='par_1_15' title="bbox 591 1665 2184 1738">
     <span class='ocr_line' id='line_1_15' title="bbox 591 1665 2184 1738; baseline 0.001 -18"><span class='ocrx_word' id='word_1_115' title='bbox 591 1669 720 1722; x_wconf 77' lang='lat' dir='ltr'><strong>sint.</strong></span> <span class='ocrx_word' id='word_1_116' title='bbox 745 1665 877 1721; x_wconf 82' lang='lat' dir='ltr'><strong>Nam</strong></span> <span class='ocrx_word' id='word_1_117' title='bbox 907 1666 1119 1738; x_wconf 80' lang='lat' dir='ltr'><strong>quando</strong></span> <span class='ocrx_word' id='word_1_118' title='bbox 1164 1665 1308 1722; x_wconf 89' lang='lat' dir='ltr'><strong>Deus</strong></span> <span class='ocrx_word' id='word_1_119' title='bbox 1351 1681 1506 1722; x_wconf 90' lang='lat' dir='ltr'><strong>suum</strong></span> <span class='ocrx_word' id='word_1_120' title='bbox 1543 1665 1806 1722; x_wconf 89' lang='lat' dir='ltr'><strong>auxilium</strong></span> <span class='ocrx_word' id='word_1_121' title='bbox 1853 1667 2044 1722; x_wconf 77' lang='lat' dir='ltr'><strong>allerre</strong></span> <span class='ocrx_word' id='word_1_122' title='bbox 2087 1679 2184 1721; x_wconf 84' lang='lat' dir='ltr'><strong>vo—</strong></span> 
     </span>
    </p>
   </div>
   <div class='ocr_carea' id='block_1_16' title="bbox 594 1759 2181 1831">
    <p class='ocr_par' dir='ltr' id='par_1_16' title="bbox 594 1759 2181 1831">
     <span class='ocr_line' id='line_1_16' title="bbox 594 1759 2181 1831; baseline 0.001 -18"><span class='ocrx_word' id='word_1_123' title='bbox 594 1759 776 1825; x_wconf 90' lang='lat' dir='ltr'><strong>luerit,</strong></span> <span class='ocrx_word' id='word_1_124' title='bbox 797 1759 1056 1815; x_wconf 80' lang='lat' dir='ltr'><strong>invalidos</strong></span> <span class='ocrx_word' id='word_1_125' title='bbox 1098 1759 1350 1815; x_wconf 86' lang='lat' dir='ltr'><strong>fortiores</strong></span> <span class='ocrx_word' id='word_1_126' title='bbox 1395 1760 1720 1830; x_wconf 88' lang='lat' dir='ltr'><strong>potentibus.</strong></span> <span class='ocrx_word' id='word_1_127' title='bbox 1763 1770 1818 1813; x_wconf 90' lang='lat' dir='ltr'><strong>et</strong></span> <span class='ocrx_word' id='word_1_128' title='bbox 1848 1774 2048 1831; x_wconf 88' lang='lat' dir='ltr'><strong>paucos</strong></span> <span class='ocrx_word' id='word_1_129' title='bbox 2085 1773 2181 1829; x_wconf 89' lang='lat' dir='ltr'><strong>po-</strong></span> 
     </span>
    </p>
   </div>
   <div class='ocr_carea' id='block_1_17' title="bbox 591 1850 2178 1923">
    <p class='ocr_par' dir='ltr' id='par_1_17' title="bbox 591 1850 2178 1923">
     <span class='ocr_line' id='line_1_17' title="bbox 591 1850 2178 1923; baseline 0.003 -19"><span class='ocrx_word' id='word_1_130' title='bbox 591 1850 1120 1921; x_wconf 85' lang='lat' dir='ltr'><strong>tentiores-pluribus</strong></span> <span class='ocrx_word' id='word_1_131' title='bbox 1157 1850 1322 1916; x_wconf 88' lang='lat' dir='ltr'><strong>facit,</strong></span> <span class='ocrx_word' id='word_1_132' title='bbox 1355 1850 1592 1922; x_wconf 82' lang='lat' dir='ltr'><strong>nihilque</strong></span> <span class='ocrx_word' id='word_1_133' title='bbox 1621 1851 1826 1907; x_wconf 89' lang='lat' dir='ltr'><strong>beatius</strong></span> <span class='ocrx_word' id='word_1_134' title='bbox 1851 1863 1933 1907; x_wconf 90' lang='lat' dir='ltr'><strong>est</strong></span> <span class='ocrx_word' id='word_1_135' title='bbox 1975 1869 2042 1908; x_wconf 93' lang='lat' dir='ltr'><strong>eo</strong></span> <span class='ocrx_word' id='word_1_136' title='bbox 2087 1853 2178 1923; x_wconf 89' lang='lat' dir='ltr'><strong>qui</strong></span> 
     </span>
    </p>
   </div>
   <div class='ocr_carea' id='block_1_18' title="bbox 594 1943 2178 2014">
    <p class='ocr_par' dir='ltr' id='par_1_18' title="bbox 594 1943 2178 2014">
     <span class='ocr_line' id='line_1_18' title="bbox 594 1943 2178 2014; baseline 0.002 -17"><span class='ocrx_word' id='word_1_137' title='bbox 594 1957 886 2013; x_wconf 89' lang='lat' dir='ltr'><strong>supernum</strong></span> <span class='ocrx_word' id='word_1_138' title='bbox 911 1944 1163 1998; x_wconf 81' lang='lat' dir='ltr'><strong>auxilium</strong></span> <span class='ocrx_word' id='word_1_139' title='bbox 1182 1952 1501 2014; x_wconf 85' lang='lat' dir='ltr'><strong>assequutus</strong></span> <span class='ocrx_word' id='word_1_140' title='bbox 1526 1953 1628 2000; x_wconf 72' lang='lat' dir='ltr'><strong>est.</strong></span> <span class='ocrx_word' id='word_1_141' title='bbox 1656 1943 1709 1999; x_wconf 85' lang='grc' dir='ltr'>ϐ.</span> <span class='ocrx_word' id='word_1_142' title='bbox 1739 1944 1803 1998; x_wconf 81' lang='lat' dir='ltr'><strong>Et</strong></span> <span class='ocrx_word' id='word_1_143' title='bbox 1824 1945 1967 2011; x_wconf 86' lang='lat' dir='ltr'><strong>abiit,</strong></span> <span class='ocrx_word' id='word_1_144' title='bbox 1987 1944 2178 2014; x_wconf 81' lang='lat' dir='ltr'><strong>inquit,</strong></span> 
     </span>
    </p>
   </div>
   <div class='ocr_carea' id='block_1_19' title="bbox 593 2031 2181 2107">
    <p class='ocr_par' dir='ltr' id='par_1_19' title="bbox 593 2031 2181 2107">
     <span class='ocr_line' id='line_1_19' title="bbox 593 2031 2181 2107; baseline 0.001 -19"><span class='ocrx_word' id='word_1_145' title='bbox 593 2032 760 2088; x_wconf 85' lang='lat' dir='ltr'><strong>Jacob</strong></span> <span class='ocrx_word' id='word_1_146' title='bbox 789 2034 841 2087; x_wconf 85' lang='lat' dir='ltr'><strong>in</strong></span> <span class='ocrx_word' id='word_1_147' title='bbox 871 2031 1067 2087; x_wconf 76' lang='lat' dir='ltr'><strong>Lusum</strong></span> <span class='ocrx_word' id='word_1_148' title='bbox 1093 2073 1110 2098; x_wconf 92' lang='lat'><strong>,</strong></span> <span class='ocrx_word' id='word_1_149' title='bbox 1138 2049 1253 2105; x_wconf 75' lang='lat' dir='ltr'><strong>qua:</strong></span> <span class='ocrx_word' id='word_1_150' title='bbox 1282 2045 1376 2098; x_wconf 83' lang='lat' dir='ltr'><strong>est,</strong></span> <span class='ocrx_word' id='word_1_151' title='bbox 1426 2036 1478 2089; x_wconf 87' lang='lat' dir='ltr'><strong>in</strong></span> <span class='ocrx_word' id='word_1_152' title='bbox 1520 2045 1652 2088; x_wconf 84' lang='lat' dir='ltr'><strong>terra</strong></span> <span class='ocrx_word' id='word_1_153' title='bbox 1681 2033 1951 2102; x_wconf 82' lang='lat' dir='ltr'><strong>Chanaan,</strong></span> <span class='ocrx_word' id='word_1_154' title='bbox 1971 2051 2083 2107; x_wconf 75' lang='lat' dir='ltr'><strong>qua:</strong></span> <span class='ocrx_word' id='word_1_155' title='bbox 2107 2044 2181 2090; x_wconf 89' lang='lat' dir='ltr'><strong>est</strong></span> 
     </span>
    </p>
   </div>
   <div class='ocr_carea' id='block_1_20' title="bbox 592 2125 2184 2197">
    <p class='ocr_par' dir='ltr' id='par_1_20' title="bbox 592 2125 2184 2197">
     <span class='ocr_line' id='line_1_20' title="bbox 592 2125 2184 2197; baseline 0 -17"><span class='ocrx_word' id='word_1_156' title='bbox 592 2125 808 2191; x_wconf 68' lang='lat' dir='ltr'><strong>ltwthel,</strong></span> <span class='ocrx_word' id='word_1_157' title='bbox 839 2135 886 2180; x_wconf 85' lang='lat' dir='ltr'><strong>et</strong></span> <span class='ocrx_word' id='word_1_158' title='bbox 909 2126 1074 2180; x_wconf 77' lang='lat' dir='ltr'><strong>omnis</strong></span> <span class='ocrx_word' id='word_1_159' title='bbox 1103 2126 1323 2197; x_wconf 88' lang='lat' dir='ltr'><strong>populus</strong></span> <span class='ocrx_word' id='word_1_160' title='bbox 1351 2128 1435 2196; x_wconf 87' lang='lat' dir='ltr'><strong>qui</strong></span> <span class='ocrx_word' id='word_1_161' title='bbox 1460 2135 1567 2180; x_wconf 84' lang='lat' dir='ltr'><strong>erat</strong></span> <span class='ocrx_word' id='word_1_162' title='bbox 1606 2143 1720 2180; x_wconf 84' lang='lat' dir='ltr'><strong>cum</strong></span> <span class='ocrx_word' id='word_1_163' title='bbox 1758 2143 1835 2181; x_wconf 88' lang='lat' dir='ltr'><strong>eo.</strong></span> <span class='ocrx_word' id='word_1_164' title='bbox 1868 2128 1919 2181; x_wconf 84' lang='lat'><strong>7.</strong></span> <span class='ocrx_word' id='word_1_165' title='bbox 1957 2125 2022 2181; x_wconf 77' lang='lat' dir='ltr'><strong>Et</strong></span> <span class='ocrx_word' id='word_1_166' title='bbox 2055 2127 2184 2181; x_wconf 75' lang='lat' dir='ltr'><strong>tedi-</strong></span> 
     </span>
    </p>
   </div>
   <div class='ocr_carea' id='block_1_21' title="bbox 592 2215 2182 2284">
    <p class='ocr_par' dir='ltr' id='par_1_21' title="bbox 592 2215 2182 2284">
     <span class='ocr_line' id='line_1_21' title="bbox 592 2215 2182 2284; baseline 0.003 -15"><span class='ocrx_word' id='word_1_167' title='bbox 592 2215 760 2284; x_wconf 80' lang='lat' dir='ltr'><strong>[icauit</strong></span> <span class='ocrx_word' id='word_1_168' title='bbox 793 2215 861 2270; x_wconf 88' lang='lat' dir='ltr'><strong>ibi</strong></span> <span class='ocrx_word' id='word_1_169' title='bbox 885 2215 1047 2270; x_wconf 87' lang='lat' dir='ltr'><strong>altare</strong></span> <span class='ocrx_word' id='word_1_170' title='bbox 1071 2255 1090 2281; x_wconf 90' lang='lat'><strong>,</strong></span> <span class='ocrx_word' id='word_1_171' title='bbox 1120 2225 1167 2269; x_wconf 87' lang='lat' dir='ltr'><strong>et</strong></span> <span class='ocrx_word' id='word_1_172' title='bbox 1205 2217 1396 2270; x_wconf 68' lang='lat' dir='ltr'><strong>vocavit</strong></span> <span class='ocrx_word' id='word_1_173' title='bbox 1436 2232 1617 2270; x_wconf 81' lang='lat' dir='ltr'><strong>nomen</strong></span> <span class='ocrx_word' id='word_1_174' title='bbox 1645 2216 1742 2271; x_wconf 86' lang='lat' dir='ltr'><strong>loci</strong></span> <span class='ocrx_word' id='word_1_175' title='bbox 1775 2219 1913 2271; x_wconf 82' lang='lat' dir='ltr'><strong>illius</strong></span> <span class='ocrx_word' id='word_1_176' title='bbox 1937 2216 2132 2273; x_wconf 67' lang='lat' dir='ltr'><strong>Battltcl</strong></span> <span class='ocrx_word' id='word_1_177' title='bbox 2162 2233 2182 2273; x_wconf 90' lang='lat'><strong><em>:</em></strong></span> 
     </span>
    </p>
   </div>
   <div class='ocr_carea' id='block_1_22' title="bbox 591 2307 2182 2380">
    <p class='ocr_par' dir='ltr' id='par_1_22' title="bbox 591 2307 2182 2380">
     <span class='ocr_line' id='line_1_22' title="bbox 591 2307 2182 2380; baseline 0.002 -18"><span class='ocrx_word' id='word_1_178' title='bbox 591 2309 659 2362; x_wconf 88' lang='lat' dir='ltr'><strong>ibi</strong></span> <span class='ocrx_word' id='word_1_179' title='bbox 689 2308 821 2362; x_wconf 76' lang='lat' dir='ltr'><strong>enim</strong></span> <span class='ocrx_word' id='word_1_180' title='bbox 867 2309 1104 2379; x_wconf 82' lang='lat' dir='ltr'><strong>apparuit</strong></span> <span class='ocrx_word' id='word_1_181' title='bbox 1150 2310 1193 2363; x_wconf 87' lang='lat' dir='ltr'><strong>ei</strong></span> <span class='ocrx_word' id='word_1_182' title='bbox 1224 2307 1360 2362; x_wconf 87' lang='lat' dir='ltr'><strong>Deus</strong></span> <span class='ocrx_word' id='word_1_183' title='bbox 1380 2351 1395 2375; x_wconf 91' lang='lat'><strong>,</strong></span> <span class='ocrx_word' id='word_1_184' title='bbox 1427 2325 1542 2362; x_wconf 88' lang='lat' dir='ltr'><strong>cum</strong></span> <span class='ocrx_word' id='word_1_185' title='bbox 1571 2309 1764 2380; x_wconf 74' lang='lat' dir='ltr'><strong>fugeret</strong></span> <span class='ocrx_word' id='word_1_186' title='bbox 1806 2327 1837 2362; x_wconf 90' lang='lat' dir='ltr'><strong>a</strong></span> <span class='ocrx_word' id='word_1_187' title='bbox 1881 2311 2014 2378; x_wconf 73' lang='lat' dir='ltr'><strong>facie</strong></span> <span class='ocrx_word' id='word_1_188' title='bbox 2039 2308 2182 2365; x_wconf 65' lang='lat' dir='ltr'><strong>Esau</strong></span> 
     </span>
    </p>
   </div>
   <div class='ocr_carea' id='block_1_23' title="bbox 596 2399 2183 2472">
    <p class='ocr_par' dir='ltr' id='par_1_23' title="bbox 596 2399 2183 2472">
     <span class='ocr_line' id='line_1_23' title="bbox 596 2399 2183 2472; baseline 0.004 -19"><span class='ocrx_word' id='word_1_189' title='bbox 596 2402 772 2470; x_wconf 72' lang='lat' dir='ltr'><strong>fratris</strong></span> <span class='ocrx_word' id='word_1_190' title='bbox 795 2401 896 2454; x_wconf 86' lang='lat' dir='ltr'><strong>sui.</strong></span> <span class='ocrx_word' id='word_1_191' title='bbox 936 2399 1222 2471; x_wconf 79' lang='lat' dir='ltr'><strong>Postquam</strong></span> <span class='ocrx_word' id='word_1_192' title='bbox 1272 2402 1448 2466; x_wconf 92' lang='lat' dir='ltr'><strong>venit,</strong></span> <span class='ocrx_word' id='word_1_193' title='bbox 1493 2401 1696 2472; x_wconf 90' lang='lat' dir='ltr'><strong>inquit,</strong></span> <span class='ocrx_word' id='word_1_194' title='bbox 1725 2402 1776 2455; x_wconf 90' lang='lat' dir='ltr'><strong>in</strong></span> <span class='ocrx_word' id='word_1_195' title='bbox 1809 2401 2029 2466; x_wconf 66' lang='lat' dir='ltr'><strong>Bmthel,</strong></span> <span class='ocrx_word' id='word_1_196' title='bbox 2057 2403 2183 2460; x_wconf 87' lang='lat' dir='ltr'><strong>fecit</strong></span> 
     </span>
    </p>
   </div>
   <div class='ocr_carea' id='block_1_24' title="bbox 589 2491 2184 2562">
    <p class='ocr_par' dir='ltr' id='par_1_24' title="bbox 589 2491 2184 2562">
     <span class='ocr_line' id='line_1_24' title="bbox 589 2491 2184 2562; baseline 0.003 -16"><span class='ocrx_word' id='word_1_197' title='bbox 589 2491 729 2546; x_wconf 86' lang='lat' dir='ltr'><strong>sicut</strong></span> <span class='ocrx_word' id='word_1_198' title='bbox 745 2491 792 2547; x_wconf 82' lang='lat' dir='ltr'><strong>ei</strong></span> <span class='ocrx_word' id='word_1_199' title='bbox 809 2499 1132 2562; x_wconf 71' lang='lat' dir='ltr'><strong>praeceptum</strong></span> <span class='ocrx_word' id='word_1_200' title='bbox 1153 2498 1269 2547; x_wconf 86' lang='lat' dir='ltr'><strong>erat</strong></span> <span class='ocrx_word' id='word_1_201' title='bbox 1289 2507 1305 2557; x_wconf 86' lang='lat'><strong>;</strong></span> <span class='ocrx_word' id='word_1_202' title='bbox 1325 2491 1649 2548; x_wconf 69' lang='lat' dir='ltr'><strong>etaediﬁcato</strong></span> <span class='ocrx_word' id='word_1_203' title='bbox 1673 2493 1847 2557; x_wconf 83' lang='lat' dir='ltr'><strong>altari,</strong></span> <span class='ocrx_word' id='word_1_204' title='bbox 1869 2493 2072 2550; x_wconf 85' lang='lat' dir='ltr'><strong>vocavit</strong></span> <span class='ocrx_word' id='word_1_205' title='bbox 2087 2510 2184 2551; x_wconf 92' lang='lat' dir='ltr'><strong>no-</strong></span> 
     </span>
    </p>
   </div>
   <div class='ocr_carea' id='block_1_25' title="bbox 593 2583 2182 2656">
    <p class='ocr_par' dir='ltr' id='par_1_25' title="bbox 593 2583 2182 2656">
     <span class='ocr_line' id='line_1_25' title="bbox 593 2583 2182 2656; baseline -0.001 -14"><span class='ocrx_word' id='word_1_206' title='bbox 593 2600 717 2642; x_wconf 83' lang='lat' dir='ltr'><strong>men</strong></span> <span class='ocrx_word' id='word_1_207' title='bbox 747 2583 850 2640; x_wconf 88' lang='lat' dir='ltr'><strong>ioci</strong></span> <span class='ocrx_word' id='word_1_208' title='bbox 873 2583 1094 2640; x_wconf 67' lang='lat' dir='ltr'><strong>Baethel.</strong></span> <span class='ocrx_word' id='word_1_209' title='bbox 1111 2584 1167 2640; x_wconf 87' lang='lat'><strong>8.</strong></span> <span class='ocrx_word' id='word_1_210' title='bbox 1194 2583 1402 2639; x_wconf 65' lang='lat' dir='ltr'><strong>Hortata</strong></span> <span class='ocrx_word' id='word_1_211' title='bbox 1426 2596 1497 2639; x_wconf 84' lang='lat' dir='ltr'><strong>est</strong></span> <span class='ocrx_word' id='word_1_212' title='bbox 1524 2595 1713 2650; x_wconf 84' lang='lat' dir='ltr'><strong>autem,</strong></span> <span class='ocrx_word' id='word_1_213' title='bbox 1734 2586 1926 2656; x_wconf 86' lang='lat' dir='ltr'><strong>inquit,</strong></span> <span class='ocrx_word' id='word_1_214' title='bbox 1953 2585 2182 2642; x_wconf 82' lang='lat' dir='ltr'><strong>Deborra</strong></span> 
     </span>
    </p>
   </div>
   <div class='ocr_carea' id='block_1_26' title="bbox 595 2676 2184 2747">
    <p class='ocr_par' dir='ltr' id='par_1_26' title="bbox 595 2676 2184 2747">
     <span class='ocr_line' id='line_1_26' title="bbox 595 2676 2184 2747; baseline 0.001 -15"><span class='ocrx_word' id='word_1_215' title='bbox 595 2678 771 2732; x_wconf 68' lang='lat' dir='ltr'><strong>nutrix</strong></span> <span class='ocrx_word' id='word_1_216' title='bbox 800 2676 1060 2746; x_wconf 69' lang='lat' dir='ltr'><strong>Rebecca,</strong></span> <span class='ocrx_word' id='word_1_217' title='bbox 1078 2687 1124 2732; x_wconf 89' lang='lat' dir='ltr'><strong>et</strong></span> <span class='ocrx_word' id='word_1_218' title='bbox 1153 2679 1351 2747; x_wconf 84' lang='lat' dir='ltr'><strong>sepulta</strong></span> <span class='ocrx_word' id='word_1_219' title='bbox 1379 2687 1452 2732; x_wconf 88' lang='lat' dir='ltr'><strong>est</strong></span> <span class='ocrx_word' id='word_1_220' title='bbox 1475 2678 1544 2732; x_wconf 81' lang='lat' dir='ltr'><strong>ad</strong></span> <span class='ocrx_word' id='word_1_221' title='bbox 1563 2679 1760 2732; x_wconf 82' lang='lat' dir='ltr'><strong>radices</strong></span> <span class='ocrx_word' id='word_1_222' title='bbox 1791 2677 1988 2732; x_wconf 72' lang='lat' dir='ltr'><strong>Bcthel</strong></span> <span class='ocrx_word' id='word_1_223' title='bbox 2010 2679 2184 2733; x_wconf 88' lang='lat' dir='ltr'><strong>subter</strong></span> 
     </span>
    </p>
   </div>
   <div class='ocr_carea' id='block_1_27' title="bbox 593 2767 2178 2841">
    <p class='ocr_par' dir='ltr' id='par_1_27' title="bbox 593 2767 2178 2841">
     <span class='ocr_line' id='line_1_27' title="bbox 593 2767 2178 2841; baseline 0.003 -21"><span class='ocrx_word' id='word_1_224' title='bbox 593 2784 833 2832; x_wconf 76' lang='lat' dir='ltr'><strong>quercum</strong></span> <span class='ocrx_word' id='word_1_225' title='bbox 866 2784 884 2822; x_wconf 89' lang='lat'><strong><em>:</em></strong></span> <span class='ocrx_word' id='word_1_226' title='bbox 910 2779 956 2822; x_wconf 90' lang='lat' dir='ltr'><strong>et</strong></span> <span class='ocrx_word' id='word_1_227' title='bbox 981 2769 1174 2822; x_wconf 80' lang='lat' dir='ltr'><strong>vocavit</strong></span> <span class='ocrx_word' id='word_1_228' title='bbox 1193 2767 1354 2822; x_wconf 76' lang='lat' dir='ltr'><strong>Iacob</strong></span> <span class='ocrx_word' id='word_1_229' title='bbox 1379 2784 1558 2822; x_wconf 84' lang='lat' dir='ltr'><strong>nomen</strong></span> <span class='ocrx_word' id='word_1_230' title='bbox 1588 2771 1716 2841; x_wconf 78' lang='lat' dir='ltr'><strong>ejus,</strong></span> <span class='ocrx_word' id='word_1_231' title='bbox 1747 2768 1974 2834; x_wconf 82' lang='lat' dir='ltr'><strong>Quercus</strong></span> <span class='ocrx_word' id='word_1_232' title='bbox 1994 2770 2178 2824; x_wconf 80' lang='lat' dir='ltr'><strong>lactus.</strong></span> 
     </span>
    </p>
   </div>
   <div class='ocr_carea' id='block_1_28' title="bbox 599 2861 2176 2932">
    <p class='ocr_par' dir='ltr' id='par_1_28' title="bbox 599 2861 2176 2932">
     <span class='ocr_line' id='line_1_28' title="bbox 599 2861 2176 2932; baseline 0.004 -20"><span class='ocrx_word' id='word_1_233' title='bbox 599 2861 758 2918; x_wconf 72' lang='lat' dir='ltr'><strong>Vides</strong></span> <span class='ocrx_word' id='word_1_234' title='bbox 787 2863 1058 2932; x_wconf 89' lang='lat' dir='ltr'><strong>quomodo</strong></span> <span class='ocrx_word' id='word_1_235' title='bbox 1088 2877 1302 2931; x_wconf 77' lang='lat' dir='ltr'><strong>semper</strong></span> <span class='ocrx_word' id='word_1_236' title='bbox 1341 2863 1410 2916; x_wconf 89' lang='lat' dir='ltr'><strong>ab</strong></span> <span class='ocrx_word' id='word_1_237' title='bbox 1453 2863 1732 2918; x_wconf 75' lang='lat' dir='ltr'><strong>eventibus</strong></span> <span class='ocrx_word' id='word_1_238' title='bbox 1772 2865 2008 2918; x_wconf 88' lang='lat' dir='ltr'><strong>nominat</strong></span> <span class='ocrx_word' id='word_1_239' title='bbox 2042 2864 2176 2929; x_wconf 86' lang='lat' dir='ltr'><strong>loca,</strong></span> 
     </span>
    </p>
   </div>
   <div class='ocr_carea' id='block_1_29' title="bbox 597 2953 2185 3026">
    <p class='ocr_par' dir='ltr' id='par_1_29' title="bbox 597 2953 2185 3026">
     <span class='ocr_line' id='line_1_29' title="bbox 597 2953 2185 3026; baseline 0.003 -21"><span class='ocrx_word' id='word_1_240' title='bbox 597 2963 656 3006; x_wconf 91' lang='lat' dir='ltr'><strong>nt</strong></span> <span class='ocrx_word' id='word_1_241' title='bbox 679 2961 932 3022; x_wconf 89' lang='lat' dir='ltr'><strong>perpetua</strong></span> <span class='ocrx_word' id='word_1_242' title='bbox 959 2962 1203 3009; x_wconf 88' lang='lat' dir='ltr'><strong>servetur</strong></span> <span class='ocrx_word' id='word_1_243' title='bbox 1228 2955 1485 3008; x_wconf 89' lang='lat' dir='ltr'><strong>memoria</strong></span> <span class='ocrx_word' id='word_1_244' title='bbox 1511 2953 1535 3007; x_wconf 70' lang='grc' dir='ltr'>τ</span> <span class='ocrx_word' id='word_1_245' title='bbox 1575 2954 1641 3010; x_wconf 85' lang='lat' dir='ltr'><strong>Et</strong></span> <span class='ocrx_word' id='word_1_246' title='bbox 1678 2956 1967 3026; x_wconf 90' lang='lat' dir='ltr'><strong>quomodo,</strong></span> <span class='ocrx_word' id='word_1_247' title='bbox 1987 2956 2185 3012; x_wconf 74' lang='lat' dir='ltr'><strong>dixerit</strong></span> 
     </span>
    </p>
   </div>
   <div class='ocr_carea' id='block_1_30' title="bbox 594 3043 2183 3118">
    <p class='ocr_par' dir='ltr' id='par_1_30' title="bbox 594 3043 2183 3118">
     <span class='ocr_line' id='line_1_30' title="bbox 594 3043 2183 3118; baseline 0.004 -23"><span class='ocrx_word' id='word_1_248' title='bbox 594 3043 858 3113; x_wconf 77' lang='lat' dir='ltr'><strong>quispiam</strong></span> <span class='ocrx_word' id='word_1_249' title='bbox 879 3085 896 3109; x_wconf 91' lang='lat'><strong>,</strong></span> <span class='ocrx_word' id='word_1_250' title='bbox 927 3045 1103 3099; x_wconf 91' lang='lat' dir='ltr'><strong>nutrix</strong></span> <span class='ocrx_word' id='word_1_251' title='bbox 1155 3043 1409 3100; x_wconf 68' lang='lat' dir='ltr'><strong>Rebecca!</strong></span> <span class='ocrx_word' id='word_1_252' title='bbox 1455 3043 1554 3100; x_wconf 90' lang='lat' dir='ltr'><strong>fuit</strong></span> <span class='ocrx_word' id='word_1_253' title='bbox 1595 3060 1718 3100; x_wconf 90' lang='lat' dir='ltr'><strong>cum</strong></span> <span class='ocrx_word' id='word_1_254' title='bbox 1748 3044 1912 3102; x_wconf 86' lang='lat' dir='ltr'><strong>laeub</strong></span> <span class='ocrx_word' id='word_1_255' title='bbox 1935 3046 2047 3117; x_wconf 84' lang='lat' dir='ltr'><strong>jam</strong></span> <span class='ocrx_word' id='word_1_256' title='bbox 2077 3048 2183 3118; x_wconf 91' lang='lat' dir='ltr'><strong>pri-</strong></span> 
     </span>
    </p>
   </div>
   <div class='ocr_carea' id='block_1_31' title="bbox 598 3135 2187 3209">
    <p class='ocr_par' dir='ltr' id='par_1_31' title="bbox 598 3135 2187 3209">
     <span class='ocr_line' id='line_1_31' title="bbox 598 3135 2187 3209; baseline 0.005 -22"><span class='ocrx_word' id='word_1_257' title='bbox 598 3151 744 3190; x_wconf 89' lang='lat' dir='ltr'><strong>mum</strong></span> <span class='ocrx_word' id='word_1_258' title='bbox 771 3137 1018 3191; x_wconf 80' lang='lat' dir='ltr'><strong>veniente</strong></span> <span class='ocrx_word' id='word_1_259' title='bbox 1044 3151 1073 3190; x_wconf 89' lang='lat' dir='ltr'><strong>a</strong></span> <span class='ocrx_word' id='word_1_260' title='bbox 1105 3135 1482 3205; x_wconf 73' lang='lat' dir='ltr'><strong>Mesopotamia</strong></span> <span class='ocrx_word' id='word_1_261' title='bbox 1506 3177 1521 3202; x_wconf 93' lang='lat'><strong>,</strong></span> <span class='ocrx_word' id='word_1_262' title='bbox 1545 3137 1851 3209; x_wconf 85' lang='lat' dir='ltr'><strong>priusquam</strong></span> <span class='ocrx_word' id='word_1_263' title='bbox 1879 3149 2187 3195; x_wconf 86' lang='lat' dir='ltr'><strong>occurreret</strong></span> 
     </span>
    </p>
   </div>
   <div class='ocr_carea' id='block_1_32' title="bbox 596 3227 2184 3302">
    <p class='ocr_par' dir='ltr' id='par_1_32' title="bbox 596 3227 2184 3302">
     <span class='ocr_line' id='line_1_32' title="bbox 596 3227 2184 3302; baseline 0.004 -21"><span class='ocrx_word' id='word_1_264' title='bbox 596 3227 738 3300; x_wconf 88' lang='lat' dir='ltr'><strong>patri</strong></span> <span class='ocrx_word' id='word_1_265' title='bbox 769 3229 910 3283; x_wconf 76' lang='lat' dir='ltr'><strong>suo?</strong></span> <span class='ocrx_word' id='word_1_266' title='bbox 939 3227 1100 3283; x_wconf 86' lang='lat' dir='ltr'><strong>Forte</strong></span> <span class='ocrx_word' id='word_1_267' title='bbox 1131 3229 1233 3284; x_wconf 90' lang='lat' dir='ltr'><strong>hoc</strong></span> <span class='ocrx_word' id='word_1_268' title='bbox 1258 3229 1542 3286; x_wconf 85' lang='lat' dir='ltr'><strong>dicendum</strong></span> <span class='ocrx_word' id='word_1_269' title='bbox 1565 3271 1580 3296; x_wconf 93' lang='lat'><strong>,</strong></span> <span class='ocrx_word' id='word_1_270' title='bbox 1614 3246 1732 3286; x_wconf 87' lang='lat' dir='ltr'><strong>eam</strong></span> <span class='ocrx_word' id='word_1_271' title='bbox 1779 3231 1993 3302; x_wconf 85' lang='lat' dir='ltr'><strong>quando</strong></span> <span class='ocrx_word' id='word_1_272' title='bbox 2020 3248 2049 3286; x_wconf 92' lang='lat' dir='ltr'><strong>a</strong></span> <span class='ocrx_word' id='word_1_273' title='bbox 2079 3232 2184 3287; x_wconf 87' lang='lat' dir='ltr'><strong>La-</strong></span> 
     </span>
    </p>
   </div>
   <div class='ocr_carea' id='block_1_33' title="bbox 599 3317 2186 3392">
    <p class='ocr_par' dir='ltr' id='par_1_33' title="bbox 599 3317 2186 3392">
     <span class='ocr_line' id='line_1_33' title="bbox 599 3317 2186 3392; baseline 0.004 -20"><span class='ocrx_word' id='word_1_274' title='bbox 599 3323 703 3372; x_wconf 86' lang='lat' dir='ltr'><strong>han</strong></span> <span class='ocrx_word' id='word_1_275' title='bbox 726 3317 817 3372; x_wconf 90' lang='lat' dir='ltr'><strong>ille</strong></span> <span class='ocrx_word' id='word_1_276' title='bbox 843 3319 1021 3385; x_wconf 90' lang='lat' dir='ltr'><strong>rediit,</strong></span> <span class='ocrx_word' id='word_1_277' title='bbox 1049 3321 1203 3374; x_wconf 85' lang='lat' dir='ltr'><strong>simul</strong></span> <span class='ocrx_word' id='word_1_278' title='bbox 1235 3336 1356 3375; x_wconf 89' lang='lat' dir='ltr'><strong>cum</strong></span> <span class='ocrx_word' id='word_1_279' title='bbox 1389 3321 1555 3377; x_wconf 81' lang='lat' dir='ltr'><strong>lacob</strong></span> <span class='ocrx_word' id='word_1_280' title='bbox 1583 3324 1765 3378; x_wconf 85' lang='lat' dir='ltr'><strong>venire</strong></span> <span class='ocrx_word' id='word_1_281' title='bbox 1793 3324 2092 3392; x_wconf 90' lang='lat' dir='ltr'><strong>cupivisse,</strong></span> <span class='ocrx_word' id='word_1_282' title='bbox 2128 3334 2186 3379; x_wconf 91' lang='lat' dir='ltr'><strong>ut</strong></span> 
     </span>
    </p>
   </div>
   <div class='ocr_carea' id='block_1_34' title="bbox 597 3403 2183 3487">
    <p class='ocr_par' dir='ltr' id='par_1_34' title="bbox 597 3403 2183 3487">
     <span class='ocr_line' id='line_1_34' title="bbox 597 3403 2183 3487; baseline 0.008 -26"><span class='ocrx_word' id='word_1_283' title='bbox 597 3417 715 3477; x_wconf 82' lang='lat' dir='ltr'><strong>post</strong></span> <span class='ocrx_word' id='word_1_284' title='bbox 745 3411 953 3480; x_wconf 83' lang='lat' dir='ltr'><strong>longum</strong></span> <span class='ocrx_word' id='word_1_285' title='bbox 984 3421 1192 3480; x_wconf 89' lang='lat' dir='ltr'><strong>tempus</strong></span> <span class='ocrx_word' id='word_1_286' title='bbox 1225 3412 1518 3467; x_wconf 81' lang='lat' dir='ltr'><strong>Rebeceam</strong></span> <span class='ocrx_word' id='word_1_287' title='bbox 1547 3403 1798 3470; x_wconf 78' lang='lat' dir='ltr'><strong>inviseret</strong></span> <span class='ocrx_word' id='word_1_288' title='bbox 1828 3432 1843 3469; x_wconf 87' lang='lat'><strong>:</strong></span> <span class='ocrx_word' id='word_1_289' title='bbox 1873 3414 1966 3472; x_wconf 89' lang='lat' dir='ltr'><strong>sed</strong></span> <span class='ocrx_word' id='word_1_290' title='bbox 2005 3417 2183 3487; x_wconf 82' lang='lat' dir='ltr'><strong>prius-</strong></span> 
     </span>
    </p>
   </div>
   <div class='ocr_carea' id='block_1_35' title="bbox 597 3502 1705 3570">
    <p class='ocr_par' dir='ltr' id='par_1_35' title="bbox 597 3502 1705 3570">
     <span class='ocr_line' id='line_1_35' title="bbox 597 3502 1705 3570; baseline 0.005 -16"><span class='ocrx_word' id='word_1_291' title='bbox 597 3515 758 3570; x_wconf 86' lang='lat' dir='ltr'><strong>quam</strong></span> <span class='ocrx_word' id='word_1_292' title='bbox 793 3502 861 3556; x_wconf 90' lang='lat' dir='ltr'><strong>illi</strong></span> <span class='ocrx_word' id='word_1_293' title='bbox 892 3515 1215 3565; x_wconf 86' lang='lat' dir='ltr'><strong>occurreret,</strong></span> <span class='ocrx_word' id='word_1_294' title='bbox 1239 3503 1542 3561; x_wconf 80' lang='lat' dir='ltr'><strong>defunctam</strong></span> <span class='ocrx_word' id='word_1_295' title='bbox 1567 3522 1705 3562; x_wconf 86' lang='lat' dir='ltr'><strong>esse.</strong></span> 
     </span>
    </p>
   </div>
   <div class='ocr_carea' id='block_1_36' title="bbox 669 3589 2184 3670">
    <p class='ocr_par' dir='ltr' id='par_1_36' title="bbox 669 3589 2184 3670">
     <span class='ocr_line' id='line_1_36' title="bbox 669 3589 2184 3670; baseline 0.009 -25"><span class='ocrx_word' id='word_1_296' title='bbox 669 3589 724 3645; x_wconf 81' lang='lat'><strong>5.</strong></span> <span class='ocrx_word' id='word_1_297' title='bbox 754 3590 970 3647; x_wconf 76' lang='lat' dir='ltr'><strong>Muralis</strong></span> <span class='ocrx_word' id='word_1_298' title='bbox 997 3595 1222 3665; x_wconf 86' lang='lat' dir='ltr'><strong>epilogus</strong></span> <span class='ocrx_word' id='word_1_299' title='bbox 1249 3595 1311 3650; x_wconf 84' lang='lat' dir='ltr'><strong>de</strong></span> <span class='ocrx_word' id='word_1_300' title='bbox 1342 3596 1614 3651; x_wconf 84' lang='lat' dir='ltr'><strong>liberorum</strong></span> <span class='ocrx_word' id='word_1_301' title='bbox 1638 3601 1991 3670; x_wconf 79' lang='lat' dir='ltr'><strong>castigatione.</strong></span> <span class='ocrx_word' id='word_1_302' title='bbox 2020 3633 2090 3642; x_wconf 94' lang='lat'><strong>—</strong></span> <span class='ocrx_word' id='word_1_303' title='bbox 2117 3604 2184 3658; x_wconf 78' lang='lat' dir='ltr'><strong>At</strong></span> 
     </span>
    </p>
   </div>
   <div class='ocr_carea' id='block_1_37' title="bbox 602 3684 2184 3760">
    <p class='ocr_par' dir='ltr' id='par_1_37' title="bbox 602 3684 2184 3760">
     <span class='ocr_line' id='line_1_37' title="bbox 602 3684 2184 3760; baseline 0.009 -23"><span class='ocrx_word' id='word_1_304' title='bbox 602 3697 704 3737; x_wconf 80' lang='lat' dir='ltr'><strong>IIOS</strong></span> <span class='ocrx_word' id='word_1_305' title='bbox 734 3684 916 3750; x_wconf 89' lang='lat' dir='ltr'><strong>etiam,</strong></span> <span class='ocrx_word' id='word_1_306' title='bbox 949 3686 992 3741; x_wconf 94' lang='lat' dir='ltr'><strong>si</strong></span> <span class='ocrx_word' id='word_1_307' title='bbox 1025 3687 1199 3754; x_wconf 87' lang='lat' dir='ltr'><strong>placet</strong></span> <span class='ocrx_word' id='word_1_308' title='bbox 1223 3727 1238 3752; x_wconf 96' lang='lat'><strong>,</strong></span> <span class='ocrx_word' id='word_1_309' title='bbox 1287 3687 1373 3742; x_wconf 92' lang='lat' dir='ltr'><strong>hic</strong></span> <span class='ocrx_word' id='word_1_310' title='bbox 1405 3689 1654 3746; x_wconf 87' lang='lat' dir='ltr'><strong>ﬁniamus</strong></span> <span class='ocrx_word' id='word_1_311' title='bbox 1694 3709 1994 3750; x_wconf 88' lang='lat' dir='ltr'><strong>sermonem</strong></span> <span class='ocrx_word' id='word_1_312' title='bbox 2019 3711 2184 3760; x_wconf 87' lang='lat' dir='ltr'><strong>,con-</strong></span> 
     </span>
    </p>
   </div>
   <div class='ocr_carea' id='block_1_38' title="bbox 603 3775 2189 3846">
    <p class='ocr_par' dir='ltr' id='par_1_38' title="bbox 603 3775 2189 3846">
     <span class='ocr_line' id='line_1_38' title="bbox 603 3775 2189 3846; baseline 0.009 -18"><span class='ocrx_word' id='word_1_313' title='bbox 603 3778 737 3829; x_wconf 89' lang='lat' dir='ltr'><strong>lenti</strong></span> <span class='ocrx_word' id='word_1_314' title='bbox 781 3775 848 3831; x_wconf 90' lang='lat' dir='ltr'><strong>iis</strong></span> <span class='ocrx_word' id='word_1_315' title='bbox 867 3792 987 3846; x_wconf 64' lang='lat' dir='ltr'><strong>qua;</strong></span> <span class='ocrx_word' id='word_1_316' title='bbox 1013 3778 1154 3834; x_wconf 89' lang='lat' dir='ltr'><strong>dicta</strong></span> <span class='ocrx_word' id='word_1_317' title='bbox 1197 3789 1340 3834; x_wconf 89' lang='lat' dir='ltr'><strong>sunt.</strong></span> <span class='ocrx_word' id='word_1_318' title='bbox 1381 3782 1511 3838; x_wconf 91' lang='lat' dir='ltr'><strong>lllud</strong></span> <span class='ocrx_word' id='word_1_319' title='bbox 1538 3794 1715 3839; x_wconf 89' lang='lat' dir='ltr'><strong>autem</strong></span> <span class='ocrx_word' id='word_1_320' title='bbox 1736 3799 1968 3842; x_wconf 69' lang='lat' dir='ltr'><strong>vesnum</strong></span> <span class='ocrx_word' id='word_1_321' title='bbox 1996 3789 2189 3843; x_wconf 84' lang='lat' dir='ltr'><strong>carita-</strong></span> 
     </span>
    </p>
   </div>
   <div class='ocr_carea' id='block_1_39' title="bbox 601 3869 2187 3948">
    <p class='ocr_par' dir='ltr' id='par_1_39' title="bbox 601 3869 2187 3948">
     <span class='ocr_line' id='line_1_39' title="bbox 601 3869 2187 3948; baseline 0.008 -28"><span class='ocrx_word' id='word_1_322' title='bbox 601 3876 712 3920; x_wconf 90' lang='lat' dir='ltr'><strong>tem</strong></span> <span class='ocrx_word' id='word_1_323' title='bbox 739 3869 1131 3937; x_wconf 82' lang='lat' dir='ltr'><strong>rogaverimus,</strong></span> <span class='ocrx_word' id='word_1_324' title='bbox 1167 3879 1224 3924; x_wconf 91' lang='lat' dir='ltr'><strong>ut</strong></span> <span class='ocrx_word' id='word_1_325' title='bbox 1251 3881 1304 3926; x_wconf 91' lang='lat' dir='ltr'><strong>et</strong></span> <span class='ocrx_word' id='word_1_326' title='bbox 1350 3887 1444 3926; x_wconf 85' lang='lat' dir='ltr'><strong>vos</strong></span> <span class='ocrx_word' id='word_1_327' title='bbox 1490 3875 1698 3930; x_wconf 86' lang='lat' dir='ltr'><strong>virtutis</strong></span> <span class='ocrx_word' id='word_1_328' title='bbox 1737 3893 1916 3931; x_wconf 86' lang='lat' dir='ltr'><strong>curam</strong></span> <span class='ocrx_word' id='word_1_329' title='bbox 1951 3880 2145 3948; x_wconf 77' lang='lat' dir='ltr'><strong>geratis</strong></span> <span class='ocrx_word' id='word_1_330' title='bbox 2170 3921 2187 3946; x_wconf 93' lang='lat'><strong>,</strong></span> 
     </span>
    </p>
   </div>
   <div class='ocr_carea' id='block_1_40' title="bbox 599 3959 2187 4036">
    <p class='ocr_par' dir='ltr' id='par_1_40' title="bbox 599 3959 2187 4036">
     <span class='ocr_line' id='line_1_40' title="bbox 599 3959 2187 4036; baseline 0.008 -24"><span class='ocrx_word' id='word_1_331' title='bbox 599 3967 657 4013; x_wconf 87' lang='lat' dir='ltr'><strong>et</strong></span> <span class='ocrx_word' id='word_1_332' title='bbox 686 3959 944 4027; x_wconf 87' lang='lat' dir='ltr'><strong>juvenum</strong></span> <span class='ocrx_word' id='word_1_333' title='bbox 971 3964 1354 4019; x_wconf 89' lang='lat' dir='ltr'><strong>continentiam</strong></span> <span class='ocrx_word' id='word_1_334' title='bbox 1396 3968 1612 4022; x_wconf 83' lang='lat' dir='ltr'><strong>curetis.</strong></span> <span class='ocrx_word' id='word_1_335' title='bbox 1652 3969 1786 4023; x_wconf 87' lang='lat' dir='ltr'><strong>Hinc</strong></span> <span class='ocrx_word' id='word_1_336' title='bbox 1824 3972 1965 4024; x_wconf 89' lang='lat' dir='ltr'><strong>enim</strong></span> <span class='ocrx_word' id='word_1_337' title='bbox 1988 4012 2002 4036; x_wconf 92' lang='lat'><strong>,</strong></span> <span class='ocrx_word' id='word_1_338' title='bbox 2035 3983 2092 4026; x_wconf 92' lang='lat' dir='ltr'><strong>ut</strong></span> <span class='ocrx_word' id='word_1_339' title='bbox 2118 3973 2187 4025; x_wconf 90' lang='lat' dir='ltr'><strong>ita</strong></span> 
     </span>
    </p>
   </div>
   <div class='ocr_carea' id='block_1_41' title="bbox 598 4051 2186 4117">
    <p class='ocr_par' dir='ltr' id='par_1_41' title="bbox 598 4051 2186 4117">
     <span class='ocr_line' id='line_1_41' title="bbox 598 4051 2186 4117; baseline 0.008 -12"><span class='ocrx_word' id='word_1_340' title='bbox 598 4051 796 4115; x_wconf 83' lang='lat' dir='ltr'><strong>dicam,</strong></span> <span class='ocrx_word' id='word_1_341' title='bbox 817 4053 995 4107; x_wconf 84' lang='lat' dir='ltr'><strong>omnia</strong></span> <span class='ocrx_word' id='word_1_342' title='bbox 1017 4054 1154 4107; x_wconf 89' lang='lat' dir='ltr'><strong>mala</strong></span> <span class='ocrx_word' id='word_1_343' title='bbox 1187 4063 1497 4111; x_wconf 88' lang='lat' dir='ltr'><strong>nascuntur.</strong></span> <span class='ocrx_word' id='word_1_344' title='bbox 1515 4057 1861 4114; x_wconf 80' lang='lat' dir='ltr'><strong>Consuetudo</strong></span> <span class='ocrx_word' id='word_1_345' title='bbox 1887 4063 2029 4116; x_wconf 88' lang='lat' dir='ltr'><strong>enim</strong></span> <span class='ocrx_word' id='word_1_346' title='bbox 2063 4063 2186 4117; x_wconf 89' lang='lat' dir='ltr'><strong>mali</strong></span> 
     </span>
    </p>
   </div>
   <div class='ocr_carea' id='block_1_42' title="bbox 598 4147 2189 4224">
    <p class='ocr_par' dir='ltr' id='par_1_42' title="bbox 598 4147 2189 4224">
     <span class='ocr_line' id='line_1_42' title="bbox 598 4147 2189 4224; baseline 0.008 -27"><span class='ocrx_word' id='word_1_347' title='bbox 598 4157 852 4213; x_wconf 83' lang='lat' dir='ltr'><strong>processu</strong></span> <span class='ocrx_word' id='word_1_348' title='bbox 881 4147 1137 4214; x_wconf 86' lang='lat' dir='ltr'><strong>temporis</strong></span> <span class='ocrx_word' id='word_1_349' title='bbox 1178 4147 1514 4204; x_wconf 77' lang='lat' dir='ltr'><strong>invaleseens</strong></span> <span class='ocrx_word' id='word_1_350' title='bbox 1561 4159 1758 4204; x_wconf 88' lang='lat' dir='ltr'><strong>tantam</strong></span> <span class='ocrx_word' id='word_1_351' title='bbox 1808 4152 1963 4208; x_wconf 69' lang='lat' dir='ltr'><strong>aliert</strong></span> <span class='ocrx_word' id='word_1_352' title='bbox 2009 4158 2189 4224; x_wconf 88' lang='lat' dir='ltr'><strong>perni-</strong></span> 
     </span>
    </p>
   </div>
   <div class='ocr_carea' id='block_1_43' title="bbox 597 4235 2184 4315">
    <p class='ocr_par' dir='ltr' id='par_1_43' title="bbox 597 4235 2184 4315">
     <span class='ocr_line' id='line_1_43' title="bbox 597 4235 2184 4315; baseline 0.009 -26"><span class='ocrx_word' id='word_1_353' title='bbox 597 4235 759 4301; x_wconf 87' lang='lat' dir='ltr'><strong>ciem,</strong></span> <span class='ocrx_word' id='word_1_354' title='bbox 787 4245 842 4291; x_wconf 91' lang='lat' dir='ltr'><strong>ut</strong></span> <span class='ocrx_word' id='word_1_355' title='bbox 866 4247 1049 4306; x_wconf 88' lang='lat' dir='ltr'><strong>postea</strong></span> <span class='ocrx_word' id='word_1_356' title='bbox 1078 4254 1182 4292; x_wconf 88' lang='lat' dir='ltr'><strong>non</strong></span> <span class='ocrx_word' id='word_1_357' title='bbox 1209 4239 1380 4308; x_wconf 86' lang='lat' dir='ltr'><strong>possit</strong></span> <span class='ocrx_word' id='word_1_358' title='bbox 1404 4241 1578 4310; x_wconf 89' lang='lat' dir='ltr'><strong>aliqua</strong></span> <span class='ocrx_word' id='word_1_359' title='bbox 1612 4243 1753 4298; x_wconf 90' lang='lat' dir='ltr'><strong>vinci</strong></span> <span class='ocrx_word' id='word_1_360' title='bbox 1775 4245 2145 4303; x_wconf 86' lang='lat' dir='ltr'><strong>admonitione</strong></span> <span class='ocrx_word' id='word_1_361' title='bbox 2170 4265 2184 4315; x_wconf 85' lang='lat'><strong>;</strong></span> 
     </span>
    </p>
   </div>
   <div class='ocr_carea' id='block_1_44' title="bbox 599 4329 2188 4407">
    <p class='ocr_par' dir='ltr' id='par_1_44' title="bbox 599 4329 2188 4407">
     <span class='ocr_line' id='line_1_44' title="bbox 599 4329 2188 4407; baseline 0.008 -26"><span class='ocrx_word' id='word_1_362' title='bbox 599 4335 656 4381; x_wconf 85' lang='lat' dir='ltr'><strong>et</strong></span> <span class='ocrx_word' id='word_1_363' title='bbox 699 4342 820 4382; x_wconf 89' lang='lat' dir='ltr'><strong>cum</strong></span> <span class='ocrx_word' id='word_1_364' title='bbox 865 4329 1032 4384; x_wconf 88' lang='lat' dir='ltr'><strong>semel</strong></span> <span class='ocrx_word' id='word_1_365' title='bbox 1083 4344 1114 4384; x_wconf 87' lang='lat' dir='ltr'><strong>a</strong></span> <span class='ocrx_word' id='word_1_366' title='bbox 1163 4330 1364 4384; x_wconf 87' lang='lat' dir='ltr'><strong>malitia</strong></span> <span class='ocrx_word' id='word_1_367' title='bbox 1420 4331 1619 4388; x_wconf 82' lang='lat' dir='ltr'><strong>fuerint</strong></span> <span class='ocrx_word' id='word_1_368' title='bbox 1657 4337 1929 4404; x_wconf 89' lang='lat' dir='ltr'><strong>occupati,</strong></span> <span class='ocrx_word' id='word_1_369' title='bbox 1956 4341 2103 4407; x_wconf 87' lang='lat' dir='ltr'><strong>quasi</strong></span> <span class='ocrx_word' id='word_1_370' title='bbox 2135 4341 2188 4394; x_wconf 85' lang='lat' dir='ltr'><strong>in</strong></span> 
     </span>
    </p>
   </div>
   <div class='ocr_carea' id='block_1_45' title="bbox 598 4417 2185 4497">
    <p class='ocr_par' dir='ltr' id='par_1_45' title="bbox 598 4417 2185 4497">
     <span class='ocr_line' id='line_1_45' title="bbox 598 4417 2185 4497; baseline 0.009 -27"><span class='ocrx_word' id='word_1_371' title='bbox 598 4417 965 4486; x_wconf 82' lang='lat' dir='ltr'><strong>captivitatem</strong></span> <span class='ocrx_word' id='word_1_372' title='bbox 986 4430 1166 4474; x_wconf 89' lang='lat' dir='ltr'><strong>essent</strong></span> <span class='ocrx_word' id='word_1_373' title='bbox 1202 4421 1413 4477; x_wconf 87' lang='lat' dir='ltr'><strong>abducti</strong></span> <span class='ocrx_word' id='word_1_374' title='bbox 1438 4465 1452 4490; x_wconf 93' lang='lat'><strong>,</strong></span> <span class='ocrx_word' id='word_1_375' title='bbox 1482 4439 1698 4494; x_wconf 91' lang='lat' dir='ltr'><strong>quoquo</strong></span> <span class='ocrx_word' id='word_1_376' title='bbox 1734 4425 1983 4482; x_wconf 84' lang='lat' dir='ltr'><strong>diabolus</strong></span> <span class='ocrx_word' id='word_1_377' title='bbox 2006 4429 2185 4497; x_wconf 87' lang='lat' dir='ltr'><strong>jusse-</strong></span> 
     </span>
    </p>
   </div>
   <div class='ocr_carea' id='block_1_46' title="bbox 599 4511 2188 4590">
    <p class='ocr_par' dir='ltr' id='par_1_46' title="bbox 599 4511 2188 4590">
     <span class='ocr_line' id='line_1_46' title="bbox 599 4511 2188 4590; baseline 0.009 -26"><span class='ocrx_word' id='word_1_378' title='bbox 599 4511 671 4564; x_wconf 86' lang='lat' dir='ltr'><strong>rit</strong></span> <span class='ocrx_word' id='word_1_379' title='bbox 695 4521 942 4580; x_wconf 87' lang='lat' dir='ltr'><strong>aguntnr.</strong></span> <span class='ocrx_word' id='word_1_380' title='bbox 977 4511 1069 4567; x_wconf 88' lang='lat' dir='ltr'><strong>Ille</strong></span> <span class='ocrx_word' id='word_1_381' title='bbox 1096 4514 1238 4568; x_wconf 88' lang='lat' dir='ltr'><strong>enim</strong></span> <span class='ocrx_word' id='word_1_382' title='bbox 1269 4515 1347 4570; x_wconf 89' lang='lat' dir='ltr'><strong>eis</strong></span> <span class='ocrx_word' id='word_1_383' title='bbox 1373 4517 1638 4587; x_wconf 87' lang='lat' dir='ltr'><strong>imperat,</strong></span> <span class='ocrx_word' id='word_1_384' title='bbox 1672 4529 1725 4574; x_wconf 89' lang='lat' dir='ltr'><strong>et</strong></span> <span class='ocrx_word' id='word_1_385' title='bbox 1771 4521 2064 4590; x_wconf 87' lang='lat' dir='ltr'><strong>perniciosa</strong></span> <span class='ocrx_word' id='word_1_386' title='bbox 2102 4525 2188 4578; x_wconf 86' lang='lat' dir='ltr'><strong>illa</strong></span> 
     </span>
    </p>
   </div>
   <div class='ocr_carea' id='block_1_47' title="bbox 601 4599 2188 4684">
    <p class='ocr_par' dir='ltr' id='par_1_47' title="bbox 601 4599 2188 4684">
     <span class='ocr_line' id='line_1_47' title="bbox 601 4599 2188 4684; baseline 0.011 -31"><span class='ocrx_word' id='word_1_387' title='bbox 601 4599 692 4654; x_wconf 85' lang='lat' dir='ltr'><strong>dat</strong></span> <span class='ocrx_word' id='word_1_388' title='bbox 721 4601 962 4655; x_wconf 87' lang='lat' dir='ltr'><strong>mandata</strong></span> <span class='ocrx_word' id='word_1_389' title='bbox 989 4644 1002 4665; x_wconf 90' lang='lat'><strong>,</strong></span> <span class='ocrx_word' id='word_1_390' title='bbox 1037 4619 1156 4673; x_wconf 67' lang='lat' dir='ltr'><strong>qua:</strong></span> <span class='ocrx_word' id='word_1_391' title='bbox 1195 4605 1424 4674; x_wconf 81' lang='lat' dir='ltr'><strong>juvenes</strong></span> <span class='ocrx_word' id='word_1_392' title='bbox 1471 4609 1699 4664; x_wconf 81' lang='lat' dir='ltr'><strong>libenter</strong></span> <span class='ocrx_word' id='word_1_393' title='bbox 1727 4612 2024 4680; x_wconf 81' lang='lat' dir='ltr'><strong>perﬁciunt,</strong></span> <span class='ocrx_word' id='word_1_394' title='bbox 2054 4631 2188 4684; x_wconf 72' lang='lat' dir='ltr'><strong>prae-</strong></span> 
     </span>
    </p>
   </div>
   <div class='ocr_carea' id='block_1_48' title="bbox 602 4697 2186 4768">
    <p class='ocr_par' dir='ltr' id='par_1_48' title="bbox 602 4697 2186 4768">
     <span class='ocr_line' id='line_1_48' title="bbox 602 4697 2186 4768; baseline 0.012 -24"><span class='ocrx_word' id='word_1_395' title='bbox 602 4699 812 4746; x_wconf 86' lang='lat' dir='ltr'><strong>sentem</strong></span> <span class='ocrx_word' id='word_1_396' title='bbox 845 4701 1048 4747; x_wconf 72' lang='lat' dir='ltr'><strong>tentum</strong></span> <span class='ocrx_word' id='word_1_397' title='bbox 1101 4697 1426 4766; x_wconf 90' lang='lat' dir='ltr'><strong>voluptatem</strong></span> <span class='ocrx_word' id='word_1_398' title='bbox 1469 4711 1801 4768; x_wconf 88' lang='lat' dir='ltr'><strong>spectantes,</strong></span> <span class='ocrx_word' id='word_1_399' title='bbox 1847 4715 1900 4758; x_wconf 91' lang='lat' dir='ltr'><strong>et</strong></span> <span class='ocrx_word' id='word_1_400' title='bbox 1950 4705 2186 4763; x_wconf 84' lang='lat' dir='ltr'><strong>futurum</strong></span> 
     </span>
    </p>
   </div>
   <div class='ocr_carea' id='block_1_49' title="bbox 602 4785 2188 4863">
    <p class='ocr_par' dir='ltr' id='par_1_49' title="bbox 602 4785 2188 4863">
     <span class='ocr_line' id='line_1_49' title="bbox 602 4785 2188 4863; baseline 0.009 -22"><span class='ocrx_word' id='word_1_401' title='bbox 602 4785 844 4841; x_wconf 86' lang='lat' dir='ltr'><strong>dolorem</strong></span> <span class='ocrx_word' id='word_1_402' title='bbox 875 4801 979 4840; x_wconf 91' lang='lat' dir='ltr'><strong>non</strong></span> <span class='ocrx_word' id='word_1_403' title='bbox 1005 4787 1327 4857; x_wconf 73' lang='lat' dir='ltr'><strong>cogitantes.</strong></span> <span class='ocrx_word' id='word_1_404' title='bbox 1362 4788 1486 4847; x_wconf 90' lang='lat' dir='ltr'><strong>Ideo</strong></span> <span class='ocrx_word' id='word_1_405' title='bbox 1507 4808 1604 4847; x_wconf 87' lang='lat' dir='ltr'><strong>oro</strong></span> <span class='ocrx_word' id='word_1_406' title='bbox 1627 4805 1682 4848; x_wconf 88' lang='lat' dir='ltr'><strong>ut</strong></span> <span class='ocrx_word' id='word_1_407' title='bbox 1717 4796 2052 4863; x_wconf 77' lang='lat' dir='ltr'><strong>przuheamus</strong></span> <span class='ocrx_word' id='word_1_408' title='bbox 2074 4817 2188 4854; x_wconf 79' lang='lat' dir='ltr'><strong>ma-</strong></span> 
     </span>
    </p>
   </div>
   <div class='ocr_carea' id='block_1_50' title="bbox 606 4880 2188 4962">
    <p class='ocr_par' dir='ltr' id='par_1_50' title="bbox 606 4880 2188 4962">
     <span class='ocr_line' id='line_1_50' title="bbox 606 4880 2188 4962; baseline 0.009 -28"><span class='ocrx_word' id='word_1_409' title='bbox 606 4895 733 4934; x_wconf 85' lang='lat' dir='ltr'><strong>num</strong></span> <span class='ocrx_word' id='word_1_410' title='bbox 767 4880 886 4936; x_wconf 89' lang='lat' dir='ltr'><strong>ﬁliis</strong></span> <span class='ocrx_word' id='word_1_411' title='bbox 914 4881 1130 4946; x_wconf 87' lang='lat' dir='ltr'><strong>nostris,</strong></span> <span class='ocrx_word' id='word_1_412' title='bbox 1168 4893 1222 4936; x_wconf 88' lang='lat' dir='ltr'><strong>ut</strong></span> <span class='ocrx_word' id='word_1_413' title='bbox 1253 4899 1318 4939; x_wconf 87' lang='lat' dir='ltr'><strong>ne</strong></span> <span class='ocrx_word' id='word_1_414' title='bbox 1347 4885 1508 4942; x_wconf 89' lang='lat' dir='ltr'><strong>etiam</strong></span> <span class='ocrx_word' id='word_1_415' title='bbox 1536 4902 1633 4958; x_wconf 92' lang='lat' dir='ltr'><strong>pro</strong></span> <span class='ocrx_word' id='word_1_416' title='bbox 1669 4890 1732 4943; x_wconf 91' lang='lat' dir='ltr'><strong>iis</strong></span> <span class='ocrx_word' id='word_1_417' title='bbox 1753 4906 1871 4959; x_wconf 67' lang='lat' dir='ltr'><strong>qua:</strong></span> <span class='ocrx_word' id='word_1_418' title='bbox 1897 4892 1971 4947; x_wconf 91' lang='lat' dir='ltr'><strong>illi</strong></span> <span class='ocrx_word' id='word_1_419' title='bbox 2000 4909 2188 4962; x_wconf 87' lang='lat' dir='ltr'><strong>pecca-</strong></span> 
     </span>
    </p>
   </div>
   <div class='ocr_carea' id='block_1_51' title="bbox 603 4977 2187 5054">
    <p class='ocr_par' dir='ltr' id='par_1_51' title="bbox 603 4977 2187 5054">
     <span class='ocr_line' id='line_1_51' title="bbox 603 4977 2187 5054; baseline 0.011 -28"><span class='ocrx_word' id='word_1_420' title='bbox 603 4980 764 5039; x_wconf 90' lang='lat' dir='ltr'><strong>runt,</strong></span> <span class='ocrx_word' id='word_1_421' title='bbox 806 4987 902 5028; x_wconf 91' lang='lat' dir='ltr'><strong>nos</strong></span> <span class='ocrx_word' id='word_1_422' title='bbox 932 4989 1120 5043; x_wconf 74' lang='lat' dir='ltr'><strong>pmnas</strong></span> <span class='ocrx_word' id='word_1_423' title='bbox 1144 4977 1522 5033; x_wconf 86' lang='lat' dir='ltr'><strong>sustineamus.</strong></span> <span class='ocrx_word' id='word_1_424' title='bbox 1569 4981 1650 5036; x_wconf 86' lang='lat' dir='ltr'><strong>An</strong></span> <span class='ocrx_word' id='word_1_425' title='bbox 1677 4985 1892 5037; x_wconf 83' lang='lat' dir='ltr'><strong>nescitis</strong></span> <span class='ocrx_word' id='word_1_426' title='bbox 1921 4986 2045 5054; x_wconf 88' lang='lat' dir='ltr'><strong>quid</strong></span> <span class='ocrx_word' id='word_1_427' title='bbox 2074 4988 2187 5042; x_wconf 89' lang='lat' dir='ltr'><strong>seni</strong></span> 
     </span>
    </p>
   </div>
   <div class='ocr_carea' id='block_1_52' title="bbox 605 5062 2190 5134">
    <p class='ocr_par' dir='ltr' id='par_1_52' title="bbox 605 5062 2190 5134">
     <span class='ocr_line' id='line_1_52' title="bbox 605 5062 2190 5134; baseline 0.011 -18"><span class='ocrx_word' id='word_1_428' title='bbox 605 5062 684 5116; x_wconf 69' lang='lat' dir='ltr'><strong>illi</strong></span> <span class='ocrx_word' id='word_1_429' title='bbox 709 5063 984 5127; x_wconf 81' lang='lat' dir='ltr'><strong>scciderit,</strong></span> <span class='ocrx_word' id='word_1_430' title='bbox 1009 5081 1130 5118; x_wconf 87' lang='lat' dir='ltr'><strong>etnn</strong></span> <span class='ocrx_word' id='word_1_431' title='bbox 1159 5081 1262 5119; x_wconf 88' lang='lat' dir='ltr'><strong>tt0n</strong></span> <span class='ocrx_word' id='word_1_432' title='bbox 1295 5067 1473 5125; x_wconf 85' lang='lat' dir='ltr'><strong>debite</strong></span> <span class='ocrx_word' id='word_1_433' title='bbox 1497 5073 1811 5128; x_wconf 86' lang='lat' dir='ltr'><strong>emendaret</strong></span> <span class='ocrx_word' id='word_1_434' title='bbox 1842 5075 2075 5131; x_wconf 89' lang='lat' dir='ltr'><strong>ﬁliorum</strong></span> <span class='ocrx_word' id='word_1_435' title='bbox 2097 5082 2190 5134; x_wconf 84' lang='lat' dir='ltr'><strong>de-</strong></span> 
     </span>
    </p>
   </div>
   <div class='ocr_carea' id='block_1_53' title="bbox 602 5153 2191 5228">
    <p class='ocr_par' dir='ltr' id='par_1_53' title="bbox 602 5153 2191 5228">
     <span class='ocr_line' id='line_1_53' title="bbox 602 5153 2191 5228; baseline 0.013 -22"><span class='ocrx_word' id='word_1_436' title='bbox 602 5153 728 5207; x_wconf 88' lang='lat' dir='ltr'><strong>licta</strong></span> <span class='ocrx_word' id='word_1_437' title='bbox 771 5153 875 5224; x_wconf 81' lang='grc' dir='ltr'><strong>(Ι.</strong></span> <span class='ocrx_word' id='word_1_438' title='bbox 927 5153 1055 5227; x_wconf 69' lang='lat' dir='ltr'><strong>Reg.</strong></span> <span class='ocrx_word' id='word_1_439' title='bbox 1105 5159 1156 5212; x_wconf 73' lang='grc'>4.</span> <span class='ocrx_word' id='word_1_440' title='bbox 1194 5158 1259 5213; x_wconf 79' lang='grc'><strong>18</strong></span> <span class='ocrx_word' id='word_1_441' title='bbox 1303 5159 1362 5228; x_wconf 86' lang='lat'><strong>)?</strong></span> <span class='ocrx_word' id='word_1_442' title='bbox 1401 5161 1861 5228; x_wconf 86' lang='lat' dir='ltr'><strong>Quemadmodum</strong></span> <span class='ocrx_word' id='word_1_443' title='bbox 1902 5169 2044 5222; x_wconf 87' lang='lat' dir='ltr'><strong>enim</strong></span> <span class='ocrx_word' id='word_1_444' title='bbox 2087 5187 2191 5226; x_wconf 60' lang='lat' dir='ltr'><strong>me</strong></span> 
     </span>
    </p>
   </div>
   <div class='ocr_carea' id='block_1_54' title="bbox 604 5246 2188 5326">
    <p class='ocr_par' dir='ltr' id='par_1_54' title="bbox 604 5246 2188 5326">
     <span class='ocr_line' id='line_1_54' title="bbox 604 5246 2188 5326; baseline 0.012 -26"><span class='ocrx_word' id='word_1_445' title='bbox 604 5246 794 5314; x_wconf 86' lang='lat' dir='ltr'><strong>dicus,</strong></span> <span class='ocrx_word' id='word_1_446' title='bbox 847 5248 892 5302; x_wconf 87' lang='lat' dir='ltr'><strong>si</strong></span> <span class='ocrx_word' id='word_1_447' title='bbox 950 5250 1194 5305; x_wconf 86' lang='lat' dir='ltr'><strong>morbum</strong></span> <span class='ocrx_word' id='word_1_448' title='bbox 1266 5253 1502 5309; x_wconf 77' lang='lat' dir='ltr'><strong>sectione</strong></span> <span class='ocrx_word' id='word_1_449' title='bbox 1558 5255 1882 5326; x_wconf 77' lang='lat' dir='ltr'><strong>indigentem</strong></span> <span class='ocrx_word' id='word_1_450' title='bbox 1940 5263 2188 5319; x_wconf 80' lang='lat' dir='ltr'><strong>unctione</strong></span> 
     </span>
    </p>
   </div>
   <div class='ocr_carea' id='block_1_55' title="bbox 605 5339 2189 5411">
    <p class='ocr_par' dir='ltr' id='par_1_55' title="bbox 605 5339 2189 5411">
     <span class='ocr_line' id='line_1_55' title="bbox 605 5339 2189 5411; baseline 0.011 -21"><span class='ocrx_word' id='word_1_451' title='bbox 605 5349 697 5391; x_wconf 89' lang='lat' dir='ltr'><strong>aut</strong></span> <span class='ocrx_word' id='word_1_452' title='bbox 737 5339 1039 5409; x_wconf 86' lang='lat' dir='ltr'><strong>emplastro</strong></span> <span class='ocrx_word' id='word_1_453' title='bbox 1081 5357 1270 5399; x_wconf 88' lang='lat' dir='ltr'><strong>curare</strong></span> <span class='ocrx_word' id='word_1_454' title='bbox 1315 5345 1559 5411; x_wconf 82' lang='lat' dir='ltr'><strong>voluerit,</strong></span> <span class='ocrx_word' id='word_1_455' title='bbox 1610 5349 1716 5404; x_wconf 92' lang='lat' dir='ltr'><strong>cito</strong></span> <span class='ocrx_word' id='word_1_456' title='bbox 1763 5353 2005 5406; x_wconf 86' lang='lat' dir='ltr'><strong>morbum</strong></span> <span class='ocrx_word' id='word_1_457' title='bbox 2034 5352 2189 5409; x_wconf 80' lang='lat' dir='ltr'><strong>incu-</strong></span> 
     </span>
    </p>
   </div>
   <div class='ocr_carea' id='block_1_56' title="bbox 606 5429 2187 5506">
    <p class='ocr_par' dir='ltr' id='par_1_56' title="bbox 606 5429 2187 5506">
     <span class='ocr_line' id='line_1_56' title="bbox 606 5429 2187 5506; baseline 0.011 -22"><span class='ocrx_word' id='word_1_458' title='bbox 606 5429 830 5484; x_wconf 87' lang='lat' dir='ltr'><strong>rahilem</strong></span> <span class='ocrx_word' id='word_1_459' title='bbox 861 5431 1076 5500; x_wconf 89' lang='lat' dir='ltr'><strong>efﬁciet,</strong></span> <span class='ocrx_word' id='word_1_460' title='bbox 1111 5449 1232 5490; x_wconf 90' lang='lat' dir='ltr'><strong>cum</strong></span> <span class='ocrx_word' id='word_1_461' title='bbox 1264 5449 1551 5506; x_wconf 79' lang='lat' dir='ltr'><strong>congruam</strong></span> <span class='ocrx_word' id='word_1_462' title='bbox 1588 5454 1693 5494; x_wconf 91' lang='lat' dir='ltr'><strong>non</strong></span> <span class='ocrx_word' id='word_1_463' title='bbox 1733 5442 1983 5498; x_wconf 78' lang='lat' dir='ltr'><strong>adhibeat</strong></span> <span class='ocrx_word' id='word_1_464' title='bbox 2018 5446 2187 5500; x_wconf 90' lang='lat' dir='ltr'><strong>medi-</strong></span> 
     </span>
    </p>
   </div>
   <div class='ocr_carea' id='block_1_57' title="bbox 607 5521 2190 5606">
    <p class='ocr_par' dir='ltr' id='par_1_57' title="bbox 607 5521 2190 5606">
     <span class='ocr_line' id='line_1_57' title="bbox 607 5521 2190 5606; baseline 0.011 -31"><span class='ocrx_word' id='word_1_465' title='bbox 607 5521 782 5575; x_wconf 87' lang='lat' dir='ltr'><strong>cinam</strong></span> <span class='ocrx_word' id='word_1_466' title='bbox 818 5539 833 5577; x_wconf 91' lang='lat'>:</span> <span class='ocrx_word' id='word_1_467' title='bbox 878 5523 947 5577; x_wconf 89' lang='lat' dir='ltr'><strong>ita</strong></span> <span class='ocrx_word' id='word_1_468' title='bbox 978 5533 1032 5578; x_wconf 91' lang='lat' dir='ltr'><strong>et</strong></span> <span class='ocrx_word' id='word_1_469' title='bbox 1059 5539 1218 5580; x_wconf 81' lang='lat' dir='ltr'><strong>senex</strong></span> <span class='ocrx_word' id='word_1_470' title='bbox 1250 5527 1355 5589; x_wconf 90' lang='lat' dir='ltr'><strong>ille,</strong></span> <span class='ocrx_word' id='word_1_471' title='bbox 1375 5543 1494 5583; x_wconf 93' lang='lat' dir='ltr'><strong>cum</strong></span> <span class='ocrx_word' id='word_1_472' title='bbox 1516 5529 1737 5587; x_wconf 89' lang='lat' dir='ltr'><strong>deberet</strong></span> <span class='ocrx_word' id='word_1_473' title='bbox 1771 5534 1906 5589; x_wconf 89' lang='lat' dir='ltr'><strong>ﬁlios</strong></span> <span class='ocrx_word' id='word_1_474' title='bbox 1941 5551 2066 5592; x_wconf 86' lang='lat' dir='ltr'><strong>suos</strong></span> <span class='ocrx_word' id='word_1_475' title='bbox 2097 5555 2190 5606; x_wconf 91' lang='lat' dir='ltr'><strong>pro</strong></span> 
     </span>
    </p>
   </div>
   <div class='ocr_carea' id='block_1_58' title="bbox 610 5617 2188 5685">
    <p class='ocr_par' dir='ltr' id='par_1_58' title="bbox 610 5617 2188 5685">
     <span class='ocr_line' id='line_1_58' title="bbox 610 5617 2188 5685; baseline 0.011 -21"><span class='ocrx_word' id='word_1_476' title='bbox 610 5622 947 5679; x_wconf 88' lang='lat' dir='ltr'><strong>peccatorum</strong></span> <span class='ocrx_word' id='word_1_477' title='bbox 981 5617 1184 5672; x_wconf 87' lang='lat' dir='ltr'><strong>ratione</strong></span> <span class='ocrx_word' id='word_1_478' title='bbox 1207 5619 1514 5685; x_wconf 88' lang='lat' dir='ltr'><strong>emendare,</strong></span> <span class='ocrx_word' id='word_1_479' title='bbox 1533 5620 1689 5678; x_wconf 89' lang='lat' dir='ltr'><strong>nimia</strong></span> <span class='ocrx_word' id='word_1_480' title='bbox 1714 5622 1928 5682; x_wconf 85' lang='lat' dir='ltr'><strong>leuitate</strong></span> <span class='ocrx_word' id='word_1_481' title='bbox 1952 5627 2071 5683; x_wconf 90' lang='lat' dir='ltr'><strong>illos</strong></span> <span class='ocrx_word' id='word_1_482' title='bbox 2100 5643 2188 5682; x_wconf 88' lang='lat' dir='ltr'><strong>ar-</strong></span> 
     </span>
    </p>
   </div>
   <div class='ocr_carea' id='block_1_59' title="bbox 671 5791 1603 5861">
    <p class='ocr_par' dir='ltr' id='par_1_59' title="bbox 671 5791 1603 5861">
     <span class='ocr_line' id='line_1_59' title="bbox 671 5791 1603 5861; baseline 0.009 -20"><span class='ocrx_word' id='word_1_483' title='bbox 671 5791 686 5823; x_wconf 79' lang='grc'><strong><em>³</em></strong></span> <span class='ocrx_word' id='word_1_484' title='bbox 722 5793 944 5858; x_wconf 82' lang='lat' dir='ltr'><strong>Quinque</strong></span> <span class='ocrx_word' id='word_1_485' title='bbox 961 5799 1088 5857; x_wconf 60' lang='grc' dir='ltr'>ιιι..</span> <span class='ocrx_word' id='word_1_486' title='bbox 1113 5793 1311 5861; x_wconf 62' lang='lat' dir='ltr'><strong>editas;</strong></span> <span class='ocrx_word' id='word_1_487' title='bbox 1337 5811 1434 5850; x_wconf 89' lang='lat' dir='ltr'><strong>non</strong></span> <span class='ocrx_word' id='word_1_488' title='bbox 1457 5797 1603 5849; x_wconf 81' lang='lat' dir='ltr'><strong>male.</strong></span> 
     </span>
    </p>
   </div>
   <div class='ocr_carea' id='block_1_60' title="bbox 1306 356 3133 417">
    <p class='ocr_par' dir='ltr' id='par_1_60' title="bbox 1306 356 3133 417">
     <span class='ocr_line' id='line_1_60' title="bbox 1306 356 3133 417; baseline -0.001 0"><span class='ocrx_word' id='word_1_489' title='bbox 1306 361 1364 417; x_wconf 85' lang='lat' dir='ltr'><strong>S.</strong></span> <span class='ocrx_word' id='word_1_490' title='bbox 1404 359 1683 417; x_wconf 64' lang='lat' dir='ltr'><strong>JOANNIS</strong></span> <span class='ocrx_word' id='word_1_491' title='bbox 1719 356 2191 417; x_wconf 67' lang='grc' dir='ltr'>οιιῐιγεοετοδιι</span> <span class='ocrx_word' id='word_1_492' title='bbox 2232 357 2556 414; x_wconf 73' lang='lat' dir='ltr'><strong>ADCIIIEP.</strong></span> <span class='ocrx_word' id='word_1_493' title='bbox 2595 357 3133 417; x_wconf 71' lang='lat' dir='ltr'><strong>CONSTANTINOI’.</strong></span> 
     </span>
    </p>
   </div>
   <div class='ocr_carea' id='block_1_61' title="bbox 3780 371 3897 430">
    <p class='ocr_par' dir='ltr' id='par_1_61' title="bbox 3780 371 3897 430">
     <span class='ocr_line' id='line_1_61' title="bbox 3780 371 3897 430; baseline -0.017 -2"><span class='ocrx_word' id='word_1_494' title='bbox 3780 371 3897 430; x_wconf 76' lang='lat'><strong>520</strong></span> 
     </span>
    </p>
   </div>
   <div class='ocr_carea' id='block_1_62' title="bbox 2297 471 3898 548">
    <p class='ocr_par' dir='ltr' id='par_1_62' title="bbox 2297 471 3898 548">
     <span class='ocr_line' id='line_1_62' title="bbox 2297 471 3898 548; baseline 0.014 -28"><span class='ocrx_word' id='word_1_495' title='bbox 2297 485 2501 541; x_wconf 80' lang='lat' dir='ltr'><strong>gneus,</strong></span> <span class='ocrx_word' id='word_1_496' title='bbox 2548 471 2792 542; x_wconf 84' lang='lat' dir='ltr'><strong>supplicii</strong></span> <span class='ocrx_word' id='word_1_497' title='bbox 2822 482 2874 527; x_wconf 90' lang='lat' dir='ltr'><strong>et</strong></span> <span class='ocrx_word' id='word_1_498' title='bbox 2901 473 3014 544; x_wconf 86' lang='lat' dir='ltr'><strong>ipse</strong></span> <span class='ocrx_word' id='word_1_499' title='bbox 3047 489 3271 531; x_wconf 88' lang='lat' dir='ltr'><strong>consors</strong></span> <span class='ocrx_word' id='word_1_500' title='bbox 3316 475 3432 532; x_wconf 89' lang='lat' dir='ltr'><strong>fuit.</strong></span> <span class='ocrx_word' id='word_1_501' title='bbox 3468 476 3696 539; x_wconf 86' lang='lat' dir='ltr'><strong>Proinde</strong></span> <span class='ocrx_word' id='word_1_502' title='bbox 3754 497 3898 548; x_wconf 84' lang='lat' dir='ltr'><strong>oro,</strong></span> 
     </span>
    </p>
   </div>
   <div class='ocr_carea' id='block_1_63' title="bbox 2291 562 3895 641">
    <p class='ocr_par' dir='ltr' id='par_1_63' title="bbox 2291 562 3895 641">
     <span class='ocr_line' id='line_1_63' title="bbox 2291 562 3895 641; baseline 0.008 -27"><span class='ocrx_word' id='word_1_503' title='bbox 2291 562 2595 631; x_wconf 81' lang='lat' dir='ltr'><strong>exemplum</strong></span> <span class='ocrx_word' id='word_1_504' title='bbox 2619 562 2720 618; x_wconf 85' lang='lat' dir='ltr'><strong>hoc</strong></span> <span class='ocrx_word' id='word_1_505' title='bbox 2746 564 3051 630; x_wconf 90' lang='lat' dir='ltr'><strong>timeamus,</strong></span> <span class='ocrx_word' id='word_1_506' title='bbox 3075 574 3129 622; x_wconf 89' lang='lat' dir='ltr'><strong>et</strong></span> <span class='ocrx_word' id='word_1_507' title='bbox 3151 565 3411 624; x_wconf 82' lang='lat' dir='ltr'><strong>habentes</strong></span> <span class='ocrx_word' id='word_1_508' title='bbox 3433 567 3571 624; x_wconf 85' lang='lat' dir='ltr'><strong>ﬁlios</strong></span> <span class='ocrx_word' id='word_1_509' title='bbox 3598 572 3895 641; x_wconf 80' lang='lat' dir='ltr'><strong>providea-</strong></span> 
     </span>
    </p>
   </div>
   <div class='ocr_carea' id='block_1_64' title="bbox 2292 654 3901 726">
    <p class='ocr_par' dir='ltr' id='par_1_64' title="bbox 2292 654 3901 726">
     <span class='ocr_line' id='line_1_64' title="bbox 2292 654 3901 726; baseline 0.006 -19"><span class='ocrx_word' id='word_1_510' title='bbox 2292 667 2412 708; x_wconf 88' lang='lat' dir='ltr'><strong>mus</strong></span> <span class='ocrx_word' id='word_1_511' title='bbox 2437 654 2516 709; x_wconf 84' lang='lat' dir='ltr'><strong>eis</strong></span> <span class='ocrx_word' id='word_1_512' title='bbox 2545 654 2614 711; x_wconf 90' lang='lat' dir='ltr'><strong>de</strong></span> <span class='ocrx_word' id='word_1_513' title='bbox 2638 654 2863 711; x_wconf 86' lang='lat' dir='ltr'><strong>honesta</strong></span> <span class='ocrx_word' id='word_1_514' title='bbox 2891 655 3209 712; x_wconf 89' lang='lat' dir='ltr'><strong>educatione</strong></span> <span class='ocrx_word' id='word_1_515' title='bbox 3228 701 3244 726; x_wconf 94' lang='lat'><strong>,</strong></span> <span class='ocrx_word' id='word_1_516' title='bbox 3289 669 3344 714; x_wconf 90' lang='lat' dir='ltr'><strong>et</strong></span> <span class='ocrx_word' id='word_1_517' title='bbox 3371 659 3423 713; x_wconf 92' lang='lat' dir='ltr'><strong>in</strong></span> <span class='ocrx_word' id='word_1_518' title='bbox 3466 675 3677 715; x_wconf 90' lang='lat' dir='ltr'><strong>summa</strong></span> <span class='ocrx_word' id='word_1_519' title='bbox 3722 676 3901 716; x_wconf 82' lang='lat' dir='ltr'><strong>unus-</strong></span> 
     </span>
    </p>
   </div>
   <div class='ocr_carea' id='block_1_65' title="bbox 2288 744 3897 819">
    <p class='ocr_par' dir='ltr' id='par_1_65' title="bbox 2288 744 3897 819">
     <span class='ocr_line' id='line_1_65' title="bbox 2288 744 3897 819; baseline 0.007 -23"><span class='ocrx_word' id='word_1_520' title='bbox 2288 744 2517 815; x_wconf 85' lang='lat' dir='ltr'><strong>quisque</strong></span> <span class='ocrx_word' id='word_1_521' title='bbox 2545 760 2726 801; x_wconf 88' lang='lat' dir='ltr'><strong>curam</strong></span> <span class='ocrx_word' id='word_1_522' title='bbox 2757 761 2940 802; x_wconf 86' lang='lat' dir='ltr'><strong>eorum</strong></span> <span class='ocrx_word' id='word_1_523' title='bbox 2970 757 3112 818; x_wconf 86' lang='lat' dir='ltr'><strong>agat,</strong></span> <span class='ocrx_word' id='word_1_524' title='bbox 3136 749 3224 818; x_wconf 87' lang='lat' dir='ltr'><strong>qui</strong></span> <span class='ocrx_word' id='word_1_525' title='bbox 3264 751 3406 819; x_wconf 85' lang='lat' dir='ltr'><strong>apud</strong></span> <span class='ocrx_word' id='word_1_526' title='bbox 3451 765 3509 806; x_wconf 90' lang='lat' dir='ltr'><strong>se</strong></span> <span class='ocrx_word' id='word_1_527' title='bbox 3549 749 3809 816; x_wconf 85' lang='lat' dir='ltr'><strong>habitant,</strong></span> <span class='ocrx_word' id='word_1_528' title='bbox 3837 762 3897 807; x_wconf 87' lang='lat' dir='ltr'><strong>et</strong></span> 
     </span>
    </p>
   </div>
   <div class='ocr_carea' id='block_1_66' title="bbox 2291 833 3896 912">
    <p class='ocr_par' dir='ltr' id='par_1_66' title="bbox 2291 833 3896 912">
     <span class='ocr_line' id='line_1_66' title="bbox 2291 833 3896 912; baseline 0.006 -24"><span class='ocrx_word' id='word_1_529' title='bbox 2291 833 2499 890; x_wconf 88' lang='lat' dir='ltr'><strong>lucrum</strong></span> <span class='ocrx_word' id='word_1_530' title='bbox 2531 837 2820 893; x_wconf 86' lang='lat' dir='ltr'><strong>maximum</strong></span> <span class='ocrx_word' id='word_1_531' title='bbox 2867 838 3026 893; x_wconf 88' lang='lat' dir='ltr'><strong>ducat</strong></span> <span class='ocrx_word' id='word_1_532' title='bbox 3057 840 3336 894; x_wconf 86' lang='lat' dir='ltr'><strong>utilitatem</strong></span> <span class='ocrx_word' id='word_1_533' title='bbox 3364 842 3612 912; x_wconf 78' lang='lat' dir='ltr'><strong>proximi,</strong></span> <span class='ocrx_word' id='word_1_534' title='bbox 3638 853 3694 896; x_wconf 93' lang='lat' dir='ltr'><strong>ut</strong></span> <span class='ocrx_word' id='word_1_535' title='bbox 3715 859 3896 898; x_wconf 77' lang='lat' dir='ltr'><strong>unus-</strong></span> 
     </span>
    </p>
   </div>
   <div class='ocr_carea' id='block_1_67' title="bbox 2287 925 3894 1005">
    <p class='ocr_par' dir='ltr' id='par_1_67' title="bbox 2287 925 3894 1005">
     <span class='ocr_line' id='line_1_67' title="bbox 2287 925 3894 1005; baseline 0.006 -26"><span class='ocrx_word' id='word_1_536' title='bbox 2287 925 2518 998; x_wconf 86' lang='lat' dir='ltr'><strong>quisque</strong></span> <span class='ocrx_word' id='word_1_537' title='bbox 2531 927 2745 984; x_wconf 85' lang='lat' dir='ltr'><strong>discens</strong></span> <span class='ocrx_word' id='word_1_538' title='bbox 2771 943 2833 984; x_wconf 90' lang='lat' dir='ltr'><strong>ea</strong></span> <span class='ocrx_word' id='word_1_539' title='bbox 2861 945 2980 1000; x_wconf 68' lang='lat' dir='ltr'><strong>quae</strong></span> <span class='ocrx_word' id='word_1_540' title='bbox 3006 930 3072 984; x_wconf 88' lang='lat' dir='ltr'><strong>ad</strong></span> <span class='ocrx_word' id='word_1_541' title='bbox 3095 931 3345 988; x_wconf 76' lang='lat' dir='ltr'><strong>virtutem</strong></span> <span class='ocrx_word' id='word_1_542' title='bbox 3375 933 3660 1003; x_wconf 79' lang='lat' dir='ltr'><strong>pertineat,</strong></span> <span class='ocrx_word' id='word_1_543' title='bbox 3690 945 3743 988; x_wconf 91' lang='lat' dir='ltr'><strong>et</strong></span> <span class='ocrx_word' id='word_1_544' title='bbox 3760 950 3894 1005; x_wconf 81' lang='lat' dir='ltr'><strong>poc—</strong></span> 
     </span>
    </p>
   </div>
   <div class='ocr_carea' id='block_1_68' title="bbox 2286 1019 3895 1095">
    <p class='ocr_par' dir='ltr' id='par_1_68' title="bbox 2286 1019 3895 1095">
     <span class='ocr_line' id='line_1_68' title="bbox 2286 1019 3895 1095; baseline 0.004 -24"><span class='ocrx_word' id='word_1_545' title='bbox 2286 1019 2391 1072; x_wconf 88' lang='lat' dir='ltr'><strong>cati</strong></span> <span class='ocrx_word' id='word_1_546' title='bbox 2427 1019 2726 1090; x_wconf 90' lang='lat' dir='ltr'><strong>periculum</strong></span> <span class='ocrx_word' id='word_1_547' title='bbox 2747 1019 3019 1092; x_wconf 71' lang='lat' dir='ltr'><strong>effugere,</strong></span> <span class='ocrx_word' id='word_1_548' title='bbox 3047 1031 3102 1077; x_wconf 88' lang='lat' dir='ltr'><strong>et</strong></span> <span class='ocrx_word' id='word_1_549' title='bbox 3131 1023 3382 1078; x_wconf 84' lang='lat' dir='ltr'><strong>virtutem</strong></span> <span class='ocrx_word' id='word_1_550' title='bbox 3421 1026 3759 1095; x_wconf 86' lang='lat' dir='ltr'><strong>amplexatus</strong></span> <span class='ocrx_word' id='word_1_551' title='bbox 3799 1040 3895 1080; x_wconf 86' lang='lat' dir='ltr'><strong>su-</strong></span> 
     </span>
    </p>
   </div>
   <div class='ocr_carea' id='block_1_69' title="bbox 2286 1112 3894 1188">
    <p class='ocr_par' dir='ltr' id='par_1_69' title="bbox 2286 1112 3894 1188">
     <span class='ocr_line' id='line_1_69' title="bbox 2286 1112 3894 1188; baseline 0.004 -23"><span class='ocrx_word' id='word_1_552' title='bbox 2286 1126 2510 1181; x_wconf 92' lang='lat' dir='ltr'><strong>pcrnum</strong></span> <span class='ocrx_word' id='word_1_553' title='bbox 2538 1112 2794 1168; x_wconf 86' lang='lat' dir='ltr'><strong>auxilium</strong></span> <span class='ocrx_word' id='word_1_554' title='bbox 2842 1114 2944 1169; x_wconf 90' lang='lat' dir='ltr'><strong>sibi</strong></span> <span class='ocrx_word' id='word_1_555' title='bbox 2983 1114 3272 1171; x_wconf 86' lang='lat' dir='ltr'><strong>conciliare</strong></span> <span class='ocrx_word' id='word_1_556' title='bbox 3299 1115 3475 1171; x_wconf 84' lang='lat' dir='ltr'><strong>valeat</strong></span> <span class='ocrx_word' id='word_1_557' title='bbox 3499 1133 3513 1169; x_wconf 92' lang='lat'>:</span> <span class='ocrx_word' id='word_1_558' title='bbox 3540 1116 3683 1188; x_wconf 90' lang='lat' dir='ltr'><strong>quod</strong></span> <span class='ocrx_word' id='word_1_559' title='bbox 3734 1116 3894 1172; x_wconf 87' lang='lat' dir='ltr'><strong>nobis</strong></span> 
     </span>
    </p>
   </div>
   <div class='ocr_carea' id='block_1_70' title="bbox 2285 1202 3893 1275">
    <p class='ocr_par' dir='ltr' id='par_1_70' title="bbox 2285 1202 3893 1275">
     <span class='ocr_line' id='line_1_70' title="bbox 2285 1202 3893 1275; baseline 0.004 -19"><span class='ocrx_word' id='word_1_560' title='bbox 2285 1202 2534 1258; x_wconf 91' lang='lat' dir='ltr'><strong>omnibus</strong></span> <span class='ocrx_word' id='word_1_561' title='bbox 2561 1203 2907 1271; x_wconf 83' lang='lat' dir='ltr'><strong>concedatur,</strong></span> <span class='ocrx_word' id='word_1_562' title='bbox 2957 1207 3125 1275; x_wconf 86' lang='lat' dir='ltr'><strong>gratia</strong></span> <span class='ocrx_word' id='word_1_563' title='bbox 3159 1217 3212 1262; x_wconf 88' lang='lat' dir='ltr'><strong>et</strong></span> <span class='ocrx_word' id='word_1_564' title='bbox 3240 1206 3528 1262; x_wconf 89' lang='lat' dir='ltr'><strong>clementia</strong></span> <span class='ocrx_word' id='word_1_565' title='bbox 3552 1207 3761 1262; x_wconf 90' lang='lat' dir='ltr'><strong>Domini</strong></span> <span class='ocrx_word' id='word_1_566' title='bbox 3787 1221 3893 1262; x_wconf 84' lang='lat' dir='ltr'><strong>no-</strong></span> 
     </span>
    </p>
   </div>
   <div class='ocr_carea' id='block_1_71' title="bbox 2287 1293 3894 1369">
    <p class='ocr_par' dir='ltr' id='par_1_71' title="bbox 2287 1293 3894 1369">
     <span class='ocr_line' id='line_1_71' title="bbox 2287 1293 3894 1369; baseline 0.005 -23"><span class='ocrx_word' id='word_1_567' title='bbox 2287 1293 2384 1347; x_wconf 86' lang='lat' dir='ltr'><strong>stri</strong></span> <span class='ocrx_word' id='word_1_568' title='bbox 2413 1293 2538 1350; x_wconf 84' lang='lat' dir='ltr'><strong>lesu</strong></span> <span class='ocrx_word' id='word_1_569' title='bbox 2566 1294 2804 1361; x_wconf 88' lang='lat' dir='ltr'><strong>Christi,</strong></span> <span class='ocrx_word' id='word_1_570' title='bbox 2839 1294 2926 1351; x_wconf 90' lang='lat' dir='ltr'><strong>cui</strong></span> <span class='ocrx_word' id='word_1_571' title='bbox 2958 1312 3080 1351; x_wconf 90' lang='lat' dir='ltr'><strong>cum</strong></span> <span class='ocrx_word' id='word_1_572' title='bbox 3119 1296 3277 1353; x_wconf 79' lang='lat' dir='ltr'><strong>Patre</strong></span> <span class='ocrx_word' id='word_1_573' title='bbox 3311 1307 3366 1354; x_wconf 89' lang='lat' dir='ltr'><strong>et</strong></span> <span class='ocrx_word' id='word_1_574' title='bbox 3391 1309 3576 1354; x_wconf 89' lang='lat' dir='ltr'><strong>saneto</strong></span> <span class='ocrx_word' id='word_1_575' title='bbox 3597 1298 3798 1369; x_wconf 90' lang='lat' dir='ltr'><strong>Spiritu</strong></span> <span class='ocrx_word' id='word_1_576' title='bbox 3821 1301 3894 1354; x_wconf 83' lang='lat' dir='ltr'><strong>sit</strong></span> 
     </span>
    </p>
   </div>
   <div class='ocr_carea' id='block_1_72' title="bbox 2283 1383 3889 1461">
    <p class='ocr_par' dir='ltr' id='par_1_72' title="bbox 2283 1383 3889 1461">
     <span class='ocr_line' id='line_1_72' title="bbox 2283 1383 3889 1461; baseline 0.005 -25"><span class='ocrx_word' id='word_1_577' title='bbox 2283 1383 2477 1453; x_wconf 87' lang='lat' dir='ltr'><strong>gloria,</strong></span> <span class='ocrx_word' id='word_1_578' title='bbox 2503 1385 2808 1455; x_wconf 91' lang='lat' dir='ltr'><strong>imperium,</strong></span> <span class='ocrx_word' id='word_1_579' title='bbox 2843 1386 3035 1454; x_wconf 88' lang='lat' dir='ltr'><strong>honor,</strong></span> <span class='ocrx_word' id='word_1_580' title='bbox 3072 1403 3212 1444; x_wconf 91' lang='lat' dir='ltr'><strong>nunc</strong></span> <span class='ocrx_word' id='word_1_581' title='bbox 3239 1396 3296 1444; x_wconf 90' lang='lat' dir='ltr'><strong>et</strong></span> <span class='ocrx_word' id='word_1_582' title='bbox 3319 1403 3534 1461; x_wconf 82' lang='lat' dir='ltr'><strong>semper</strong></span> <span class='ocrx_word' id='word_1_583' title='bbox 3556 1431 3572 1457; x_wconf 90' lang='lat'><strong>,</strong></span> <span class='ocrx_word' id='word_1_584' title='bbox 3597 1399 3652 1446; x_wconf 87' lang='lat' dir='ltr'><strong>et</strong></span> <span class='ocrx_word' id='word_1_585' title='bbox 3690 1391 3745 1445; x_wconf 91' lang='lat' dir='ltr'><strong>in</strong></span> <span class='ocrx_word' id='word_1_586' title='bbox 3777 1404 3889 1446; x_wconf 61' lang='lat' dir='ltr'><strong>suae</strong></span> 
     </span>
    </p>
   </div>
   <div class='ocr_carea' id='block_1_73' title="bbox 2285 1477 3000 1536">
    <p class='ocr_par' dir='ltr' id='par_1_73' title="bbox 2285 1477 3000 1536">
     <span class='ocr_line' id='line_1_73' title="bbox 2285 1477 3000 1536; baseline 0.006 -5"><span class='ocrx_word' id='word_1_587' title='bbox 2285 1477 2406 1532; x_wconf 86' lang='lat' dir='ltr'><strong>eula</strong></span> <span class='ocrx_word' id='word_1_588' title='bbox 2435 1480 2776 1534; x_wconf 68' lang='lat' dir='ltr'><strong>smculorum.</strong></span> <span class='ocrx_word' id='word_1_589' title='bbox 2808 1483 3000 1536; x_wconf 82' lang='lat' dir='ltr'><strong>Amen.</strong></span> 
     </span>
    </p>
   </div>
   <div class='ocr_carea' id='block_1_74' title="bbox 2858 1595 3303 1652">
    <p class='ocr_par' dir='ltr' id='par_1_74' title="bbox 2858 1595 3303 1652">
     <span class='ocr_line' id='line_1_74' title="bbox 2858 1595 3303 1652; baseline -0.002 -2"><span class='ocrx_word' id='word_1_590' title='bbox 2858 1595 3136 1651; x_wconf 63' lang='lat' dir='ltr'><strong>llULllLiA</strong></span> <span class='ocrx_word' id='word_1_591' title='bbox 3189 1596 3303 1652; x_wconf 78' lang='lat' dir='ltr'><strong>LX.</strong></span> 
     </span>
    </p>
   </div>
   <div class='ocr_carea' id='block_1_75' title="bbox 2287 1704 3895 1774">
    <p class='ocr_par' dir='ltr' id='par_1_75' title="bbox 2287 1704 3895 1774">
     <span class='ocr_line' id='line_1_75' title="bbox 2287 1704 3895 1774; baseline 0.002 -14"><span class='ocrx_word' id='word_1_592' title='bbox 2287 1704 2353 1760; x_wconf 83' lang='lat' dir='ltr'><strong>Et</strong></span> <span class='ocrx_word' id='word_1_593' title='bbox 2382 1705 2638 1774; x_wconf 71' lang='lat' dir='ltr'><strong>cedi/ican</strong></span> <span class='ocrx_word' id='word_1_594' title='bbox 2663 1706 2818 1760; x_wconf 86' lang='lat' dir='ltr'><strong>altari</strong></span> <span class='ocrx_word' id='word_1_595' title='bbox 2843 1708 3036 1762; x_wconf 74' lang='lat' dir='ltr'><strong>vocarit</strong></span> <span class='ocrx_word' id='word_1_596' title='bbox 3052 1725 3231 1762; x_wconf 81' lang='lat' dir='ltr'><strong>nomen</strong></span> <span class='ocrx_word' id='word_1_597' title='bbox 3253 1709 3352 1763; x_wconf 81' lang='lat' dir='ltr'><strong>loci</strong></span> <span class='ocrx_word' id='word_1_598' title='bbox 3374 1708 3568 1763; x_wconf 65' lang='lat' dir='ltr'><strong>Betae!</strong></span> <span class='ocrx_word' id='word_1_599' title='bbox 3588 1725 3606 1761; x_wconf 87' lang='lat'><strong><em>:</em></strong></span> <span class='ocrx_word' id='word_1_600' title='bbox 3626 1709 3734 1763; x_wconf 74' lang='lat' dir='ltr'><strong>illic</strong></span> <span class='ocrx_word' id='word_1_601' title='bbox 3753 1709 3895 1763; x_wconf 68' lang='lat' dir='ltr'><strong>enim</strong></span> 
     </span>
    </p>
   </div>
   <div class='ocr_carea' id='block_1_76' title="bbox 2356 1797 3897 1872">
    <p class='ocr_par' dir='ltr' id='par_1_76' title="bbox 2356 1797 3897 1872">
     <span class='ocr_line' id='line_1_76' title="bbox 2356 1797 3897 1872; baseline 0.003 -21"><span class='ocrx_word' id='word_1_602' title='bbox 2356 1799 2594 1869; x_wconf 83' lang='lat' dir='ltr'><strong>apparuit</strong></span> <span class='ocrx_word' id='word_1_603' title='bbox 2629 1801 2674 1853; x_wconf 89' lang='lat' dir='ltr'><strong>ei</strong></span> <span class='ocrx_word' id='word_1_604' title='bbox 2707 1797 2865 1862; x_wconf 82' lang='lat' dir='ltr'><strong>Deus,</strong></span> <span class='ocrx_word' id='word_1_605' title='bbox 2898 1817 3014 1853; x_wconf 89' lang='lat' dir='ltr'><strong>eunt</strong></span> <span class='ocrx_word' id='word_1_606' title='bbox 3045 1805 3240 1871; x_wconf 73' lang='lat' dir='ltr'><strong>fugeret</strong></span> <span class='ocrx_word' id='word_1_607' title='bbox 3283 1817 3314 1854; x_wconf 89' lang='lat' dir='ltr'><strong>a</strong></span> <span class='ocrx_word' id='word_1_608' title='bbox 3354 1801 3486 1872; x_wconf 79' lang='lat' dir='ltr'><strong>[acie</strong></span> <span class='ocrx_word' id='word_1_609' title='bbox 3531 1800 3673 1857; x_wconf 77' lang='lat' dir='ltr'><strong>Esai</strong></span> <span class='ocrx_word' id='word_1_610' title='bbox 3711 1803 3897 1871; x_wconf 80' lang='lat' dir='ltr'><strong>fratris</strong></span> 
     </span>
    </p>
   </div>
   <div class='ocr_carea' id='block_1_77' title="bbox 2353 1891 2886 1964">
    <p class='ocr_par' dir='ltr' id='par_1_77' title="bbox 2353 1891 2886 1964">
     <span class='ocr_line' id='line_1_77' title="bbox 2353 1891 2886 1964; baseline 0.002 -18"><span class='ocrx_word' id='word_1_611' title='bbox 2353 1893 2431 1946; x_wconf 77' lang='lat' dir='ltr'><strong>sui</strong></span> <span class='ocrx_word' id='word_1_612' title='bbox 2464 1891 2483 1964; x_wconf 96' lang='lat'><strong>(</strong></span> <span class='ocrx_word' id='word_1_613' title='bbox 2517 1891 2646 1949; x_wconf 82' lang='lat' dir='ltr'><strong>Gen.</strong></span> <span class='ocrx_word' id='word_1_614' title='bbox 2669 1891 2758 1948; x_wconf 75' lang='lat'><strong>35.</strong></span> <span class='ocrx_word' id='word_1_615' title='bbox 2789 1893 2820 1949; x_wconf 85' lang='lat'><strong>7</strong></span> <span class='ocrx_word' id='word_1_616' title='bbox 2848 1892 2886 1960; x_wconf 92' lang='lat'><strong>).</strong></span> 
     </span>
    </p>
   </div>
   <div class='ocr_carea' id='block_1_78' title="bbox 2359 2027 3897 2102">
    <p class='ocr_par' dir='ltr' id='par_1_78' title="bbox 2359 2027 3897 2102">
     <span class='ocr_line' id='line_1_78' title="bbox 2359 2027 3897 2102; baseline 0.001 -17"><span class='ocrx_word' id='word_1_617' title='bbox 2359 2030 2411 2085; x_wconf 81' lang='lat' dir='ltr'><strong>l.</strong></span> <span class='ocrx_word' id='word_1_618' title='bbox 2442 2028 2553 2098; x_wconf 78' lang='lat' dir='ltr'><strong>Age</strong></span> <span class='ocrx_word' id='word_1_619' title='bbox 2583 2037 2638 2084; x_wconf 94' lang='lat' dir='ltr'><strong>ct</strong></span> <span class='ocrx_word' id='word_1_620' title='bbox 2666 2027 2826 2083; x_wconf 91' lang='lat' dir='ltr'><strong>hodie</strong></span> <span class='ocrx_word' id='word_1_621' title='bbox 2849 2069 2864 2091; x_wconf 91' lang='lat'><strong>,</strong></span> <span class='ocrx_word' id='word_1_622' title='bbox 2902 2028 2946 2082; x_wconf 88' lang='lat' dir='ltr'><strong>si</strong></span> <span class='ocrx_word' id='word_1_623' title='bbox 2979 2028 3141 2094; x_wconf 87' lang='lat' dir='ltr'><strong>libet,</strong></span> <span class='ocrx_word' id='word_1_624' title='bbox 3171 2030 3412 2100; x_wconf 85' lang='lat' dir='ltr'><strong>repetitis</strong></span> <span class='ocrx_word' id='word_1_625' title='bbox 3455 2031 3518 2084; x_wconf 90' lang='lat' dir='ltr'><strong>iis</strong></span> <span class='ocrx_word' id='word_1_626' title='bbox 3565 2047 3683 2100; x_wconf 74' lang='lat' dir='ltr'><strong>qum</strong></span> <span class='ocrx_word' id='word_1_627' title='bbox 3717 2047 3897 2102; x_wconf 83' lang='lat' dir='ltr'><strong>nuper</strong></span> 
     </span>
    </p>
   </div>
   <div class='ocr_carea' id='block_1_79' title="bbox 2285 2119 3892 2192">
    <p class='ocr_par' dir='ltr' id='par_1_79' title="bbox 2285 2119 3892 2192">
     <span class='ocr_line' id='line_1_79' title="bbox 2285 2119 3892 2192; baseline 0.001 -15"><span class='ocrx_word' id='word_1_628' title='bbox 2285 2120 2546 2187; x_wconf 81' lang='lat' dir='ltr'><strong>diximus,</strong></span> <span class='ocrx_word' id='word_1_629' title='bbox 2593 2119 2660 2174; x_wconf 89' lang='lat' dir='ltr'><strong>ad</strong></span> <span class='ocrx_word' id='word_1_630' title='bbox 2701 2123 2977 2190; x_wconf 88' lang='lat' dir='ltr'><strong>sequentia</strong></span> <span class='ocrx_word' id='word_1_631' title='bbox 3004 2121 3159 2176; x_wconf 90' lang='lat' dir='ltr'><strong>vobis</strong></span> <span class='ocrx_word' id='word_1_632' title='bbox 3199 2122 3514 2192; x_wconf 86' lang='lat' dir='ltr'><strong>exponenda</strong></span> <span class='ocrx_word' id='word_1_633' title='bbox 3545 2121 3892 2179; x_wconf 82' lang='lat' dir='ltr'><strong>accedamus.</strong></span> 
     </span>
    </p>
   </div>
   <div class='ocr_carea' id='block_1_80' title="bbox 2292 2211 3893 2284">
    <p class='ocr_par' dir='ltr' id='par_1_80' title="bbox 2292 2211 3893 2284">
     <span class='ocr_line' id='line_1_80' title="bbox 2292 2211 3893 2284; baseline 0 -16"><span class='ocrx_word' id='word_1_634' title='bbox 2292 2212 2422 2268; x_wconf 79' lang='lat' dir='ltr'><strong>Nam</strong></span> <span class='ocrx_word' id='word_1_635' title='bbox 2451 2214 2613 2268; x_wconf 90' lang='lat' dir='ltr'><strong>etiam</strong></span> <span class='ocrx_word' id='word_1_636' title='bbox 2644 2211 2801 2266; x_wconf 88' lang='lat' dir='ltr'><strong>hodie</strong></span> <span class='ocrx_word' id='word_1_637' title='bbox 2833 2211 3056 2267; x_wconf 89' lang='lat' dir='ltr'><strong>historia</strong></span> <span class='ocrx_word' id='word_1_638' title='bbox 3082 2212 3249 2268; x_wconf 87' lang='lat' dir='ltr'><strong>Jacob</strong></span> <span class='ocrx_word' id='word_1_639' title='bbox 3277 2223 3399 2284; x_wconf 86' lang='lat' dir='ltr'><strong>apta</strong></span> <span class='ocrx_word' id='word_1_640' title='bbox 3427 2222 3515 2277; x_wconf 81' lang='lat' dir='ltr'><strong>est</strong></span> <span class='ocrx_word' id='word_1_641' title='bbox 3551 2213 3618 2268; x_wconf 86' lang='lat' dir='ltr'><strong>ad</strong></span> <span class='ocrx_word' id='word_1_642' title='bbox 3647 2228 3749 2268; x_wconf 87' lang='lat' dir='ltr'><strong>nos</strong></span> <span class='ocrx_word' id='word_1_643' title='bbox 3788 2214 3893 2268; x_wconf 80' lang='lat' dir='ltr'><strong>do-</strong></span> 
     </span>
    </p>
   </div>
   <div class='ocr_carea' id='block_1_81' title="bbox 2289 2303 3896 2375">
    <p class='ocr_par' dir='ltr' id='par_1_81' title="bbox 2289 2303 3896 2375">
     <span class='ocr_line' id='line_1_81' title="bbox 2289 2303 3896 2375; baseline 0.001 -16"><span class='ocrx_word' id='word_1_644' title='bbox 2289 2303 2517 2360; x_wconf 86' lang='lat' dir='ltr'><strong>cendum</strong></span> <span class='ocrx_word' id='word_1_645' title='bbox 2551 2303 2904 2374; x_wconf 88' lang='lat' dir='ltr'><strong>multiplicem</strong></span> <span class='ocrx_word' id='word_1_646' title='bbox 2955 2304 3048 2359; x_wconf 89' lang='lat' dir='ltr'><strong>Dei</strong></span> <span class='ocrx_word' id='word_1_647' title='bbox 3083 2304 3136 2359; x_wconf 89' lang='lat' dir='ltr'><strong>in</strong></span> <span class='ocrx_word' id='word_1_648' title='bbox 3169 2305 3321 2359; x_wconf 84' lang='lat' dir='ltr'><strong>illum</strong></span> <span class='ocrx_word' id='word_1_649' title='bbox 3362 2305 3760 2375; x_wconf 84' lang='lat' dir='ltr'><strong>providentiam</strong></span> <span class='ocrx_word' id='word_1_650' title='bbox 3787 2347 3801 2369; x_wconf 97' lang='lat'><strong>,</strong></span> <span class='ocrx_word' id='word_1_651' title='bbox 3837 2317 3896 2361; x_wconf 86' lang='lat' dir='ltr'><strong>et</strong></span> 
     </span>
    </p>
   </div>
   <div class='ocr_carea' id='block_1_82' title="bbox 2287 2395 3893 2466">
    <p class='ocr_par' dir='ltr' id='par_1_82' title="bbox 2287 2395 3893 2466">
     <span class='ocr_line' id='line_1_82' title="bbox 2287 2395 3893 2466; baseline 0.004 -19"><span class='ocrx_word' id='word_1_652' title='bbox 2287 2395 2559 2466; x_wconf 88' lang='lat' dir='ltr'><strong>quomodo</strong></span> <span class='ocrx_word' id='word_1_653' title='bbox 2582 2395 2729 2450; x_wconf 87' lang='lat' dir='ltr'><strong>illum</strong></span> <span class='ocrx_word' id='word_1_654' title='bbox 2755 2395 2867 2451; x_wconf 87' lang='lat' dir='ltr'><strong>suis</strong></span> <span class='ocrx_word' id='word_1_655' title='bbox 2898 2396 3344 2464; x_wconf 87' lang='lat' dir='ltr'><strong>promissionibus</strong></span> <span class='ocrx_word' id='word_1_656' title='bbox 3371 2399 3562 2452; x_wconf 80' lang='lat' dir='ltr'><strong>iterum</strong></span> <span class='ocrx_word' id='word_1_657' title='bbox 3594 2399 3893 2454; x_wconf 84' lang='lat' dir='ltr'><strong>ﬁrmaverit</strong></span> 
     </span>
    </p>
   </div>
   <div class='ocr_carea' id='block_1_83' title="bbox 2285 2489 3886 2560">
    <p class='ocr_par' dir='ltr' id='par_1_83' title="bbox 2285 2489 3886 2560">
     <span class='ocr_line' id='line_1_83' title="bbox 2285 2489 3886 2560; baseline 0.001 -17"><span class='ocrx_word' id='word_1_658' title='bbox 2285 2503 2643 2543; x_wconf 85' lang='lat' dir='ltr'><strong>remunerans</strong></span> <span class='ocrx_word' id='word_1_659' title='bbox 2663 2492 2780 2557; x_wconf 85' lang='lat' dir='ltr'><strong>ejus</strong></span> <span class='ocrx_word' id='word_1_660' title='bbox 2814 2490 3156 2558; x_wconf 84' lang='lat' dir='ltr'><strong>probitatem.</strong></span> <span class='ocrx_word' id='word_1_661' title='bbox 3191 2489 3482 2560; x_wconf 80' lang='lat' dir='ltr'><strong>Postquam</strong></span> <span class='ocrx_word' id='word_1_662' title='bbox 3527 2491 3670 2545; x_wconf 91' lang='lat' dir='ltr'><strong>enim</strong></span> <span class='ocrx_word' id='word_1_663' title='bbox 3719 2505 3886 2560; x_wconf 83' lang='lat' dir='ltr'><strong>supe-</strong></span> 
     </span>
    </p>
   </div>
   <div class='ocr_carea' id='block_1_84' title="bbox 2294 2579 3891 2652">
    <p class='ocr_par' dir='ltr' id='par_1_84' title="bbox 2294 2579 3891 2652">
     <span class='ocr_line' id='line_1_84' title="bbox 2294 2579 3891 2652; baseline 0 -17"><span class='ocrx_word' id='word_1_664' title='bbox 2294 2581 2408 2635; x_wconf 88' lang='lat' dir='ltr'><strong>rins</strong></span> <span class='ocrx_word' id='word_1_665' title='bbox 2439 2580 2670 2635; x_wconf 86' lang='lat' dir='ltr'><strong>narravit</strong></span> <span class='ocrx_word' id='word_1_666' title='bbox 2699 2579 2853 2634; x_wconf 90' lang='lat' dir='ltr'><strong>nobis</strong></span> <span class='ocrx_word' id='word_1_667' title='bbox 2876 2621 2891 2645; x_wconf 94' lang='lat'><strong>,</strong></span> <span class='ocrx_word' id='word_1_668' title='bbox 2915 2580 3183 2650; x_wconf 86' lang='lat' dir='ltr'><strong>quomodo</strong></span> <span class='ocrx_word' id='word_1_669' title='bbox 3223 2580 3517 2634; x_wconf 90' lang='lat' dir='ltr'><strong>secundum</strong></span> <span class='ocrx_word' id='word_1_670' title='bbox 3557 2591 3891 2652; x_wconf 59' lang='lat' dir='ltr'><strong>praeceptum</strong></span> 
     </span>
    </p>
   </div>
   <div class='ocr_carea' id='block_1_85' title="bbox 2288 2669 3893 2740">
    <p class='ocr_par' dir='ltr' id='par_1_85' title="bbox 2288 2669 3893 2740">
     <span class='ocr_line' id='line_1_85' title="bbox 2288 2669 3893 2740; baseline -0.002 -14"><span class='ocrx_word' id='word_1_671' title='bbox 2288 2670 2404 2736; x_wconf 89' lang='lat' dir='ltr'><strong>Dei,</strong></span> <span class='ocrx_word' id='word_1_672' title='bbox 2434 2669 2638 2725; x_wconf 88' lang='lat' dir='ltr'><strong>relictis</strong></span> <span class='ocrx_word' id='word_1_673' title='bbox 2680 2669 2910 2726; x_wconf 88' lang='lat' dir='ltr'><strong>Secimis</strong></span> <span class='ocrx_word' id='word_1_674' title='bbox 2939 2682 3160 2740; x_wconf 88' lang='lat' dir='ltr'><strong>propter</strong></span> <span class='ocrx_word' id='word_1_675' title='bbox 3209 2671 3442 2726; x_wconf 87' lang='lat' dir='ltr'><strong>facinora</strong></span> <span class='ocrx_word' id='word_1_676' title='bbox 3487 2672 3716 2726; x_wconf 89' lang='lat' dir='ltr'><strong>ﬁliorum</strong></span> <span class='ocrx_word' id='word_1_677' title='bbox 3757 2687 3893 2726; x_wconf 75' lang='lat' dir='ltr'><strong>suo-</strong></span> 
     </span>
    </p>
   </div>
   <div class='ocr_carea' id='block_1_86' title="bbox 2288 2761 3892 2830">
    <p class='ocr_par' dir='ltr' id='par_1_86' title="bbox 2288 2761 3892 2830">
     <span class='ocr_line' id='line_1_86' title="bbox 2288 2761 3892 2830; baseline -0.001 -12"><span class='ocrx_word' id='word_1_678' title='bbox 2288 2779 2430 2828; x_wconf 88' lang='lat' dir='ltr'><strong>rum,</strong></span> <span class='ocrx_word' id='word_1_679' title='bbox 2452 2761 2519 2816; x_wconf 88' lang='lat' dir='ltr'><strong>ad</strong></span> <span class='ocrx_word' id='word_1_680' title='bbox 2571 2761 2770 2816; x_wconf 82' lang='lat' dir='ltr'><strong>Luzam</strong></span> <span class='ocrx_word' id='word_1_681' title='bbox 2814 2762 3095 2816; x_wconf 80' lang='lat' dir='ltr'><strong>contendit</strong></span> <span class='ocrx_word' id='word_1_682' title='bbox 3129 2781 3141 2816; x_wconf 89' lang='lat'>:</span> <span class='ocrx_word' id='word_1_683' title='bbox 3183 2761 3250 2815; x_wconf 85' lang='lat' dir='ltr'><strong>Et</strong></span> <span class='ocrx_word' id='word_1_684' title='bbox 3277 2763 3535 2830; x_wconf 78' lang='lat' dir='ltr'><strong>trdiﬁcato</strong></span> <span class='ocrx_word' id='word_1_685' title='bbox 3573 2763 3727 2816; x_wconf 84' lang='lat' dir='ltr'><strong>altari</strong></span> <span class='ocrx_word' id='word_1_686' title='bbox 3757 2804 3772 2828; x_wconf 92' lang='lat'><strong>,</strong></span> <span class='ocrx_word' id='word_1_687' title='bbox 3804 2764 3892 2817; x_wconf 78' lang='lat' dir='ltr'><strong>iu-</strong></span> 
     </span>
    </p>
   </div>
   <div class='ocr_carea' id='block_1_87' title="bbox 2285 2852 3892 2926">
    <p class='ocr_par' dir='ltr' id='par_1_87' title="bbox 2285 2852 3892 2926">
     <span class='ocr_line' id='line_1_87' title="bbox 2285 2852 3892 2926; baseline 0 -17"><span class='ocrx_word' id='word_1_688' title='bbox 2285 2855 2424 2926; x_wconf 89' lang='lat' dir='ltr'><strong>quit,</strong></span> <span class='ocrx_word' id='word_1_689' title='bbox 2449 2855 2641 2909; x_wconf 76' lang='lat' dir='ltr'><strong>vocarit</strong></span> <span class='ocrx_word' id='word_1_690' title='bbox 2670 2871 2853 2909; x_wconf 86' lang='lat' dir='ltr'><strong>nomen</strong></span> <span class='ocrx_word' id='word_1_691' title='bbox 2884 2854 2983 2907; x_wconf 77' lang='lat' dir='ltr'><strong>lori</strong></span> <span class='ocrx_word' id='word_1_692' title='bbox 3009 2852 3208 2908; x_wconf 65' lang='lat' dir='ltr'><strong>Ba’thel</strong></span> <span class='ocrx_word' id='word_1_693' title='bbox 3239 2869 3256 2906; x_wconf 90' lang='lat'><strong><em>:</em></strong></span> <span class='ocrx_word' id='word_1_694' title='bbox 3289 2854 3396 2908; x_wconf 88' lang='lat' dir='ltr'><strong>illic</strong></span> <span class='ocrx_word' id='word_1_695' title='bbox 3420 2855 3554 2908; x_wconf 87' lang='lat' dir='ltr'><strong>enim</strong></span> <span class='ocrx_word' id='word_1_696' title='bbox 3581 2855 3822 2926; x_wconf 83' lang='lat' dir='ltr'><strong>apparuit</strong></span> <span class='ocrx_word' id='word_1_697' title='bbox 3844 2855 3892 2909; x_wconf 74' lang='lat' dir='ltr'><strong>ei</strong></span> 
     </span>
    </p>
   </div>
   <div class='ocr_carea' id='block_1_88' title="bbox 2291 2943 3890 3017">
    <p class='ocr_par' dir='ltr' id='par_1_88' title="bbox 2291 2943 3890 3017">
     <span class='ocr_line' id='line_1_88' title="bbox 2291 2943 3890 3017; baseline -0.002 -17"><span class='ocrx_word' id='word_1_698' title='bbox 2291 2945 2446 3011; x_wconf 81' lang='lat' dir='ltr'><strong>Deus,</strong></span> <span class='ocrx_word' id='word_1_699' title='bbox 2481 2961 2596 2999; x_wconf 80' lang='lat' dir='ltr'><strong>cunt</strong></span> <span class='ocrx_word' id='word_1_700' title='bbox 2626 2947 2825 3016; x_wconf 80' lang='lat' dir='ltr'><strong>fugeret</strong></span> <span class='ocrx_word' id='word_1_701' title='bbox 2851 2962 2883 2998; x_wconf 88' lang='lat' dir='ltr'><strong>a</strong></span> <span class='ocrx_word' id='word_1_702' title='bbox 2914 2945 3046 3017; x_wconf 78' lang='lat' dir='ltr'><strong>[acie</strong></span> <span class='ocrx_word' id='word_1_703' title='bbox 3071 2943 3214 3000; x_wconf 71' lang='lat' dir='ltr'><strong>Esau</strong></span> <span class='ocrx_word' id='word_1_704' title='bbox 3235 2946 3413 3017; x_wconf 76' lang='lat' dir='ltr'><strong>fratris</strong></span> <span class='ocrx_word' id='word_1_705' title='bbox 3433 2945 3533 2999; x_wconf 83' lang='lat' dir='ltr'><strong>sui.</strong></span> <span class='ocrx_word' id='word_1_706' title='bbox 3567 2946 3684 3014; x_wconf 83' lang='lat' dir='ltr'><strong>Quo</strong></span> <span class='ocrx_word' id='word_1_707' title='bbox 3713 2947 3890 3014; x_wconf 69' lang='lat' dir='ltr'><strong>itnpoo</strong></span> 
     </span>
    </p>
   </div>
   <div class='ocr_carea' id='block_1_89' title="bbox 2288 3038 3894 3108">
    <p class='ocr_par' dir='ltr' id='par_1_89' title="bbox 2288 3038 3894 3108">
     <span class='ocr_line' id='line_1_89' title="bbox 2288 3038 3894 3108; baseline 0 -14"><span class='ocrx_word' id='word_1_708' title='bbox 2288 3038 2373 3094; x_wconf 92' lang='lat' dir='ltr'><strong>rio</strong></span> <span class='ocrx_word' id='word_1_709' title='bbox 2423 3039 2562 3095; x_wconf 89' lang='lat' dir='ltr'><strong>Deus</strong></span> <span class='ocrx_word' id='word_1_710' title='bbox 2608 3039 2808 3108; x_wconf 86' lang='lat' dir='ltr'><strong>justum</strong></span> <span class='ocrx_word' id='word_1_711' title='bbox 2861 3039 3106 3093; x_wconf 86' lang='lat' dir='ltr'><strong>liberavit</strong></span> <span class='ocrx_word' id='word_1_712' title='bbox 3155 3054 3185 3092; x_wconf 91' lang='lat' dir='ltr'><strong>a</strong></span> <span class='ocrx_word' id='word_1_713' title='bbox 3234 3039 3425 3094; x_wconf 86' lang='lat' dir='ltr'><strong>timore</strong></span> <span class='ocrx_word' id='word_1_714' title='bbox 3468 3054 3575 3107; x_wconf 90' lang='lat' dir='ltr'><strong>quo</strong></span> <span class='ocrx_word' id='word_1_715' title='bbox 3603 3039 3894 3095; x_wconf 86' lang='lat' dir='ltr'><strong>tenebatur</strong></span> 
     </span>
    </p>
   </div>
   <div class='ocr_carea' id='block_1_90' title="bbox 2289 3129 3892 3202">
    <p class='ocr_par' dir='ltr' id='par_1_90' title="bbox 2289 3129 3892 3202">
     <span class='ocr_line' id='line_1_90' title="bbox 2289 3129 3892 3202; baseline 0.001 -18"><span class='ocrx_word' id='word_1_716' title='bbox 2289 3141 2508 3201; x_wconf 88' lang='lat' dir='ltr'><strong>propter</strong></span> <span class='ocrx_word' id='word_1_717' title='bbox 2536 3129 2745 3186; x_wconf 90' lang='lat' dir='ltr'><strong>occisos</strong></span> <span class='ocrx_word' id='word_1_718' title='bbox 2775 3129 3058 3186; x_wconf 85' lang='lat' dir='ltr'><strong>Secimitas</strong></span> <span class='ocrx_word' id='word_1_719' title='bbox 3091 3147 3105 3184; x_wconf 85' lang='lat'><strong>:</strong></span> <span class='ocrx_word' id='word_1_720' title='bbox 3141 3130 3403 3198; x_wconf 88' lang='lat' dir='ltr'><strong>immisit,</strong></span> <span class='ocrx_word' id='word_1_721' title='bbox 3447 3133 3654 3202; x_wconf 90' lang='lat' dir='ltr'><strong>inquit,</strong></span> <span class='ocrx_word' id='word_1_722' title='bbox 3703 3133 3754 3186; x_wconf 92' lang='lat' dir='ltr'><strong>iu</strong></span> <span class='ocrx_word' id='word_1_723' title='bbox 3789 3130 3892 3186; x_wconf 85' lang='lat' dir='ltr'><strong>ba-</strong></span> 
     </span>
    </p>
   </div>
   <div class='ocr_carea' id='block_1_91' title="bbox 2290 3221 3892 3290">
    <p class='ocr_par' dir='ltr' id='par_1_91' title="bbox 2290 3221 3892 3290">
     <span class='ocr_line' id='line_1_91' title="bbox 2290 3221 3892 3290; baseline -0.001 -13"><span class='ocrx_word' id='word_1_724' title='bbox 2290 3222 2550 3277; x_wconf 88' lang='lat' dir='ltr'><strong>bitatores</strong></span> <span class='ocrx_word' id='word_1_725' title='bbox 2579 3221 2790 3277; x_wconf 89' lang='lat' dir='ltr'><strong>illarum</strong></span> <span class='ocrx_word' id='word_1_726' title='bbox 2813 3221 3090 3276; x_wconf 88' lang='lat' dir='ltr'><strong>civitatum</strong></span> <span class='ocrx_word' id='word_1_727' title='bbox 3123 3234 3347 3290; x_wconf 84' lang='lat' dir='ltr'><strong>metum,</strong></span> <span class='ocrx_word' id='word_1_728' title='bbox 3391 3227 3460 3277; x_wconf 88' lang='lat' dir='ltr'><strong>ita</strong></span> <span class='ocrx_word' id='word_1_729' title='bbox 3498 3233 3557 3279; x_wconf 93' lang='lat' dir='ltr'><strong>ut</strong></span> <span class='ocrx_word' id='word_1_730' title='bbox 3600 3224 3749 3277; x_wconf 92' lang='lat' dir='ltr'><strong>illum</strong></span> <span class='ocrx_word' id='word_1_731' title='bbox 3783 3239 3892 3276; x_wconf 91' lang='lat' dir='ltr'><strong>non</strong></span> 
     </span>
    </p>
   </div>
   <div class='ocr_carea' id='block_1_92' title="bbox 2289 3315 3893 3387">
    <p class='ocr_par' dir='ltr' id='par_1_92' title="bbox 2289 3315 3893 3387">
     <span class='ocr_line' id='line_1_92' title="bbox 2289 3315 3893 3387; baseline -0.001 -16"><span class='ocrx_word' id='word_1_732' title='bbox 2289 3323 2758 3387; x_wconf 87' lang='lat' dir='ltr'><strong>persequerentur.</strong></span> <span class='ocrx_word' id='word_1_733' title='bbox 2791 3315 2924 3370; x_wconf 81' lang='lat' dir='ltr'><strong>Vide</strong></span> <span class='ocrx_word' id='word_1_734' title='bbox 2967 3315 3354 3385; x_wconf 86' lang='lat' dir='ltr'><strong>providentiam</strong></span> <span class='ocrx_word' id='word_1_735' title='bbox 3403 3316 3516 3382; x_wconf 86' lang='lat' dir='ltr'><strong>Dei,</strong></span> <span class='ocrx_word' id='word_1_736' title='bbox 3547 3325 3603 3370; x_wconf 90' lang='lat' dir='ltr'><strong>et</strong></span> <span class='ocrx_word' id='word_1_737' title='bbox 3634 3325 3893 3384; x_wconf 89' lang='lat' dir='ltr'><strong>quautant</strong></span> 
     </span>
    </p>
   </div>
   <div class='ocr_carea' id='block_1_93' title="bbox 2290 3407 3891 3479">
    <p class='ocr_par' dir='ltr' id='par_1_93' title="bbox 2290 3407 3891 3479">
     <span class='ocr_line' id='line_1_93' title="bbox 2290 3407 3891 3479; baseline -0.001 -17"><span class='ocrx_word' id='word_1_738' title='bbox 2290 3408 2485 3464; x_wconf 85' lang='lat' dir='ltr'><strong>habeat</strong></span> <span class='ocrx_word' id='word_1_739' title='bbox 2519 3408 2934 3465; x_wconf 87' lang='lat' dir='ltr'><strong>sollicitudinem</strong></span> <span class='ocrx_word' id='word_1_740' title='bbox 2977 3423 3076 3479; x_wconf 88' lang='lat' dir='ltr'><strong>pro</strong></span> <span class='ocrx_word' id='word_1_741' title='bbox 3109 3408 3299 3464; x_wconf 83' lang='lat' dir='ltr'><strong>Jacob.</strong></span> <span class='ocrx_word' id='word_1_742' title='bbox 3329 3407 3612 3463; x_wconf 86' lang='lat' dir='ltr'><strong>Concussit</strong></span> <span class='ocrx_word' id='word_1_743' title='bbox 3637 3450 3651 3472; x_wconf 94' lang='lat'><strong>,</strong></span> <span class='ocrx_word' id='word_1_744' title='bbox 3683 3408 3891 3478; x_wconf 87' lang='lat' dir='ltr'><strong>inquit,</strong></span> 
     </span>
    </p>
   </div>
   <div class='ocr_carea' id='block_1_94' title="bbox 2292 3499 3896 3572">
    <p class='ocr_par' dir='ltr' id='par_1_94' title="bbox 2292 3499 3896 3572">
     <span class='ocr_line' id='line_1_94' title="bbox 2292 3499 3896 3572; baseline -0.002 -15"><span class='ocrx_word' id='word_1_745' title='bbox 2292 3504 2482 3557; x_wconf 89' lang='lat' dir='ltr'><strong>timore</strong></span> <span class='ocrx_word' id='word_1_746' title='bbox 2503 3501 2710 3556; x_wconf 87' lang='lat' dir='ltr'><strong>animas</strong></span> <span class='ocrx_word' id='word_1_747' title='bbox 2740 3517 2926 3557; x_wconf 89' lang='lat' dir='ltr'><strong>eorum</strong></span> <span class='ocrx_word' id='word_1_748' title='bbox 2958 3503 3047 3572; x_wconf 89' lang='lat' dir='ltr'><strong>qui</strong></span> <span class='ocrx_word' id='word_1_749' title='bbox 3077 3502 3294 3567; x_wconf 61' lang='lat' dir='ltr'><strong>gicinas</strong></span> <span class='ocrx_word' id='word_1_750' title='bbox 3336 3502 3582 3556; x_wconf 85' lang='lat' dir='ltr'><strong>civitates</strong></span> <span class='ocrx_word' id='word_1_751' title='bbox 3623 3499 3896 3555; x_wconf 67' lang='lat' dir='ltr'><strong>inhabita-</strong></span> 
     </span>
    </p>
   </div>
   <div class='ocr_carea' id='block_1_95' title="bbox 2289 3593 3896 3664">
    <p class='ocr_par' dir='ltr' id='par_1_95' title="bbox 2289 3593 3896 3664">
     <span class='ocr_line' id='line_1_95' title="bbox 2289 3593 3896 3664; baseline -0.004 -15"><span class='ocrx_word' id='word_1_752' title='bbox 2289 3595 2440 3659; x_wconf 87' lang='lat' dir='ltr'><strong>baut,</strong></span> <span class='ocrx_word' id='word_1_753' title='bbox 2463 3602 2520 3649; x_wconf 91' lang='lat' dir='ltr'><strong>ut</strong></span> <span class='ocrx_word' id='word_1_754' title='bbox 2545 3609 2612 3648; x_wconf 91' lang='lat' dir='ltr'><strong>ne</strong></span> <span class='ocrx_word' id='word_1_755' title='bbox 2642 3603 3088 3664; x_wconf 81' lang='lat' dir='ltr'><strong>persequerentur</strong></span> <span class='ocrx_word' id='word_1_756' title='bbox 3145 3593 3294 3648; x_wconf 90' lang='lat' dir='ltr'><strong>illum</strong></span> <span class='ocrx_word' id='word_1_757' title='bbox 3324 3609 3338 3645; x_wconf 90' lang='lat'><strong>:</strong></span> <span class='ocrx_word' id='word_1_758' title='bbox 3381 3609 3502 3648; x_wconf 88' lang='lat' dir='ltr'><strong>nam</strong></span> <span class='ocrx_word' id='word_1_759' title='bbox 3539 3595 3779 3647; x_wconf 56' lang='lat' dir='ltr'><strong>fortassis</strong></span> <span class='ocrx_word' id='word_1_760' title='bbox 3813 3593 3896 3644; x_wconf 88' lang='lat' dir='ltr'><strong>ul-</strong></span> 
     </span>
    </p>
   </div>
   <div class='ocr_carea' id='block_1_96' title="bbox 2292 3684 3897 3758">
    <p class='ocr_par' dir='ltr' id='par_1_96' title="bbox 2292 3684 3897 3758">
     <span class='ocr_line' id='line_1_96' title="bbox 2292 3684 3897 3758; baseline -0.001 -19"><span class='ocrx_word' id='word_1_761' title='bbox 2292 3686 2422 3739; x_wconf 90' lang='lat' dir='ltr'><strong>cisei</strong></span> <span class='ocrx_word' id='word_1_762' title='bbox 2463 3685 2715 3758; x_wconf 82' lang='lat' dir='ltr'><strong>volebant</strong></span> <span class='ocrx_word' id='word_1_763' title='bbox 2753 3684 3054 3738; x_wconf 87' lang='lat' dir='ltr'><strong>Secimitas.</strong></span> <span class='ocrx_word' id='word_1_764' title='bbox 3105 3684 3210 3739; x_wconf 85' lang='lat' dir='ltr'><strong>Sed</strong></span> <span class='ocrx_word' id='word_1_765' title='bbox 3266 3689 3517 3753; x_wconf 89' lang='lat' dir='ltr'><strong>quoniam</strong></span> <span class='ocrx_word' id='word_1_766' title='bbox 3560 3684 3646 3736; x_wconf 89' lang='lat' dir='ltr'><strong>illa</strong></span> <span class='ocrx_word' id='word_1_767' title='bbox 3695 3694 3897 3752; x_wconf 55' lang='lat' dir='ltr'><strong>praeter</strong></span> 
     </span>
    </p>
   </div>
   <div class='ocr_carea' id='block_1_97' title="bbox 2288 3775 3895 3847">
    <p class='ocr_par' dir='ltr' id='par_1_97' title="bbox 2288 3775 3895 3847">
     <span class='ocr_line' id='line_1_97' title="bbox 2288 3775 3895 3847; baseline 0 -17"><span class='ocrx_word' id='word_1_768' title='bbox 2288 3775 2419 3847; x_wconf 86' lang='lat' dir='ltr'><strong>justi</strong></span> <span class='ocrx_word' id='word_1_769' title='bbox 2446 3777 2762 3831; x_wconf 89' lang='lat' dir='ltr'><strong>sententiam</strong></span> <span class='ocrx_word' id='word_1_770' title='bbox 2789 3775 2920 3830; x_wconf 90' lang='lat' dir='ltr'><strong>facta</strong></span> <span class='ocrx_word' id='word_1_771' title='bbox 2955 3776 3183 3842; x_wconf 84' lang='lat' dir='ltr'><strong>fuerant,</strong></span> <span class='ocrx_word' id='word_1_772' title='bbox 3210 3785 3265 3830; x_wconf 90' lang='lat' dir='ltr'><strong>et</strong></span> <span class='ocrx_word' id='word_1_773' title='bbox 3294 3775 3527 3847; x_wconf 84' lang='lat' dir='ltr'><strong>Sytneon</strong></span> <span class='ocrx_word' id='word_1_774' title='bbox 3554 3791 3617 3829; x_wconf 90' lang='lat' dir='ltr'><strong>ac</strong></span> <span class='ocrx_word' id='word_1_775' title='bbox 3646 3775 3772 3828; x_wconf 82' lang='lat' dir='ltr'><strong>Levi</strong></span> <span class='ocrx_word' id='word_1_776' title='bbox 3801 3792 3895 3830; x_wconf 64' lang='grc' dir='ltr'><strong>εον</strong></span> 
     </span>
    </p>
   </div>
   <div class='ocr_carea' id='block_1_98' title="bbox 2294 3867 3893 3933">
    <p class='ocr_par' dir='ltr' id='par_1_98' title="bbox 2294 3867 3893 3933">
     <span class='ocr_line' id='line_1_98' title="bbox 2294 3867 3893 3933; baseline -0.001 -10"><span class='ocrx_word' id='word_1_777' title='bbox 2294 3869 2432 3923; x_wconf 89' lang='lat' dir='ltr'><strong>roris</strong></span> <span class='ocrx_word' id='word_1_778' title='bbox 2461 3867 2709 3922; x_wconf 89' lang='lat' dir='ltr'><strong>violatam</strong></span> <span class='ocrx_word' id='word_1_779' title='bbox 2727 3868 3112 3922; x_wconf 89' lang='lat' dir='ltr'><strong>continentiam</strong></span> <span class='ocrx_word' id='word_1_780' title='bbox 3137 3868 3462 3923; x_wconf 87' lang='lat' dir='ltr'><strong>ulciscentes</strong></span> <span class='ocrx_word' id='word_1_781' title='bbox 3491 3867 3606 3922; x_wconf 69' lang='lat' dir='ltr'><strong>haec</strong></span> <span class='ocrx_word' id='word_1_782' title='bbox 3629 3868 3893 3933; x_wconf 81' lang='lat' dir='ltr'><strong>fecerant;</strong></span> 
     </span>
    </p>
   </div>
   <div class='ocr_carea' id='block_1_99' title="bbox 2296 3958 3894 4029">
    <p class='ocr_par' dir='ltr' id='par_1_99' title="bbox 2296 3958 3894 4029">
     <span class='ocr_line' id='line_1_99' title="bbox 2296 3958 3894 4029; baseline -0.001 -13"><span class='ocrx_word' id='word_1_783' title='bbox 2296 3975 2402 4016; x_wconf 92' lang='lat' dir='ltr'><strong>non</strong></span> <span class='ocrx_word' id='word_1_784' title='bbox 2428 3961 2600 4015; x_wconf 90' lang='lat' dir='ltr'><strong>solum</strong></span> <span class='ocrx_word' id='word_1_785' title='bbox 2630 3976 2750 4015; x_wconf 92' lang='lat' dir='ltr'><strong>eum</strong></span> <span class='ocrx_word' id='word_1_786' title='bbox 2787 3969 2843 4016; x_wconf 89' lang='lat' dir='ltr'><strong>et</strong></span> <span class='ocrx_word' id='word_1_787' title='bbox 2881 3959 3018 4014; x_wconf 88' lang='lat' dir='ltr'><strong>tilios</strong></span> <span class='ocrx_word' id='word_1_788' title='bbox 3047 3959 3165 4029; x_wconf 89' lang='lat' dir='ltr'><strong>ejus</strong></span> <span class='ocrx_word' id='word_1_789' title='bbox 3192 3974 3222 4012; x_wconf 92' lang='lat' dir='ltr'><strong>a</strong></span> <span class='ocrx_word' id='word_1_790' title='bbox 3263 3959 3432 4013; x_wconf 89' lang='lat' dir='ltr'><strong>nimio</strong></span> <span class='ocrx_word' id='word_1_791' title='bbox 3471 3958 3662 4014; x_wconf 88' lang='lat' dir='ltr'><strong>timore</strong></span> <span class='ocrx_word' id='word_1_792' title='bbox 3693 3959 3894 4014; x_wconf 83' lang='lat' dir='ltr'><strong>libera-</strong></span> 
     </span>
    </p>
   </div>
   <div class='ocr_carea' id='block_1_100' title="bbox 2295 4049 3896 4120">
    <p class='ocr_par' dir='ltr' id='par_1_100' title="bbox 2295 4049 3896 4120">
     <span class='ocr_line' id='line_1_100' title="bbox 2295 4049 3896 4120; baseline -0.001 -11"><span class='ocrx_word' id='word_1_793' title='bbox 2295 4057 2407 4120; x_wconf 88' lang='lat' dir='ltr'><strong>vit,</strong></span> <span class='ocrx_word' id='word_1_794' title='bbox 2438 4054 2531 4108; x_wconf 88' lang='lat' dir='ltr'><strong>sed</strong></span> <span class='ocrx_word' id='word_1_795' title='bbox 2579 4049 2699 4108; x_wconf 85' lang='lat' dir='ltr'><strong>illos</strong></span> <span class='ocrx_word' id='word_1_796' title='bbox 2751 4053 2912 4108; x_wconf 92' lang='lat' dir='ltr'><strong>etiam</strong></span> <span class='ocrx_word' id='word_1_797' title='bbox 2975 4053 3169 4108; x_wconf 89' lang='lat' dir='ltr'><strong>timore</strong></span> <span class='ocrx_word' id='word_1_798' title='bbox 3218 4054 3568 4117; x_wconf 87' lang='lat' dir='ltr'><strong>concutiens,</strong></span> <span class='ocrx_word' id='word_1_799' title='bbox 3611 4069 3642 4107; x_wconf 84' lang='lat' dir='ltr'><strong>a</strong></span> <span class='ocrx_word' id='word_1_800' title='bbox 3694 4062 3896 4108; x_wconf 87' lang='lat' dir='ltr'><strong>conatu</strong></span> 
     </span>
    </p>
   </div>
   <div class='ocr_carea' id='block_1_101' title="bbox 2296 4145 3894 4218">
    <p class='ocr_par' dir='ltr' id='par_1_101' title="bbox 2296 4145 3894 4218">
     <span class='ocr_line' id='line_1_101' title="bbox 2296 4145 3894 4218; baseline 0.001 -19"><span class='ocrx_word' id='word_1_801' title='bbox 2296 4145 2656 4218; x_wconf 84' lang='lat' dir='ltr'><strong>persequendi</strong></span> <span class='ocrx_word' id='word_1_802' title='bbox 2712 4147 2954 4200; x_wconf 85' lang='lat' dir='ltr'><strong>retraxit.</strong></span> <span class='ocrx_word' id='word_1_803' title='bbox 2989 4145 3212 4201; x_wconf 79' lang='lat' dir='ltr'><strong>Vidistis</strong></span> <span class='ocrx_word' id='word_1_804' title='bbox 3253 4156 3514 4217; x_wconf 88' lang='lat' dir='ltr'><strong>quantum</strong></span> <span class='ocrx_word' id='word_1_805' title='bbox 3564 4148 3632 4201; x_wconf 90' lang='lat' dir='ltr'><strong>sit</strong></span> <span class='ocrx_word' id='word_1_806' title='bbox 3679 4147 3774 4202; x_wconf 89' lang='lat' dir='ltr'><strong>niti</strong></span> <span class='ocrx_word' id='word_1_807' title='bbox 3807 4148 3894 4200; x_wconf 76' lang='lat' dir='ltr'><strong>tli-</strong></span> 
     </span>
    </p>
   </div>
   <div class='ocr_carea' id='block_1_102' title="bbox 2295 4236 3895 4307">
    <p class='ocr_par' dir='ltr' id='par_1_102' title="bbox 2295 4236 3895 4307">
     <span class='ocr_line' id='line_1_102' title="bbox 2295 4236 3895 4307; baseline 0.001 -17"><span class='ocrx_word' id='word_1_808' title='bbox 2295 4239 2420 4292; x_wconf 84' lang='lat' dir='ltr'><strong>vino</strong></span> <span class='ocrx_word' id='word_1_809' title='bbox 2467 4237 2760 4306; x_wconf 73' lang='lat' dir='ltr'><strong>prtesidio?</strong></span> <span class='ocrx_word' id='word_1_810' title='bbox 2788 4236 2919 4291; x_wconf 81' lang='lat' dir='ltr'><strong>Nam</strong></span> <span class='ocrx_word' id='word_1_811' title='bbox 2961 4237 3177 4307; x_wconf 89' lang='lat' dir='ltr'><strong>quando</strong></span> <span class='ocrx_word' id='word_1_812' title='bbox 3232 4238 3372 4292; x_wconf 90' lang='lat' dir='ltr'><strong>Deus</strong></span> <span class='ocrx_word' id='word_1_813' title='bbox 3406 4237 3559 4291; x_wconf 89' lang='lat' dir='ltr'><strong>nobis</strong></span> <span class='ocrx_word' id='word_1_814' title='bbox 3600 4238 3737 4292; x_wconf 88' lang='lat' dir='ltr'><strong>bene</strong></span> <span class='ocrx_word' id='word_1_815' title='bbox 3758 4237 3895 4292; x_wconf 63' lang='lat' dir='ltr'><strong>all&#39;eo</strong></span> 
     </span>
    </p>
   </div>
   <div class='ocr_carea' id='block_1_103' title="bbox 2294 4329 3895 4394">
    <p class='ocr_par' dir='ltr' id='par_1_103' title="bbox 2294 4329 3895 4394">
     <span class='ocr_line' id='line_1_103' title="bbox 2294 4329 3895 4394; baseline 0.001 -11"><span class='ocrx_word' id='word_1_816' title='bbox 2294 4340 2414 4384; x_wconf 89' lang='lat' dir='ltr'><strong>ctus</strong></span> <span class='ocrx_word' id='word_1_817' title='bbox 2473 4339 2573 4394; x_wconf 80' lang='lat' dir='ltr'><strong>est,</strong></span> <span class='ocrx_word' id='word_1_818' title='bbox 2608 4345 2640 4384; x_wconf 89' lang='lat' dir='ltr'><strong>e</strong></span> <span class='ocrx_word' id='word_1_819' title='bbox 2692 4329 2868 4384; x_wconf 90' lang='lat' dir='ltr'><strong>medio</strong></span> <span class='ocrx_word' id='word_1_820' title='bbox 2911 4331 3170 4384; x_wconf 89' lang='lat' dir='ltr'><strong>tolluntur</strong></span> <span class='ocrx_word' id='word_1_821' title='bbox 3219 4329 3479 4385; x_wconf 87' lang='lat' dir='ltr'><strong>terribilia</strong></span> <span class='ocrx_word' id='word_1_822' title='bbox 3509 4330 3711 4383; x_wconf 88' lang='lat' dir='ltr'><strong>omnia.</strong></span> <span class='ocrx_word' id='word_1_823' title='bbox 3742 4329 3895 4384; x_wconf 89' lang='lat' dir='ltr'><strong>Sicut</strong></span> 
     </span>
    </p>
   </div>
   <div class='ocr_carea' id='block_1_104' title="bbox 2296 4420 3894 4490">
    <p class='ocr_par' dir='ltr' id='par_1_104' title="bbox 2296 4420 3894 4490">
     <span class='ocr_line' id='line_1_104' title="bbox 2296 4420 3894 4490; baseline 0.001 -15"><span class='ocrx_word' id='word_1_824' title='bbox 2296 4424 2440 4475; x_wconf 85' lang='lat' dir='ltr'><strong>enim</strong></span> <span class='ocrx_word' id='word_1_825' title='bbox 2482 4420 2628 4490; x_wconf 86' lang='lat' dir='ltr'><strong>justo</strong></span> <span class='ocrx_word' id='word_1_826' title='bbox 2677 4422 2923 4474; x_wconf 88' lang='lat' dir='ltr'><strong>ﬁduciam</strong></span> <span class='ocrx_word' id='word_1_827' title='bbox 2956 4421 3140 4485; x_wconf 83' lang='lat' dir='ltr'><strong>dedit,</strong></span> <span class='ocrx_word' id='word_1_828' title='bbox 3192 4422 3263 4476; x_wconf 85' lang='lat' dir='ltr'><strong>ita</strong></span> <span class='ocrx_word' id='word_1_829' title='bbox 3314 4421 3421 4476; x_wconf 85' lang='lat' dir='ltr'><strong>illis</strong></span> <span class='ocrx_word' id='word_1_830' title='bbox 3465 4422 3616 4477; x_wconf 52' lang='lat' dir='ltr'><strong>dedit</strong></span> <span class='ocrx_word' id='word_1_831' title='bbox 3665 4433 3894 4477; x_wconf 88' lang='lat' dir='ltr'><strong>metunt.</strong></span> 
     </span>
    </p>
   </div>
   <div class='ocr_carea' id='block_1_105' title="bbox 2298 4511 3898 4583">
    <p class='ocr_par' dir='ltr' id='par_1_105' title="bbox 2298 4511 3898 4583">
     <span class='ocr_line' id='line_1_105' title="bbox 2298 4511 3898 4583; baseline 0.004 -19"><span class='ocrx_word' id='word_1_832' title='bbox 2298 4511 2586 4566; x_wconf 82' lang='lat' dir='ltr'><strong>Enimvero</strong></span> <span class='ocrx_word' id='word_1_833' title='bbox 2649 4513 2906 4566; x_wconf 84' lang='lat' dir='ltr'><strong>Dominus</strong></span> <span class='ocrx_word' id='word_1_834' title='bbox 2950 4529 3070 4567; x_wconf 88' lang='lat' dir='ltr'><strong>cum</strong></span> <span class='ocrx_word' id='word_1_835' title='bbox 3116 4515 3224 4577; x_wconf 90' lang='lat' dir='ltr'><strong>sit,</strong></span> <span class='ocrx_word' id='word_1_836' title='bbox 3273 4513 3454 4568; x_wconf 89' lang='lat' dir='ltr'><strong>omnia</strong></span> <span class='ocrx_word' id='word_1_837' title='bbox 3501 4523 3659 4583; x_wconf 87' lang='lat' dir='ltr'><strong>prout</strong></span> <span class='ocrx_word' id='word_1_838' title='bbox 3709 4517 3898 4570; x_wconf 79' lang='lat' dir='ltr'><strong>voluc-</strong></span> 
     </span>
    </p>
   </div>
   <div class='ocr_carea' id='block_1_106' title="bbox 2297 4603 3897 4675">
    <p class='ocr_par' dir='ltr' id='par_1_106' title="bbox 2297 4603 3897 4675">
     <span class='ocr_line' id='line_1_106' title="bbox 2297 4603 3897 4675; baseline 0.004 -19"><span class='ocrx_word' id='word_1_839' title='bbox 2297 4604 2364 4656; x_wconf 89' lang='lat' dir='ltr'><strong>rit</strong></span> <span class='ocrx_word' id='word_1_840' title='bbox 2409 4603 2587 4667; x_wconf 88' lang='lat' dir='ltr'><strong>vertit,</strong></span> <span class='ocrx_word' id='word_1_841' title='bbox 2639 4614 2694 4658; x_wconf 91' lang='lat' dir='ltr'><strong>et</strong></span> <span class='ocrx_word' id='word_1_842' title='bbox 2717 4605 3136 4672; x_wconf 83' lang='lat' dir='ltr'><strong>omnipotentem</strong></span> <span class='ocrx_word' id='word_1_843' title='bbox 3161 4621 3311 4660; x_wconf 89' lang='lat' dir='ltr'><strong>suam</strong></span> <span class='ocrx_word' id='word_1_844' title='bbox 3345 4606 3662 4675; x_wconf 88' lang='lat' dir='ltr'><strong>sapientiam</strong></span> <span class='ocrx_word' id='word_1_845' title='bbox 3695 4608 3747 4662; x_wconf 89' lang='lat' dir='ltr'><strong>in</strong></span> <span class='ocrx_word' id='word_1_846' title='bbox 3770 4623 3897 4664; x_wconf 78' lang='lat' dir='ltr'><strong>orn-</strong></span> 
     </span>
    </p>
   </div>
   <div class='ocr_carea' id='block_1_107' title="bbox 2294 4696 3896 4770">
    <p class='ocr_par' dir='ltr' id='par_1_107' title="bbox 2294 4696 3896 4770">
     <span class='ocr_line' id='line_1_107' title="bbox 2294 4696 3896 4770; baseline 0.005 -20"><span class='ocrx_word' id='word_1_847' title='bbox 2294 4696 2450 4750; x_wconf 90' lang='lat' dir='ltr'><strong>nibus</strong></span> <span class='ocrx_word' id='word_1_848' title='bbox 2477 4696 2734 4752; x_wconf 86' lang='lat' dir='ltr'><strong>declarat.</strong></span> <span class='ocrx_word' id='word_1_849' title='bbox 2769 4699 2846 4752; x_wconf 80' lang='lat' dir='ltr'><strong>Ac</strong></span> <span class='ocrx_word' id='word_1_850' title='bbox 2882 4698 3014 4752; x_wconf 90' lang='lat' dir='ltr'><strong>nihil</strong></span> <span class='ocrx_word' id='word_1_851' title='bbox 3055 4699 3247 4753; x_wconf 89' lang='lat' dir='ltr'><strong>fortius</strong></span> <span class='ocrx_word' id='word_1_852' title='bbox 3272 4710 3357 4764; x_wconf 82' lang='lat' dir='ltr'><strong>est</strong></span> <span class='ocrx_word' id='word_1_853' title='bbox 3381 4716 3448 4755; x_wconf 89' lang='lat' dir='ltr'><strong>eo</strong></span> <span class='ocrx_word' id='word_1_854' title='bbox 3478 4701 3568 4769; x_wconf 88' lang='lat' dir='ltr'><strong>qui</strong></span> <span class='ocrx_word' id='word_1_855' title='bbox 3603 4716 3896 4770; x_wconf 82' lang='lat' dir='ltr'><strong>supernam</strong></span> 
     </span>
    </p>
   </div>
   <div class='ocr_carea' id='block_1_108' title="bbox 2295 4791 3900 4859">
    <p class='ocr_par' dir='ltr' id='par_1_108' title="bbox 2295 4791 3900 4859">
     <span class='ocr_line' id='line_1_108' title="bbox 2295 4791 3900 4859; baseline 0.004 -15"><span class='ocrx_word' id='word_1_856' title='bbox 2295 4791 2397 4844; x_wconf 89' lang='lat' dir='ltr'><strong>sibi</strong></span> <span class='ocrx_word' id='word_1_857' title='bbox 2442 4791 2744 4845; x_wconf 90' lang='lat' dir='ltr'><strong>conciliavit</strong></span> <span class='ocrx_word' id='word_1_858' title='bbox 2773 4805 2952 4859; x_wconf 81' lang='lat' dir='ltr'><strong>opera,</strong></span> <span class='ocrx_word' id='word_1_859' title='bbox 3000 4792 3137 4846; x_wconf 83' lang='lat' dir='ltr'><strong>sicut</strong></span> <span class='ocrx_word' id='word_1_860' title='bbox 3167 4793 3327 4856; x_wconf 72' lang='lat' dir='ltr'><strong>etiam</strong></span> <span class='ocrx_word' id='word_1_861' title='bbox 3361 4794 3492 4848; x_wconf 92' lang='lat' dir='ltr'><strong>nihil</strong></span> <span class='ocrx_word' id='word_1_862' title='bbox 3533 4793 3799 4848; x_wconf 87' lang='lat' dir='ltr'><strong>inﬁrmius</strong></span> <span class='ocrx_word' id='word_1_863' title='bbox 3828 4808 3900 4850; x_wconf 83' lang='lat' dir='ltr'><strong>eo</strong></span> 
     </span>
    </p>
   </div>
   <div class='ocr_carea' id='block_1_109' title="bbox 2295 4881 3900 4954">
    <p class='ocr_par' dir='ltr' id='par_1_109' title="bbox 2295 4881 3900 4954">
     <span class='ocr_line' id='line_1_109' title="bbox 2295 4881 3900 4954; baseline 0.006 -22"><span class='ocrx_word' id='word_1_864' title='bbox 2295 4884 2384 4950; x_wconf 87' lang='lat' dir='ltr'><strong>qui</strong></span> <span class='ocrx_word' id='word_1_865' title='bbox 2417 4881 2505 4934; x_wconf 86' lang='lat' dir='ltr'><strong>illa</strong></span> <span class='ocrx_word' id='word_1_866' title='bbox 2559 4883 2796 4950; x_wconf 75' lang='lat' dir='ltr'><strong>privatus</strong></span> <span class='ocrx_word' id='word_1_867' title='bbox 2821 4891 2924 4936; x_wconf 89' lang='lat' dir='ltr'><strong>est.</strong></span> <span class='ocrx_word' id='word_1_868' title='bbox 2952 4881 3090 4937; x_wconf 84' lang='lat' dir='ltr'><strong>Ecce</strong></span> <span class='ocrx_word' id='word_1_869' title='bbox 3133 4884 3278 4937; x_wconf 89' lang='lat' dir='ltr'><strong>enim</strong></span> <span class='ocrx_word' id='word_1_870' title='bbox 3297 4884 3477 4953; x_wconf 85' lang='lat' dir='ltr'><strong>justus</strong></span> <span class='ocrx_word' id='word_1_871' title='bbox 3518 4885 3643 4950; x_wconf 90' lang='lat' dir='ltr'><strong>ille,</strong></span> <span class='ocrx_word' id='word_1_872' title='bbox 3692 4899 3900 4954; x_wconf 71' lang='lat' dir='ltr'><strong>paucos</strong></span> 
     </span>
    </p>
   </div>
   <div class='ocr_carea' id='block_1_110' title="bbox 2297 4973 3901 5045">
    <p class='ocr_par' dir='ltr' id='par_1_110' title="bbox 2297 4973 3901 5045">
     <span class='ocr_line' id='line_1_110' title="bbox 2297 4973 3901 5045; baseline 0.006 -20"><span class='ocrx_word' id='word_1_873' title='bbox 2297 4989 2524 5027; x_wconf 88' lang='lat' dir='ltr'><strong>numero</strong></span> <span class='ocrx_word' id='word_1_874' title='bbox 2568 4988 2749 5028; x_wconf 89' lang='lat' dir='ltr'><strong>secum</strong></span> <span class='ocrx_word' id='word_1_875' title='bbox 2783 4973 3003 5040; x_wconf 87' lang='lat' dir='ltr'><strong>habens,</strong></span> <span class='ocrx_word' id='word_1_876' title='bbox 3055 4976 3175 5045; x_wconf 89' lang='lat' dir='ltr'><strong>quia</strong></span> <span class='ocrx_word' id='word_1_877' title='bbox 3201 4977 3648 5032; x_wconf 89' lang='lat' dir='ltr'><strong>custodiebatura</strong></span> <span class='ocrx_word' id='word_1_878' title='bbox 3679 4979 3813 5041; x_wconf 88' lang='lat' dir='ltr'><strong>Deo,</strong></span> <span class='ocrx_word' id='word_1_879' title='bbox 3841 4988 3901 5035; x_wconf 88' lang='lat' dir='ltr'><strong>et</strong></span> 
     </span>
    </p>
   </div>
   <div class='ocr_carea' id='block_1_111' title="bbox 2298 5066 3897 5140">
    <p class='ocr_par' dir='ltr' id='par_1_111' title="bbox 2298 5066 3897 5140">
     <span class='ocr_line' id='line_1_111' title="bbox 2298 5066 3897 5140; baseline 0.004 -20"><span class='ocrx_word' id='word_1_880' title='bbox 2298 5066 2544 5121; x_wconf 85' lang='lat' dir='ltr'><strong>ﬁduciam</strong></span> <span class='ocrx_word' id='word_1_881' title='bbox 2583 5068 2812 5136; x_wconf 86' lang='lat' dir='ltr'><strong>accepit,</strong></span> <span class='ocrx_word' id='word_1_882' title='bbox 2839 5077 2892 5122; x_wconf 89' lang='lat' dir='ltr'><strong>et</strong></span> <span class='ocrx_word' id='word_1_883' title='bbox 2938 5069 3158 5122; x_wconf 88' lang='lat' dir='ltr'><strong>insidias</strong></span> <span class='ocrx_word' id='word_1_884' title='bbox 3191 5068 3376 5140; x_wconf 81' lang='lat' dir='ltr'><strong>eﬁ‘ugit</strong></span> <span class='ocrx_word' id='word_1_885' title='bbox 3404 5078 3419 5118; x_wconf 70' lang='grc' dir='ltr'>ε</span> <span class='ocrx_word' id='word_1_886' title='bbox 3449 5071 3522 5127; x_wconf 69' lang='lat' dir='ltr'><strong>illi</strong></span> <span class='ocrx_word' id='word_1_887' title='bbox 3547 5081 3746 5136; x_wconf 89' lang='lat' dir='ltr'><strong>autem,</strong></span> <span class='ocrx_word' id='word_1_888' title='bbox 3769 5087 3897 5127; x_wconf 85' lang='lat' dir='ltr'><strong>cum</strong></span> 
     </span>
    </p>
   </div>
   <div class='ocr_carea' id='block_1_112' title="bbox 2296 5159 3894 5232">
    <p class='ocr_par' dir='ltr' id='par_1_112' title="bbox 2296 5159 3894 5232">
     <span class='ocr_line' id='line_1_112' title="bbox 2296 5159 3894 5232; baseline 0.005 -21"><span class='ocrx_word' id='word_1_889' title='bbox 2296 5159 2448 5213; x_wconf 89' lang='lat' dir='ltr'><strong>multi</strong></span> <span class='ocrx_word' id='word_1_890' title='bbox 2475 5171 2677 5224; x_wconf 83' lang='lat' dir='ltr'><strong>essent,</strong></span> <span class='ocrx_word' id='word_1_891' title='bbox 2701 5169 2754 5214; x_wconf 92' lang='lat' dir='ltr'><strong>et</strong></span> <span class='ocrx_word' id='word_1_892' title='bbox 2778 5161 3078 5230; x_wconf 78' lang='lat' dir='ltr'><strong>conglobati</strong></span> <span class='ocrx_word' id='word_1_893' title='bbox 3100 5164 3525 5232; x_wconf 79' lang='lat' dir='ltr'><strong>conspirassent.</strong></span> <span class='ocrx_word' id='word_1_894' title='bbox 3548 5165 3679 5219; x_wconf 90' lang='lat' dir='ltr'><strong>nihil</strong></span> <span class='ocrx_word' id='word_1_895' title='bbox 3702 5180 3894 5219; x_wconf 78' lang='lat' dir='ltr'><strong>contui</strong></span> 
     </span>
    </p>
   </div>
   <div class='ocr_carea' id='block_1_113' title="bbox 2297 5253 3900 5326">
    <p class='ocr_par' dir='ltr' id='par_1_113' title="bbox 2297 5253 3900 5326">
     <span class='ocr_line' id='line_1_113' title="bbox 2297 5253 3900 5326; baseline 0.004 -21"><span class='ocrx_word' id='word_1_896' title='bbox 2297 5269 2416 5322; x_wconf 78' lang='lat' dir='ltr'><strong>qua:</strong></span> <span class='ocrx_word' id='word_1_897' title='bbox 2471 5253 2719 5307; x_wconf 84' lang='lat' dir='ltr'><strong>volebant</strong></span> <span class='ocrx_word' id='word_1_898' title='bbox 2753 5255 3003 5324; x_wconf 85' lang='lat' dir='ltr'><strong>operibus</strong></span> <span class='ocrx_word' id='word_1_899' title='bbox 3027 5257 3300 5325; x_wconf 66' lang='lat' dir='ltr'><strong>complere</strong></span> <span class='ocrx_word' id='word_1_900' title='bbox 3344 5265 3652 5326; x_wconf 81' lang='lat' dir='ltr'><strong>potuerunt.</strong></span> <span class='ocrx_word' id='word_1_901' title='bbox 3697 5255 3900 5311; x_wconf 79' lang='lat' dir='ltr'><strong>Factus</strong></span> 
     </span>
    </p>
   </div>
   <div class='ocr_carea' id='block_1_114' title="bbox 2298 5345 3897 5416">
    <p class='ocr_par' dir='ltr' id='par_1_114' title="bbox 2298 5345 3897 5416">
     <span class='ocr_line' id='line_1_114' title="bbox 2298 5345 3897 5416; baseline 0.003 -17"><span class='ocrx_word' id='word_1_902' title='bbox 2298 5355 2372 5399; x_wconf 83' lang='lat' dir='ltr'><strong>est</strong></span> <span class='ocrx_word' id='word_1_903' title='bbox 2402 5347 2553 5405; x_wconf 84' lang='lat' dir='ltr'><strong>enim,</strong></span> <span class='ocrx_word' id='word_1_904' title='bbox 2587 5345 2774 5414; x_wconf 90' lang='lat' dir='ltr'><strong>inquit,</strong></span> <span class='ocrx_word' id='word_1_905' title='bbox 2825 5348 2975 5402; x_wconf 80' lang='lat' dir='ltr'><strong>timor</strong></span> <span class='ocrx_word' id='word_1_906' title='bbox 3004 5347 3102 5402; x_wconf 90' lang='lat' dir='ltr'><strong>Dei</strong></span> <span class='ocrx_word' id='word_1_907' title='bbox 3143 5365 3296 5416; x_wconf 83' lang='lat' dir='ltr'><strong>super</strong></span> <span class='ocrx_word' id='word_1_908' title='bbox 3319 5349 3544 5404; x_wconf 80' lang='lat' dir='ltr'><strong>civitates</strong></span> <span class='ocrx_word' id='word_1_909' title='bbox 3580 5351 3632 5403; x_wconf 86' lang='lat' dir='ltr'><strong>in</strong></span> <span class='ocrx_word' id='word_1_910' title='bbox 3677 5350 3897 5404; x_wconf 83' lang='lat' dir='ltr'><strong>circuitu</strong></span> 
     </span>
    </p>
   </div>
   <div class='ocr_carea' id='block_1_115' title="bbox 2297 5435 3900 5509">
    <p class='ocr_par' dir='ltr' id='par_1_115' title="bbox 2297 5435 3900 5509">
     <span class='ocr_line' id='line_1_115' title="bbox 2297 5435 3900 5509; baseline 0.004 -19"><span class='ocrx_word' id='word_1_911' title='bbox 2297 5452 2491 5490; x_wconf 85' lang='lat' dir='ltr'><strong>earum.</strong></span> <span class='ocrx_word' id='word_1_912' title='bbox 2522 5435 2809 5508; x_wconf 84' lang='lat' dir='ltr'><strong>Postquam</strong></span> <span class='ocrx_word' id='word_1_913' title='bbox 2841 5438 3000 5509; x_wconf 88' lang='lat' dir='ltr'><strong>igitur</strong></span> <span class='ocrx_word' id='word_1_914' title='bbox 3037 5440 3212 5508; x_wconf 91' lang='lat' dir='ltr'><strong>justus</strong></span> <span class='ocrx_word' id='word_1_915' title='bbox 3241 5455 3271 5493; x_wconf 90' lang='lat' dir='ltr'><strong>a</strong></span> <span class='ocrx_word' id='word_1_916' title='bbox 3321 5441 3512 5494; x_wconf 87' lang='lat' dir='ltr'><strong>timore</strong></span> <span class='ocrx_word' id='word_1_917' title='bbox 3558 5445 3780 5495; x_wconf 88' lang='lat' dir='ltr'><strong>istorum</strong></span> <span class='ocrx_word' id='word_1_918' title='bbox 3830 5442 3900 5497; x_wconf 83' lang='lat' dir='ltr'><strong>li-</strong></span> 
     </span>
    </p>
   </div>
   <div class='ocr_carea' id='block_1_116' title="bbox 2297 5529 3897 5604">
    <p class='ocr_par' dir='ltr' id='par_1_116' title="bbox 2297 5529 3897 5604">
     <span class='ocr_line' id='line_1_116' title="bbox 2297 5529 3897 5604; baseline 0.004 -21"><span class='ocrx_word' id='word_1_919' title='bbox 2297 5529 2512 5584; x_wconf 89' lang='lat' dir='ltr'><strong>beratus</strong></span> <span class='ocrx_word' id='word_1_920' title='bbox 2561 5538 2678 5592; x_wconf 90' lang='lat' dir='ltr'><strong>est,</strong></span> <span class='ocrx_word' id='word_1_921' title='bbox 2711 5531 2832 5586; x_wconf 90' lang='lat' dir='ltr'><strong>vide</strong></span> <span class='ocrx_word' id='word_1_922' title='bbox 2869 5533 3060 5588; x_wconf 88' lang='lat' dir='ltr'><strong>iterum</strong></span> <span class='ocrx_word' id='word_1_923' title='bbox 3092 5531 3344 5588; x_wconf 89' lang='lat' dir='ltr'><strong>eximiam</strong></span> <span class='ocrx_word' id='word_1_924' title='bbox 3377 5534 3474 5589; x_wconf 79' lang='lat' dir='ltr'><strong>Dei</strong></span> <span class='ocrx_word' id='word_1_925' title='bbox 3525 5535 3897 5604; x_wconf 83' lang='lat' dir='ltr'><strong>clementiam,</strong></span> 
     </span>
    </p>
   </div>
   <div class='ocr_carea' id='block_1_117' title="bbox 2299 5623 3901 5691">
    <p class='ocr_par' dir='ltr' id='par_1_117' title="bbox 2299 5623 3901 5691">
     <span class='ocr_line' id='line_1_117' title="bbox 2299 5623 3901 5691; baseline 0.007 -18"><span class='ocrx_word' id='word_1_926' title='bbox 2299 5637 2457 5690; x_wconf 89' lang='lat' dir='ltr'><strong>quam</strong></span> <span class='ocrx_word' id='word_1_927' title='bbox 2487 5637 2610 5691; x_wconf 84' lang='lat' dir='ltr'><strong>erga</strong></span> <span class='ocrx_word' id='word_1_928' title='bbox 2634 5637 2755 5678; x_wconf 90' lang='lat' dir='ltr'><strong>eum</strong></span> <span class='ocrx_word' id='word_1_929' title='bbox 2782 5623 3092 5680; x_wconf 88' lang='lat' dir='ltr'><strong>declaravit.</strong></span> <span class='ocrx_word' id='word_1_930' title='bbox 3125 5626 3182 5683; x_wconf 80' lang='lat'><strong>9.</strong></span> <span class='ocrx_word' id='word_1_931' title='bbox 3219 5625 3370 5682; x_wconf 81' lang='lat' dir='ltr'><strong>Visus</strong></span> <span class='ocrx_word' id='word_1_932' title='bbox 3393 5638 3467 5682; x_wconf 91' lang='lat' dir='ltr'><strong>est</strong></span> <span class='ocrx_word' id='word_1_933' title='bbox 3494 5629 3628 5682; x_wconf 85' lang='lat' dir='ltr'><strong>enim</strong></span> <span class='ocrx_word' id='word_1_934' title='bbox 3665 5639 3712 5682; x_wconf 89' lang='lat' dir='ltr'><strong>et</strong></span> <span class='ocrx_word' id='word_1_935' title='bbox 3754 5625 3901 5684; x_wconf 72' lang='lat' dir='ltr'><strong>Deus</strong></span> 
     </span>
    </p>
   </div>
   <div class='ocr_carea' id='block_1_118' title="bbox 2300 5713 3901 5786">
    <p class='ocr_par' dir='ltr' id='par_1_118' title="bbox 2300 5713 3901 5786">
     <span class='ocr_line' id='line_1_118' title="bbox 2300 5713 3901 5786; baseline 0.007 -22"><span class='ocrx_word' id='word_1_936' title='bbox 2300 5713 2482 5765; x_wconf 80' lang='lat' dir='ltr'><strong>iterant</strong></span> <span class='ocrx_word' id='word_1_937' title='bbox 2526 5714 2579 5765; x_wconf 89' lang='lat' dir='ltr'><strong>in</strong></span> <span class='ocrx_word' id='word_1_938' title='bbox 2605 5713 2763 5766; x_wconf 78' lang='lat' dir='ltr'><strong>Lusa.</strong></span> <span class='ocrx_word' id='word_1_939' title='bbox 2791 5715 2968 5782; x_wconf 83' lang='lat' dir='ltr'><strong>Quare</strong></span> <span class='ocrx_word' id='word_1_940' title='bbox 3008 5717 3190 5786; x_wconf 89' lang='lat' dir='ltr'><strong>adjicit</strong></span> <span class='ocrx_word' id='word_1_941' title='bbox 3229 5718 3330 5773; x_wconf 88' lang='lat' dir='ltr'><strong>hoc</strong></span> <span class='ocrx_word' id='word_1_942' title='bbox 3378 5720 3622 5781; x_wconf 89' lang='lat' dir='ltr'><strong>verbum,</strong></span> <span class='ocrx_word' id='word_1_943' title='bbox 3656 5718 3901 5775; x_wconf 74' lang='lat' dir='ltr'><strong>lterum?</strong></span> 
     </span>
    </p>
   </div>
   <div class='ocr_carea' id='block_1_119' title="bbox 2302 5801 3897 5882">
    <p class='ocr_par' dir='ltr' id='par_1_119' title="bbox 2302 5801 3897 5882">
     <span class='ocr_line' id='line_1_119' title="bbox 2302 5801 3897 5882; baseline 0.004 -20"><span class='ocrx_word' id='word_1_944' title='bbox 2302 5801 2419 5862; x_wconf 71' lang='lat' dir='ltr'><strong>Non</strong></span> <span class='ocrx_word' id='word_1_945' title='bbox 2449 5803 2650 5875; x_wconf 86' lang='lat' dir='ltr'><strong>absque</strong></span> <span class='ocrx_word' id='word_1_946' title='bbox 2677 5819 2856 5872; x_wconf 85' lang='lat' dir='ltr'><strong>causa,</strong></span> <span class='ocrx_word' id='word_1_947' title='bbox 2888 5807 2981 5865; x_wconf 86' lang='lat' dir='ltr'><strong>sed</strong></span> <span class='ocrx_word' id='word_1_948' title='bbox 3012 5817 3068 5865; x_wconf 91' lang='lat' dir='ltr'><strong>ut</strong></span> <span class='ocrx_word' id='word_1_949' title='bbox 3110 5809 3306 5878; x_wconf 79' lang='lat' dir='ltr'><strong>discas,</strong></span> <span class='ocrx_word' id='word_1_950' title='bbox 3341 5824 3464 5866; x_wconf 77' lang='lat' dir='ltr'><strong>eum</strong></span> <span class='ocrx_word' id='word_1_951' title='bbox 3485 5811 3634 5882; x_wconf 89' lang='lat' dir='ltr'><strong>prius</strong></span> <span class='ocrx_word' id='word_1_952' title='bbox 3652 5808 3897 5869; x_wconf 85' lang='lat' dir='ltr'><strong>etiamin</strong></span> 
     </span>
    </p>
   </div>
  </div>
