4182 6322
217 435 334 492 521

220 548 335 598 huc
359 544 477 598 loco
498 543 547 598 ei
576 540 910 612 apparuisse,
934 535 1147 607 quando
1177 536 1383 605 fugiens
1402 534 1622 588 fratrem
1654 533 1705 586 in
1730 532 1837 586 Me-

217 636 589 704 sopotamiam
630 630 1006 687 contendebat.
1042 629 1221 696 Itaque
1260 634 1316 681 et
1362 638 1501 678 nunc
1539 626 1656 677 ait:
1690 623 1844 676 Sicut

220 738 360 781 tunc
392 728 537 780 visus
568 735 652 780 est
676 725 724 778 ei
751 724 989 785 abeunti,
1025 721 1094 773 ita
1115 729 1165 773 et
1188 733 1328 771 nunc
1357 716 1843 784 redeuntiapparet

217 818 281 873 in
317 818 509 873 eodem
543 817 681 878 loco,
700 824 755 869 et
778 816 1064 868 conﬁrmat
1085 809 1489 877 promissiones,
1515 820 1649 875 quas
1675 819 1842 873 quau-

216 908 300 962 do
331 909 464 963 abiit
490 924 614 961 cum
646 923 712 961 eo
744 907 889 968 fecit,
943 904 1043 956 boc
1068 913 1327 971 pra-stans
1354 910 1407 953 ut
1433 900 1606 968 justus
1637 897 1842 950 ﬁrmius

217 1000 345 1053 suis
380 999 829 1069 promissionibus
855 994 1124 1057 conﬁdat,
1156 1003 1210 1047 ct
1261 1009 1326 1045 ne
1360 1002 1579 1061 propter
1633 1002 1843 1057 tempus

222 1092 475 1146 medium
497 1091 738 1145 ﬂuctuet.
766 1089 829 1143 Et
857 1088 1261 1148 benedixitetuu,
1288 1085 1441 1151 10,”
1467 1085 1591 1135 dixit
1623 1083 1669 1135 ei
1692 1122 1704 1135 .
1741 1080 1844 1135 Νο-

217 1201 346 1237 men
374 1192 516 1236 tuum
544 1200 644 1235 non
673 1180 932 1235 vocabitur
958 1178 1096 1232 ultra
1117 1176 1301 1241 Iacob,
1331 1176 1419 1228 sed
1449 1173 1619 1227 Israel
1639 1174 1731 1225 erit
1753 1189 1844 1224 no-

219 1290 347 1327 men
380 1286 544 1326 tuam.
578 1274 908 1340 Quamquam
932 1270 1041 1336 jam
1070 1268 1271 1337 pridem
1295 1266 1395 1320 hoc
1437 1279 1628 1318 nomen
1658 1264 1705 1318 ei
1746 1266 1842 1318 de-

220 1364 409 1429 derat,
440 1380 563 1417 cum
595 1364 845 1417 transiret
874 1361 925 1413 in
956 1358 1182 1423 Jaboclt,
1223 1373 1408 1411 verum
1451 1355 1742 1423 majoribus
1765 1356 1844 1406 in-

221 1455 388 1508 diciis
438 1455 721 1507 certiorem
773 1452 985 1505 volebat
1023 1450 1225 1517 justum
1280 1447 1540 1508 reddere,
1598 1454 1652 1499 et
1699 1459 1842 1497 nunc

220 1546 479 1597 eamdem
510 1543 935 1597 benedictionem
967 1541 1015 1594 ci
1054 1540 1166 1604 dat,
1197 1548 1250 1592 et
1293 1538 1420 1591 dicit
1448 1555 1458 1588 :
1490 1536 1657 1590 Israel
1690 1553 1843 1589 voca-

216 1636 365 1687 bitur
406 1652 589 1688 nomen
622 1646 795 1699 luunt;
851 1634 934 1685 Η.
969 1642 1015 1684 et
1059 1646 1263 1693 cresce,
1310 1638 1355 1681 et
1396 1629 1842 1696 maltiplicare:ct

219 1737 403 1795 gentes
422 1737 470 1778 et
489 1726 905 1794 congregatione:
924 1722 1149 1792 gentium
1176 1730 1320 1772 eruat
1350 1735 1413 1773 ea:
1436 1728 1499 1781 te,
1540 1730 1587 1772 et
1616 1735 1759 1787 reget
1780 1730 1844 1773 es

224 1818 406 1869 (iambo
433 1828 521 1868 tuo
549 1816 840 1885 prodibant.
873 1813 1008 1867 Vide
1050 1812 1469 1883 magnitudinem
1504 1810 1838 1865 benedictio-

224 1908 335 1960 nis.
369 1906 488 1960 Non
518 1906 692 1959 solum
730 1904 861 1957 dicit
907 1918 1028 1957 eum
1079 1905 1130 1955 in
1187 1911 1387 1953 tantam
1448 1900 1839 1953 multitudinem

222 1997 663 2068 propagandttm,
686 1995 779 2050 sed
804 2004 859 2048 et
886 1994 1173 2063 gloriosum
1193 1990 1307 2046 fore
1333 1991 1448 2061 ejus
1476 2007 1659 2045 semen
1695 2007 1708 2043 :
1743 1991 1842 2043 lie-

223 2108 315 2161 gr‘s
333 2091 500 2151 enim,
527 2091 715 2157 inquit,
744 2105 806 2141 ea:
822 2086 1003 2140 lumbis
1030 2087 1128 2138 tuis
1149 2086 1508 2155 egredientar:
1544 2082 1841 2152 praedici-ns

224 2176 274 2228 ei
310 2176 541 2245 gloriam
574 2189 764 2228 eorum
812 2172 901 2241 qui
946 2187 1014 2225 ex
1048 2172 1163 2238 ipso
1202 2179 1379 2222 ortum
1413 2167 1623 2221 ducturi
1665 2176 1837 2221 erant.

228 2268 320 2319 12.
352 2264 418 2317 Et
441 2275 652 2328 terram,
705 2262 895 2331 inquit,
948 2277 1098 2330 quam
1142 2259 1362 2311 Abraltce
1405 2268 1450 2310 et
1504 2256 1654 2311 Isaac
1698 2258 1839 2320 dedi,

226 2360 321 2411 tibi
352 2359 474 2411 dedi
516 2374 648 2423 eam,
681 2367 727 2411 et
753 2356 932 2409 semini
962 2366 1048 2408 tuo
1073 2364 1184 2423 post
1214 2366 1262 2407 te
1312 2353 1444 2405 dabo
1473 2352 1837 2419 terram'hanc.

226 2452 499 2517 Quoniam
532 2459 750 2519 propter
778 2450 910 2503 facta
934 2449 984 2500 in
1015 2447 1239 2502 Sccimis
1267 2461 1296 2499 a
1319 2444 1589 2516 Symeone
1607 2454 1658 2497 et
1691 2443 1835 2507 Levi,

224 2542 448 2596 dicebat
479 2558 493 2593 :
534 2539 596 2593 In
626 2556 781 2609 parvo
808 2554 1017 2591 numero
1039 2555 1151 2590 sum
1169 2553 1282 2607 ego,
1311 2545 1355 2588 ct
1381 2535 1667 2605 congregati
1692 2550 1844 2601 super

227 2649 316 2684 me
343 2631 624 2701 pernitiem
654 2644 754 2692 me,
794 2640 839 2682 et
884 2627 1088 2680 delebor
1118 2643 1208 2697 ego
1238 2636 1284 2678 et
1321 2626 1502 2677 domus
1534 2641 1642 2677 mea
1684 2622 1839 2689 (Gen.

226 2724 323 2778 5b.
356 2721 483 2793 30);
515 2731 571 2776 et
618 2735 715 2789 per
757 2719 933 2772 omnia
968 2718 1299 2771 monstrabat
1353 2714 1841 2783 pusillanimitalent

226 2828 286 2872 et
319 2826 522 2871 metum
540 2829 644 2886 quo
666 2815 973 2867 tenebatur:
993 2820 1272 2881 propterea
1304 2808 1563 2877 benignus
1587 2806 1842 2859 Dominus

228 2924 377 2963 unite
404 2909 534 2962 dicit
553 2906 619 2960 ad
649 2921 772 2959 cum
800 2903 1094 2969 :Qnoniaui
1122 2899 1324 2962 dixisti,
1356 2898 1413 2951 ln
1433 2911 1596 2966 parvo
1620 2909 1843 2949 nmnero

228 3020 353 3060 sum
379 3045 394 3068 ,
424 3004 573 3058 disce
601 3001 836 3055 futurum
870 3012 990 3053 esse
1022 3008 1077 3049 ut
1104 3010 1347 3059 creseas,
1384 3002 1439 3046 et
1465 2989 1844 3061 multiplicetur

230 3113 422 3155 semen
473 3106 644 3161 tuum,
677 3104 731 3150 et
758 3094 829 3147 ita
854 3092 923 3146 sit
947 3090 1255 3161 gloriosum,
1306 3099 1363 3140 ut
1407 3083 1845 3153 congregationes

230 3193 475 3263 gentium
495 3197 553 3245 et
574 3201 728 3258 rcges
774 3202 838 3241 ex
871 3202 935 3239 co
976 3181 1574 3253 proditurisint;atque
1603 3177 1839 3229 futurum

232 3298 380 3349 65w,
414 3291 473 3336 ut
504 3294 608 3335 non
637 3278 813 3334 solum
845 3291 950 3330 non
978 3274 1248 3336 tlelearis,
1281 3270 1375 3325 sed
1404 3280 1454 3323 et
1498 3280 1551 3321 ιιι
1577 3276 1631 3322 et
1657 3280 1843 3320 semen

235 3386 385 3429 tuum
410 3386 628 3426 onmem
662 3378 859 3424 terram
887 3366 1024 3420 lianc
1064 3366 1116 3417 in
1147 3362 1498 3419 hereditatem
1540 3357 1834 3426 accipiatis.

238 3468 307 3523 Et
329 3465 483 3521 lactis
514 3465 562 3519 ei
589 3459 1037 3533 promissionibns
1064 3457 1200 3517 istis,
1237 3454 1324 3510 15.
1364 3453 1599 3507 Ascendit
1627 3449 1761 3504 Deus
1781 3451 1844 3504 ab

236 3577 320 3627 eo,
341 3577 407 3616 ea:
428 3559 539 3612 loco
562 3557 643 3611 ubi
668 3564 739 3611 est
764 3555 999 3622 loquutus
1028 3566 1140 3603 cum
1171 3549 1280 3604 illo.
1314 3546 1448 3600 Vide
1474 3554 1732 3615 quantum
1760 3551 1844 3595 at-

242 3660 548 3723 tcmperant
578 3665 637 3705 se.
656 3660 853 3702 nostra:
881 3642 1176 3699 inlirmitati
1206 3640 1399 3693 divina:
1422 3636 1710 3706 Scriptura:
1728 3650 1846 3687 ver-

240 3746 330 3801 ba.
359 3742 636 3800 Adscendit
657 3741 820 3800 enim,
851 3736 1041 3806 inquit,
1084 3732 1218 3787 Dens
1260 3733 1324 3785 ab
1353 3747 1411 3784 eo
1444 3745 1458 3781 :
1492 3737 1679 3782 nonut
1723 3727 1843 3781 loco

238 3834 491 3893 concludi
516 3833 887 3887 existimemus
921 3829 1086 3882 Deum
1109 3865 1124 3889 ,
1160 3823 1253 3879 sed
1287 3832 1343 3875 ut
1393 3836 1488 3891 per
1533 3820 1635 3873 hoc
1684 3820 1844 3872 ctiam

240 3929 359 4001 ejus
385 3926 710 3983 inell‘abilem
740 3923 1008 3977 tlisc:.nuts
1034 3917 1374 3975 clementiam
1401 3931 1415 3967 :
1446 3913 1677 3983 Spiritus
1703 3911 1845 3966 enim

240 4019 409 4092 gratia
424 4034 484 4075 se
498 4017 564 4073 ad
582 4015 941 4071 inﬁrmitatem
966 4019 1201 4067 nostram
1225 4008 1513 4063 demittcns
1528 4003 1706 4060 omnia
1725 4018 1851 4057 nar-

244 4112 545 4170 raresolct.
576 4107 911 4164 Descendcre
935 4106 1098 4168 enim,
1127 4112 1182 4158 et
1208 4099 1526 4164 ascendere,
1569 4096 1847 4167 indignum

248 4205 357 4259 Deo
372 4210 476 4267 est;
500 4201 594 4257 sed
625 4200 747 4271 quia
772 4197 1156 4251 maximumest
1185 4191 1464 4247 inell'abilis
1483 4190 1601 4257 ejus
1612 4188 1851 4243 clemen-

248 4297 336 4351 tia:
352 4291 776 4362 indieium,qnod
797 4299 1013 4360 propter
1023 4280 1258 4341 nostrain
1276 4281 1635 4340 eruditionem
1657 4278 1849 4335 talibus

249 4388 330 4443 uti
366 4386 547 4443 verbis
582 4386 865 4456 dignetur,
896 4392 1176 4453 propterea
1234 4375 1481 4431 humanis
1528 4372 1850 4429 dictionibus

252 4480 443 4545 utitur,
471 4477 595 4549 quia
629 4476 868 4544 alioquin
898 4469 1228 4538 impossibile
1252 4478 1368 4523 erat
1391 4467 1655 4521 humanas
1693 4477 1850 4519 aures

250 4569 395 4625 ferre
417 4567 701 4623 verborum
728 4562 1130 4628 sublimitatem,
1152 4560 1195 4616 si
1217 4557 1510 4614 secundum
1536 4554 1850 4626 dignitatem

257 4660 467 4718 Domini
490 4658 631 4714 dicta
661 4664 866 4713 essent.

327 4839 382 4895 2.
422 4836 574 4908 Quod
600 4833 920 4905 cogitantes,
951 4842 1241 4899 numquam
1262 4826 1316 4881 in
1337 4824 1635 4879 humilitate
1660 4820 1855 4876 verbo-

257 4947 377 4993 rum
407 4930 726 4992 htcreamus,
755 4924 849 4982 sed
877 4933 930 4981 et
958 4933 1170 4994 propter
1199 4920 1301 4975 hoc
1316 4918 1643 4973 admiremur
1670 4915 1858 4969 inclia-

259 5022 422 5080 bilem
457 5021 577 5090 ejus
601 5018 913 5079 bonitatem,
936 5013 1078 5085 quod
1118 5027 1295 5082 neque
1321 5010 1390 5066 ab
1426 5009 1527 5064 hac
1558 5007 1856 5062 humilitate

260 5115 551 5178 abhorreat
576 5118 796 5184 pr0ptcr
815 5106 1237 5163 imbecillitatem
1266 5112 1473 5158 natum
1494 5110 1714 5156 nostrae.
1747 5098 1853 5154 Sed

263 5206 385 5261 vide
408 5206 612 5275 justum
648 5200 795 5254 illum
820 5198 1013 5252 iterum
1042 5194 1177 5265 grati
1207 5193 1369 5247 animi
1417 5191 1570 5261 signa
1609 5189 1849 5245 dantem.

311 5300 355 5353 ι.
386 5295 560 5350 Erexit
580 5293 746 5355 enim,
778 5288 982 5358 inquit,
1013 5283 1175 5339 Jacob
1208 5284 1494 5338 columnam
1524 5282 1779 5351 lapideam
1805 5281 1858 5332 in

268 5392 398 5451 loco,
420 5388 475 5439 in
498 5399 599 5455 quo
620 5383 856 5452 loquutus
878 5387 949 5432 est
982 5392 1098 5430 cum
1135 5389 1194 5429 eo
1224 5373 1395 5437 Dens,
1427 5381 1473 5426 et
1522 5370 1693 5425 libavit
1727 5371 1769 5423 ei
1798 5369 1861 5423 li-

265 5480 538 5539 irationem,
563 5485 610 5530 et
634 5470 915 5545 superfudit
941 5469 1125 5534 oleum,
1152 5466 1234 5521 l5.
1258 5474 1305 5519 et
1334 5464 1525 5518 vocavit
1554 5478 1734 5515 nomen
1764 5460 1861 5514 loci

267 5577 321 5631 in
346 5572 702 5641 malequam
745 5572 816 5620 est
856 5578 971 5617 cum
995 5576 1087 5625 eo,
1133 5557 1349 5613 Bwtltet.
1396 5555 1710 5622 Considera,
1740 5569 1859 5617 oro,

270 5661 541 5737 quomodo
578 5660 633 5713 in
678 5655 988 5711 nominibus
1018 5651 1258 5705 locorum
1299 5646 1611 5702 memoriam
1644 5643 1864 5700 immor-

274 5732 429 5813 talem
460 5746 845 5807 beneﬁciorum
869 5749 1111 5813 reponat,
1145 5750 1201 5794 ιιι
1225 5748 1281 5793 et
1330 5737 1559 5811 posteris
1583 5732 1864 5791 manifesta

274 5849 364 5907 list
388 5844 551 5910 visio.
591 5852 696 5912 qua
717 5837 894 5909 justus
936 5834 1005 5890 ibi
1033 5833 1279 5905 dignatus
1305 5828 1421 5885 fuit.
1460 5828 1547 5887 lii.
1576 5826 1643 5883 Et
1685 5830 1863 5898 profe-

1241 425 1304 481 lN
1342 426 1494 480 CAP.
1541 423 1760 479 XXXV.
1802 422 2045 477 CENES.
2094 422 2323 478 HOMIL.
2368 422 2481 478 LX.

3450 423 3555 479 Si“!

1949 545 2078 591 ctus.
2111 535 2298 603 inquit,
2329 534 2490 587 Jaccb
2514 532 2625 597 ﬁxit
2649 533 3340 589 tabernacnmmsnmnultra
3364 545 3556 589 turrem

1951 624 2139 678 Gader.
2175 626 2413 681 Ulterius
2437 628 2632 680 iterum
2662 626 2904 696 procedit
2924 627 3101 695 justus
3126 632 3385 682 anhelans
3417 644 3537 695 pau-

1950 718 2097 770 latim
2141 719 2327 772 venire
2354 719 2419 771 ad
2467 718 2644 772 locmn
2687 718 2773 772 ubi
2806 718 3077 773 habitabat
3124 719 3290 773 Isaac.
3324 721 3552 786 Deinde.

1951 808 2140 877 inquit,
2170 811 2389 874 Quando
2412 811 2835 881 appmpinqnavit
2868 808 3225 866 ntiutrarett'n
3246 810 3553 879 Eji/irallta‘

1955 900 2147 953 liae/te!
2178 901 2436 955 laborabat
2464 902 2515 952 in
2539 912 2714 970 parta.
2750 902 2829 955 l7.
2858 901 2921 954 Et
2948 906 3139 971 factum
3170 913 3244 955 est
3280 920 3392 956 cum
3420 904 3553 975 (li/ﬁ-

1948 990 2108 1043 culter
2144 1002 2341 1058 pareret
2363 1034 2377 1052 ,
2411 992 2540 1045 dixit
2571 994 2615 1045 ei
2641 992 2913 1057 obstetrix,
2944 995 3157 1060 Con/ide
3189 1011 3203 1049 :
3236 996 3417 1049 etenim
3471 998 3553 1051 hic

1950 1081 2039 1133 tibi
2062 1092 2134 1134 est
2154 1083 2309 1149 ﬁlius.
2336 1082 2413 1137 Nc
2435 1085 2509 1137 sis
2535 1085 2712 1147 anxia,
2741 1086 2905 1153 inquit
2934 1102 2946 1136 :
2978 1087 3152 1153 paries
3180 1081 3323 1139 cnim
3360 1087 3549 1141 tilium.

1948 1170 2081 1224 Nam
2126 1172 2249 1224 licet
2278 1181 2326 1226 te
2353 1174 2592 1227 crucient
2624 1174 2871 1238 do!ores,
2908 1186 3279 1229 verumtamen
3329 1175 3553 1230 habebis
3586 1230 3589 1231 ,

1948 1262 2135 1315 lilium.
2165 1263 2250 1316 l8.
2283 1262 2500 1316 Factum
2528 1274 2600 1316 est
2654 1276 2846 1326 autem,
2891 1266 3093 1334 inquit,
3131 1282 3247 1317 cum
3289 1266 3551 1321 exhalaret

1949 1354 2171 1404 animam
2201 1370 2373 1416 suam,
2410 1356 2716 1407 moriebatur
2744 1357 2904 1417 enim,
2936 1358 3126 1407 coaluit
3164 1373 3343 1409 nomen
3375 1360 3549 1424 pueri,

1952 1444 2123 1497 Filius
2154 1447 2345 1499 doloris
2374 1449 2469 1499 mei
2504 1464 2521 1501 :
2548 1459 2695 1515 pater
2717 1460 2883 1502 autem
2912 1452 3018 1519 ejus
3051 1452 3239 1504 t'ocaeit
3281 1468 3393 1503 eum
3416 1452 3552 1505 Bett-

1938 1537 2131 1603 jamin.
2168 1536 2257 1589 Illa
2289 1538 2502 1605 quidem
2556 1554 2749 1591 nomen
2779 1541 2825 1593 ci
2872 1541 3013 1593 dedit
3041 1557 3106 1594 ex
3165 1542 3229 1595 iis
3276 1558 3395 1610 qua:
3448 1540 3549 1596 sibi

1948 1628 2275 1692 acciderant,
2320 1640 2473 1696 pater
2500 1640 2679 1682 autem
2713 1630 2988 1697 Benjaniin
3028 1632 3197 1699 ipsum
3231 1634 3456 1685 vocavit.
3487 1632 3551 1686 Et

1950 1729 2229 1787 postquam
2261 1721 2486 1788 peperit,
2509 1722 2696 1789 inquit,
2734 1722 2814 1776 l9.
2854 1721 3057 1775 Mortua
3081 1735 3173 1785 est,
3200 1732 3244 1775 et
3265 1724 3465 1791 sepulta
3495 1723 3549 1776 in

1948 1812 2027 1862 via
2059 1809 2486 1878 Ephrathaﬁawc
2501 1818 2578 1860 est
2596 1806 2922 1865 Betlileliem.
2954 1812 3046 1866 20.
3094 1812 3158 1865 Et
3187 1813 3343 1867 erexit
3385 1812 3552 1868 Jacob

1948 1904 2149 1959 titulum
2171 1918 2323 1971 super
2357 1903 2661 1970 sepulcrum.
2716 1902 2998 1956 Minroretn
3043 1920 3204 1973 quem
3250 1921 3318 1958 ex
3372 1917 3550 1960 morte

1949 1992 2197 2047 Racbelis
2223 2004 2567 2060 eoneepcrat,
2601 1994 2859 2062 mitigavit
2888 2003 3043 2049 natus
3070 2012 3229 2064 puer,
3263 2004 3317 2049 et
3368 1996 3547 2051 elTecit

1947 2087 2201 2154 utjustus
2228 2084 2479 2137 llaebvlis
2530 2095 2755 2139 inortem
2791 2100 2948 2152 inquo
2990 2086 3153 2139 ferret
3188 2086 3392 2140 animo.
3441 2086 3548 2142 Sed

1947 2176 2069 2230 hinc
2089 2176 2325 2231 suceedit
2353 2175 2541 2228 Ruben
2567 2176 2860 2230 temeritas.
2888 2176 2961 2229 22
3001 2177 3135 2229 Abiit
3164 2178 3322 2245 enim,
3355 2178 3548 2247 inquit,

1947 2280 1994 2321 et
2024 2269 2260 2321 dormivit
2281 2284 2396 2320 cum
2423 2267 2573 2321 Balla
2608 2268 2889 2321 concubina
2931 2270 3091 2335 patris
3120 2269 3199 2322 sui
3224 2286 3242 2323 :
3270 2280 3317 2323 et
3356 2272 3550 2323 andieit

1948 2359 2136 2425 lsrael,
2163 2370 2209 2412 et
2234 2361 2423 2413 malum
2450 2360 2607 2414 visum
2630 2369 2700 2412 est
2727 2376 2901 2413 coram
2924 2377 3004 2414 eo.
3040 2360 3165 2415 Erat
3210 2363 3353 2415 enim
3397 2363 3552 2418 valde

1947 2450 2207 2505 nefarium
2258 2450 2484 2504 facinus.
2515 2448 2639 2504 Ideo
2668 2465 2850 2519 portica
2890 2450 3162 2521 lcgislator
3207 2453 3380 2506 M--ses
3430 2470 3551 2523 pro-

1950 2542 2140 2605 hibuit,
2192 2556 2258 2595 ne
2299 2552 2451 2610 pater
2480 2554 2527 2594 et
2577 2540 2716 2594 ﬁlius
2752 2556 2875 2594 cum
2917 2541 3107 2595 eadem
3160 2558 3272 2596 rem
3321 2544 3553 2599 habeant

1948 2631 2131 2703 (Lavit.
2158 2632 2244 2687 l8.
2279 2632 2355 2702 8).
2397 2631 2530 2685 Nam
2566 2642 2624 2685 ut
2676 2648 2742 2685 ne
2787 2633 2985 2686 sensim
3021 2634 3414 2704 progrediendo
3464 2650 3553 2691 res

1948 2724 2050 2778 illis
2077 2724 2127 2776 in
2156 2724 2598 2777 consuettnlinem
2627 2733 2878 2787 verteret,
2910 2725 3021 2792 jam
3076 2736 3233 2779 antea
3278 2726 3553 2795 legis-lator

1948 2816 2192 2885 reprimit
2213 2831 2306 2869 eos
2327 2858 2340 2880 ,
2375 2830 2544 2885 pmua:
2592 2816 2854 2871 olmoxios
2880 2832 2973 2871 eos
3012 2818 3102 2887 qui
3136 2820 3258 2872 talia
3290 2820 3555 2875 auderent

1947 2909 2291 2963 denuntians.
2322 2911 2569 2961 Attamen
2603 2908 2651 2961 id
2708 2923 2850 2963 nunc
2882 2919 3163 2965 ntansuete
3201 2912 3322 2964 tulit
3369 2912 3550 2979 ju~tna

1949 3001 2176 3055 naturali
2208 3016 2391 3055 amore
2437 3001 2627 3053 victus.
2672 2999 2863 3055 Pestea
2899 3010 3080 3055 autem
3111 3018 3233 3055 cum
3259 3005 3553 3073 congratu-

1948 3106 2041 3146 rus
2068 3101 2212 3146 esset
2253 3107 2317 3144 ex
2370 3090 2469 3143 bac
2492 3090 2619 3149 vita,
2658 3090 2823 3143 ﬁlium
2855 3100 3157 3160 vntuperat,
3183 3103 3237 3147 et
3290 3094 3549 3162 ﬂagitium

1948 3184 2066 3251 ejus
2098 3183 2298 3252 scripto
2324 3181 2458 3235 tradi
2485 3190 2677 3247 curat,
2711 3180 3041 3235 malediceus
3065 3183 3114 3236 ei
3136 3223 3151 3249 ,
3200 3192 3259 3236 ut
3285 3192 3336 3237 et
3369 3184 3551 3240 ueteri

1952 3276 2098 3331 illius
2132 3290 2287 3346 ptena
2310 3274 2745 3328 emendat-catur.
2766 3272 2863 3329 llic
2889 3274 3039 3328 nobis
3057 3284 3242 3346 postea
3273 3286 3555 3334 enumerat

1951 3369 2087 3422 ﬁlios
2116 3366 2284 3423 Jacob
2305 3367 2491 3421 beatus
2518 3366 2691 3420 Moses
2719 3380 2733 3419 :
2766 3380 2830 3420 ac
2859 3382 2953 3436 per
2977 3383 3039 3421 ea
3075 3383 3193 3437 qua:
3216 3379 3397 3423 narrat
3420 3370 3553 3438 justi

1952 3460 2202 3514 virtutem
2250 3473 2349 3512 nus
2370 3458 2549 3512 docet.
2586 3456 2875 3512 Enimvero
2900 3474 2966 3513 ne
2994 3469 3151 3528 putes
3175 3460 3395 3515 fortuito
3422 3462 3553 3515 sint-

1953 3550 2286 3621 pliciterque,
2317 3559 2373 3603 ut
2407 3550 2718 3618 contingere
2748 3549 2919 3614 solet,
2971 3548 3144 3619 ipsum
3199 3552 3556 3609 coneubuisso

1949 3658 2072 3698 eum
2122 3641 2318 3695 Rachel
2345 3650 2401 3695 ct
2438 3638 2533 3693 Lia
2581 3639 2894 3709 duabusque
2923 3642 3154 3707 ancillis,
3186 3652 3448 3697 monstrat
3489 3661 3552 3699 se

1950 3749 2021 3789 ex
2052 3732 2453 3803 dispensatione
2480 3732 2728 3801 quapiam
2768 3745 2889 3785 cum
2950 3730 3056 3786 illis
3116 3748 3229 3787 rem
3280 3733 3555 3805 habuisse,

1953 3838 2011 3881 ut
2035 3825 2316 3881 duodecim
2346 3824 2515 3878 tribus
2538 3838 2605 3878 ex
2629 3838 2696 3878 eo
2721 3833 3073 3878 nascerentur
3106 3842 3120 3879 :
3144 3834 3425 3896 propterea
3447 3842 3554 3880 non

1952 3923 2093 3978 ultra
2114 3921 2359 3977 meminit
2379 3919 2674 3992 Scriptura,
2718 3918 2768 3973 ei
2793 3918 2957 3972 alium
2991 3926 3171 3971 uatum
3193 3931 3314 3972 esse
3342 3916 3510 3971 ﬁlium
3535 3933 3550 3969 :

1954 4028 2011 4074 ut
2039 4018 2216 4074 discas
2245 4016 2348 4072 hoc
2400 4030 2505 4071 non
2545 4014 2884 4085 simpliciter,
2929 4027 3104 4083 neque
3142 4011 3345 4082 absque
3394 4024 3556 4066 causa

1953 4111 2152 4167 factum
2174 4125 2313 4166 esse.
2343 4107 2509 4163 Erant
2535 4117 2721 4172 autem,
2748 4106 2938 4175 inquit,
2966 4105 3063 4173 [itii
3085 4102 3248 4157 Jacob
3268 4102 3555 4156 duodecim.

1958 4203 2241 4273 llistinguit
2280 4215 2411 4257 vero
2438 4206 2716 4269 postea,et
2748 4198 2977 4268 primum
3001 4210 3096 4250 eos
3126 4195 3213 4265 qui
3246 4193 3355 4248 Li:e
3378 4201 3556 4257 erant,

1954 4297 2078 4352 dein
2108 4310 2203 4352 eos
2227 4294 2317 4365 qui
2344 4290 2621 4356 Raclielis,
2662 4289 2893 4359 denique
2918 4296 2973 4342 ct
3000 4301 3097 4342 eos
3120 4286 3209 4355 qtti
3240 4284 3556 4338 ancillarum

1955 4396 2125 4452 erant,
2156 4392 2438 4449 uulnerat,
2462 4391 2517 4436 et
2545 4382 2675 4436 dicit
2699 4396 2713 4433 :
2744 4378 2842 4435 26.
2870 4376 2942 4431 lli
2966 4387 3085 4430 sunt
3123 4376 3221 4446 ﬁlii
3248 4373 3433 4437 Iacob,
3472 4374 3559 4442 qui

1956 4480 2065 4533 miti
2090 4487 2208 4533 sunt
2228 4477 2274 4531 ei
2299 4476 2351 4529 in
2380 4472 2770 4541 Mesopotamia.
2793 4469 2952 4537 Atqui
2982 4477 3107 4521 tunc
3135 4475 3290 4519 natus
3311 4473 3396 4519 est
3422 4465 3561 4518 Den-

1952 4572 2121 4641 jznuin
2156 4574 2369 4639 quando
2411 4566 2555 4619 venit
2607 4562 2943 4617 Bethleliem.
2989 4559 3167 4626 Quare
3215 4556 3375 4627 igitur
3432 4555 3562 4609 dicit

1957 4664 2256 4731 Scriptura,
2314 4656 2411 4725 Qui
2438 4656 2545 4708 nati
2586 4664 2701 4708 sunt
2725 4652 2771 4705 ei
2816 4650 2868 4703 in
2911 4645 3325 4718 Mesopotamia?
3353 4644 3563 4700 Fortas-

1958 4772 2019 4812 se
2062 4756 2185 4827 quia
2212 4751 2410 4809 ltaclicl
2456 4758 2578 4803 ante
2600 4759 2876 4817 egressura
2905 4758 2969 4797 ex
2999 4738 3380 4810 MeSopotaniia
3426 4752 3563 4792 cou-

1963 4855 2197 4918 ceperat.
2222 4845 2315 4899 27.
2354 4842 2417 4896 Et
2443 4841 2572 4896 venit
2593 4878 2609 4905 ,
2639 4837 2829 4907 inquit,
2876 4834 3042 4889 Jacob
3084 4832 3152 4885 ad
3182 4831 3335 4886 hanc
3365 4842 3563 4901 patrem

1960 4959 2128 4995 suam.
2172 4935 2465 4993 Considera
2490 4972 2507 4999 ,
2551 4932 2797 4995 obsecro,
2847 4927 2937 4981 bic
2991 4923 3264 4995 quomodo
3329 4924 3382 4977 in
3443 4937 3567 4976 om-

1964 5034 2121 5089 nibus
2144 5030 2305 5087 certis
2334 5027 2544 5083 indiciis
2571 5022 2879 5091 misericors
2900 5022 3041 5075 Deus
3052 5020 3226 5088 justos
3241 5018 3566 5071 continuare

1965 5123 2196 5180 volebat.
2225 5121 2361 5188 Quia
2398 5118 2542 5173 enim
2570 5116 2717 5171 venit
2749 5122 2870 5183 post
2924 5121 3003 5166 tot
3043 5122 3219 5164 annos
3244 5106 3314 5162 ad
3356 5114 3560 5177 [mtrem

1965 5232 2123 5274 suum
2165 5214 2352 5280 Jacob,
2382 5214 2611 5266 maxima
2629 5207 2871 5277 utrisque
2901 5204 2998 5258 l'uit
3023 5201 3342 5263 consolatio,
3371 5209 3427 5254 et
3456 5199 3565 5253 tilio

1966 5326 2033 5367 ex
2081 5308 2246 5378 patris
2269 5311 2584 5373 conspectu,
2613 5310 2668 5355 et
2699 5298 2834 5369 patri
2865 5296 3064 5350 videnti
3091 5303 3293 5348 tantam
3322 5290 3413 5344 ﬁlii
3437 5289 3566 5343 sub-

1969 5401 2241 5465 stantiam,
2262 5396 2593 5465 eliorumquc
2605 5391 2837 5447 ﬁliorum
2850 5403 2918 5443 ex
2933 5402 2999 5443 eo
3012 5382 3375 5442 uatorum.‘t9.
3396 5379 3439 5437 Τ
3445 5397 3564 5449 unc,

2036 5646 2053 5678 ι
2089 5650 2141 5692 ιιι
2164 5641 2286 5691 tulit.
2318 5644 2427 5688 LXX
2450 5634 2637 5697 legitur
2672 5645 2688 5683 :
2713 5640 2833 5683 non
2855 5624 3256 5697 appropinquarit
3279 5622 3573 5697 (puemitia,

1973 5714 2022 5757 nt
2041 5686 2608 5763 inira-tﬁ'intpltrailta.
2649 5702 2777 5763 Itane
2800 5686 2971 5763 autem
2992 5686 3178 5742 vocent,
3201 5687 3251 5737 itt
3274 5686 3574 5763 (Tltqbrama,

1972 5746 2553 5882 ξῖιίἓῇὲίἱτξᾲυὲῶιηιιδ,
2599 5756 2680 5808 vel
2725 5756 2939 5807 [tumis
2963 5755 3141 5815 inejus
3179 5746 3454 5811 eseitqvlari
3479 5759 3578 5795 ιιυιι

1993 5844 2048 5881 et
2072 5844 2083 5859 ο
2120 5844 2129 5854 ⁸
2170 5841 2245 5879 ur.

1993 5844 2048 5881 L’l’
2054 5841 2245 5880 υωιιιιι.
