4182 6322
675 371 781 428 εις

677 501 867 568 inquit,
890 508 1110 554 moratus
1136 507 1208 552 est
1234 495 1381 551 Isaac
1407 511 1590 562 senex,
1610 506 1657 550 et
1679 499 1858 568 plenus
1881 497 2075 550 dierum
2093 495 2251 565 (Gen.

677 592 848 652 27A).
863 590 992 646 Nam
1013 604 1132 643 cum
1153 588 1316 643 Jacob
1333 587 1754 643 benedictionem
1776 589 2140 647 suﬂuraretnr.
2159 589 2253 642 Ire-

682 683 828 736 Itctes
841 689 994 734 erant
1009 677 1148 733 oculi
1173 679 1309 746 ejus,
1330 676 1470 734 unde
1493 678 1684 732 factum
1704 689 1783 732 est
1798 686 1854 730 ιιι
1873 678 2212 746 deciperetur
2235 693 2248 729 :

673 771 865 839 cogitat
891 777 1009 838 past
1029 778 1103 822 tot
1123 783 1292 822 annos
1313 778 1564 837 quantum
1581 768 1830 821 senuerit.
1861 765 1927 818 Et
1953 767 2252 835 sepelierunt

671 876 802 922 eum,
830 859 1016 928 inquit,
1049 857 1186 913 Esaii
1212 868 1260 912 et
1280 859 1460 911 Jacob.
1485 858 1587 912 Sed
1626 857 1735 924 jam
1750 858 2038 924 .scpultura
2087 858 2250 925 patris

672 947 892 1016 facta,6.
911 946 1048 1003 ane
1061 948 1275 1017 acceptis
1293 948 1527 1001 uxoribus
1538 958 1586 1001 et
1600 948 1721 1015 ﬁliis
1737 958 1784 1002 et
1805 948 2036 1000 omnibus
2055 949 2179 1009 suis,
2202 957 2249 1000 et

670 1041 900 1095 omnibus
923 1056 1037 1108 qua:
1057 1039 1340 1110 possidebat
1364 1041 1414 1092 in
1448 1049 1580 1092 terra
1608 1040 2028 1102 Chanancorum,
2073 1040 2246 1109 profe-

668 1139 780 1184 etns
806 1139 894 1185 est.
923 1130 976 1186 7.
1002 1127 1122 1184 Non
1147 1139 1338 1198 poterat
1365 1131 1494 1182 enim
1521 1147 1602 1183 eos
1625 1133 1757 1198 ferre
1785 1142 1917 1183 terra
1956 1132 2247 1200 peregrina-

667 1223 821 1277 tionis
840 1236 946 1293 pic
967 1222 1286 1275 multitudine
1307 1222 1623 1289 facultatum.
1649 1223 1702 1278 8.
1732 1221 1796 1275 Et
1818 1223 2054 1275 habitavit
2070 1232 2244 1291 postea

669 1315 720 1368 in
744 1324 910 1368 monte
946 1313 1064 1369 Seir
1089 1313 1274 1386 (Caput
1320 1312 1433 1385 56).
1466 1314 1532 1368 Et
1559 1315 1645 1368 ubi
1678 1315 1913 1368 narravit
1935 1314 2089 1368 nobis
2103 1313 2242 1368 divi-

664 1422 732 1463 na
759 1407 1030 1476 Scriptura
1051 1422 1144 1462 cos
1159 1407 1245 1478 qui
1274 1423 1338 1462 es
1363 1407 1501 1462 Esau
1531 1408 1636 1461 nati
1664 1415 1805 1474 sunt,
1836 1415 1886 1458 et
1916 1415 2101 1476 gentes
2124 1422 2243 1476 quas

665 1517 728 1556 ex
757 1515 824 1555 eo
867 1511 988 1555 sunt
1014 1509 1164 1563 ortm,
1195 1500 1322 1555 dicit
1351 1518 1361 1551 :
1391 1501 1438 1553 i.
1474 1498 1778 1569 Peregrinus
1799 1509 1963 1553 autem
1993 1500 2120 1570 fuit'
2141 1500 2241 1553 Ja-

664 1590 754 1643 eub
796 1592 848 1646 in
888 1602 1040 1654 terra,
1067 1608 1167 1661 qua
1188 1592 1532 1660 peregrinatus
1567 1593 1660 1659 fuit
1689 1601 1830 1661 pater
1857 1592 1966 1661 ejus
2013 1592 2065 1644 in
2107 1600 2242 1645 terra

668 1676 905 1734 ααιιωιι
936 1679 1120 1750 (Caput
1136 1681 1258 1749 37).
1289 1679 1393 1734 Sed
1425 1678 1546 1734 hinc
1575 1681 1771 1749 excipit
1809 1696 1907 1736 nos
1931 1679 2036 1734 alia
2058 1696 2243 1736 narra—

665 1772 758 1834 tio,
791 1787 893 1843 qua
918 1772 983 1826 de
1013 1770 1306 1826 admirabili
1329 1771 1526 1840 Joseplt
1567 1773 1760 1841 agitur.

735 1864 788 1919 3.
833 1860 1045 1917 lat-alis
1070 1861 1393 1933 epilogus.-—
1406 1863 1468 1916 Et
1492 1862 1536 1917 si
1560 1862 1708 1923 libet.
1739 1861 1824 1916 hic
1853 1861 2095 1917 ﬁniemus
2118 1877 2236 1917 ser-

665 1969 900 2021 monem,
933 1953 1204 2009 historiam
1230 1954 1318 2007 filii
1347 1953 1511 2009 Jacob
1551 1955 1602 2007 in
1655 1953 1794 2008 aliud
1840 1955 2114 2011 concionis
2153 1955 2237 2009 in-

661 2045 810 2100 itium
837 2045 1186 2100 remittentes.
1214 2043 1342 2098 illud
1368 2053 1543 2098 tamen
1575 2044 1870 2113 rogaverim
1895 2054 2121 2100 vestram
2147 2060 2238 2100 ca-

659 2139 899 2198 ritatem,
933 2147 986 2190 ut
1013 2153 1073 2191 ea
1103 2152 1223 2206 qua:
1246 2136 1494 2192 dicuntur
1518 2136 1800 2206 diligenter
1824 2137 2152 2204 auscultetis,
2183 2147 2237 2192 et

657 2243 729 2282 ex
760 2227 982 2298 singulis
1009 2227 1294 2296 Scriptum
1323 2227 1478 2282 dictis
1517 2227 1745 2281 maxima
1775 2229 1924 2283 vobis
1965 2238 2236 2284 accrescat

658 2319 890 2384 utilitas,
932 2318 1240 2388 nullumque
1285 2333 1469 2373 eorum
1525 2327 1726 2373 temere
1777 2319 2228 2388 prmtermittatur.

658 2407 961 2463 Tltesaurus
981 2409 1120 2464 enim
1144 2410 1432 2478 spiritualis
1450 2422 1573 2463 sunt
1594 2409 1768 2464 divina
1797 2410 2003 2480 eloquia
2021 2428 2035 2475 ;
2054 2421 2107 2466 et
2123 2411 2232 2466 sic-

658 2511 717 2556 ut
747 2500 938 2570 aliquis
961 2502 1028 2556 de
1062 2500 1295 2556 sensibili
1323 2501 1749 2569 tbesaurosazpe
1780 2517 1937 2554 unam
1963 2517 2230 2571 geiitmam

655 2591 936 2660 recipiens,
971 2601 1185 2661 magnas
1207 2591 1303 2645 sibi
1332 2601 1480 2660 parat
1503 2591 1713 2646 divitias
1745 2609 1757 2644 :
1782 2592 1850 2646 ita
1882 2602 1933 2646 et
1956 2592 2040 2647 hic
2059 2595 2237 2660 justo-

654 2697 771 2736 rum
801 2683 1048 2744 virtutes,
1089 2682 1246 2736 modo
1283 2683 1555 2737 attendere
1612 2683 1931 2737 voluerimus
1958 2725 1974 2750 ,
2029 2695 2227 2739 tamam

653 2772 808 2828 nobis
849 2773 1125 2827 utilitatem
1165 2773 1355 2826 afferre
1387 2781 1642 2841 possunt,
1689 2783 1745 2828 ut
1796 2774 1860 2827 ad
1913 2775 2225 2830 imitandum

649 2880 748 2920 eos
795 2866 1096 2920 incitcmnr.
1138 2862 1225 2920 Sic
1250 2864 1391 2919 enim
1437 2865 1727 2932 poterimus
1752 2875 1803 2919 et
1832 2881 1928 2919 nos
1952 2869 2223 2934 eumdem,

648 2973 806 3026 quem
826 2956 920 3021 illi,
949 2955 1176 3009 favorem
1200 2954 1290 3008 Dei
1315 2956 1589 3022 consequi.
1622 2953 1800 3024 Neque
1822 2958 1952 3010 enim
1982 2975 2226 3026 persona-

647 3067 763 3102 rum
805 3059 1038 3117 acceptor
1080 3058 1151 3101 est
1195 3046 1349 3112 Deus,
1400 3047 1488 3100 sed
1517 3048 1567 3100 in
1608 3050 1743 3101 omni
1785 3059 1929 3118 gente
1963 3051 2049 3117 qui
2084 3053 2228 3104 timet

651 3137 815 3192 Deum
834 3149 880 3191 et
902 3147 1139 3206 operatur
1151 3139 1423 3209 justitiam,
1449 3147 1681 3207 acceptus
1700 3140 1745 3191 ei
1763 3149 1837 3192 est
1863 3139 2002 3208 (Act.
2027 3143 2110 3196 ίυ.
2136 3143 2225 3197 34.

644 3229 742 3297 55)
770 3247 783 3282 :
809 3229 976 3291 itaut,
1007 3228 1050 3283 si
1075 3229 1416 3288 voluerimus,
1469 3228 1601 3282 nihil
1632 3230 1700 3283 sit
1751 3230 1892 3298 quod
1921 3231 2220 3299 prohibeat,

645 3321 774 3389 quin
803 3330 945 3373 tanto
969 3321 1046 3374 vel
1074 3319 1233 3375 etiam
1275 3320 1458 3389 majori
1485 3322 1747 3390 potiamnr
1773 3324 1988 3378 auxilio.
2016 3325 2144 3378 Nam
2175 3327 2220 3382 si

647 3426 745 3465 nos
761 3411 1031 3464 dumtaxat
1051 3410 1232 3465 viderit
1251 3410 1439 3466 afferre
1459 3428 1575 3480 qure
1589 3429 1655 3467 ex
1679 3414 1830 3468 nobis
1844 3425 1988 3483 sunt,
2015 3427 2062 3472 et
2085 3433 2220 3486 pra:-

646 3501 788 3558 ferre
813 3501 1054 3556 lunnanis
1070 3518 1130 3556 ca
1151 3518 1269 3571 qua:
1295 3503 1394 3557 sibi
1419 3505 1642 3574 placent,
1677 3514 1875 3560 tantam
1903 3518 1956 3563 ct
1989 3510 2099 3578 ipse
2127 3528 2223 3563 no-

645 3594 740 3647 stri
769 3609 949 3649 curam
983 3593 1289 3659 declarabit,
1321 3605 1374 3648 ut
1404 3595 1453 3649 in
1482 3597 1726 3651 onnribus
1754 3597 1977 3654 invictos
2016 3602 2219 3656 reddat.

646 3686 862 3741 llostetn
913 3686 1053 3740 enim
1079 3686 1331 3740 habemus
1361 3698 1668 3756 perpetuum
1687 3731 1700 3754 ,
1733 3701 1788 3746 et
1818 3692 2133 3760 implacnbili
2168 3697 2218 3748 in

645 3790 744 3829 nos
789 3775 914 3829 odio
961 3774 1290 3845 flagrantem.
1349 3776 1497 3832 Unde
1544 3780 1696 3834 nobis
1738 3797 1923 3851 magna
1953 3785 2220 3853 vigilantia

643 3883 778 3936 opus
803 3876 906 3932 est,
927 3867 994 3921 ita
1028 3878 1082 3921 ut
1111 3867 1226 3937 ejus
1273 3867 1482 3923 frandes
1533 3869 1779 3937 vincere,
1821 3889 1883 3927 ac
1919 3877 2221 3943 superiores

643 3958 762 4026 ejus
783 3959 899 4012 telis
920 3959 1165 4012 constitui
1195 3959 1474 4028 possimus.
1511 3961 1620 4014 Non
1649 3963 1805 4016 aliter
1829 3975 2006 4018 autent
2039 3967 2218 4020 vince-

647 4065 782 4112 mus,
807 4065 962 4118 quam
991 4051 1032 4102 si
1063 4050 1418 4119 peroptimatn
1443 4055 1895 4109 conversationem
1926 4072 2215 4125 supernum

645 4140 799 4194 nobis
824 4140 1073 4192 auxilium
1096 4140 1458 4196 conciliemus.
1479 4141 1745 4210 Optimum
1770 4162 1894 4200 vero
1921 4148 2214 4204 institutum

643 4240 725 4283 cst
748 4230 848 4284 vita
878 4246 1024 4298 pura.
1057 4229 1165 4283 lloc
1187 4231 1326 4284 enim
1349 4231 1488 4286 basis
1509 4243 1559 4286 et
1591 4234 1987 4292 fundamentum
2017 4243 2218 4293 cstvir.

645 4322 770 4377 tutis
801 4338 814 4373 :
843 4321 983 4392 quod
1006 4321 1093 4388 qui
1121 4331 1265 4375 recte
1289 4320 1497 4390 jeeerit,
1524 4323 1673 4379 facile
1700 4325 1798 4380 alia
1825 4327 2000 4380 omnia
2029 4329 2215 4383 devin-

641 4423 756 4469 ει·ι;
787 4427 958 4480 neque
989 4413 1130 4465 illum
1154 4415 1424 4481 superabit
1462 4415 1541 4468 vel
1570 4417 1908 4483 pecuniarum
1933 4421 2214 4488 cupiditas,

644 4505 725 4557 vel
753 4504 935 4572 glorim
957 4519 1125 4567 amor,
1153 4504 1235 4557 Vel
1265 4505 1477 4567 invidia,
1507 4508 1589 4562 vel
1618 4509 1791 4578 aliqua
1821 4509 2030 4565 affectio
2056 4515 2214 4569 mala.

647 4594 712 4648 Et
748 4593 1032 4663 quomodo,
1061 4609 1159 4663 ego
1187 4595 1380 4648 dicam.
1409 4596 1652 4663 Quando
1694 4601 1832 4654 enim
1861 4603 1978 4670 quis
2021 4608 2214 4660 munda

643 4684 800 4738 {tuerit
824 4684 1168 4748 Conscientia,
1201 4693 1250 4736 et
1282 4683 1350 4737 ab
1390 4687 1532 4738 (ιιιιιιί
1558 4687 1720 4742 libera
1750 4694 1951 4745 macula
1975 4735 1990 4757 ,
2026 4699 2219 4764 poterit

646 4772 925 4825 hominum
955 4773 1185 4826 universi
1214 4772 1408 4828 habere
1440 4775 1836 4834 iultabitautcm.
1876 4779 2020 4836 Beati
2049 4787 2211 4854 enim,

643 4863 831 4931 lnqnit,
845 4863 1029 4916 mundo
1041 4864 1210 4928 corde,
1223 4866 1458 4934 quoniam
1477 4867 1570 4935 ipsi
1587 4867 1744 4921 Deum
1760 4871 1990 4926 videbunt
2003 4873 2212 4942 (Matth.

642 4955 694 5009 5.
721 4952 797 5024 8).
819 4954 966 5020 Quod
996 4955 1038 5007 si
1057 4955 1174 5023 quis
1194 4955 1340 5009 illum
1369 4955 1768 5015 iulrabitatorem
1796 4962 2217 5022 baberemerea-

644 5053 731 5097 tur
756 5043 902 5112 quasi
933 5042 1124 5098 frustra
1147 5054 1199 5099 ct
1219 5045 1334 5101 sine
1355 5047 1727 5116 impedimento
1743 5071 1967 5124 corpore
1997 5059 2218 5114 vestitus

641 5145 806 5197 esset,
859 5135 927 5188 ita
973 5147 1152 5204 postea
1181 5135 1459 5204 afficietur,
1493 5151 1545 5194 et
1594 5142 1939 5200 humanarum
1979 5151 2215 5203 omnium

643 5240 819 5297 rerum
875 5227 1175 5294 superbiam
1223 5228 1374 5283 facile
1410 5241 1733 5288 contemnet.
1783 5237 2020 5292 llutnana
2072 5243 2214 5295 enim

643 5316 820 5368 enmia
847 5317 1033 5371 umbra
1083 5318 1152 5371 illi
1185 5322 1555 5392 somnimnqne
1602 5329 1945 5395 apparebunt,
1985 5341 2040 5385 et
2079 5334 2221 5388 sicut

643 5409 869 5463 ca'lcslis
888 5410 1016 5463 civis
1037 5415 1370 5480 insontium
1391 5416 1516 5468 nihil
1536 5419 1752 5486 Optabit.
1784 5419 1923 5475 Talis
1947 5433 2063 5477 erat
2096 5426 2217 5479 bea-

646 5507 729 5554 tus
753 5497 942 5552 Paulus
968 5498 1154 5554 doctor
1174 5502 1346 5568 orbis;
1382 5515 1657 5576 propterea
1684 5508 1966 5580 clauulnt,
1995 5514 2212 5571 dicens:

707 5739 724 5773 ⁸
756 5733 899 5798 Bibl,
925 5735 1163 5791 habitavit.

1432 366 1487 422 S.
1527 364 1802 420 JOANNIS
1837 365 2308 421 CllliYSOSTOill
2348 365 2664 423 ARCIIIEP.
2708 369 3243 429 CONSTANTl-NOP.

3849 385 3974 440 εει

2368 472 2507 528 Num
2532 480 2922 546 experimentum
2943 483 3172 550 queritis
3208 485 3318 549 eius
3344 485 3433 553 qui
3461 487 3513 540 in
3573 504 3652 542 ius
3689 491 3964 560 loquitur,

2294 607 2310 622 .
2359 565 2546 620 Christi
2582 570 2656 636 (2.
2683 570 2799 624 Cor.
2832 573 2917 648 lg».
2942 573 3037 641 3)?
3074 574 3139 628 Et
3180 575 3369 629 iterum
3403 594 3417 630 :
3463 577 3582 634 Vivo
3606 593 3804 646 autem,
3848 603 3966 640 rm

2349 655 2464 723 jam
2494 673 2605 726 ego,
2628 661 2745 710 uiuit
2769 671 2936 714 autem
2966 662 3016 715 in
3045 679 3123 718 me
3149 662 3380 719 Christus
3410 667 3586 735 (Galat
3629 671 3683 724 2.
3708 673 3822 741 20).
3887 675 3966 729 ει

2355 743 2754 816 iterum:Quod
2777 762 2942 805 autem
2991 769 3126 806 nunc
3170 757 3280 809 vivo
3304 759 3355 812 in
3383 776 3553 827 carne,
3603 764 3656 816 in
3694 766 3798 833 [ide
3835 770 3962 821 riu

2358 835 2569 908 (Ibid.).
2602 839 2782 895 Vidisti
2808 843 2976 896 virum
3003 859 3228 913 cei-pore
3251 849 3659 921 circumdatum,
3681 860 3832 926 quasi
3861 859 3960 911 in-

2351 941 2606 997 corporea
2631 933 2812 1001 quiete
2840 933 3100 992 fruentem
3130 938 3274 1008 loqui
3301 943 3518 997 omnia?

2419 1018 2473 1072 4.
2506 1018 2675 1074 Multa
2725 1023 2808 1076 hic
2853 1030 3302 1095 commendantur,
3353 1049 3532 1103 nempe
3568 1051 3588 1090 :
3612 1039 3952 1106 modiﬁcatio

2347 1109 2516 1162 carnis
2537 1148 2554 1172 ,
2591 1111 2676 1163 sui
2711 1113 2871 1182 ipsius
2892 1119 3159 1186 spirituafe
3179 1125 3515 1194 sacriﬁcium,
3565 1129 3826 1199 vigilantia
3846 1175 3863 1199 ,
3893 1145 3952 1188 et

2347 1215 2558 1256 examen
2587 1208 2922 1262 conscientia.
2955 1241 3025 1250 —
3064 1211 3216 1270 Hunc
3243 1231 3432 1273 omnes
3456 1219 3756 1288 imitemur,
3787 1241 3945 1280 mor-

2348 1289 2612 1348 tilicemus
2660 1298 2896 1353 membra
2945 1304 3156 1371 cannis,
3209 1315 3265 1360 et
3304 1307 3372 1363 ad
3417 1310 3557 1366 male
3601 1315 3943 1382 operandam

2347 1379 2638 1439 inefficacia
2685 1387 3016 1446 reddamus:
3056 1394 3136 1449 sic
3171 1398 3314 1453 enim
3356 1379 3687 1468 potissimum
3728 1407 3942 1461 valebi-

2345 1489 2465 1530 nms
2494 1477 2605 1545 ipsa
2649 1479 2762 1535 Deo
2799 1481 2992 1538 otl‘erre
3020 1488 3338 1543 sacrificium
3370 1493 3782 1563 beneplacitum.
3839 1500 3942 1554 γε-

2341 1565 2463 1621 disti
2511 1583 2669 1638 quam
2725 1587 2916 1628 novum
2959 1585 3014 1630 et
3055 1579 3371 1636 admirabile
3419 1582 3523 1639 hoc
3570 1589 3941 1643 sacrificium?

2340 1656 2562 1722 Quando
2591 1672 2799 1716 mortua
2840 1663 3033 1720 fuerint
3075 1669 3311 1724 membra
3331 1711 3349 1737 ,
3378 1680 3501 1729 tunc
3529 1679 3697 1747 magis
3719 1688 3936 1748 gnitqu

2339 1747 2442 1801 erit
2471 1748 2580 1804 Deo
2602 1752 2940 1807 sacriﬁcium.
2991 1756 3165 1824 Quare
3200 1770 3253 1814 et
3293 1763 3566 1831 quomodo
3609 1747 3744 1823 ltoci
3787 1769 3938 1837 Quo-

2339 1837 2482 1890 niam
2507 1839 2781 1906 spirituale
2819 1844 3135 1901 sacrificium
3177 1859 3257 1904 csl
3277 1891 3293 1917 ,
3323 1863 3377 1906 et
3407 1853 3535 1909 nihil
3564 1855 3724 1913 habet
3751 1864 3936 1915 sensi-

2339 1926 2464 1982 bile.
2518 1929 2650 1985 Nam
2682 1932 2732 1986 in
2775 1936 3016 1992 sensibili
3051 1940 3264 2009 quidem
3303 1945 3568 2002 sacrificio
3597 1964 3704 2004 non
3748 1953 3931 2008 soltnn

2339 2015 2389 2072 id
2413 2059 2428 2084 ,
2457 2021 2597 2089 quod
2625 2033 2889 2078 mortuum
2920 2036 3000 2081 est
3021 2069 3036 2090 ,
3069 2030 3348 2098 abjicitur,
3393 2037 3486 2090 sed
3517 2053 3690 2109 neque
3719 2042 3927 2110 vivum,

2335 2111 2477 2179 quod
2509 2112 2748 2168 vitiatum
2790 2115 2988 2182 fuerit,
3039 2123 3315 2179 sacrificiis
3361 2126 3610 2184 idoneum
3655 2147 3812 2201 esse,
3857 2138 3933 2191 ab

2338 2201 2490 2256 initio
2516 2204 2628 2274 lege
2649 2217 2858 2262 cautum
2889 2208 3003 2272 fuit,
3033 2227 3131 2266 nec
3155 2214 3270 2269 sine
3290 2232 3447 2273 causa
3466 2220 3650 2290 (fuit.
3676 2225 3878 2298 22.25)
3909 2247 3924 2284 :

2334 2296 2427 2349 sed
2474 2306 2530 2352 ut
2578 2314 2672 2368 per
2711 2300 3149 2361 irmtionabilium
3193 2309 3620 2370 observationem
3668 2296 3928 2387 paulatim

2336 2385 2647 2444 inducantur
2667 2393 2732 2446 ad
2751 2394 3077 2462 spiritualem
3103 2397 3237 2454 hanc
3264 2412 3316 2456 et
3345 2405 3657 2463 rationalem
3691 2410 3926 2470 hostiam

2332 2493 2454 2532 cum
2473 2494 2660 2549 magna
2681 2485 2888 2539 cautela
2914 2487 3256 2545 offerendam.
3274 2492 3424 2561 Quod
3442 2498 3584 2552 enim
3611 2500 3720 2556 illic
3742 2518 3827 2560 est
3849 2508 3930 2560 vi-

2335 2570 2548 2637 tiosum,
2573 2588 2763 2642 nempe
2785 2577 3043 2644 privatum
3063 2581 3387 2649 auribus,vel
3406 2589 3702 2647 mutilatum
3729 2597 3922 2664 cauda,

2332 2657 2558 2728 idipsum
2587 2663 2672 2718 liic
2699 2674 2781 2720 est
2817 2669 2951 2723 mala
2981 2674 3413 2743 concupiscentia
3438 2719 3452 2742 ,
3484 2678 3712 2750 luxuria,
3754 2657 3923 2757 opimi

2329 2765 2482 2807 amor
2511 2765 2564 2808 et
2593 2758 2769 2811 onmis
2808 2763 3038 2831 nequitia
3069 2780 3084 2818 :
3115 2775 3167 2821 et
3198 2769 3339 2837 quod
3379 2781 3462 2825 est
3505 2773 3614 2830 illic
3652 2792 3844 2832 sanmn
3869 2793 3928 2835 et.

2330 2842 2398 2896 ab
2449 2845 2590 2898 omni
2639 2848 2842 2902 macula
2889 2852 3118 2909 alienum
3168 2873 3328 2926 esse,
3384 2861 3612 2932 idipsum
3678 2879 3764 2923 est
3835 2871 3928 2926 ltic

2331 2941 2597 2989 mortuum
2647 2939 2880 3007 mundo,
2937 2942 3006 2997 ita
3040 2945 3106 3000 ad
3149 2949 3426 3017 spirituale
3463 2957 3774 3012 sacrificium
3828 2976 3920 3017 se-

2333 3025 2615 3094 tnetipsum
2672 3029 2921 3086 idoneum
2963 3038 3237 3094 exhibere.
3287 3043 3414 3100 Ha-c
3458 3061 3564 3102 non
3606 3049 3926 3119 simpliciter

2332 3125 2740 3183 przetereamus,
2801 3122 2894 3177 sed
2933 3124 3068 3181 bene
3123 3130 3344 3199 ligentes
3391 3149 3453 3190 ea
3503 3137 3555 3191 in
3599 3151 3776 3196 mente
3817 3159 3921 3197 no-

2328 3212 2436 3257 stra
2469 3247 2481 3271 ,
2539 3208 2845 3265 Studeamus
2893 3229 2959 3268 ne
3009 3219 3175 3274 simus
3213 3220 3508 3282 deteriores
3555 3227 3775 3298 Iudaeis,
3827 3235 3920 3303 qui

2328 3295 2380 3348 in
2429 3297 2614 3351 umbra
2681 3309 2878 3357 tantum
2947 3307 3201 3366 exhibent
3265 3315 3715 3375 observationem.
3762 3295 3922 3381 'Sient

2326 3387 2467 3441 enim
2527 3391 2600 3444 illi
2647 3394 2821 3449 adhuc
2886 3398 3116 3456 lucerna:
3158 3405 3456 3464 assidentes
3497 3419 3773 3482 tantopere
3826 3419 3917 3472 illa

2325 3481 2715 3553 observarunt,
2776 3488 2845 3542 ita
2890 3506 3020 3558 nos,
3069 3505 3345 3566 postquam
3413 3502 3494 3556 sol
3546 3481 3766 3573 iustitia:
3817 3525 3920 3565 nos

2325 3571 2595 3630 illustrare
2619 3576 2864 3646 dignatus
2889 3591 2989 3645 est,
3016 3586 3306 3657 relictaque
3332 3595 3514 3648 umbra
3542 3597 3608 3649 ad
3632 3611 3916 3655 veritatem

2324 3663 2536 3718 adducti
2584 3682 2801 3733 sumus,
2857 3671 3084 3729 similem
3137 3679 3562 3739 observationem
3613 3689 3756 3743 circa
3807 3691 3916 3746 hoc

2324 3757 2599 3822 spirituale
2624 3761 2939 3818 sacrificium
2971 3769 3346 3828 exltibeamns.
3398 3777 3460 3830 Et
3495 3795 3663 3849 neque
3693 3797 3915 3850 peccata

2324 3862 2443 3915 quze
2475 3850 2626 3902 nobis
2653 3851 2898 3907 videntur
2920 3871 3099 3926 parva,
3127 3863 3482 3928 perfunctorie
3503 3878 3912 3938 pmtcrcanms,

2325 3936 2420 3992 sed
2451 3939 2684 4005 quotidie
2712 3957 2739 3994 a
2768 3944 2922 4001 nobis
2940 3949 3170 4005 rationes
3187 3936 3568 4022 repetamuset
3597 3936 3910 4028 verborum,

2323 4043 2702 4104 etaspet-tumn
2733 4053 2747 4090 :
2784 4054 3072 4108 [uenasque
3099 4041 3165 4097 de
3197 4045 3350 4100 nobis
3375 4047 3504 4116 ipsis
3524 4066 3812 4116 sumamus,
3855 4068 3918 4112 ut

2323 4142 2420 4178 nos
2447 4142 2474 4178 a
2505 4127 2678 4181 futuro
2704 4130 2963 4197 supplicio
2994 4134 3301 4193 liberemus.
3337 4139 3558 4210 Propter
3590 4143 3915 4216 ltocqnippe

2323 4216 2518 4270 Paulus
2537 4217 2735 4286 inquit:
2763 4217 2899 4272 Nam
2919 4223 2963 4276 si
2983 4240 3072 4276 nos
3094 4225 3227 4292 ipsos
3243 4229 3664 4300 judicaverintus,
3687 4253 3784 4290 non
3803 4242 3912 4292 uti-

2321 4322 2418 4374 que
2436 4308 2784 4376 judicaremur
2814 4312 2890 4379 (Ι.
2922 4311 3042 4365 Cor.
3077 4315 3163 4366 ll.
3194 4316 3304 4386 5t).
3342 4319 3414 4371 Ita
3450 4322 3493 4374 si
3526 4339 3620 4375 nos
3650 4325 3794 4392 ipsos
3818 4329 3912 4383 hic

2323 4398 2853 4457 condemnaverimus
2901 4414 3116 4474 propter
3151 4409 3456 4474 quotidiana
3505 4427 3753 4481 pet-cata,
3807 4419 3912 4472 im-

2327 4489 2624 4542 ntlnuomus
2650 4493 2988 4546 schritaIem
3015 4495 3197 4562 jndicii
3224 4500 3365 4566 quod
3407 4502 3514 4557 illic
3544 4503 3776 4560 futurum
3799 4521 3910 4566 est.

2325 4577 2475 4639 Quod
2509 4578 2550 4629 si
2591 4579 2759 4645 ignavi
2807 4580 3087 4650 fuerimus,
3137 4586 3235 4652 Qui
3269 4589 3599 4660 judicamur,
3641 4596 3843 4665 inquit,
3878 4618 3913 4653 tt

2324 4664 2544 4719 Domino
2567 4670 2841 4723 erudiatur.
2868 4672 3017 4728 Prius
3039 4676 3196 4743 igitur
3217 4683 3568 4751 nosmetipsos
3584 4688 3914 4744 eundemne-

2324 4771 2444 4809 mus
2473 4773 2659 4826 magna
2700 4774 2820 4813 cum
2860 4762 3165 4820 sinceritate
3187 4807 3203 4832 ,
3236 4779 3289 4822 et
3317 4772 3461 4824 nullo
3489 4775 3692 4830 sciente
3730 4778 3780 4831 in
3809 4779 3911 4832 tri-

2326 4845 2505 4899 bunali
2552 4850 2895 4903 conscientia:
2937 4853 3217 4909 sedeamus
3259 4874 3274 4911 :
3314 4859 3498 4930 sicque
3539 4868 3913 4926 examinemus

2325 4949 2536 4993 nostras
2564 4941 2912 5009 cogitationes
2935 4985 2948 5007 ,
2995 4953 3048 4999 et
3091 4956 3290 5002 rectam
3317 4956 3634 5010 sententiam
3664 4959 3912 5026 profera-

2328 5043 2464 5091 mus.
2496 5039 2552 5084 ut
2591 5046 2742 5084 mens
2772 5033 3081 5090 imminente
3112 5035 3204 5091 illo
3241 5051 3447 5097 terrore
3477 5061 3729 5113 percussa
3754 5091 3770 5113 ,
3803 5067 3912 5106 non

2329 5130 2554 5186 patratur
2581 5122 2809 5190 atrtplius
2846 5122 3055 5192 decipi,
3101 5127 3196 5182 sed
3237 5130 3492 5201 impetum
3541 5138 3803 5205 refrenet,
3849 5161 3914 5198 ac

2331 5211 2657 5277 prospiciens
2689 5213 2834 5265 illum
2864 5215 3160 5270 insomnem
3193 5222 3409 5277 oculum
3428 5264 3446 5290 ,
3477 5228 3768 5294 prmeludat
3798 5232 3916 5286 dia-

2330 5297 2452 5351 bolo
2472 5302 2781 5367 ingreSsum.
2802 5302 3023 5372 Propter
3036 5307 3452 5375 ignaviamenim
3477 5315 3697 5374 ferimus
3707 5324 3914 5390 omnia,

2333 5400 2389 5441 ut
2420 5390 2528 5457 ipsa
2559 5407 2734 5446 rerum
2761 5396 3090 5463 experientia
3124 5401 3340 5458 clamat.
3389 5406 3519 5462 Nam
3559 5415 3916 5479 quemadmo-

2333 5478 2458 5531 dum
2481 5481 2523 5532 si
2550 5481 2635 5535 vel
2663 5484 2931 5551 paululum
2960 5489 3180 5543 excitari
3196 5493 3538 5564 voluerimus,
3568 5478 3920 5562 omnesillius

2334 5568 2552 5621 insidias
2582 5575 2728 5638 quasi
2767 5575 3035 5641 pulverem
3060 5583 3378 5648 repellemus
3405 5603 3420 5640 :
3443 5589 3522 5643 sic
3543 5593 3759 5660 quando
3789 5610 3918 5665 sup-

2334 5659 2634 5729 plantamur
2659 5703 2671 5724 ,
2710 5678 2812 5716 non
2847 5679 3062 5736 prOpter
3088 5671 3232 5728 ilﬁus
3265 5659 3598 5746 tyrannidem
3627 5685 3728 5740 hoc
3751 5690 3920 5743 susti-

2335 5767 2525 5809 nemus
2548 5791 2564 5820 ,
2612 5753 2704 5808 scd
2747 5767 2961 5824 propter
2985 5760 3255 5833 ignaviam
3283 5781 3539 5828 nostram.
3572 5775 3753 5848 Neque
3773 5797 3923 5838 enim
