4182 6322
194 356 288 412 5‘15

196 493 241 543 ri
263 503 350 542 sua
378 496 432 540 et
458 487 785 544 necessitate
818 499 914 539 nos
943 483 1107 538 vincit
1129 524 1144 547 ,
1173 482 1267 538 sed
1298 482 1618 551 deceptione
1646 481 1783 536 sola.

198 578 267 634 Ne
309 578 642 646 decipiantur
686 590 864 630 autem
900 576 956 630 in
988 576 1140 628 nobis
1157 584 1273 637 cst,
1297 573 1340 627 si
1367 573 1640 642 paululum
1669 587 1790 626 esse

200 669 373 738 vigiles
402 668 776 732 voluerimus,
820 677 874 720 et
909 664 1309 732 nobismetipsis
1349 662 1738 716 attenderimus
1773 679 1786 715 :

203 778 298 816 non
321 762 458 832 quod
487 777 553 814 ex
584 761 740 815 nobis
769 762 896 814 Solis
924 769 1067 814 tanta
1099 760 1168 814 sit
1212 767 1483 828 potestas,
1531 757 1626 812 sed
1669 755 1791 826 quia

202 865 314 906 tunc
341 866 642 920 supernum
672 852 924 905 auxilium
969 852 1123 905 nobis
1151 849 1389 920 all‘ulget.
1437 848 1569 904 Nam
1601 850 1646 903 si
1673 863 1793 918 quae

199 961 224 996 a
251 945 395 996 nobis
426 953 554 996 sunt
586 943 895 1007 fecerimus,
927 952 1221 1009 sequentur
1242 941 1403 996 etiam
1426 940 1646 993 omnino
1675 954 1796 1008 qua:

206 1033 396 1088 homini
427 1042 578 1100 sunt.
619 1032 813 1100 Vigiles
845 1031 1004 1099 igitur
1032 1032 1219 1094 simus,
1253 1029 1499 1091 obsecro,
1532 1029 1794 1083 etseien-

203 1139 276 1179 tes
303 1133 443 1177 artes
469 1125 716 1192 maligni,
749 1131 1008 1193 perpetuo
1048 1135 1334 1174 caveamus
1360 1121 1516 1173 nobis
1541 1160 1555 1180 ,
1586 1130 1640 1173 et
1667 1133 1794 1172 ore-

202 1229 310 1268 mus
334 1214 498 1266 Deum
530 1223 588 1267 ut
617 1229 713 1266 nos
743 1213 960 1277 adjuvet
985 1211 1048 1265 ad
1076 1211 1390 1265 certandum
1415 1219 1656 1264 nostrum
1674 1223 1796 1262 cum

201 1303 403 1356 diabolo
433 1313 733 1358 certamen.
781 1304 871 1356 Sic
897 1303 1043 1356 cnim
1070 1311 1122 1355 et
1150 1315 1245 1355 n0s
1273 1302 1453 1354 invicti
1483 1301 1706 1363 erimus,
1735 1307 1790 1352 et

204 1394 624 1448 machinationes
664 1394 806 1447 illius
844 1393 1162 1462 effugiemus
1186 1434 1200 1455 ,
1231 1401 1287 1446 et
1326 1391 1559 1445 divinam
1606 1403 1798 1444 conse-

202 1499 421 1550 quemur
441 1483 697 1552 gratiam,
739 1484 984 1552 bonaque
1013 1492 1214 1536 :eterua
1240 1481 1601 1550 adipiscentur
1634 1497 1645 1532 :
1677 1493 1798 1548 quae

205 1575 348 1628 nobis
387 1576 645 1629 omnibus
685 1575 997 1645 contingant
1020 1615 1036 1640 ,
1069 1575 1237 1643 gratia
1259 1583 1312 1628 et
1342 1573 1673 1641 benignitate
1697 1569 1802 1622 Do-

203 1667 323 1718 mini
365 1667 537 1718 nostri
578 1665 705 1720 Iesu
734 1666 974 1729 Christi,
1018 1679 1138 1719 eum
1180 1679 1289 1734 quo
1320 1663 1462 1718 Patri
1495 1673 1548 1715 et
1577 1659 1799 1730 Spiritui

204 1767 382 1809 saluae
409 1756 480 1809 sit
510 1757 679 1825 gloria
704 1797 718 1819 ,
746 1757 1026 1824 imperium
1054 1796 1068 1817 ,
1099 1766 1152 1809 et
1183 1756 1376 1814 honor.
1411 1769 1552 1809 nunc
1577 1763 1630 1809 ct
1655 1767 1799 1807 seni-

207 1865 318 1917 per,
342 1859 396 1903 et
423 1849 477 1904 in
499 1849 700 1903 san-uia
730 1849 1076 1903 szeculorum.
1105 1853 1294 1903 Anien.

768 2018 1048 2075 llObllLlA
1089 2018 1226 2074 LXI.

212 2145 304 2203 Ha!
335 2162 507 2204 autem
548 2161 668 2205 sunt
708 2151 1056 2222 generationes
1092 2151 1255 2206 Iacob
1283 2167 1305 2208 :
1333 2151 1529 2222 Ioseph
1581 2160 1807 2221 septem-.7

271 2241 432 2292 decim
466 2259 720 2295 annorum
760 2254 868 2296 erat
909 2259 1118 2313 pascens
1141 2261 1256 2297 cum
1292 2246 1534 2315 fratribus
1578 2244 1688 2297 suis
1719 2259 1806 2314 pe-

271 2347 390 2383 cora
422 2331 580 2400 (Gen.
608 2333 698 2386 57.
727 2332 808 2402 2).

275 2462 323 2514 l.
369 2461 569 2516 lterum
605 2479 701 2533 pro
741 2464 1129 2520 consuetudine
1171 2480 1288 2520 mea
1320 2465 1386 2520 ad
1423 2480 1664 2519 mensam
1708 2479 1806 2520 vos

211 2550 460 2608 inducere
507 2557 666 2621 volo,
707 2564 760 2610 et
799 2571 1130 2627 prosequens
1154 2572 1214 2612 ea
1242 2572 1361 2626 quat
1404 2556 1612 2626 pridem
1653 2556 1804 2611 vobis

209 2643 377 2710 dicta,
429 2661 494 2700 ex
531 2645 614 2700 his
646 2663 764 2716 quae
807 2663 948 2702 nunc
977 2648 1112 2703 lecta
1152 2661 1273 2702 sunt
1309 2648 1615 2702 convivium
1655 2649 1807 2716 vobis

214 2735 307 2790 hoc
332 2753 637 2807 proponere
667 2739 965 2808 spirituale.
995 2741 1280 2818 Sufficiunt
1311 2742 1452 2795 enim
1484 2757 1605 2809 ιμιω
1648 2740 1806 2796 hodie

213 2828 335 2879 lecta
358 2841 480 2881 sunt
503 2829 572 2881 ad
599 2829 899 2884 docendum
930 2847 1030 2886 nos
1053 2847 1240 2887 omnes
1264 2875 1278 2897 ,
1309 2845 1563 2901 quantum
1595 2834 1806 2886 invidie

211 2916 459 2971 damnum
474 2920 566 2983 sit,
584 2929 638 2973 et
658 2921 927 2990 quomodo
945 2920 1155 2974 invidia:
1174 2922 1434 2990 pernicies
1453 2925 1612 2975 etiam
1633 2937 1806 2991 usque

211 3007 271 3058 ad
297 3019 584 3074 cognatum
613 3025 803 3078 magna
840 3012 891 3062 vi
923 3026 982 3064 se
1008 3012 1328 3065 estenderit.
1383 3011 1580 3065 Verum
1624 3023 1680 3064 ut
1725 3014 1804 3066 vi-

209 3095 390 3150 deatur
417 3113 482 3151 ex
513 3102 894 3168 consequentia
940 3116 1120 3154 sermo
1163 3103 1445 3172 progredi,
1480 3119 1660 3171 aperte
1687 3119 1808 3172 pre-

213 3189 334 3238 tititti
388 3190 551 3242 fuerit
599 3190 808 3243 initium
852 3191 1092 3245 lectionis
1141 3202 1375 3261 tangere.
1421 3191 1458 3245 2
1510 3191 1607 3245 lla:
1640 3203 1810 3247 autent

210 3289 356 3343 sinit,
390 3281 596 3348 inquit,
638 3283 984 3350 generationes
1019 3281 1199 3335 Iacob.
1257 3282 1389 3336 Vide
1432 3283 1806 3339 admirabilem

215 3366 344 3420 hunc
373 3369 692 3436 prophetam
719 3412 734 3435 ,
763 3373 1035 3439 quomodo
1062 3387 1184 3424 eum
1217 3373 1486 3440 promittat
1531 3375 1685 3427 nobis
1713 3391 1806 3444 ge-

213 3459 502 3526 nealogiam
527 3459 692 3514 Iacob
712 3501 725 3523 ,
755 3463 932 3515 statim
962 3462 1027 3514 ad
1063 3461 1338 3516 historiam
1369 3466 1514 3533 pueri
1540 3478 1804 3531 recurrat,

212 3561 261 3601 et
288 3563 570 3620 postquam
624 3553 850 3608 diviSset
874 3596 888 3618 ,
940 3553 1039 3608 lla:
1076 3565 1193 3609 sunt
1233 3561 1582 3626 generationes
1620 3557 1804 3624 Iacob,

211 3639 454 3695 derelicta
484 3643 768 3697 confestim
794 3647 1122 3712 narratione,
1152 3649 1365 3716 quinam
1400 3649 1603 3703 scilicet
1624 3667 1689 3703 ex
1714 3651 1807 3705 illo

214 3731 334 3795 nati,
367 3743 420 3786 et
453 3734 650 3786 iterum
685 3737 773 3804 qui
809 3751 872 3789 ex
906 3735 1041 3792 natis
1066 3737 1135 3790 ab
1161 3754 1225 3790 eo
1246 3738 1407 3806 geniti
1437 3740 1598 3808 (sicut
1619 3755 1803 3810 supra,

211 3837 322 3876 cum
352 3825 421 3879 de
464 3826 606 3880 Esau
650 3842 829 3881 sermo
854 3838 1025 3894 esset,
1070 3829 1213 3898 fecit)
1238 3871 1252 3894 ,
1300 3831 1364 3884 ad
1395 3831 1593 3899 Ioseph
1626 3832 1805 3888 statim

214 3910 560 3979 festiiiaverit,
590 3916 1010 3984 adolescentem,
1039 3920 1277 3972 omnium
1309 3919 1532 3974 fratrum
1565 3925 1674 3980 leue
1706 3938 1804 3992 po-

211 4013 498 4069 stremum;
550 4023 672 4060 tiam
713 4007 885 4061 dicit:
927 4008 1122 4078 Ioseph
1163 4011 1334 4064 decem
1373 4022 1418 4063 et
1463 4022 1653 4082 septem
1697 4022 1806 4066 erat

212 4109 452 4147 armorum
499 4113 714 4164 pascens
756 4114 872 4151 cum
919 4101 1160 4169 fratribus
1202 4101 1308 4154 suis
1343 4118 1476 4154 oves.
1535 4102 1705 4168 Quam
1735 4103 1820 4157 ob'

207 4200 419 4240 causam
449 4189 606 4241 nobis
631 4203 896 4244 annorum
925 4191 1166 4262 designat
1198 4194 1520 4246 numerum?
1572 4193 1642 4249 Ut
1666 4195 1806 4249 scias

210 4274 621 4331 adolescentiam
648 4295 751 4332 non
776 4295 894 4334 esse
918 4282 1127 4336 virtutis
1157 4284 1598 4351 impedimentum
1629 4302 1640 4337 :
1668 4291 1718 4337 in
1750 4289 1806 4339 ut

212 4364 412 4432 plenius
447 4367 589 4422 scias
617 4370 972 4425 adolescentis
1000 4389 1120 4441 erga
1165 4384 1367 4442 patrem
1418 4374 1802 4443 obcdirntiatll,

210 4466 259 4508 et
284 4456 334 4510 in
362 4456 560 4512 fratres
589 4459 1016 4516 benevolentiam
1043 4505 1058 4529 ,
1104 4465 1317 4518 illorum
1345 4475 1521 4518 autem
1561 4468 1805 4521 inhuma-

211 4546 422 4601 nitatem
451 4566 466 4602 :
495 4560 550 4603 et
577 4552 845 4618 quomodo
872 4569 940 4606 ne
971 4553 1018 4607 id
1051 4554 1268 4624 quidem
1295 4555 1550 4610 cohibere
1577 4574 1672 4610 eos
1702 4575 1803 4623 po-

210 4637 323 4700 tuit,
353 4639 498 4708 quod
531 4638 600 4693 ita
630 4641 680 4693 iu
706 4656 800 4696 eos
820 4643 1040 4697 affectus
1068 4655 1250 4708 esset;
1284 4663 1380 4698 nec
1405 4649 1455 4699 in
1486 4657 1592 4700 tam
1620 4658 1802 4702 tenera

210 4739 380 4792 :etate,
407 4746 531 4798 qua:
573 4731 802 4786 debebat
829 4748 926 4788 eos
951 4735 1014 4787 ad
1047 4738 1574 4791 commiserationem
1605 4755 1801 4808 provo-

209 4831 347 4883 care,
377 4818 678 4875 fratcrnuin
698 4839 938 4876 amorem
960 4835 1240 4879 servarunt
1265 4829 1388 4880 :sed
1420 4845 1542 4880 mox
1559 4833 1627 4881 ab
1651 4833 1800 4885 initio

210 4906 444 4962 videntes
467 4919 520 4964 et
552 4911 700 4979 pueri
726 4912 918 4966 bonam
947 4914 1198 4978 indolem,
1232 4926 1283 4968 et
1309 4919 1476 4985 patris
1503 4934 1624 4987 erga
1658 4920 1800 4973 illum

209 4998 652 5066 benevolentiam,
682 5005 734 5056 in
763 5005 1010 5059 invidiam
1041 5018 1222 5061 contra
1255 5025 1374 5062 eum
1409 5013 1622 5064 exc-itali
1655 5024 1796 5065 sunt.

210 5086 506 5143 Detulertmt
535 5094 705 5158 enim,
752 5093 959 5165 inquit,
997 5097 1188 5165 Ioseph
1228 5099 1290 5152 de
1330 5102 1546 5169 pessimo
1585 5103 1802 5157 crimine

208 5183 339 5248 apud
368 5181 536 5238 Israel
558 5195 750 5254 patrem
772 5203 917 5239 suum
938 5186 1172 5259 (a).Vidc
1187 5192 1403 5245 malitia:
1421 5194 1796 5249 eminentiam:

213 5277 367 5339 patris
396 5279 678 5332 caritatem
709 5279 1021 5349 perturbare
1061 5285 1393 5338 attentabant
1419 5303 1433 5346 ;
1467 5296 1520 5339 ct
1542 5302 1660 5356 quae
1691 5303 1798 5341 non

212 5375 356 5418 erant
381 5366 589 5437 fingunt
611 5379 796 5421 contra
826 5368 1042 5424 fratrem
1077 5388 1089 5424 :
1125 5372 1176 5425 id
1205 5373 1378 5426 solum
1397 5374 1712 5441 efficientes,
1744 5387 1801 5430 ut

270 5499 445 5573 (a)_Sie
466 5509 596 5552 LXX.
626 5510 672 5553 tn
698 5506 902 5573 ttelgrrco
919 5514 970 5556 et
990 5507 1097 5557 aliis
1123 5511 1426 5573 versionibus
1444 5511 1627 5573 legitur
1647 5515 1799 5573 ipsum

211 5561 462 5634 {gitimam
500 5578 755 5634 “'53-‘59
779 5567 954 5634 frall'cs
990 5583 1106 5634 δυρδ
1128 5571 1251 5632 alma
1292 5580 1477 5634 Immin
1589 5561 1798 5634 pessimo

212 5627 404 5690 uimine
431 5637 443 5672 :
471 5627 544 5691 sic
563 5627 920 5689 etiauii'ulgata
940 5645 951 5677 :
977 5639 1026 5679 et
1050 5630 1126 5679 hic
1147 5627 1222 5680 est
1241 5627 1386 5680 verus
1407 5633 1548 5691 hujus
1572 5627 1660 5684 loci
1683 5650 1796 5684 seu-

601 5685 878 5739 ttebraictim
903 5691 1060 5740 tidem.
1084 5693 1198 5742 Vide
1224 5694 1271 5742 in
1293 5685 1520 5758 ttexaplis
1545 5699 1722 5748 nostris
1739 5699 1798 5747 ad

1105 347 1168 404 ΙΝ
1208 348 1361 403 CAP.
1405 345 1673 402 XXXVI.
1712 345 1963 402 GENES.
1999 345 2234 403 ιιοιιιιη
2281 347 2418 404 LXI.

3399 349 3506 406 5’6

1905 461 2142 531 ipsorum
2186 462 2388 516 invidia
2430 463 2712 519 manifesta
2742 464 3074 520 redderetur.
3128 464 3191 520 Et
3228 474 3286 520 ιιι
3331 464 3509 519 discas

1903 568 1998 607 eos
2026 553 2154 609 nihil
2181 554 2325 608 aliud
2369 555 2729 619 lucrifeeisse,
2763 572 2925 627 quam
2954 557 3098 627 quod
3141 556 3288 624 prius
3333 561 3497 609 laten-

1906 653 2016 698 tem
2049 661 2266 716 pravam
2317 657 2554 701 mentem
2601 647 2773 716 palatii
2821 647 3078 712 fecerint,
3128 646 3273 702 vide-
3302 656 3508 715 patrem

1903 739 2068 791 etiam
2095 748 2212 807 post
2235 753 2421 793 eorum
2441 741 2842 795 accusationem
2860 741 3030 809 magis
3052 739 3344 793 haerentem
3372 739 3503 804 tilio,

1902 837 1957 880 et
1978 828 2088 896 jam
2110 830 2366 898 prtefcrrc
2390 846 2510 884 cum
2528 832 2794 884 Omnibus.
2812 831 2865 885 '5.
2886 829 3047 884 Iacob
3071 842 3239 883 autem
3257 871 3272 892 ,
3293 830 3463 899 inquit
3484 869 3501 893 ,

1904 919 2083 974 ditarit
2112 919 2304 988 Ioseph
2333 938 2490 990 supra
2523 938 2694 975 omnes
2721 918 2857 990 ﬁlio’s
2881 938 3000 975 suos
3021 963 3038 986 ,
3082 922 3326 984 quoniam
3365 920 3505 988 ﬁlius

1904 1012 2172 1066 senectutis
2194 1023 2303 1065 erat
2334 1013 2399 1066 ei.
2434 1012 2575 1066 Fecit
2603 1025 2771 1066 autem
2797 1013 2842 1066 ei
2864 1015 3083 1066 tunicam
3113 1014 3328 1067 varium.
3369 1013 3507 1079 Quid

1905 1110 1985 1154 cst
2011 1143 2024 1160 ,
2070 1099 2258 1155 Dilerit
2293 1102 2485 1171 Ioseph
2525 1121 2677 1170 super
2715 1120 2886 1155 omnes
2925 1103 3057 1164 ﬁlios
3086 1119 3201 1156 suos
3223 1144 3235 1163 ,
3269 1104 3510 1171 quoniam

1906 1191 2045 1261 [ilius
2083 1195 2352 1247 senectutis
2374 1205 2479 1247 erat
2506 1194 2593 1247 ei?
2653 1195 2785 1261 Quia
2829 1205 3149 1263 postremus,
3203 1205 3256 1247 et
3297 1195 3347 1248 in
3397 1195 3526 1261 ipsa

1905 1294 2181 1338 senectute
2233 1296 2389 1337 natus
2437 1295 2517 1339 est
2555 1286 2601 1339 ei
2630 1326 2644 1350 ,
2699 1296 2916 1354 propter
2958 1287 3058 1340 hoc
3092 1288 3260 1356 magis
3301 1288 3509 1340 dilexit.

1906 1376 2038 1430 Nam
2071 1379 2238 1445 magis
2269 1378 2526 1432 amabiles
2563 1378 2813 1432 videntur
2854 1378 2987 1441 lilii,
3038 1381 3125 1448 qui
3158 1381 3209 1432 iii
3238 1389 3514 1435 senectute

1908 1467 2023 1537 ipsa
2047 1479 2392 1538 generantur,
2424 1470 2793 1539 niajoremque
2829 1482 3038 1539 patrum
3081 1472 3512 1526 benevolentiam

1909 1570 2286 1629 assequuntur.
2345 1560 2448 1615 Sed
2479 1571 2534 1614 ut
2557 1561 2791 1615 sciamus
2811 1603 2827 1627 ,
2871 1577 2974 1615 non
3010 1564 3110 1616 hoc
3138 1562 3312 1615 solum
3347 1562 3512 1617 fuisse

1910 1655 2050 1722 quod
2084 1664 2287 1723 patrem
2321 1654 2393 1707 illi
2423 1654 2777 1721 conciliabat,
2829 1656 2899 1710 ita
2950 1664 3008 1709 ut
3049 1671 3173 1709 cum
3214 1658 3336 1710 aliis
3379 1673 3516 1725 pra:-

1913 1744 2077 1799 ferret
2099 1785 2112 1808 ,
2148 1745 2309 1798 docet
2338 1761 2435 1798 nos
2471 1747 2748 1814 Scriptura
2780 1747 2942 1800 etiam
2986 1756 3105 1816 post
3155 1749 3300 1800 illum
3347 1749 3514 1802 alium

1910 1852 2123 1906 quoque
2147 1847 2328 1889 natum
2352 1852 2472 1890 csse
2501 1835 2666 1888 filium
2695 1855 2708 1891 ;
2737 1837 2854 1890 etsi
2884 1819 3178 1892 secundum
3213 1839 3513 1893 naturalem

1911 1941 2151 1980 amorem
2173 1927 2389 1980 dilectio
2419 1926 2608 1980 fuisset
2633 1968 2648 1988 ,
2679 1935 2980 1993 postremus
3013 1926 3199 1980 fuisset
3229 1928 3401 1996 magis
3427 1927 3515 1981 di-

1913 2016 2104 2082 lectus,
2150 2026 2334 2084 utpote
2380 2033 2506 2070 vere
2535 2020 2828 2070 senectutis
2871 2018 3043 2080 filius,
3085 2029 3136 2071 et
3167 2029 3292 2071 tunc
3334 2029 3516 2085 mins,

1910 2109 2125 2179 quando
2164 2111 2229 2164 ad
2276 2121 2602 2178 postremam
2646 2119 2979 2164 senectutem
3029 2113 3273 2180 pervenit
3318 2113 3518 2180 justus.

1911 2201 2048 2269 Quid
2079 2202 2236 2270 igitur
2256 2209 2338 2254 est
2363 2201 2694 2255 dicendum?
2738 2202 3037 2270 Supernam
3070 2203 3357 2271 quamdam
3395 2219 3517 2272 gra-

1913 2295 2040 2350 tiam
2084 2279 2284 2360 fuiSsc,
2337 2309 2455 2363 quzc
2498 2293 2754 2363 juvenem
2799 2295 3087 2348 amabilem
3139 2295 3433 2358 reddebat,
3463 2304 3519 2349 et

1913 2393 2132 2454 propter
2173 2385 2367 2437 animte
2400 2384 2649 2438 virtutem
2698 2396 2754 2438 ut
2799 2385 3010 2439 cunctis
3055 2385 3400 2452 pra-ferretur
3441 2386 3520 2438 fa-

1912 2478 2086 2532 ciebat
2118 2494 2132 2530 :
2163 2476 2302 2530 hanc
2349 2489 2530 2530 autem
2577 2476 2628 2530 in
2675 2477 2946 2546 Scriptura
2998 2479 3222 2546 proponi
3272 2493 3517 2541 causam,

1912 2568 2054 2638 quod
2092 2568 2230 2622 filius
2259 2568 2549 2621 senectutis
2594 2567 2789 2632 fuerit,
2835 2579 2887 2623 et
2921 2568 3042 2621 ideo
3074 2570 3241 2638 magis
3279 2586 3402 2622 cum
3431 2569 3520 2623 di-

1913 2661 2126 2723 lexi-rit,
2162 2669 2219 2713 ιιι
2251 2677 2354 2714 non
2383 2660 2666 2714 manifeste
2686 2673 2907 2730 angeret
2936 2661 3119 2714 odium
3149 2661 3375 2714 fratrum
3419 2660 3516 2732 (τι).

1987 2753 2192 2806 Invidia
2218 2763 2464 2822 quantum
2499 2754 2712 2806 malum.
2756 2753 2883 2805 Cain
2909 2753 3102 2820 primus
3133 2769 3195 2806 ex
3219 2752 3391 2805 invido
3421 2753 3517 2806 ho-

1913 2845 2118 2898 micida.
2162 2876 2231 2885 ——
2278 2844 2468 2899 Gravis
2495 2846 2637 2898 enim
2668 2845 2781 2898 li:rc
2815 2847 2977 2898 animi
3025 2845 3288 2915 a-grittulo
3316 2855 3400 2898 est
3420 2888 3435 2910 ,
3465 2857 3518 2902 et

1913 2937 2127 3006 quando
2154 2937 2386 2988 animant
2427 2935 2682 2988 invaserit
2707 2975 2721 2993 .
2765 2951 2869 2988 non
2903 2937 3049 3003 prius
3075 2951 3194 2988 eam
3238 2937 3516 3004 relinquit,

1915 3028 2087 3081 donec
2118 3029 2166 3081 in
2197 3037 2494 3080 extremam
2540 3025 2923 3078 absurditateni
2968 3042 3086 3078 caui
3131 3026 3434 3091 induxerit,
3463 3038 3518 3082 et

1917 3118 2119 3172 la-dcns
2164 3120 2395 3169 animam
2438 3132 2465 3167 ιι
2499 3131 2600 3184 qua
2635 3125 2755 3168 nata
2785 3126 2898 3177 est,
2944 3118 3166 3169 omnino
3208 3119 3368 3171 aliter
3393 3135 3518 3172 eunt

1914 3210 1997 3264 cui
2029 3209 2228 3261 invidet
2258 3209 2438 3269 afficit,
2471 3223 2631 3276 quam
2660 3208 2773 3260 vuit
2809 3227 2823 3262 :
2859 3224 3050 3278 nempe
3072 3210 3357 3264 clariorem
3379 3253 3394 3276 ,
3426 3231 3517 3263 uo-

1916 3301 2179 3360 biliorem,
2213 3299 2554 3352 illustriorem
2581 3299 2726 3351 illum
2759 3298 2968 3361 reddit;
3012 3299 3157 3353 unde
3191 3301 3382 3354 iterum
3413 3301 3514 3355 alia

1913 3391 2127 3460 gravior
2155 3389 2337 3444 iuvith
2371 3391 2522 3459 plaga
2566 3389 2820 3443 nascitur.
2870 3390 2966 3443 llic
3009 3391 3325 3446 consideres
3356 3392 3518 3462 igitur

1914 3482 2288 3536 admirandum
2334 3482 2479 3534 illum
2519 3481 2775 3550 juvenem
2820 3496 3001 3536 rerum
3046 3498 3166 3552 qua:
3217 3486 3516 3554 agebantur

1915 3575 2155 3643 ignarum
2177 3612 2194 3636 ,
2224 3573 2608 3642 repraesentari
2639 3586 2758 3626 cum
2785 3571 2887 3626 illis
2918 3582 2975 3626 ιιι
3001 3589 3123 3626 cum
3156 3575 3429 3640 fratribus,
3463 3587 3518 3631 ct

1911 3666 2062 3735 quasi
2089 3665 2278 3719 eodem
2304 3674 2456 3719 utero
2488 3665 2645 3731 natis,
2670 3665 2848 3719 omnia
2873 3681 2994 3721 cum
3019 3666 3207 3722 fiducia
3234 3678 3288 3723 et
3312 3671 3518 3740 simpli-

1912 3761 2072 3811 citate
2119 3757 2463 3828 loquentem,
2499 3757 2618 3810 illos
2660 3768 2839 3811 autem
2890 3758 3104 3813 invidiae
3146 3763 3288 3815 malo
3325 3773 3517 3831 captos

1911 3852 2036 3906 odio
2079 3866 2200 3907 eum
2246 3861 2647 3920 persequentes.
2698 3852 2753 3905 4.
2804 3850 3042 3906 Videntes
3089 3853 3275 3917 enim,
3320 3855 3513 3926 inquit,

1912 3943 2134 4011 fratres,
2178 3943 2313 4012 quod
2336 3952 2478 4012 pater
2522 3958 2630 4011 pra:
2665 3943 2897 3996 omnibus
2933 3944 3056 4010 [iliis
3097 3945 3340 4016 diligebat
3377 3963 3512 4010 sttui,

1911 4036 2120 4089 oderant
2140 4051 2278 4099 eum,
2302 4043 2347 4087 et
2376 4051 2475 4087 non
2499 4042 2734 4102 poterant
2762 4035 2900 4102 loqui
2924 4035 2972 4086 ei
2987 4036 3262 4104 quidquam
3281 4038 3513 4107 paci/ire.

1916 4124 2048 4178 Vide
2075 4123 2344 4194 quomodo
2370 4123 2495 4176 odio
2537 4131 2934 4191 prosequuntur
2971 4138 3095 4178 eum
3134 4127 3223 4194 qui
3271 4126 3321 4179 in
3363 4129 3515 4181 uailo

1911 4215 2231 4270 offenderat.
2256 4214 2321 4268 Et
2342 4214 2498 4277 nihil,
2533 4214 2722 4283 inquit,
2763 4223 2994 4284 poterant
3023 4214 3160 4283 loqui
3193 4218 3240 4268 ei
3271 4220 3504 4287 paci/ioc.

1910 4310 2047 4376 Quid
2087 4318 2203 4374 est,
2254 4307 2404 4361 Nihil
2442 4315 2677 4377 poterant
2719 4306 2858 4375 loqui
2900 4307 2944 4359 ri
2978 4307 3238 4375 paciﬁce?
3265 4308 3399 4376 Quia
3430 4312 3511 4362 af-

1912 4403 2079 4457 fectus
2105 4401 2479 4457 dominabatur
2503 4402 2581 4454 eis
2611 4407 2664 4452 et
2702 4398 2941 4468 quotidie
2967 4400 3264 4468 augebatur
3304 4402 3508 4466 odium,

1909 4510 2005 4549 ceu
2037 4495 2176 4560 capti
2205 4490 2488 4563 tyrannide
2519 4489 2679 4556 hujus
2708 4491 2869 4555 mali,
2900 4490 2951 4544 in
2979 4491 3103 4542 dolo
3131 4492 3509 4560 loquebantur,

1910 4595 1964 4639 ct
1991 4584 2120 4638 nihil
2147 4584 2195 4636 ei
2239 4581 2457 4650 pacilice
2502 4582 2642 4649 loqui
2680 4589 2946 4648 poterant.
3009 4581 3138 4635 Vide
3168 4593 3346 4637 autem
3373 4603 3511 4655 quo-

1911 4679 2071 4732 modo
2101 4693 2314 4730 causam
2349 4675 2455 4727 odii
2488 4675 2846 4743 significavit,
2895 4677 3035 4743 quod
3079 4694 3272 4747 nempe
3311 4683 3378 4736 ab
3427 4683 3510 4737 in-

1909 4770 2046 4820 vidia
2077 4768 2352 4820 exordium
2403 4766 2665 4820 habuerit.
2727 4763 2795 4820 Ut
2834 4767 3065 4819 viderunt
3102 4770 3244 4840 catini
3272 4813 3285 4835 ,
3318 4771 3509 4840 inquit,

1911 4865 2122 4930 fratres,
2171 4859 2306 4928 quod
2346 4868 2487 4926 pater
2526 4874 2640 4909 cum
2671 4873 2778 4926 pne
2803 4859 3034 4913 omnibus
3081 4859 3210 4927 {iliis
3238 4863 3343 4915 suis
3392 4865 3512 4917 dili-

1909 4963 2066 5020 geret.
2125 4953 2290 5004 Atiior
2323 4950 2489 5017 patris
2537 4949 2790 5001 invidiam
2831 4949 2878 5003 ei
2918 4951 3159 5019 peperit,
3207 4952 3301 5006 sed
3344 4958 3512 5021 patris

1972 5085 2053 5148 (a)_
2079 5091 2258 5130 sensus
2295 5081 2624 5148 _(:hrysostomi
2655 5088 2773 5148 est,
2823 5082 3085 5148 Josephum
3132 5097 3160 5132 a
3203 5087 3381 5134 Jacobo
3433 5100 3514 5148 pa-

1908 5143 1989 5196 tre
2013 5143 2119 5206 [his
2142 5145 2334 5192 caeteris
2357 5143 2627 5207 adamatum
2647 5143 2816 5207 fuisse,
2842 5145 2906 5192 ob
2945 5157 3208 5205 supernam
3231 5143 3443 5207 gratiam
3461 5157 3515 5200 et

1906 5203 2080 5256 anima:
2105 5209 2334 5254 virtutem
2360 5218 2371 5268 ζ
2399 5206 2486 5253 sed
2514 5217 2577 5268 ne
2605 5203 2696 5253 hoc
2740 5205 2896 5268 ipsum
2935 5203 3168 5267 majorem
3193 5203 3390 5268 pareret
3417 5208 3513 5257 fra-

1908 5279 2035 5317 trum
2062 5268 2303 5330 iuvidiam,
2331 5266 2471 5313 aliam
2495 5267 2733 5326 adiectam
2758 5266 2910 5330 fuisse
2935 5266 3114 5315 amoris
3136 5266 3348 5327 causam,
3379 5271 3510 5330 quod

1907 5329 2137 5378 videlicet
2160 5328 2206 5375 in
2243 5335 2502 5392 senectute
2528 5329 2895 5392 suagentiisset
2933 5343 3073 5384 eum;
3115 5333 3254 5392 quasi
3280 5328 3514 5382 videlicet

1907 5392 2011 5439 luce
2032 5402 2174 5436 causa
2201 5390 2358 5436 minus
2401 5390 2458 5435 ad
2485 5390 2713 5436 ciendum
2761 5387 2965 5437 livorem
3013 5387 3186 5440 idonea
3236 5394 3510 5443 videretur.

1906 5454 1998 5500 sed
2022 5449 2339 5514 liitttlﬂlps‘lllll,
2366 5450 2494 5510 quod
2518 5449 2566 5498 in
2591 5456 2829 5514 senectute
2852 5465 2941 5500 sua
2963 5451 3200 5514 genuisset
3245 5468 3374 5509 cum,
3415 5469 3510 5504 nou

1906 5520 2044 5561 vacat
2066 5511 2348 5560 dillieultate
2374 5525 2385 5559 :
2414 5524 2521 5558 nam
2570 5512 2745 5560 eodem
2782 5511 3072 5576 t‘erinefaut
3109 5514 3294 5563 tantillo
3343 5515 3512 5576 elapso

1907 5583 2130 5635 tempere
2149 5575 2212 5638 ali
2232 5580 2339 5621 ortu
2367 5581 2723 5638 postremorum
2769 5576 2929 5622 Jacobi
2970 5575 3173 5624 filiorum
3199 5591 3319 5638 quos
3343 5590 3404 5625 ex
3427 5575 3511 5626 tia

1907 5643 1960 5685 et
1984 5632 2044 5683 ex
2072 5632 2243 5698 ancilla
2285 5632 2520 5694 suscepit,
2546 5643 2688 5683 natus
2731 5643 2804 5681 est
2845 5644 2970 5698 .Iosel
2991 5638 3021 5684 li
3044 5653 3057 5695 ς
3099 5640 3160 5685 ita
3185 5632 3238 5687 ut
3263 5653 3355 5686 nou
3383 5639 3511 5688 hunc

1903 5695 2186 5759 specialiter
2213 5697 2259 5759 iii
2283 5705 2544 5744 senectute
2569 5709 2655 5759 sua
2693 5695 2970 5758 suscepisse
3006 5700 3241 5749 dicendus
3265 5699 3504 5750 videatur.

1914 5755 2086 5812 ierunt
2105 5757 2210 5808 lucc
2236 5755 2428 5818 longius
2454 5766 2585 5807 esset
2603 5757 2823 5821 pluribus
2843 5755 3108 5811 escutei'e.
