4182 6322
676 383 778 439 εῖτ

676 497 1103 553 benevolentiam
1131 493 1418 550 virtnstllii
1450 493 1549 547 sibi
1580 492 1900 547 conciliavit.
1926 490 2062 546 Cum
2096 491 2257 560 igitur

675 598 947 656 oporteret
968 588 1086 642 illos
1112 586 1303 641 imitari
1325 584 1562 646 fratrem.
1587 592 1641 638 et
1659 583 1898 637 aemulari
1920 597 2095 638 mores
2119 582 2257 650 ejus,

677 688 735 731 ιιι
760 678 837 732 sic
864 686 917 731 et
943 676 1042 747 ipsi
1068 687 1272 746 patrem
1294 675 1394 730 sibi
1416 673 1785 734 conciliarent.
1817 688 1886 727 ne
1915 671 2018 727 hoc
2042 671 2258 742 quidem

677 767 780 821 illis
822 767 876 820 iu
921 775 1156 821 mentem
1191 766 1366 828 venit.
1410 764 1505 821 sed
1547 765 1816 819 communi
1860 763 1987 818 odio
2034 761 2199 816 lilium
2229 775 2259 816 a

681 866 832 926 patre
855 855 1108 911 dilectum
1132 855 1611 925 prosequebantur.
1642 853 1709 909 Et
1736 853 1813 908 illi
1841 854 2078 924 quidem,
2106 854 2258 923 quasi

684 946 865 1000 hostes
895 944 1040 1013 facti,
1065 946 1208 1000 intus
1239 945 1492 1000 latentem
1517 943 1774 998 malitiam
1803 945 2097 1013 parientes,
2129 941 2260 995 nihil

685 1035 904 1105 pacillce
947 1035 996 1090 ei
1020 1077 1038 1102 ,
1081 1033 1178 1090 sed
1219 1048 1340 1090 cum
1370 1033 1497 1088 dolo
1539 1033 1893 1102 loquebantur
1921 1050 1936 1086 :
1963 1032 2052 1086 ille
2079 1040 2262 1086 autem

683 1126 1009 1201 admirabilis
1031 1125 1321 1182 fraternam
1348 1123 1768 1180 benevolentiam
1785 1139 1906 1178 cum
1923 1123 2002 1178 eis
2021 1137 2261 1188 servans,

685 1216 925 1287 nihilque
970 1216 1247 1285 suspicans
1269 1253 1284 1280 ,
1324 1223 1381 1269 ut
1410 1213 1659 1269 fratribus
1687 1213 1825 1270 bene
1854 1212 2056 1278 fidens,
2084 1213 2264 1268 omnia

683 1319 803 1373 quae
827 1305 881 1358 lu
905 1319 966 1361 se
983 1315 1136 1360 erant
1163 1303 1408 1360 faciebat.

749 1391 807 1446 Ω.
842 1392 935 1447 llic
959 1393 1187 1448 morbus
1240 1392 1310 1446 ab
1335 1392 1484 1447 initio
1508 1400 1563 1470 et
1583 1391 1712 1446 Cain
1738 1433 1755 1458 ,
1778 1401 1833 1447 ut
1860 1391 2078 1447 fratrem
2115 1392 2262 1447 occi-

684 1481 866 1546 deret.
897 1483 1141 1538 armavit.
1169 1481 1238 1538 Et
1281 1484 1419 1538 sicut
1459 1483 1544 1538 isti
1590 1492 1806 1552 propter
1845 1483 2264 1540 benevolentiam

686 1573 878 1640 patris.
909 1586 1066 1642 quam
1093 1587 1218 1642 erga
1245 1571 1412 1626 tilium
1456 1572 1792 1639 declarabat,
1817 1573 1941 1628 odio
1969 1574 2115 1628 illum
2145 1589 2268 1643 pro-

685 1661 1074 1731 suquelmttttr.
1100 1671 1157 1716 et
1184 1661 1490 1731 impugnare
1536 1662 1996 1726 moliebantur,et
2030 1664 2266 1734 quotidie

685 1750 850 1819 ipsius
875 1749 1078 1806 caedem
1102 1751 1464 1820 perturbabar:
1491 1768 1507 1806 :
1532 1753 1722 1808 eodem
1743 1767 1874 1808 sane
1897 1754 2058 1808 modo
2077 1765 2131 1809 et
2151 1755 2259 1818 ille.

686 1851 742 1894 ut
768 1841 898 1896 vidit
944 1842 1121 1897 fratris
1163 1841 1303 1897 dona
1355 1844 1465 1898 Deo
1505 1845 1673 1914 magis
1701 1854 1916 1914 accepta
1963 1845 2124 1901 fuisse
2148 1887 2164 1912 ,
2195 1846 2264 1900 ad

681 1946 804 2000 eum
830 1931 1178 1988 occidendum
1205 1944 1522 2002 provocatus
1555 1921 1638 1990 est
1660 1975 1676 1997 .
1703 1945 1758 1990 et
1779 1937 1946 2006 inquit
1965 1977 1979 1999 ,
2013 1934 2266 2008 Egredio-

686 2036 804 2073 snur
829 2022 880 2074 in
896 2037 1132 2091 campum
1168 2020 1319 2091 (Cen.
1349 2025 1402 2079 ι.
1436 2024 1514 2095 8).
1553 2023 1711 2080 Vides
1750 2025 1893 2080 hunc
1940 2027 2098 2081 etiam
2137 2027 2268 2083 nihil

685 2109 1011 2178 suspicatum
1035 2150 1051 2175 .
1097 2113 1385 2167 contulisse
1424 2114 1607 2179 fratri.
1639 2123 1694 2170 et
1729 2116 1926 2171 esiisse
1967 2131 2032 2172 ac
2075 2127 2269 2187 pra-ter

685 2199 848 2253 animi
877 2203 1197 2256 sententiam
1247 2204 1298 2257 in
1351 2203 1608 2258 nefariam
1662 2206 1804 2259 illaut
1845 2205 2086 2262 dextram
2133 2208 2267 2264 inci-

686 2287 868 2346 disse?
913 2290 1003 2348 Sic
1042 2307 1171 2348 sane
1210 2304 1264 2348 et
1305 2295 1633 2352 admirabilis
1657 2295 1853 2367 Joscph
1881 2298 2127 2355 nesciens
2149 2313 2266 2354 ma—

691 2379 796 2434 lmn
829 2380 1048 2437 fratrum
1070 2400 1290 2438 suonun
1315 2400 1632 2441 consensum
1661 2427 1678 2453 ,
1710 2397 1975 2458 tamquam
2006 2403 2127 2444 cum
2154 2388 2267 2443 fra-

689 2470 858 2524 tribus
878 2487 1004 2527 cum
1031 2472 1112 2528 eis
1138 2473 1468 2544 loqnelmtur.
1492 2484 1546 2530 et
1575 2477 1834 2531 insomnia
1875 2477 1986 2546 ipsa
2022 2493 2143 2548 qua:
2165 2479 2267 2534 sibi

687 2559 829 2611 Deus
873 2560 1203 2618 revelaverat
1225 2603 1241 2627 .
1268 2564 1640 2634 pnesignando
1677 2566 1900 2635 gloriam
1935 2567 2034 2620 sibi
2061 2568 2266 2623 obven-

688 2656 860 2704 tnrsin
883 2661 937 2705 et
959 2649 1182 2708 fratrum
1207 2655 1615 2722 subjectionem.
1645 2657 1697 2710 in
1735 2657 1964 2712 medium
1998 2673 2265 2730 propone-

692 2738 800 2794 bat.
827 2740 882 2796 5.
904 2739 1030 2797 Cum
1053 2743 1196 2797 enim
1215 2746 1530 2807 somniasset.
1551 2747 1819 2808 somnium.
1849 2748 2035 2818 inquit,
2062 2767 2259 2804 annun-

689 2828 828 2883 tt'asit
851 2831 1090 2900 fratribus
1111 2835 1238 2898 satis.
1257 2832 1314 2888 ϐ.
1336 2843 1384 2888 et
1402 2835 1531 2888 dixit
1549 2835 1622 2888 eis
1653 2850 1672 2888 :
1696 2835 1879 2891 Audite
1902 2839 2151 2892 sentitium
2172 2841 2267 2894 hoc

686 2917 870 2971 enim.
893 2919 946 2972 7.
971 2919 1217 2975 Putabant
1232 2938 1322 2978 nos
1344 2925 1634 2994 manipulos
1657 2927 1818 2996 ligare
1844 2927 1894 2980 in
1931 2929 2094 2982 medio
2120 2945 2262 3000 agro,

686 3017 735 3061 et
747 3009 961 3063 surrexit
985 3011 1274 3081 manipulus
1298 3030 1467 3080 mens,
1493 3025 1542 3068 rt
1561 3026 1754 3070 erectas
1779 3027 1851 3071 est
1879 3034 1900 3074 :
1924 3018 2265 3073 circumstan-

687 3107 761 3152 tes
779 3110 946 3153 untein
963 3102 1208 3171 manipuli
1229 3105 1373 3158 vestri
1388 3106 1723 3160 adoraverunt
1745 3109 2060 3179 manipulum
2080 3126 2266 3168 meum.

691 3185 726 3242 8
798 3187 1045 3244 Dixerunt
1073 3202 1240 3246 autem
1281 3194 1326 3247 si
1351 3197 1533 3265 fratres
1562 3211 1582 3249 :
1615 3195 1753 3250 Nam
1780 3213 1996 3268 regnans
2033 3201 2267 3269 regnabis

689 3292 839 3346 super
866 3295 977 3345 nos,
1007 3291 1096 3335 ant
1119 3283 1384 3338 dominans
1411 3285 1747 3341 dominaberis
1791 3291 1996 3344 nostri?
2019 3289 2084 3344 Et
2106 3307 2269 3362 appo-

687 3379 891 3424 sucrsnt
934 3371 1100 3425 atlltnc
1139 3389 1253 3426 sua
1292 3375 1411 3429 odio
1464 3378 1694 3446 prosequi
1743 3390 1948 3450 μημιον
1982 3381 2180 3435 somnia
2218 3393 2266 3436 et

694 3462 842 3517 urbe
873 3478 985 3518 sua.
1012 3464 1296 3535 Propterea
1325 3467 1474 3537 prius
1495 3484 1709 3540 quoque
1735 3472 1913 3525 docuit
1937 3472 2056 3527 illos
2081 3473 2265 3529 odium

684 3564 810 3621 erga
836 3568 957 3608 enin
996 3565 1148 3610 antea
1175 3556 1480 3613 ealdbuisse
1499 3601 1515 3625 ,
1545 3567 1602 3614 ut
1639 3575 1707 3614 ne
1737 3569 1980 3629 putcmus
2009 3578 2102 3618 eos
2142 3563 2267 3618 hinc

684 3644 975 3711 nupsisse
1013 3644 1120 3700 odii
1170 3646 1250 3701 sui
1299 3658 1484 3702 contra
1509 3665 1631 3704 cum
1677 3652 1976 3706 exordium.
2005 3652 2263 3722 Apposu-

684 3742 801 3787 rnat
830 3735 974 3790 enim
1010 3737 1176 3792 adhuc
1206 3754 1323 3792 sitm
1362 3740 1480 3794 odio
1502 3742 1753 3812 prosequi
1781 3743 1925 3799 :boe
1950 3755 2067 3812 est,
2097 3747 2264 3800 multo

685 3823 854 3892 magis
879 3827 1147 3895 augebant
1181 3828 1361 3885 odium
1393 3840 1447 3886 et
1471 3831 1774 3886 inimicitias
1793 3847 1979 3890 contra
2025 3853 2166 3892 eum.
2200 3841 2264 3895 lit

684 3911 805 3968 vide
857 3913 1043 3980 miram
1072 3917 1281 3973 illorum
1325 3921 1659 3977 excitatum“:
1682 3924 1782 3994 ipsi
1821 3927 1964 3980 enim
1994 3930 2259 3983 soumimn

683 4014 973 4072 expuunt.
1000 4005 1114 4064 Non
1133 4009 1274 4063 enim
1296 4019 1382 4066 est
1409 4010 1714 4080 dicendum,
1746 4029 1841 4069 eos
1869 4027 2083 4086 propter
2110 4017 2264 4087 igno-

686 4107 722 4144 r:
745 4093 907 4155 uiam
936 4111 1121 4153 eorum
1147 4139 1163 4163 ,
1189 4114 1309 4167 qme
1340 4099 1512 4156 futura
1535 4113 1689 4174 erant
1709 4145 1724 4168 ,
1748 4105 1998 4159 invidiam
2032 4109 2262 4176 gessisse

683 4191 870 4237 contra
910 4199 1057 4250 eunt;
1084 4187 1178 4241 sed
1221 4197 1283 4244 ut
1339 4188 1509 4248 ftIura
1550 4207 1615 4247 ex
1662 4194 1882 4249 somniis
1919 4195 2256 4264 didicerunt.

681 4278 893 4325 auctum
941 4283 1021 4328 est
1069 4276 1248 4332 odium
1279 4293 1481 4336 eorum.
1525 4282 1570 4336 υ
1609 4281 1873 4352 ingentem
1926 4287 2253 4344 amentiam!

679 4361 968 4431 Oportebat
1010 4366 1111 4420 boc
1144 4369 1378 4424 scientes
1408 4372 1662 4440 majorem
1699 4390 1822 4444 erga
1849 4375 1997 4432 illum
2026 4378 2258 4435 benevo-

681 4453 896 4511 lentiam
920 4457 1192 4514 declarare
1211 4501 1225 4523 .
1253 4475 1285 4517 e
1313 4463 1492 4519 medio
1517 4465 1703 4520 tollere
1724 4468 1832 4522 odii
1856 4483 2069 4524 causam
2096 4481 2255 4541 atque

679 4542 913 4614 cl't'ugare
941 4549 1241 4606 invidentia:
1265 4552 1510 4609 allectum
1537 4573 1552 4611 :
1580 4556 1910 4614 obtenebrati
1956 4571 2135 4617 mente
2153 4603 2169 4628 .
2199 4573 2254 4618 et

681 4650 786 4687 non
832 4636 1072 4712 videntes
1115 4655 1174 4695 se
1227 4655 1410 4699 contra
1451 4647 1767 4717 semetipsos
1807 4652 1986 4704 omnia
2042 4651 2252 4720 facere.

679 4727 844 4780 multo
869 4728 1072 4796 majore
1109 4730 1232 4787 odio
1261 4735 1313 4788 in
1339 4749 1460 4790 eum
1502 4748 1834 4793 exarserunt.
1857 4742 2032 4805 Quare
2050 4785 2065 4808 ,
2091 4757 2125 4797 o
2152 4743 2251 4797 mi-

677 4817 780 4872 seri
821 4827 872 4872 ct
913 4819 1206 4876 calamitosi
1233 4864 1249 4888 .
1283 4832 1479 4880 tantam
1507 4827 1815 4883 declarastis
1836 4830 2083 4886 invidiam
2106 4876 2120 4897 ,
2148 4850 2250 4889 non

674 4909 966 4976 cogitantes
985 4921 1039 4965 et
1066 4913 1358 4969 fraternum
1389 4918 1654 4972 vinculum
1676 4962 1692 4985 .
1721 4931 1778 4975 et
1799 4925 2127 4979 somniorum
2160 4942 2247 4981 re-

675 5001 990 5056 velationem
1029 5003 1362 5059 manifestam
1397 5006 1490 5061 Dei
1519 5023 1641 5077 erga
1675 5011 1821 5065 illum
1846 5012 2121 5070 declarare
2153 5017 2236 5070 be-

673 5089 1057 5147 nevolentiam?
1080 5093 1252 5150 Nolite
1275 5097 1415 5149 enim
1442 5099 1752 5156 existimare
1776 5118 1896 5172 quae
1925 5119 1952 5157 a
1985 5105 2092 5161 Deo
2116 5124 2250 5177 prue-

671 5181 876 5249 signata
905 5193 1046 5248 sunt,
1082 5201 1236 5255 posse
1261 5189 1518 5244 subverti.
1549 5191 1677 5245 Nam
1706 5196 1842 5249 sicut
1866 5200 2130 5253 somnium
2159 5203 2244 5254 di-

667 5268 962 5335 judicastis.
993 5274 1063 5327 ita
1085 5275 1184 5329 erit
1213 5293 1316 5330 non
1343 5288 1464 5349 post
1485 5283 1704 5336 multum
1736 5290 2006 5355 temporis,
2037 5291 2242 5347 etiamsi

671 5359 947 5416 innumera
999 5366 1302 5436 excogitare
1340 5370 1635 5427 volueritis.
1670 5373 1849 5430 Solcrs
1876 5379 2017 5433 enim
2058 5390 2112 5434 et
2153 5398 2242 5435 sa-

669 5448 820 5518 piens
844 5466 963 5505 cum
993 5454 1062 5509 sit
1086 5459 1321 5513 omnium
1370 5459 1620 5515 Dominus
1643 5505 1656 5526 ,
1692 5473 1747 5517 ut
1779 5480 1889 5520 sua:
1912 5468 2118 5524 virtutis
2152 5473 2241 5525 de-

669 5540 834 5594 claret
881 5547 1212 5611 potentiam.
1251 5563 1392 5619 smpe
1438 5553 1602 5607 multa
1666 5557 1924 5623 permittit
1974 5559 2236 5631 interponi

667 5633 1044 5700 impedimenta
1069 5678 1084 5702 ,
1102 5649 1171 5692 ut
1194 5639 1260 5695 iis
1287 5656 1406 5711 quc
1440 5643 1538 5697 sibi
1565 5646 1766 5713 pridem
1794 5649 1902 5702 visa
1935 5662 2233 5717 erant-per-

668 5722 1142 5793 fectis,summam
1171 5733 1380 5790 virtutis
1426 5751 1535 5793 sum
1587 5738 1819 5796 declaret
1866 5747 2230 5802 eminentiam.

1349 379 1408 436 S.
1446 379 1722 437 JOANNIS
1747 349 2580 435 ειιιιῖεοδτοδιιἈιιοῐιιερ.
2620 371 3158 432 CONSTANTINOP.

3859 365 3979 426 533

2371 489 2566 544 Verum
2598 491 2667 543 ita
2693 504 2754 544 se
2779 487 2937 543 liabet
2957 487 3152 542 invidia
3177 527 3195 554 ,
3229 485 3360 546 nihil
3388 499 3574 539 eorum
3597 483 3834 553 cogitare
3864 499 3976 554 pn-

2368 593 2493 651 test,
2525 584 2619 638 sed
2646 585 2886 647 omnino,
2915 592 2973 636 ut
2993 582 3065 635 ita
3093 580 3291 644 dicant,
3319 579 3408 633 ubi
3441 575 3651 632 invidus
3678 586 3868 646 captus
3895 576 3977 629 ab

2369 677 2473 730 lioc
2515 675 2702 731 morbo
2732 674 2920 737 fuerit.
2950 683 3136 727 contra
3179 687 3332 727 suam
3379 671 3544 741 ipsius
3583 671 3812 724 salutem
3841 667 3976 721 facit

2368 768 2569 822 omnia.
2599 768 2660 821 Et
2685 765 2757 821 illi
2787 765 3000 836 quidem
3032 765 3340 819 narratione
3369 761 3763 817 somniiodinm
3795 774 3967 814 anse-

2370 869 2541 920 rnnt;
2603 857 2931 912 admirabilis
2976 866 3152 911 autem
3200 853 3398 924 Josepb
3449 853 3537 906 ubi
3579 863 3635 907 et
3686 850 3833 905 aliud
3879 865 3979 904 so.

2367 949 2572 1003 mnium
2602 947 2752 1009 vidit.
2778 963 2888 1001 non
2920 945 3047 1016 ipsis
3075 945 3272 1009 solum,
3307 944 3401 1000 sed
3429 952 3484 997 et
3509 942 3648 1012 patri
3675 949 3879 996 narrat.
3909 941 3971 994 9.

2371 1039 2534 1106 Quasi
2560 1040 2639 1092 sol
2665 1049 2710 1093 et
2739 1038 2862 1092 lens
2903 1047 2949 1091 et
2985 1037 3217 1091 undecim
3228 1023 3404 1089 .stellte
3423 1033 3703 1087 adorabunt
3741 1047 3843 1085 nte.
3874 1031 3967 1086 10.

2373 1132 2439 1186 Et
2483 1131 2759 1199 increpavit
2799 1145 2914 1184 eum
2963 1137 3106 1199 pater
3133 1143 3253 1181 satis
3272 1167 3286 1188 .
3319 1136 3365 1178 et
3395 1126 3524 1178 dixit
3569 1126 3614 1178 ei
3645 1141 3663 1176 :
3695 1122 3850 1190 Quod
3895 1131 3975 1176 est

2369 1221 2620 1276 somnium
2647 1220 2759 1283 hoc,
2785 1219 2921 1289 quod
2945 1218 3211 1272 somniasti
3228 1217 3255 1271 .’
3289 1215 3340 1270 N
3345 1215 3553 1281 nmquid
3585 1225 3760 1269 estates
3782 1213 3978 1266 ibimus

2370 1330 2461 1386 ego
2485 1323 2531 1367 et
2581 1322 2739 1367 mater
2763 1322 2852 1366 tua
2871 1351 2885 1373 .
2913 1321 2958 1366 et
2984 1314 3168 1382 fratres
3211 1310 3282 1363 liti
3303 1351 3317 1373 ,
3353 1318 3405 1362 stt
3432 1309 3700 1362 adoremus
3725 1316 3774 1360 te
3814 1319 3980 1374 super

2369 1406 2592 1462 terram?
2622 1406 2708 1460 ll.
2740 1404 3000 1460 Entttlati
3023 1414 3190 1457 autem
3214 1412 3329 1458 sunt
3357 1418 3468 1455 eum
3487 1399 3681 1468 fratres
3693 1399 3792 1463 sui.
3825 1406 3980 1468 pater

2371 1513 2485 1550 vero
2519 1496 2795 1551 observavit
2820 1495 3044 1548 vallum.
3069 1493 3258 1548 Sciens
3287 1502 3439 1563 pater
3479 1490 3620 1560 quod
3653 1491 3847 1545 fratres
3889 1487 3979 1542 in—

2374 1590 2621 1644 viderent
2659 1588 2709 1642 ei
2730 1628 2746 1653 .
2774 1596 2999 1656 prepter
3029 1586 3132 1639 boe
3179 1582 3465 1653 increpavit
3492 1597 3712 1653 puerum
3735 1620 3752 1644 .
3783 1591 3838 1634 et
3868 1595 3975 1633 ex-

2372 1682 2547 1753 posuit
2574 1681 2736 1736 etiam
2763 1680 2878 1749 ipse
2905 1679 3204 1741 somnium.
3234 1691 3298 1731 ac
3325 1675 3636 1742 coniectans
3667 1689 3697 1727 a
3736 1672 3849 1726 Deo
3879 1685 3974 1726 re-

2368 1772 2693 1828 velationem
2743 1771 2791 1826 ei
2835 1769 3066 1833 factam,
3113 1765 3437 1821 observabat
3477 1763 3718 1818 verbum.
3768 1760 3975 1816 Verum

2372 1879 2478 1920 non
2509 1864 2579 1918 ita
2609 1861 2873 1917 faciebant
2893 1860 3100 1915 fratres.
3131 1857 3239 1914 Sed
3261 1855 3416 1928 quid?
3442 1854 3636 1910 lterum
3659 1853 3830 1909 multo
3857 1868 3977 1907 tua-

2372 1957 2453 2026 gis
2475 1955 2886 2010 aemulabantur.
2913 1951 3023 2007 Cur
3050 1951 3222 2006 insani
3265 1947 3482 2004 fuistis?
3509 1963 3605 2000 cur
3631 1944 3974 2016 stupidorum

2371 2061 2534 2117 opera
2580 2044 2817 2100 fecistis?
2841 2043 2958 2099 Non
2987 2043 3292 2114 cogitastis,
3321 2040 3615 2095 secundum
3641 2036 3974 2092 insomnium

2369 2153 2478 2193 non
2511 2145 2744 2200 temere,
2776 2147 2953 2204 neque
2972 2131 3192 2186 fortuito
3222 2130 3420 2185 factum
3447 2143 3570 2185 esse
3597 2143 3612 2182 :
3640 2126 3736 2182 sed
3765 2136 3824 2180 ut
3843 2140 3976 2180 cum

2369 2225 2666 2287 didiceritls
2692 2225 2912 2281 omnino
2962 2221 3139 2278 futura
3185 2236 3312 2277 esse
3353 2235 3476 2290 qua:
3517 2215 3770 2289 predicta
3801 2226 3928 2271 sunt
3952 2255 3970 2278 ,

2370 2318 2595 2375 cessetis
2625 2309 2872 2372 meditari
2915 2312 3265 2368 fratricidimn
3287 2347 3304 2377 ,
3334 2319 3517 2379 ιιινοω
3547 2323 3658 2364 rem
3687 2307 3978 2361 molien'cs

2373 2408 2803 2480 impossibilem?
2831 2406 2995 2477 Igitur
3021 2403 3307 2476 oportebat
3334 2400 3550 2472 quidem
3579 2413 3696 2464 vos,
3726 2412 3849 2452 cum
3871 2412 3974 2452 co-

2368 2503 2632 2574 gitarctis,
2658 2512 2714 2557 et
2741 2502 2793 2556 in
2826 2510 3061 2555 mentem
3082 2495 3397 2566 acciperetis
3414 2495 3702 2549 fraternam
3733 2497 3978 2546 vestram

2368 2593 2805 2665 conjunctionetn
2831 2633 2847 2658 .
2893 2591 3124 2646 futuram
3157 2588 3350 2648 fratris
3395 2587 3622 2657 gloriam
3659 2598 3754 2653 pro
3792 2591 3976 2636 vestra

2372 2686 2588 2742 ducere.
2619 2683 2883 2753 Quoniam
2928 2695 3111 2736 att'em
3140 2680 3206 2734 ad
3255 2680 3355 2733 boc
3398 2692 3505 2731 non
3551 2672 3925 2745 respiciebatis
3956 2712 3972 2736 ,

2371 2760 2705 2843 consequens
2753 2773 2852 2827 fuit
2875 2771 3001 2825 illud
3031 2769 3288 2840 cogitare,
3318 2783 3413 2822 vos
3449 2780 3554 2821 non
3583 2774 3774 2820 contra
3800 2778 3928 2818 eum
3955 2803 3974 2828 ,

2370 2863 2464 2920 sed
2485 2871 2670 2920 contra
2692 2863 2931 2918 omnium
2965 2861 3275 2924 Dominum,
3307 2860 3396 2929 qui
3427 2857 3529 2913 hoc
3559 2858 3608 2912 ei
3631 2856 3741 2927 jam
3765 2855 3982 2910 revela-

2371 2958 2447 3010 vit
2469 2995 2484 3021 ,
2533 2953 2731 3008 bellmn
2763 2967 2970 3023 gerere.
3013 2949 3210 3006 Verum
3260 2950 3331 3004 illi
3372 2948 3589 3019 quidem
3613 2989 3630 3014 ,
3657 2946 3795 3000 sicut
3825 2943 3978 3011 disi,

2371 3061 2547 3115 neque
2573 3053 2776 3098 natura:
2803 3041 3074 3097 vinculum
3109 3040 3344 3104 reveriti,
3381 3054 3556 3109 neque
3593 3038 3646 3092 in
3672 3044 3854 3090 mente
3873 3050 3978 3089 ca-

2375 3127 2580 3207 pientes
2606 3142 2806 3206 quanta
2837 3134 2929 3189 ille
2952 3148 3183 3203 superna
3228 3131 3602 3189 benevolentia
3642 3129 3976 3192 muniretur,

2373 3227 2553 3281 odium
2576 3226 2814 3298 quotidie
2843 3234 3108 3281 auxerunt
3133 3243 3146 3278 :
3170 3233 3225 3280 et
3243 3224 3452 3278 occulte
3477 3224 3614 3276 intra
3643 3218 3979 3288 semctipsos

2373 3333 2558 3388 rogum
2603 3317 2998 3381 accenderunt.
3042 3331 3215 3386 neque
3266 3326 3448 3385 patre,
3483 3327 3660 3382 neque
3702 3311 3814 3366 lilio
3861 3310 3978 3365 tale

2369 3408 2642 3479 quidpiam
2681 3407 3108 3477 suspicantibus.
3142 3421 3314 3475 neque
3357 3401 3721 3474 cogitintibus
3772 3416 3869 3456 eos
3913 3403 3974 3454 in

2373 3510 2573 3555 tantam
2603 3500 2864 3555 insaniam
2891 3513 3013 3554 esse
3041 3505 3437 3568 proticratnros.
3476 3493 3598 3550 ideo
3621 3493 3708 3549 ubi
3737 3491 3976 3562 profecti

2371 3599 2497 3646 sunt
2525 3591 2721 3646 fratres
2741 3590 2807 3644 ad
2833 3603 3024 3660 greges
3051 3606 3064 3642 :
3090 3589 3175 3643 l3.
3206 3586 3373 3653 Dixit,
3389 3576 3595 3656 inquit,
3622 3594 3764 3655 pater
3783 3583 3853 3636 ad
3871 3581 3980 3635 Jo-

2369 3683 2493 3750 seplt
2520 3697 2539 3735 :
2567 3680 2622 3735 Ν
2625 3698 2756 3736 anne
2782 3681 2964 3751 fratres
2988 3682 3062 3734 tati
3090 3689 3306 3751 pascunt
3328 3695 3441 3733 oves
3457 3680 3509 3732 in
3528 3678 3790 3749 Syc-lieni!
3816 3675 3975 3740 Vati.

2369 3775 2563 3826 mittant
2589 3783 2637 3827 te
2661 3772 2730 3825 ad
2757 3788 2862 3826 eos.
2890 3770 3128 3844 Dixitque
3151 3771 3196 3825 ei
3223 3786 3241 3824 :
3272 3770 3401 3825 Ecce
3419 3787 3536 3841 ego.
3571 3767 3761 3823 Vidisti
3795 3771 3976 3838 patris

2366 3881 2492 3936 erga
2542 3863 2723 3919 filios‘
2756 3863 3144 3919 dilectionem?
3194 3862 3371 3917 vidisti
3418 3861 3510 3915 lilii
3560 3859 3976 3914 obedientiam!

2370 3955 2510 4009 Dixit
2533 3964 2712 4010 autem
2737 3956 2784 4008 ei
2820 3971 2835 4008 :
2867 3954 2946 4008 l4.
2985 3953 3158 4018 Vade.
3187 3961 3234 4006 et
3260 3953 3404 4019 uide,
3437 3968 3560 4006 nunt
3578 3951 3694 4006 sani
3716 3952 3814 4005 sint
3845 3955 3971 4022 fra-

2366 4056 2466 4100 tres
2491 4046 2584 4109 tui,
2605 4055 2652 4098 et
2681 4063 2817 4110 oves,
2836 4056 2881 4099 et
2895 4047 3143 4100 amntntia
3169 4045 3315 4100 mihi.

2437 4139 2490 4192 5.
2519 4136 2714 4207 Ioseph
2737 4140 2904 4208 figura
2923 4138 3128 4191 Christi.
3157 4167 3228 4178 ——
3255 4136 3379 4192 llmc
3405 4145 3582 4191 autem
3609 4137 3788 4191 omnia
3814 4134 3962 4191 facit

2363 4238 2491 4284 sunt
2515 4267 2530 4290 .
2559 4237 2616 4281 ut
2639 4235 2694 4282 et
2717 4225 2932 4296 Josepbi
2973 4242 3096 4298 erga
3140 4226 3334 4282 fratres
3372 4234 3762 4282 monstraretur
3787 4226 3964 4281 bene-

2363 4317 2616 4381 volentia.
2640 4326 2693 4371 et
2711 4316 2922 4370 illorum
2944 4315 3284 4386 sanguinaria
3302 4331 3453 4371 mens
3474 4315 3627 4372 ﬁeret
3649 4315 3959 4372 manifesta.

2365 4410 2582 4466 Factum
2610 4417 2694 4466 est
2719 4420 2896 4465 autem
2919 4410 3047 4464 etin
3080 4411 3300 4480 figuram
3329 4407 3800 4474 futurorum..tttitt
3833 4423 3962 4462 unto

2363 4502 2457 4555 bra
2481 4503 2649 4556 multo
2675 4510 2831 4556 antea
2853 4500 3095 4555 veritatis
3125 4515 3212 4555 res
3241 4498 3692 4554 describerentur.
3720 4497 3790 4552 Et
3814 4498 3959 4553 sicut

2360 4594 2645 4672 Josepli‘ad
2679 4593 2868 4649 fratres
2897 4595 3026 4650 abiit
3054 4595 3281 4650 invisum
3311 4608 3426 4659 e05,
3456 4603 3510 4648 et
3539 4594 3612 4649 illi
3639 4609 3812 4663 neque
3839 4594 3954 4649 fra-

2361 4685 2682 4743 ternitatem.
2713 4699 2885 4755 neque
2909 4685 3169 4739 adventus
3190 4701 3405 4739 Causam
3439 4684 3682 4748 reveriti.
3719 4686 3950 4753 primum

2358 4773 2573 4844 quidem
2599 4773 2666 4829 de
2704 4773 2996 4828 occidendo
3018 4774 3108 4828 illo
3128 4774 3495 4828 deliberabant
3519 4817 3535 4840 ,
3559 4786 3737 4844 ptistea
3767 4785 3952 4828 autem

2355 4869 2711 4924 vendiderunt
2759 4869 3001 4924 barbaris
3033 4885 3045 4921 :
3082 4870 3151 4923 ita
3194 4879 3246 4923 et
3276 4867 3537 4922 Dominus
3582 4877 3763 4922 uester
3793 4881 3948 4921 suam

2355 4974 2581 5014 servans
2619 4959 3067 5024 misericordiam,
3109 4959 3324 5013 advenit
3368 4959 3604 5014 invisens
3653 4958 3949 5013 humanum

2354 5066 2540 5121 genus,
2567 5062 2618 5106 et
2636 5062 2880 5120 suscepta
2900 5061 3094 5105 nostra:
3125 5051 3308 5105 forma:
3336 5066 3516 5114 carne.
3551 5051 3796 5119 dignatus
3827 5051 3951 5106 tieri

2359 5143 2523 5196 frater
2548 5153 2750 5205 uoster.
2778 5144 2855 5195 sic
2894 5143 3132 5196 advenit.
3187 5142 3250 5195 Et
3275 5143 3470 5195 clamat
3496 5141 3688 5195 Paulus
3717 5141 3905 5194 dicens
3932 5159 3950 5195 :

2357 5234 2475 5289 Non
2521 5237 2653 5288 enim
2683 5234 2887 5306 angelos
2914 5237 3207 5302 assumpsit,
3226 5236 3313 5287 sed
3341 5253 3507 5288 semen
3529 5237 3745 5288 Abralne
3771 5250 3786 5286 :
3808 5236 3952 5288 unde

2352 5326 2521 5379 debuit
2551 5343 2641 5394 per
2678 5326 2844 5379 omnia
2885 5325 3130 5396 fratribus
3175 5327 3354 5379 similis
3387 5326 3499 5394 ﬁeri
3541 5323 3721 5392 (Hebr.
3759 5324 3815 5376 2.
3851 5326 3951 5380 l6.

2357 5419 2464 5486 l7).
2497 5417 2600 5471 Sed
2630 5417 2821 5488 ingrati
2858 5416 3029 5471 Judmi
3064 5417 3360 5469 animarum
3401 5430 3794 5485 corporumque
3825 5416 3950 5470 lle-

2351 5507 2525 5561 dicum
2557 5508 2829 5566 innumera
2882 5507 3137 5561 miracula
3180 5506 3418 5576 quotidie
3466 5513 3762 5575 patrantem
3796 5516 3953 5559 occl-

2349 5599 2476 5654 dere
2501 5598 2674 5653 conati
2704 5608 2827 5654 sunt
2847 5641 2862 5666 ,
2894 5609 2949 5653 et
2988 5614 3152 5668 opere
3180 5597 3584 5668 compleverunt
3631 5599 3814 5651 animo
3841 5613 3949 5653 suo

2413 5759 2429 5789 ⁸
2463 5757 2598 5810 savil.
2626 5767 2677 5813 et
2697 5758 2888 5824 quidam
2910 5764 3036 5819 διεδ..
3060 5770 3178 5823 ergo
3196 5755 3377 5822 filium;
3410 5759 3569 5809 minus
3591 5770 3746 5809 rm.
