4182 6322
223 354 322 412 523

221 471 491 524 decretam
540 467 784 531 caulem;
815 480 879 522 ac
902 467 1289 524 crucifixerunt
1323 483 1447 522 eum
1490 467 1582 539 qui
1610 476 1832 537 propter

226 571 463 616 nostram
512 563 744 617 salutem
789 564 931 618 servi
975 562 1201 618 formam
1248 563 1526 634 suscipere
1580 561 1831 633 dignatus

221 663 317 709 est.
359 654 425 711 Et
466 655 552 710 isti
585 653 800 731 quidem
844 655 1242 725 apprehensum
1267 696 1283 720 ,
1313 664 1369 711 et
1391 655 1539 710 cruci
1568 653 1822 709 traditum

220 744 531 799 occiderunt
563 762 577 798 :
608 732 683 798 illi
730 752 915 800 autem
974 746 1360 801 consultabant
1419 744 1673 818 quidem,
1732 746 1827 801 sed

223 850 381 903 opere
403 836 543 906 quod
568 836 924 892 consulebant
952 852 1060 892 non
1108 838 1488 908 impleverunt.
1530 836 1830 907 Oportebat

223 934 404 981 autem
459 925 688 996 ﬁguram
747 928 926 983 minus
982 928 1227 995 habere,
1281 944 1441 999 quam
1499 930 1829 985 veritatem:

218 1019 339 1085 quia
383 1018 580 1088 alioqui
624 1035 729 1072 non
779 1018 963 1073 fuisset
1017 1020 1183 1089 figura
1214 1032 1402 1075 eorum
1445 1034 1569 1089 quae
1602 1018 1828 1089 posthac

220 1106 392 1159 futura
424 1119 601 1162 erant.
637 1108 923 1178 Propterea
966 1108 1073 1163 illic
1102 1108 1320 1181 quidem
1359 1109 1511 1179 quasi
1538 1110 1590 1163 in
1639 1108 1827 1163 umbra

220 1198 539 1269 praesignata
582 1210 727 1253 sunt.
794 1199 863 1254 Et
928 1200 1297 1277 animadverte
1338 1216 1455 1259 rem
1506 1199 1827 1255 mirabilem.

218 1288 332 1343 Non
377 1290 723 1357 occiderunt,
769 1290 863 1346 sed
907 1291 1301 1357 vendiderunt,
1348 1302 1403 1345 et
1436 1301 1644 1346 vestem
1692 1290 1831 1345 hredi

217 1385 482 1453 sanguine
513 1384 857 1454 inquinantes
882 1385 1146 1441 dederunt
1168 1386 1307 1454 patri
1334 1427 1350 1450 ,
1380 1385 1710 1454 persuadere
1738 1399 1833 1437 vo-

217 1474 392 1532 lentes
430 1478 667 1533 occisum
696 1477 860 1533 fuisse
888 1480 1056 1533 tilium
1098 1494 1280 1533 suum.
1306 1476 1473 1533 Vides
1500 1479 1679 1532 omnia
1713 1476 1831 1532 haec

216 1566 353 1623 facta
379 1583 524 1635 esse,
553 1579 611 1624 ut
637 1570 788 1641 quasi
817 1569 869 1624 in
899 1570 1086 1625 umbra
1113 1570 1290 1639 imago
1318 1568 1408 1623 illa
1434 1581 1615 1623 rerum
1644 1569 1817 1633 fieret,

216 1666 277 1713 et
295 1661 499 1715 veritas
525 1661 920 1717 custodiretur?
950 1660 1059 1717 Sed
1084 1662 1151 1715 ad
1181 1662 1376 1716 seriem
1412 1660 1678 1715 sermonis
1701 1660 1827 1715 red-

215 1742 431 1807 eamus.
457 1752 523 1807 Et
561 1756 697 1809 misit
738 1772 856 1809 eum
878 1796 893 1819 ,
924 1757 1131 1826 inquit,
1163 1766 1326 1826 pater,
1358 1765 1406 1808 et
1446 1756 1579 1808 venit
1626 1755 1681 1807 in
1721 1756 1827 1823 δυο

215 1847 382 1901 citem.
421 1850 506 1902 16.
541 1844 611 1902 Et
637 1849 832 1901 invenit
858 1865 974 1902 eum
997 1848 1151 1902 homo
1184 1856 1435 1902 errantem
1464 1848 1517 1902 in
1541 1864 1688 1919 agro.
1717 1847 1826 1902 Ro-

216 1939 349 2006 gavit
377 1948 549 1992 autem
579 1955 693 1992 eum
719 1940 870 1994 homo
896 1939 1069 1994 dicens
1099 1954 1119 1994 .'
1151 1938 1289 2006 Quid
1316 1940 1504 2009 quteris
1535 1941 1561 1994 Ρ
1610 1939 1697 1995 16.
1729 1938 1834 1993 Ille

216 2038 385 2084 autem
410 2029 543 2085 dixit
568 2047 588 2083 .·
617 2029 826 2085 Fratres
854 2048 990 2086 meos
1011 2048 1204 2098 quaero.
1252 2033 1514 2086 Annuntia
1555 2032 1715 2096 mihi,
1746 2031 1833 2085 ubi
1881 2050 1902 2065 ο

218 2129 436 2187 pascant
477 2136 613 2175 oves.
650 2120 943 2177 Considera
970 2121 1245 2192 quomodo
1285 2122 1370 2178 hic
1417 2139 1611 2193 magno
1653 2123 1831 2179 studio

214 2210 283 2265 de
339 2211 596 2267 fratribus
644 2214 757 2269 suis
788 2215 1045 2285 inquirit,
1075 2224 1131 2269 et
1157 2216 1371 2271 curiose
1418 2216 1743 2285 perlustrat,
1776 2226 1832 2272 et

215 2303 397 2355 omnia
430 2302 557 2358 facit
596 2312 653 2358 ut
695 2319 790 2359 eos
816 2306 1003 2361 videre
1030 2306 1216 2375 possit.
1250 2307 1340 2360 l7.
1382 2306 1526 2361 Dixit
1554 2319 1723 2361 autent
1746 2311 1791 2363 ei
1810 2351 1825 2375 ,

216 2393 410 2463 inquit,
436 2396 588 2449 horno
618 2412 638 2450 :
658 2397 844 2451 Audivi
869 2414 956 2451 eos
986 2399 1227 2464 dicentes,
1259 2398 1450 2453 Eamus
1476 2400 1528 2453 in
1566 2400 1826 2457 Dotlraim.

218 2481 284 2535 Et
312 2485 402 2537 ivit
433 2483 651 2555 Joseplt,
680 2498 730 2539 et
752 2489 939 2541 invenit
967 2504 1073 2542 eos.
1108 2488 1196 2543 18.
1217 2487 1375 2542 Prius
1404 2501 1572 2544 autem
1598 2491 1832 2546 viderunt

215 2588 330 2629 eum
353 2593 387 2629 a
416 2577 566 2649 longe
592 2589 860 2646 antequam
890 2581 1325 2652 appropinquaret
1345 2583 1413 2635 ad
1439 2600 1511 2646 se,
1544 2593 1591 2637 et
1614 2585 1834 2655 maligne

216 2666 540 2735 cogitabant,
570 2678 623 2720 ut
649 2669 931 2724 occiderent
973 2688 1106 2725 cum.
1134 2672 1428 2727 Considera
1460 2672 1581 2737 hic,
1614 2690 1829 2744 quaeso,

220 2756 313 2811 Dei
346 2760 629 2827 providam
657 2762 1014 2831 sapientiam,
1047 2763 1318 2832 quomodo
1348 2764 1424 2819 illi
1449 2766 1665 2835 quidem
1698 2782 1833 2821 eon-

214 2850 365 2903 citati
392 2860 550 2904 erant
579 2851 632 2906 in
653 2853 855 2907 eaedem
880 2854 998 2921 ejus
1027 2868 1040 2907 :
1071 2854 1187 2923 ipse
1211 2865 1391 2910 autem
1424 2858 1601 2910 omnia
1631 2857 1832 2912 faciens

215 2950 273 2995 et
302 2950 673 2997 transmutans
704 2944 962 3012 permittit
988 2944 1206 2999 interim
1230 2947 1411 2999 omnia
1442 2946 1829 3015 impedimenta

217 3033 405 3102 objiei,
443 3045 499 3087 ut
519 3034 721 3090 athleta
750 3051 849 3089 suo
874 3037 1105 3090 clariore
1131 3035 1303 3101 facto,
1325 3047 1654 3106 postremum
1682 3055 1833 3094 som-

217 3127 437 3181 nierum
459 3126 691 3181 adducat
720 3137 993 3182 eventum.
1033 3126 1190 3181 Prius
1219 3138 1388 3183 autem
1414 3130 1646 3183 viderunt
1677 3148 1789 3185 eum
1814 3171 1829 3196 ,

217 3217 415 3284 inquit,
450 3227 495 3271 et
520 3220 741 3287 maligne
766 3220 1055 3290 cogitabant
1080 3230 1136 3273 ut
1157 3221 1442 3275 occiderent
1468 3239 1601 3277 eum.
1628 3223 1713 3278 l9.
1741 3224 1804 3278 Di
1814 3254 1834 3268 ο

215 3310 359 3362 cebat
379 3320 555 3364 autem
586 3314 931 3382 unusquisque
970 3316 1040 3366 ad
1065 3318 1277 3386 fratrem
1306 3332 1455 3369 suum
1484 3332 1504 3370 :
1529 3315 1663 3371 Ecce
1690 3336 1830 3372 som—

216 3400 388 3454 niator
443 3401 534 3454 ille
578 3404 713 3455 venit
743 3416 763 3457 :
788 3403 879 3457 20.
910 3419 1045 3457 nunc
1089 3405 1247 3475 igitur
1294 3407 1455 3459 venite
1480 3449 1493 3470 ,
1540 3409 1832 3463 occidantus

215 3509 350 3560 eum,
383 3504 435 3549 et
464 3497 796 3565 projiciamus
822 3514 937 3550 eum
976 3498 1032 3551 in
1057 3498 1227 3551 lacum
1257 3515 1413 3552 unum
1444 3516 1509 3553 ea:
1536 3502 1615 3554 Itis
1637 3543 1650 3565 ,
1680 3512 1727 3555 et
1752 3502 1834 3555 di-

215 3602 392 3641 cemus
416 3628 432 3651 ,
486 3587 633 3641 Mala
676 3587 832 3643 bestia
862 3589 1118 3643 devoravit
1165 3606 1280 3643 eum
1300 3632 1313 3657 ,
1338 3599 1383 3643 et
1407 3590 1685 3645 videbimus
1708 3593 1833 3662 quid

215 3688 369 3731 erunt
395 3681 600 3733 somnia
627 3681 765 3748 ejus.

290 3772 427 3838 Qua
452 3784 570 3825 sunt
604 3790 635 3825 a
664 3773 771 3827 Deo
802 3774 1049 3843 pmzdicta
1078 3786 1324 3843 nequeunt
1356 3774 1613 3843 impediri.
1640 3806 1711 3816 -
1736 3776 1830 3831 Via-

211 3860 340 3916 disti
367 3903 384 3927 ,
419 3878 518 3917 eos
542 3864 877 3918 somniorum
908 3874 1159 3919 eventum
1187 3875 1562 3934 exspectantes
1583 3867 1832 3923 occidere

215 3968 341 4008 eum
373 3966 604 4010 conatos
632 3956 779 4010 esse?
808 3957 912 4011 Sed
940 3967 996 4010 ut
1020 3958 1263 4021 discant,
1298 3973 1405 4011 non
1432 3973 1553 4013 esse
1580 3959 1834 4028 possibile

214 4061 277 4102 ea
312 4064 442 4119 quae
472 4064 501 4103 a
554 4050 663 4104 Deo
693 4060 821 4103 sunt
864 4051 1114 4119 prmdicta
1142 4091 1157 4115 ,
1185 4066 1291 4104 non
1337 4065 1502 4119 opere
1530 4051 1787 4119 compleri
1814 4094 1829 4117 ,

213 4141 533 4194 consultant
556 4150 611 4194 et
638 4150 927 4206 attentarit,
961 4151 1016 4195 et
1044 4156 1197 4195 suam
1220 4142 1497 4197 declarant
1526 4143 1783 4197 malitiam
1814 4161 1826 4195 :

213 4243 267 4286 at
290 4234 516 4302 sapiens
537 4243 591 4287 et
617 4249 777 4302 sagax
809 4233 951 4289 Deus
977 4234 1318 4289 insidiatores
1339 4235 1645 4289 ministrare
1666 4237 1830 4289 etiam

215 4325 420 4380 invitos
445 4328 592 4395 cogit
620 4325 1003 4394 dispensationi
1037 4324 1360 4379 futurorum.
1392 4326 1659 4391 Quoniam
1687 4329 1830 4381 enim

210 4419 669 4487 conspiraverant
700 4424 749 4471 iu
800 4428 1027 4473 mortem
1064 4419 1214 4487 ejus,
1243 4428 1297 4472 et
1327 4418 1378 4470 in
1409 4419 1690 4486 proposito
1714 4416 1826 4487 jam

212 4511 538 4565 occiderant
568 4528 581 4562 ε
611 4509 701 4563 2i.
761 4508 831 4564 Ut
878 4509 1111 4573 audivit,
1162 4508 1371 4577 inquit,
1406 4509 1581 4563 Ruben
1605 4550 1619 4573 ,
1648 4510 1832 4579 eripuit

212 4619 328 4657 eum
354 4620 425 4658 ea:
451 4602 686 4656 manibus
712 4620 909 4666 eorum,
935 4614 983 4656 et
1010 4604 1140 4657 dixit
1170 4602 1295 4657 :22.
1328 4602 1455 4656 Non
1482 4605 1831 4673 percutiamus

210 4713 328 4751 eum
356 4697 414 4751 in
442 4696 673 4749 annuam
700 4712 719 4750 :
746 4711 847 4750 non
870 4694 1118 4762 effundite
1142 4696 1467 4765 sanguinem;
1488 4694 1694 4763 abjicite
1717 4713 1830 4749 eum

209 4791 263 4844 in
286 4790 470 4845 lacum
496 4790 645 4843 illum
682 4790 735 4843 in
761 4789 1037 4844 solitudine
1059 4829 1074 4854 ,
1108 4804 1315 4842 manum
1351 4801 1522 4844 autem
1552 4805 1657 4842 non
1702 4790 1829 4861 inji-

208 4882 308 4935 cite
358 4881 417 4934 in
463 4896 579 4933 eum
602 4891 699 4934 :ut
742 4896 858 4934 eum
904 4880 1117 4949 eriperet
1157 4896 1221 4934 ea:
1264 4880 1499 4934 manibus
1535 4897 1713 4935 eorum
1736 4922 1751 4947 ,
1783 4891 1832 4933 et

206 4975 453 5028 redderet
492 4990 606 5027 eum
636 4974 770 5044 patri
798 4990 913 5028 suo.
946 4972 1082 5028 Vide
1107 4983 1162 5029 et
1202 4975 1362 5029 istum
1384 5016 1399 5039 ,
1424 4974 1694 5044 quomodo
1722 4990 1829 5029 non

208 5066 373 5120 audet
406 5063 699 5121 manifeste
740 5066 952 5135 eripere
981 5066 1199 5119 fratrem
1223 5109 1237 5130 ,
1270 5067 1365 5122 sed
1392 5067 1503 5136 jam
1547 5066 1828 5122 occidendi

206 5170 474 5213 cumtum
503 5167 561 5214 et
583 5159 838 5227 impetum
866 5156 1142 5212 refrenare
1165 5162 1373 5224 volens,
1403 5158 1532 5213 dicit
1560 5176 1572 5211 :
1607 5157 1728 5212 Non
1755 5163 1829 5229 ef-

206 5251 414 5320 fundite
444 5253 778 5320 sanguinem,
810 5250 900 5303 sed
944 5250 1145 5321 abjicite
1169 5267 1282 5304 eum
1310 5251 1363 5303 in
1398 5252 1585 5305 lacum.
1623 5251 1830 5306 Docere

208 5345 355 5401 enim
390 5357 497 5399 nos
525 5344 714 5400 volens
739 5344 916 5398 divina
962 5344 1237 5411 Scriptura
1265 5358 1486 5413 scopum
1515 5353 1570 5397 et
1594 5356 1829 5399 mentem

209 5438 431 5503 Ruben,
460 5437 592 5491 dicit
612 5476 625 5488 .
650 5435 774 5490 [lare
801 5446 981 5490 autem
1008 5435 1251 5500 faciebat,
1290 5434 1356 5489 Ut
1385 5436 1596 5504 eriperet
1624 5452 1757 5497 eum,
1781 5446 1831 5489 ct

204 5531 448 5585 redderet
467 5533 603 5599 patri
629 5545 739 5582 suo.
766 5527 836 5582 Et
859 5544 982 5582 eum
1010 5529 1084 5582 illi
1114 5532 1230 5583 haec
1255 5529 1661 5592 consultarent,
1696 5544 1829 5581 non-

206 5623 335 5678 dum
383 5621 592 5690 Ioseph
646 5622 978 5687 advenerat,
1024 5621 1117 5676 sed
1170 5631 1451 5691 postquam
1498 5621 1828 5689 colloquium

208 5718 311 5773 hoc
338 5716 723 5778 absolverunt,
756 5714 847 5769 25.
892 5712 1079 5779 Venit,
1104 5714 1292 5783 inquit,
1323 5711 1519 5782 Ioseph
1543 5708 1612 5766 ad
1644 5712 1829 5778 fratres

206 5825 348 5864 suos.
372 5806 516 5863 Cum
550 5808 711 5879 igitur
735 5808 1062 5877 oportuisset
1088 5805 1209 5861 illos
1237 5820 1523 5861 occurrere
1552 5804 1737 5873 fratri,
1768 5815 1825 5860 et

1248 354 1311 408 IN
1348 352 1481 410 CAP
1548 351 1813 409 XXXVII.
1855 354 2103 413 GENES.
2149 357 2377 414 llOMIL.
2424 360 2559 420 LXI.

3443 374 3553 437 539

1941 470 2235 539 amplexari
2258 514 2272 534 .
2298 480 2351 527 et
2393 475 2667 543 quomodo
2689 492 2749 533 se
2777 492 2926 550 pater
2967 480 3208 552 haberet,
3234 489 3505 557 inquirere
3531 534 3549 558 ,

1942 558 2017 613 illi
2042 576 2171 616 vero
2206 562 2355 632 quasi
2385 566 2509 620 lene
2548 565 2795 636 qumdam
2818 613 2833 637 ,
2862 572 2954 627 ubi
2997 589 3195 644 agmtm
3224 580 3551 649 conspicata:

1940 649 2137 707 fuerint
2160 694 2173 715 ,
2203 656 2446 711 assiliunt
2476 700 2489 720 ,
2519 668 2573 713 et
2615 658 2881 716 Exueruut
2906 705 2919 727 ,
2954 666 3155 737 inquit,
3182 667 3379 737 Ioseph
3414 686 3551 729 tute

1936 744 2100 806 varia,
2126 743 2222 799 ~25.
2251 757 2295 798 et
2323 759 2583 819 acceptum
2610 767 2724 805 eum
2751 755 3073 825 proiecerunt
3090 759 3143 812 in
3167 759 3354 817 lacum.
3379 761 3551 821 Lacus

1937 846 2107 890 autem
2135 850 2242 893 erat
2271 856 2478 906 vacuus,
2511 861 2695 915 aquam
2719 864 2820 902 non
2846 849 3056 905 habens.
3079 851 3547 919 Quemadmodum

1937 932 2285 987 consuluerat
2312 935 2503 992 Ruben
2531 979 2543 999 ,
2579 940 2650 992 ita
2691 937 2955 999 fecerunt.
2985 944 3052 998 Et
3074 945 3269 1015 injecto
3294 947 3408 1011 illo,
3444 948 3547 1004 Se-

1938 1022 2121 1076 derunt
2150 1025 2220 1078 ad
2246 1027 2612 1082 comedendum
2645 1048 2849 1101 panem.
2881 1033 2927 1089 Ο
2966 1036 3377 1094 crudelitatem!
3401 1055 3436 1093 o
3463 1040 3551 1095 in-

1941 1111 2481 1173 ltumanitalemlillle
2501 1120 2718 1189 quidem
2746 1132 2949 1178 tantum
2985 1126 3193 1181 itineris
3216 1127 3548 1193 confecerat,

1936 1214 1990 1258 et
2021 1214 2168 1259 tanto
2193 1208 2372 1262 studio
2399 1210 2467 1266 de
2492 1211 2571 1265 eis
2592 1211 2925 1281 inquisierat,
2946 1226 3007 1270 ot
3031 1216 3236 1273 videret
3265 1230 3321 1273 et
3346 1213 3565 1275 annon?

1939 1298 2095 1353 tiaret
2143 1301 2280 1369 patri
2330 1303 2603 1371 quomodo
2642 1320 2703 1360 se
2739 1307 3005 1362 haberent
3038 1324 3127 1363 res
3174 1309 3386 1365 illorum
3420 1328 3435 1365 :
3465 1312 3547 1367 illi

1937 1404 2067 1443 vero
2088 1392 2237 1461 quasi
2273 1392 2482 1448 barbari
2506 1406 2557 1450 et
2588 1395 2904 1462 inhumani,
2935 1402 3060 1468 quia
3090 1401 3443 1457 consuluerat
3464 1405 3547 1459 eis

1938 1480 2127 1537 Ruben
2154 1498 2224 1538 ne
2248 1484 2587 1541 effunderent
2612 1491 2927 1560 sanguinem
2989 1491 3132 1549 fame
3171 1495 3421 1551 occidere
3446 1510 3547 1549 νυ-

1938 1574 2142 1629 lehant.
2170 1574 2277 1632 Sed
2309 1578 2574 1648 benignus
2623 1583 2764 1637 Deus
2808 1585 2986 1637 statim
3036 1602 3157 1639 eum
3192 1588 3435 1642 liberavit
3474 1592 3542 1642 ab

1940 1665 2144 1720 insania
2199 1667 2441 1723 fratrum.
2482 1670 2573 1726 25.
2607 1670 2732 1727 Cum
2760 1675 2903 1728 enim
2944 1678 3286 1732 consedissent
3306 1681 3379 1732 ad
3406 1698 3551 1734 wn:-

1938 1758 2189 1813 edendum
2219 1777 2420 1829 panem.
2446 1763 2675 1818 viderunt
2700 1764 2995 1822 lsmaelitas
3023 1770 3237 1824 viatores
3259 1771 3532 1832 venientes.

1936 1860 1983 1904 et
2010 1849 2298 1923 lEgyptum
2327 1871 2500 1909 versus
2545 1867 2737 1912 euntes.
2778 1858 2868 1915 26.
2905 1859 2971 1914 Et
3003 1862 3133 1917 dixit
3162 1861 3331 1918 ludas
3357 1880 3378 1919 :
3408 1865 3546 1931 Quid

1938 1947 2141 2012 prodest
2171 1947 2215 2000 si
2239 1948 2575 2003 occidet-imus
2604 1952 2814 2020 fratrem
2844 1963 3108 2020 nostrum,
3136 1967 3185 2010 et
3211 1960 3544 2013 occultaveri-

1935 2053 2049 2091 mus
2074 2040 2369 2108 sanguinem
2398 2042 2552 2112 ejus?
2573 2042 2661 2097 27.
2684 2042 2880 2114 Venite,
2909 2047 3184 2104 vendamus
3212 2066 3327 2104 eum
3352 2050 3547 2105 lentae-

1937 2129 2039 2184 litis
2068 2130 2177 2185 istis
2201 2148 2219 2185 :
2242 2149 2427 2188 manus
2452 2145 2622 2190 autem
2666 2150 2855 2193 nostra:
2913 2157 3017 2195 non
3062 2143 3165 2197 sint
3202 2160 3358 2213 super
3394 2160 3509 2200 eum
3530 2186 3545 2207 ,

1936 2222 2054 2289 quia
2077 2224 2237 2292 frater
2263 2234 2432 2279 noster
2458 2236 2502 2280 et
2532 2244 2653 2282 caro
2681 2239 2857 2284 nostra
2884 2242 2980 2285 est.

2005 2313 2063 2366 4.
2106 2312 2238 2367 Vide
2270 2317 2540 2383 quomodo
2586 2327 2640 2373 et
2688 2321 2838 2390 prius
2888 2322 3078 2378 Ruben
3133 2325 3344 2381 minore
3388 2326 3534 2381 malo

1938 2404 2111 2473 majus
2159 2406 2454 2474 prohibuit,
2487 2418 2542 2463 et
2580 2426 2723 2466 nunc
2749 2429 2964 2482 quoque
3000 2396 3170 2471 Iudas
3214 2419 3447 2473 consulit
3488 2429 3551 2474 ut

1936 2497 2198 2551 vendatur
2222 2497 2387 2554 frater
2408 2542 2423 2565 ,
2455 2517 2562 2571 quo
2589 2517 2712 2557 eum
2743 2506 2811 2557 ab
2844 2505 3060 2563 interitu
3105 2508 3318 2579 eripere
3359 2518 3546 2579 queat.

1939 2580 2051 2635 ΙΙοε
2073 2591 2253 2637 autem
2283 2590 2452 2638 totum
2477 2586 2547 2639 ita
2579 2598 2787 2657 gestum
2818 2599 2899 2644 est
2924 2631 2937 2652 ,
2962 2601 3021 2645 ut
3048 2592 3210 2646 etiam
3240 2593 3421 2648 invitis
3444 2593 3551 2648 illis

1936 2688 2057 2743 quze
2081 2689 2111 2728 e
2142 2674 2251 2731 Deo
2283 2677 2533 2746 praedicta
2556 2678 3083 2749 fuerantevenirent,
3112 2694 3166 2739 et
3186 2684 3550 2754 dispensatio-

1938 2764 1989 2818 ni
2022 2763 2217 2820 divinte
2237 2768 2520 2823 servirent.
2558 2769 2623 2823 Et
2650 2772 2879 2840 probato,
2912 2773 3103 2843 inquit,
3133 2775 3544 2841 consilioludte,

1934 2856 2025 2909 28.
2048 2857 2329 2912 eduxerunt
2374 2876 2489 2912 eum
2516 2861 2579 2915 de
2603 2864 2819 2916 cisterna
2842 2906 2858 2930 ,
2890 2873 2937 2917 et
2966 2866 3299 2919 vendiderunt
3340 2864 3545 2921 lsmae-

1938 2946 2041 3001 litis
2090 2949 2271 3019 viginti
2323 2952 2512 3004 aureis.
2570 2952 2615 3005 Ο
2657 2954 2890 3022 iniquam
2942 2957 3398 3024 perttgutationem
3444 2959 3459 3011 l
3516 2974 3552 3009 o

1936 3038 2255 3094 damnosum
2307 3040 2515 3095 lucrum
2542 3044 2556 3095 l
2585 3057 2617 3094 o
2666 3043 3077 3111 injustissimam
3133 3045 3545 3101 venditionem!

1940 3128 2076 3183 Eum
2107 3130 2197 3198 qui
2225 3128 2377 3183 vobis
2420 3131 2683 3202 sanguine
2716 3132 3191 3202 conjunctissimus
3217 3145 3355 3199 erat,
3386 3150 3548 3206 quem

1938 3231 2091 3291 pater
2120 3225 2352 3276 maxime
2377 3224 2611 3287 amabat,
2635 3224 2723 3293 qui
2753 3224 2821 3277 ad
2853 3224 3131 3279 visendum
3162 3240 3258 3281 vos
3289 3238 3511 3282 venerat
3534 3270 3548 3287 .

1937 3314 2025 3382 qui
2055 3329 2344 3382 numquam
2374 3330 2469 3368 vos
2497 3315 2581 3369 vel
2610 3316 2659 3369 in
2692 3331 2879 3385 parvo,
2900 3317 2982 3371 vel
3012 3318 3068 3371 in
3090 3334 3283 3389 magno
3308 3319 3551 3375 olTende-

1938 3415 2041 3469 rat,
2070 3404 2306 3460 vendere
2326 3405 2573 3471 audetis;
2604 3417 2658 3460 et
2690 3406 2923 3462 vendere
2953 3408 3260 3463 hominibus
3278 3410 3545 3475 barbaris,

1939 3509 1991 3550 et
2022 3498 2073 3551 in
2101 3495 2392 3568 Egyptum
2421 3496 2910 3553 descendentibus?
2944 3498 3077 3566 Qua:
3114 3509 3260 3554 tanta
3301 3501 3552 3555 insania?

1939 3604 2059 3658 quae
2087 3587 2327 3642 invidia?
2358 3588 2477 3658 quis
2526 3589 2704 3643 livor?
2730 3588 2862 3643 Nam
2906 3590 2953 3645 si
3003 3589 3109 3645 hoc
3136 3602 3282 3646 metu
3309 3592 3553 3647 somnio-

1939 3694 2056 3733 rum
2089 3678 2265 3733 facitis
2289 3721 2304 3745 ,
2332 3689 2386 3733 ut
2417 3680 2658 3747 persuasi
2702 3681 2816 3735 haec
2842 3682 3064 3736 omnino
3093 3691 3354 3736 eventura
3378 3698 3500 3738 esse
3531 3700 3545 3738 :

1939 3786 2108 3841 quare
2152 3770 2503 3839 impossibilia
2541 3772 2841 3837 attentatis,
2876 3781 2930 3827 et
2958 3771 3114 3826 factis
3144 3774 3338 3827 vestris
3360 3784 3548 3827 contra

1944 3865 2106 3917 Deum
2140 3862 2336 3917 bellum
2365 3863 2661 3929 assumitis,
2688 3864 2776 3933 qui
2802 3863 2916 3917 hrec
2932 3863 2983 3917 ei
3008 3864 3372 3933 przedixerat?
3396 3866 3549 3932 Quod

1938 3957 1984 4009 si
2020 3956 2169 4009 nihili
2195 3955 2370 4009 facitis
2390 3956 2619 4021 somnia,
2660 3955 2755 4011 sed
2786 3957 3106 4011 existimatis
3128 3972 3251 4011 esse
3271 3958 3544 4021 delirium,

1941 4062 2113 4116 quare
2164 4047 2279 4102 hinc
2331 4048 2487 4117 agitis
2538 4064 2658 4116 quae
2707 4059 3019 4118 perpetuam
3075 4048 3228 4103 vobis
3282 4050 3548 4103 maculant

1941 4142 2174 4201 inurant,
2205 4147 2260 4194 et
2282 4138 2482 4192 luctum
2508 4138 2899 4193 indesinentem
2934 4140 3071 4209 patri
3092 4148 3273 4195 vestro
3285 4140 3552 4196 afferant?

1941 4230 2049 4284 Sed
2080 4245 2111 4283 ο
2135 4230 2512 4300 gravissimum
2540 4230 2813 4296 morbum,
2862 4231 2971 4284 imo
3000 4242 3237 4285 mentem
3263 4234 3551 4302 sanguina-

1941 4323 2076 4376 riam
2102 4323 2116 4376 l
2144 4322 2275 4377 Cum
2304 4322 2447 4376 enim
2486 4323 2608 4393 quis
2637 4320 2900 4377 nefarium
2949 4338 3087 4391 opus
3136 4323 3467 4392 aggreditur,
3495 4335 3553 4379 et

1940 4415 2182 4467 obruitur
2207 4429 2237 4467 a
2259 4413 2672 4483 cegitationibus
2701 4414 2949 4468 absurdis
2972 4454 2987 4480 ,
3021 4414 3067 4467 is
3096 4427 3269 4484 neque
3302 4417 3556 4485 preponit

1939 4515 2065 4560 ante
2107 4505 2295 4559 oculos
2338 4506 2554 4560 oculum
2597 4506 2748 4559 illum
2785 4506 2875 4575 qui
2917 4520 3023 4560 non
3071 4507 3338 4576 quiescit:
3375 4523 3554 4579 neque

1941 4607 2219 4653 reveretur
2272 4605 2517 4651 naturam
2560 4599 2729 4666 ipsam
2765 4638 2779 4662 ,
2838 4612 3012 4668 neque
3061 4599 3289 4653 attendit
3349 4602 3552 4670 aliquid

1939 4693 2081 4762 quod
2100 4674 2175 4745 ad
2198 4691 2721 4746 commiserationem
2752 4706 2811 4745 se
2829 4691 2998 4760 possit
3021 4691 3276 4746 inducere
3295 4708 3310 4756 ;
3336 4692 3389 4747 id
3406 4695 3549 4762 quod

1940 4794 1994 4838 et
2020 4784 2126 4838 illis
2153 4783 2351 4839 evenit.
2382 4783 2499 4838 Non
2532 4784 2677 4837 enim
2706 4784 3011 4852 cogitabant
3039 4782 3175 4853 quod
3203 4780 3365 4839 frater
3381 4797 3547 4850 esset,

1940 4890 2114 4945 neque
2163 4873 2305 4944 quod
2353 4874 2693 4936 adolescens,
2748 4890 2922 4944 neque
2961 4874 3103 4944 quod
3150 4884 3255 4928 tam
3303 4876 3552 4933 amabilis

1942 4969 2099 5038 patri,
2126 4982 2302 5038 neque
2327 4967 2471 5038 quod
2502 4983 2791 5038 numquam
2825 4968 2878 5022 in
2922 4979 3065 5023 terra
3096 4969 3268 5021 aliena
3300 4969 3551 5032 vixisset,

1940 5073 1991 5115 ct
2012 5058 2152 5130 apud
2184 5069 2437 5114 externos
2464 5074 2755 5129 numquam
2780 5070 2905 5113 ante
2927 5069 3300 5126 conversatus,
3327 5076 3468 5115 nunc
3498 5062 3550 5113 in

1942 5168 2080 5210 terra
2115 5165 2222 5209 tam
2268 5163 2477 5209 semota
2517 5153 2657 5207 inter
2702 5154 2958 5206 barbaros
2992 5152 3330 5207 habitaturus
3355 5165 3500 5208 esset
3536 5172 3548 5206 :

1939 5248 2034 5303 sed
2065 5248 2210 5302 onmi
2239 5247 2460 5301 honesta
2492 5245 2817 5315 cogitatione
2843 5245 3049 5313 abjecta
3082 5260 3244 5299 unum
3267 5245 3555 5301 dumtaxat

1939 5340 2220 5405 curabant,
2249 5338 2522 5409 quomodo
2552 5338 2804 5393 invidiam
2836 5354 3010 5402 suam,
3043 5348 3100 5392 ut
3129 5338 3405 5406 putabant,
3427 5354 3549 5404 ope-

1941 5452 1999 5490 re
2023 5434 2325 5504 explerent.
2376 5433 2443 5488 Et
2466 5433 2539 5487 illi
2568 5432 2783 5502 quidem
2820 5442 3001 5487 mente
3030 5431 3318 5486 fratricida:
3347 5440 3503 5487 erant
3530 5446 3548 5487 :

1938 5531 2024 5599 qui
2056 5537 2234 5583 autem
2267 5527 2335 5581 ab
2363 5526 2442 5581 eis
2470 5540 2658 5595 passus
2678 5536 2781 5586 est,
2812 5527 2992 5579 omnia
3034 5525 3242 5583 fortiter
3264 5524 3400 5579 tulit.

2012 5619 2200 5674 Manus
2229 5617 2438 5673 Domini
2464 5615 2682 5671 custodit
2706 5616 2923 5687 Joseplt.
2945 5647 3018 5659 ——
3037 5617 3385 5672 Custodiebat
3401 5618 3547 5674 enim

1941 5728 2063 5767 eum
2098 5725 2288 5765 manus
2332 5724 2590 5781 superna,
2625 5718 2679 5765 et
2730 5709 2908 5763 omnia
2956 5707 3193 5763 difﬁcilia
3222 5706 3453 5762 faciebat
3498 5711 3549 5762 ei

1944 5805 2115 5860 facilia
2147 5812 2201 5859 et
2229 5802 2387 5858 levia.
2428 5801 2655 5870 Quando
2700 5801 2844 5856 enim
2889 5815 3121 5872 superna
3177 5800 3549 5858 benevolentia
