4182 6322
695 381 790 438 Εὸί

698 496 940 558 fruimur,
968 489 1126 545 etiam
1174 488 1310 542 inter
1339 488 1541 542 medios
1585 487 1860 541 barbaros.
1892 494 1945 539 et
1996 483 2048 538 in
2093 483 2261 537 aliena

694 587 913 655 r‘egimte
932 580 1123 637 melius
1138 587 1192 634 et
1208 577 1541 635 commodius
1561 577 1760 632 versari
1787 589 2085 645 possumus,
2105 588 2262 643 quam

696 677 730 729 ii
756 675 844 746 qui
868 673 1008 729 domi
1037 672 1291 736 habitant,
1321 679 1381 727 et
1398 671 1588 741 quibus
1612 684 1818 724 summa
1846 683 1969 723 cura
1999 667 2266 721 ministra-

701 774 785 819 tur
818 782 830 818 :
861 764 997 819 sicut
1016 763 1116 818 etsi
1146 762 1198 817 in
1220 761 1380 817 domo
1409 776 1704 823 versemur,
1723 758 2041 815 etonmihus
2068 756 2272 832 deliciis

690 856 798 910 frui
826 854 1124 919 videamur,
1165 852 1403 908 destituti
1430 862 1606 907 autem
1628 851 1795 905 simus
1823 863 2053 918 superno
2084 851 2271 916 prasi-

694 945 805 1018 ilio,
836 943 1085 1000 omnibus
1113 956 1297 998 sumus
1327 942 1648 997 miseriores.
1702 939 1944 1008 Magnum
2001 937 2144 991 enim
2193 945 2276 990 est

698 1034 908 1087 virtutis
935 1033 1116 1098 robur,
1142 1040 1204 1087 et
1245 1031 1462 1084 malitia:
1490 1029 1771 1084 inﬁrmitas
1798 1043 1812 1080 :
1841 1036 1894 1082 et
1924 1027 2024 1081 hoc
2045 1026 2275 1080 maxime

695 1122 927 1177 Ostendit
952 1121 1103 1176 nobis
1131 1121 1373 1181 historia,
1405 1135 1561 1188 quam
1607 1118 1657 1171 in
1703 1117 1948 1171 manibus
1995 1114 2274 1170 habemus.

698 1215 791 1268 Dic
819 1214 962 1268 enim
993 1227 1127 1283 quos
1153 1213 1375 1266 miseros
1396 1222 1451 1267 et
1481 1211 1773 1264 innumeris
1816 1209 2062 1279 lacrymis
2091 1207 2278 1276 dignos

694 1318 817 1358 esse
837 1312 1008 1372 putas,
1039 1295 1226 1357 illosne
1245 1302 1335 1372 qui
1361 1310 1506 1355 tanta
1526 1300 1664 1355 mala
1689 1301 1944 1357 fecerunt.
1971 1313 2037 1352 an
2061 1297 2276 1352 fratrem

697 1396 786 1464 qui
830 1394 881 1448 in
933 1401 1254 1464 potestatem
1287 1392 1627 1447 barbarorum
1672 1390 1923 1444 venerat?
1948 1388 2276 1443 Manifestum

700 1487 840 1554 quod
889 1485 1031 1539 illos.
1085 1484 1265 1554 Cogita
1321 1482 1483 1547 enim,
1509 1481 1753 1546 obsecro,
1785 1481 1870 1534 hic
1914 1478 2276 1533 admirabilem

701 1579 868 1637 illum.
897 1578 985 1646 qui
1017 1583 1160 1630 tanta
1187 1575 1549 1628 miniStrornm
1580 1587 1706 1626 cura
1731 1571 2003 1633 educatus,
2033 1580 2087 1625 et
2113 1571 2166 1623 in
2199 1570 2278 1623 ul-

704 1673 785 1725 nis
832 1669 1063 1739 paternis
1109 1679 1320 1736 semper
1366 1665 1575 1719 habitus
1615 1663 1734 1729 fuit,
1761 1662 2029 1732 quomodo
2057 1671 2277 1731 repente

700 1768 912 1814 coactus
940 1768 1021 1812 est
1051 1757 1189 1812 ferre
1216 1769 1430 1826 gravem
1475 1755 1784 1809 servitutem
1811 1751 1950 1822 apud
1991 1753 2132 1806 viros
2160 1752 2281 1806 bar-

706 1851 879 1913 hat-os,
914 1865 1017 1904 non
1043 1849 1290 1904 meliores
1314 1847 1443 1918 ipsis
1470 1846 1669 1902 bestiis.
1698 1845 1802 1900 Sed
1830 1846 2066 1900 omnium
2096 1845 2278 1899 Domi-

707 1959 808 1996 nus
850 1951 964 1996 erat
986 1983 1001 2008 ,
1030 1942 1117 2008 qui
1147 1951 1201 1995 et
1225 1940 1344 1997 illos
1375 1940 1635 1994 humanos
1681 1937 1957 2003 reddebat,
1990 1945 2046 1992 et
2094 1937 2181 1991 isti
2230 1937 2282 1990 in

706 2037 952 2095 omnibus
997 2035 1301 2105 patientiam
1361 2033 1597 2088 indebat.
1651 2024 1724 2086 Et
1761 2046 1882 2086 cum
1923 2029 2286 2086 vendidissent

708 2126 946 2210 fratrm},
978 2126 1127 2194 quasi
1160 2123 1505 2192 perfecissent
1552 2122 1880 2192 propositum
1930 2117 2283 2210 suumaﬁ‘ecti

705 2217 869 2276 fuere.
903 2209 992 2269 illo
1035 2214 1211 2269 ablato
1242 2213 1490 2267 videlicet
1519 2227 1548 2266 e
1575 2210 1771 2275 medio,
1821 2212 1907 2264 cui
1956 2209 2282 2264 invidebant.

707 2306 797 2361 29.
826 2306 1070 2360 Reversus
1095 2315 1166 2358 est
1189 2314 1375 2366 autem,
1403 2303 1597 2372 inquit,
1631 2300 1806 2355 Ruben
1835 2302 1902 2354 ad
1920 2304 2210 2364 cisternam,
2241 2309 2288 2352 et

710 2413 810 2452 non
837 2399 956 2451 vidit
984 2397 1212 2467 Joseplt;
1243 2406 1288 2450 et
1314 2397 1525 2464 disrupit
1547 2395 1834 2449 vestimenta
1855 2410 1968 2460 sua,
1997 2393 2084 2449 30.
2103 2403 2148 2448 et
2169 2393 2286 2446 red-

718 2488 776 2542 iit
803 2489 871 2542 ad
893 2497 1072 2554 fratres
1097 2504 1249 2542 suos.
1288 2494 1336 2536 et
1377 2485 1545 2539 dixit:
1577 2484 1713 2538 Puer
1749 2501 1850 2538 non
1885 2493 1990 2549 est,
2034 2500 2127 2554 ego
2173 2496 2289 2537 vero

716 2594 818 2648 quo
833 2577 916 2630 ibo
930 2577 1071 2630 ultra
1087 2569 1389 2636 ?Quoniam
1407 2567 1548 2623 enim
1561 2585 1725 2641 supra
1738 2570 1920 2627 docuit
1959 2570 2134 2625 divina
2150 2571 2294 2626 Scri-

717 2675 890 2734 ptura,
920 2681 1040 2720 eum
1066 2675 1344 2735 propterea
1379 2666 1708 2723 consuluisse
1755 2682 1874 2721 eum
1921 2668 1970 2720 in
2003 2673 2288 2729 cisternam

713 2757 1122 2826 conjiciendum,
1153 2766 1208 2810 ut
1227 2772 1291 2812 ex
1314 2757 1665 2827 sanguinariis
1693 2758 1935 2812 manibus
1962 2757 2106 2812 illum
2125 2760 2289 2827 eripe-

716 2855 803 2902 ret
826 2856 880 2901 et
910 2846 1156 2901 redderet
1184 2848 1316 2917 patri
1351 2864 1362 2898 :
1391 2862 1531 2902 nunc
1553 2888 1566 2911 ,
1599 2847 1798 2917 inquit,
1825 2848 1913 2901 ubi
1942 2847 2074 2901 vidit
2096 2861 2154 2902 se
2183 2848 2290 2902 voti

718 2946 1018 3007 compotem
1045 2952 1148 2992 non
1175 2937 1546 3003 esse,discidit
1567 2938 1880 2992 vestimenta
1903 2953 2019 3003 sua,
2043 2946 2098 2992 et
2119 2937 2288 2993 dixit:

717 3027 857 3081 Puer
881 3045 979 3081 non
1004 3038 1094 3091 est,
1124 3045 1214 3099 ego
1241 3039 1408 3082 autem
1432 3044 1530 3095 quo
1560 3028 1742 3081 cadant
1768 3029 1793 3081 .’
1818 3027 2037 3094 Qualem
2079 3027 2298 3084 habebi-

718 3133 836 3173 mus
876 3118 1268 3183 defensionem,
1292 3127 1346 3172 et
1387 3119 1616 3172 maxime
1650 3133 1749 3188 ego
1775 3119 1864 3185 qui
1894 3118 2046 3173 vobis
2063 3133 2299 3188 praeesse

725 3209 910 3264 videor
929 3209 950 3261 ‘i
969 3209 1188 3262 Putabat
1215 3209 1356 3264 enim
1386 3225 1506 3263 eum
1533 3209 1764 3263 occisum
1793 3208 1974 3264 fuisse.
2035 3209 2103 3264 At
2148 3220 2294 3280 post-

723 3315 882 3370 quam
929 3301 1126 3354 factmn
1153 3310 1235 3355 est
1261 3300 1398 3369 quod
1423 3302 1750 3370 quaerebant,
1781 3308 1836 3355 et
1863 3304 1914 3355 in
1943 3301 2168 3356 alienam
2192 3310 2301 3356 ter.

723 3407 836 3445 ram
869 3391 1129 3444 miserunt
1164 3405 1285 3444 eum
1324 3403 1479 3458 quem
1518 3390 1642 3445 odio
1671 3389 1957 3455 habebant,
1988 3405 2145 3463 atque
2167 3392 2300 3446 invi—

720 3481 862 3536 diam
894 3495 1044 3534 suam
1070 3479 1246 3550 aliquo
1293 3481 1452 3536 modo
1503 3482 1807 3551 mitigarnnt
1834 3497 1852 3534 :
1881 3492 2061 3550 postea
2110 3497 2297 3552 magna

724 3572 980 3627 industria
1003 3571 1304 3640 cogitarunt
1357 3580 1418 3626 ut
1457 3573 1767 3628 deluderent
1811 3582 2041 3643 patrem,
2064 3589 2131 3628 ne
2163 3574 2298 3628 mala

724 3679 818 3718 sua
845 3663 1169 3731 conspiratio
1205 3663 1280 3717 illi
1335 3664 1608 3718 manifesta
1655 3665 1827 3718 fieret.
1880 3666 1969 3719 3i.
2023 3663 2089 3718 Et
2133 3667 2301 3718 "occiso

730 3754 876 3807 hedo
895 3768 1168 3822 caprarum
1190 3792 1209 3819 ,
1235 3753 1615 3822 inquina‘verunt
1644 3765 1826 3809 vestem
1853 3757 2117 3826 sanguine,
2147 3756 2233 3812 52.
2259 3767 2302 3810 et

726 3840 997 3900 attulerunt
1017 3856 1199 3901 vestem
1229 3848 1360 3915 patri
1387 3862 1478 3900 suo
1497 3885 1514 3912 ,
1541 3856 1587 3900 et
1614 3848 1888 3901 dixerunt:
1907 3847 2162 3918 Cognosce
2183 3865 2302 3901 num

728 3937 877 3990 vestis
902 3937 997 4005 ﬁlii
1017 3937 1090 3990 tui
1109 3936 1193 4002 sit,
1223 3951 1392 3989 necne.
1424 3934 1557 4002 Quid
1584 3935 1829 4006 deeipitis
1847 3938 2200 4006 vosmetipsos
2223 3978 2238 4002 ,
2270 3953 2302 3991 ο

731 4026 1020 4080 insensati?
1073 4026 1205 4080 Nam
1257 4025 1380 4081 licet
1420 4034 1627 4095 patrem
1659 4026 1909 4097 decipere
1929 4029 2164 4097 possitis,
2195 4044 2301 4084 non

733 4126 907 4169 tamen
931 4108 1158 4169 latebitis
1185 4119 1393 4170 oculum
1422 4116 1567 4170 illum
1594 4116 1683 4186 qui
1710 4118 1874 4186 sopiri
1906 4119 2086 4187 nequit
2109 4161 2123 4181 ,
2146 4133 2302 4188 quem

738 4207 967 4262 masime
991 4207 1226 4260 omnium
1248 4206 1533 4262 formidare
1558 4208 1856 4277 oportebat.
1907 4207 2010 4262 Sed
2034 4208 2102 4261 ita
2130 4223 2189 4263 se
2211 4208 2303 4262 ha-

734 4299 821 4352 bet
852 4297 1082 4351 humana
1111 4306 1328 4363 natura,
1358 4298 1466 4352 imo
1506 4299 1579 4352 ita
1610 4313 1669 4354 se
1700 4298 1859 4354 habet
1897 4286 2182 4354 multorum
2214 4315 2305 4355 ne-

731 4387 891 4454 quitia
917 4428 930 4446 ,
961 4395 1018 4440 ut
1044 4387 1329 4460 humanum
1357 4388 1601 4442 timorem
1623 4397 1678 4443 et
1712 4393 1987 4457 praesentis
2019 4388 2140 4444 vitae
2174 4389 2304 4443 infa-

735 4480 893 4531 miam
925 4486 1126 4530 tantum
1158 4478 1392 4532 maxime
1412 4487 1663 4543 caveant,
1692 4479 1744 4533 in
1774 4487 1952 4535 mente
1994 4487 2171 4535 autem
2201 4495 2304 4533 non

735 4575 951 4620 versent
973 4565 1207 4620 terribile
1236 4565 1363 4621 illud
1394 4567 1622 4622 tribunal
1648 4609 1664 4634 ,
1690 4576 1744 4623 et
1772 4569 2158 4625 intolerabilem
2191 4584 2307 4640 pm-

740 4668 882 4718 nam,
914 4653 1006 4707 sed
1038 4653 1138 4707 hoc
1169 4669 1329 4708 unum
1351 4665 1556 4721 curent,
1580 4657 1842 4725 quomodo
1858 4658 2091 4727 eﬁ'ugere
2109 4660 2311 4729 possint

739 4744 1023 4798 humanam
1053 4744 1522 4814 reprehensionem
1557 4765 1569 4800 :
1598 4746 1648 4801 id
1674 4747 1814 4817 quod
1857 4756 1913 4803 et
1955 4749 2027 4803 illi
2067 4759 2308 4819 egerunt,

736 4835 861 4888 dum
893 4844 1096 4903 patrem
1140 4849 1293 4889 suum
1334 4835 1579 4904 decipere
1613 4837 1942 4892 molirentur.
1965 4833 2057 4894 33.
2099 4842 2310 4910 Agnovit

737 4929 886 4991 enim,
917 4927 1106 4996 inquit,
1133 4937 1312 4982 vestem
1340 4938 1498 4997 pater,
1520 4939 1566 4982 et
1586 4930 1713 4983 dixit
1743 4945 1761 4983 :
1801 4929 1958 4984 Vestis
1971 4931 2065 4997 ﬁlii
2086 4933 2182 4985 mei
2200 4944 2272 4987 est
2292 4949 2310 4985 :

739 5018 846 5085 fera
861 5018 992 5069 mala
1021 5017 1269 5070 devoravit
1291 5034 1420 5082 eum,
1450 5018 1556 5087 fera
1577 5021 1747 5088 rapuit
1770 5020 1979 5090 Joseplt.
1998 5022 2203 5077 Etenim
2221 5040 2309 5078 ve-

740 5121 797 5160 re
821 5107 969 5176 quasi
997 5107 1046 5158 in
1089 5107 1253 5161 malas
1279 5107 1474 5163 bestias
1497 5109 1786 5177 incidisset,
1817 5113 1991 5166 omnia
2022 5114 2311 5170 crudeliter

742 5211 930 5263 passus
956 5206 1058 5252 est.
1086 5198 1174 5251 34.
1202 5197 1418 5252 Discidit
1441 5209 1604 5253 autem
1633 5204 1920 5257 vestimenta
1940 5221 2052 5272 sua,
2071 5216 2117 5260 et
2145 5207 2310 5274 posuit

740 5303 937 5340 saccum
966 5301 1114 5354 super
1143 5287 1337 5341 lumbos
1365 5305 1483 5344 suos
1507 5330 1522 5354 ,
1553 5299 1596 5343 et
1617 5291 1745 5344 luxit
1770 5293 1930 5360 ﬁlium
1972 5311 2119 5349 suum
2139 5296 2310 5351 diebus

742 5376 931 5428 multis.
961 5375 1179 5441 Quantis
1205 5376 1396 5432 fuerint
1413 5379 1486 5432 illi
1518 5379 1659 5450 digni
1680 5380 1947 5452 lacrymis,
1970 5386 2059 5455 qui
2087 5401 2190 5440 non
2219 5401 2308 5441 so-

741 5465 850 5517 lum
891 5462 1108 5518 fratrem
1148 5464 1388 5522 barbaris
1416 5469 1795 5535 vendiderunt,
1825 5473 1916 5527 sed
1943 5483 1996 5528 et
2024 5485 2226 5545 patrem
2254 5477 2307 5532 in

743 5563 980 5607 extrema
1026 5565 1296 5611 senectute
1323 5557 1374 5611 in
1402 5561 1834 5634 tantumJuctum
1854 5563 2192 5632 injecerunt?
2217 5568 2305 5623 35.

744 5644 1041 5716 Congregati
1060 5658 1224 5704 autem
1253 5660 1367 5704 sunt
1395 5651 1490 5720 ﬁlii
1513 5653 1620 5722 ejus
1650 5663 1696 5708 et
1715 5656 1838 5724 ﬁlia
1866 5666 1918 5710 ut
1935 5658 2310 5714 consolarentur

1422 375 1479 431 S.
1511 372 1783 432 10.“le
1821 365 2290 428 CIIBYSOSTOMI
2330 363 2643 426 ARCHIEP.
2683 360 3212 425 (ZONSTANTINOP.
3851 363 3968 418 539

2370 495 2504 542 eum.
2523 491 2568 536 et
2600 482 2782 546 noluit,
2815 482 2984 535 dicens
3011 495 3030 534 :
3063 478 3380 533 Descendunt
3401 478 3466 530 ad
3487 477 3648 542 ﬁlium
3679 492 3843 529 nteant
3879 480 3967 528 tsi-

2375 588 2497 642 gens
2518 573 2571 626 in
2594 573 2867 642 infernum.

2447 662 2503 717 5.
2541 661 2740 731 Opinor
2772 671 2827 715 et
2873 660 2977 736 hoc
3008 659 3111 714 illis
3148 658 3307 713 aliam
3349 657 3511 722 fuisse
3537 656 3764 726 plagam.
3800 655 3970 709 Vide—

2378 754 2505 809 bant
2531 755 2673 809 enim
2700 765 2902 822 patrem
2934 739 3133 807 tantum
3159 763 3372 820 tamque
3395 750 3688 805 ferventem
3715 763 3966 802 amorem

2379 843 2632 899 exhibere
2660 858 2784 913 erga
2804 859 2924 898 eum
2957 843 3044 912 qui
3075 857 3176 895 non
3213 841 3396 896 aderat
3423 883 3438 905 ,
3462 842 3566 895 imo
3592 849 3648 894 et
3675 841 3972 909 putabatur

2378 950 2407 988 a
2435 934 2616 989 bestiis
2662 934 2993 1004 discerptus.
3027 943 3079 987 ct
3117 932 3304 1000 majori
3352 931 3693 986 tabescebant
3741 929 3966 984 invidia.

2380 1023 2486 1079 Sed
2513 1025 2586 1078 illi
2617 1025 2828 1094 quidem
2851 1039 2974 1094 erga
3004 1023 3218 1078 fratrem
3241 1031 3435 1090 et-erga
3465 1031 3670 1092 patrem
3692 1021 3967 1084 crudeles,

2383 1115 2520 1168 nufla
2545 1114 2738 1169 fuerint
2763 1116 2912 1168 venia
2946 1115 3131 1184 digni:
3165 1113 3464 1168 Madianita:
3518 1122 3696 1168 autem
3752 1123 3808 1166 ct
3861 1111 3967 1179 ipsi

2381 1205 2575 1259 divina:
2628 1205 2868 1259 serviunt
2900 1205 3302 1274 dispensationi,
3352 1213 3406 1259 et
3453 1204 3629 1258 denuo
3670 1201 3968 1270 Josephum

2387 1298 2618 1354 vendunt
2639 1298 2903 1368 Petcphre
2929 1296 3283 1367 archimagiro
3306 1294 3384 1367 (a)
3412 1295 3726 1350 Pharaonis.
3774 1293 3970 1348 Vidisti

2383 1389 2650 1458 quomodo
2673 1392 2926 1461 paulatim
2955 1390 3230 1460 procedit,
3261 1398 3317 1444 et
3341 1405 3435 1460 per
3462 1390 3643 1443 otnnia
3671 1403 3825 1441 suam
3855 1386 3968 1439 vir-

2386 1490 2552 1536 tutem
2578 1491 2630 1536 et
2653 1484 2960 1552 patientiam
2990 1482 3248 1547 declarat,
3281 1491 3336 1536 ut
3369 1482 3445 1536 sic
3466 1481 3614 1551 quasi
3637 1481 3836 1534 athleta
3861 1479 3969 1532 for-

2386 1572 2508 1626 titer
2536 1582 2779 1638 certans,
2807 1572 3146 1626 redimiretur
3189 1586 3388 1627 corona
3431 1573 3599 1640 regni,
3647 1580 3703 1625 et
3745 1581 3974 1624 eventus

2388 1663 2716 1717 somniorum
2771 1662 3119 1731 implerentur
3152 1680 3163 1713 :
3195 1677 3300 1732 quo
3331 1662 3652 1716 docerentur
3672 1661 3705 1714 ii
3734 1661 3821 1730 qui
3844 1674 3970 1714 eum

2388 1753 2751 1818 vendiderant,
2781 1766 2838 1806 se
2870 1752 2998 1806 nihil
3023 1752 3289 1806 commodi
3333 1767 3395 1806 ex
3424 1765 3516 1804 sua
3547 1749 3743 1802 malitia
3782 1763 3983 1824 τεινομρ

2390 1843 2573 1900 tasse?
2619 1844 2844 1898 Tantum
2884 1845 3025 1899 enim
3059 1845 3220 1898 rohur
3255 1843 3416 1898 habet
3443 1842 3634 1907 virtus,
3664 1851 3721 1895 ut
3774 1841 3975 1895 clarior

2392 1933 2507 1987 ﬁeri
2535 1933 2701 1988 soleat
2729 1949 2850 1988 cum
2877 1933 3178 1989 infestatur.
3207 1932 3348 1986 Nihil
3377 1933 3518 1986 enim
3563 1947 3624 1986 ea
3652 1931 3930 1986 robustius
3952 1969 3973 1994 ,

2392 2025 2523 2079 nihil
2549 2024 2772 2079 validius
2807 2042 2820 2077 :
2846 2040 2952 2079 non
2975 2023 3117 2094 quod
3146 2024 3256 2091 ipsa
3288 2022 3404 2076 sola
3433 2031 3638 2076 tantum
3665 2021 3862 2077 habent
3893 2038 3976 2075 ro-

2393 2115 2510 2181 bur,
2534 2113 2628 2168 sed
2654 2112 2776 2183 quia
2810 2114 2854 2166 is
2878 2114 2966 2182 qui
2995 2127 3111 2167 eam
3142 2111 3409 2181 possidet,
3435 2121 3489 2165 et
3513 2126 3803 2180 supernum
3821 2111 3976 2165 auxi-

2395 2205 2518 2258 lium
2548 2204 2708 2259 habet
2739 2221 2752 2256 :
2780 2218 2886 2274 quo
2916 2203 3163 2273 praesidio
3193 2212 3248 2258 et
3275 2217 3378 2273 ope
3401 2219 3519 2258 cum
3550 2203 3774 2268 fruatur,
3797 2204 3977 2256 omni-

2393 2299 2491 2354 bus
2520 2305 2602 2353 cst
2630 2298 2894 2366 potentior
2921 2305 2976 2352 et
3001 2295 3250 2359 invictus,
3282 2309 3346 2350 ac
3375 2296 3492 2364 capi
3519 2295 3720 2365 nequit,
3745 2310 3852 2349 non
3882 2311 3979 2352 so.

2395 2391 2499 2442 lum
2514 2389 2785 2442 hominum
2808 2387 3030 2449 insidiis,
3056 2386 3148 2441 sed
3171 2395 3225 2440 et
3243 2386 3544 2441 daemonum
3565 2386 3979 2443 machinationi-

2397 2482 2512 2533 hns.
2574 2479 2628 2533 id
2683 2479 2946 2544 scientes,
2978 2492 3044 2532 ne
3069 2477 3330 2546 fugiamus
3362 2476 3502 2530 male
3528 2476 3691 2530 afﬁci.
3715 2477 3811 2535 sed
3836 2481 3982 2534 male

2395 2584 2552 2638 agere
2583 2589 2594 2624 :
2630 2569 2730 2622 hoc
2757 2569 2898 2622 enim
2944 2577 3026 2622 est
3057 2583 3182 2622 vere
3211 2567 3350 2621 male
3379 2565 3541 2619 affici.
3570 2565 3702 2619 Nam
3732 2572 3824 2642 qui
3849 2587 3980 2641 pro-

2397 2662 2597 2714 ximmn
2624 2657 2863 2735 amigere
2890 2668 3076 2731 tentat,
3111 2658 3420 2735 illiqnidem
3445 2665 3664 2719 omnino
3708 2663 3838 2718 nihil
3877 2679 3981 2717 no-

2396 2767 2482 2812 cet
2514 2771 2528 2811 :
2559 2757 2683 2812 licet
2727 2757 2869 2813 enim
2926 2759 2993 2813 ad
3045 2775 3262 2828 parvum
3312 2769 3526 2829 tempus
3564 2769 3770 2822 noceat,
3796 2759 3847 2812 in
3879 2758 3985 2811 hoc

2399 2857 2602 2903 tantum
2643 2849 2843 2904 steculo
2870 2848 2922 2904 id
2952 2849 3112 2914 facit;
3156 2849 3256 2904 sibi
3282 2858 3459 2903 autem
3507 2847 3823 2903 immortalia
3871 2857 3987 2902 tor-

2399 2949 2575 2996 menta
2629 2941 2910 3007 recondit,
2941 2950 2995 2995 et
3027 2955 3211 3011 poenas
3237 2939 3641 2996 intolerabiles:
3685 2953 3816 3008 quas
3874 2954 3986 2992 non

2399 3033 2555 3088 aliter
2598 3032 2831 3102 eﬁ'ugere
2881 3047 3184 3102 possumus,
3213 3033 3313 3087 nisi
3357 3031 3722 3101 paraverimus
3768 3046 3869 3085 nos
3917 3031 3987 3084 ad

2402 3122 2647 3178 ferendas
2666 3123 2980 3178 afflictiones
3001 3163 3015 3186 ,
3038 3132 3093 3178 et
3111 3122 3405 3177 secundum
3423 3121 3718 3176 doctrinam
3751 3121 3988 3185 Domini,

2403 3231 2685 3286 precemur
2715 3231 2811 3286 pro
2851 3216 2916 3270 iis
2955 3216 3042 3286 qui
3083 3216 3237 3270 nobis
3285 3214 3507 3283 injurias
3557 3213 3813 3268 inferunt.
3869 3213 3991 3267 Hoc

2401 3307 2542 3360 enim
2571 3305 2722 3360 nobis
2761 3321 3004 3376 magnam
3036 3306 3241 3376 parabit
3283 3306 3610 3372 mercedem,
3633 3316 3690 3361 et
3726 3305 3992 3359 concedet

2402 3397 2590 3467 dignos
2641 3395 2780 3452 efﬁci
2830 3413 2996 3468 regno
3050 3398 3303 3452 malorum
3334 3415 3348 3451 :
3377 3398 3519 3466 quod
3573 3397 3727 3452 nobis
3783 3398 3992 3451 utinam

2403 3487 2742 3554 concedatur,
2769 3489 2943 3558 gratia
2975 3497 3030 3544 et
3059 3488 3386 3558 benignitate
3413 3490 3622 3544 Domini
3648 3490 3815 3544 nostri
3855 3489 3992 3544 Jesu

2402 3577 2620 3645 Christi,
2653 3579 2736 3634 cui
2780 3595 2902 3634 cum
2956 3580 3111 3636 Patre
3137 3592 3190 3636 et
3217 3591 3407 3637 sancto
3453 3581 3656 3652 Spiritu
3699 3583 3768 3636 sit
3791 3581 3991 3651 gloria,

2407 3668 2705 3738 imperium,
2741 3670 2929 3735 honor,
2962 3687 3102 3726 nunc
3127 3681 3180 3726 et
3205 3686 3420 3744 seraper
3441 3713 3457 3739 ,
3489 3683 3542 3728 ct
3581 3673 3632 3726 in
3659 3679 3854 3728 saecula
3885 3687 3994 3728 sa:-

2405 3761 2666 3816 cnlorum.
2697 3764 2888 3817 Amen.

2953 3876 3229 3932 llOMILlA
3270 3877 3430 3933 LXII.

2410 3981 2476 4038 Et
2506 3986 2628 4038 vidit
2654 3986 2820 4040 ludas
2845 3987 3060 4041 hominis
3087 3986 3364 4042 Chanaan
3404 3990 3594 4057 ﬁliam,
3626 4007 3740 4061 quc
3779 3995 3996 4047 vocatae

2478 4084 2558 4128 tur
2588 4075 2742 4141 Sana,
2776 4088 2819 4130 et
2849 4077 2992 4131 duxit
3029 4095 3139 4131 eant
3163 4121 3178 4145 ,
3202 4088 3247 4133 et
3272 4080 3527 4150 ingressus
3564 4092 3637 4136 est
3664 4083 3732 4136 ad
3755 4100 3869 4138 earn
3896 4102 3916 4138 :
3941 4096 3991 4139 et

2478 4167 2764 4237 concipiens
2811 4171 3000 4239 peperit
3033 4169 3219 4239 ﬁlium,
3247 4180 3296 4224 et
3327 4175 3520 4226 uocauit
3562 4190 3742 4228 nomen
3769 4177 3882 4245 ejus
3919 4175 3996 4230 Er

2480 4259 2634 4328 (Gen.
2668 4259 2756 4315 38.
2781 4261 2837 4314 2.
2862 4260 2938 4331 ὅ).

2483 4395 2536 4448 1.
2575 4394 2715 4448 Satis
2737 4408 2906 4462 nuper
2928 4409 2995 4449 ex
3027 4393 3249 4450 historia
3270 4394 3472 4465 Ioseph
3493 4395 3796 4464 didicimus,
3821 4416 3997 4470 quan.

2416 4496 2526 4540 tum
2548 4484 2726 4540 damni
2753 4495 3001 4544 nascatur
3019 4501 3084 4540 ex
3111 4485 3328 4551 invidia,
3357 4497 3411 4541 et
3437 4490 3705 4558 quomodo
3727 4492 3998 4559 pernicio-

2413 4591 2505 4631 sus
2535 4575 2625 4630 ille
2667 4576 2884 4631 morbus
2929 4577 3160 4631 animam
3190 4578 3418 4646 primum
3453 4588 3781 4650 corrumpat,
3806 4596 3839 4636 a
3887 4598 3994 4653 qua

2414 4668 2665 4722 nascitur.
2714 4663 2932 4723 Vidistis
2979 4668 3250 4736 quomodo
3296 4684 3392 4738 per
3438 4668 3576 4724 hanc
3618 4672 3995 4740 aegritudinem

2415 4756 2602 4812 fratres
2643 4756 2844 4828 Ioseph
2887 4767 2941 4812 et
2983 4760 3318 4829 cognationis
3341 4760 3490 4815 obliti
3515 4771 3671 4824 sunt,
3704 4771 3762 4817 et
3788 4763 3994 4820 bestia-

2415 4864 2530 4903 rum
2551 4848 2917 4904 crndelitatem
2954 4863 3078 4920 erga
3118 4863 3240 4903 eum
3267 4850 3358 4920 qui
3384 4850 3436 4905 in
3463 4851 3610 4906 nullo
3637 4852 3781 4922 ipsos
3821 4855 3997 4910 offen-

2413 4939 2605 5007 derat,
2635 4949 3011 5005 exercucrunt,
3045 4939 3300 4994 malitiam
3346 4941 3565 5010 quidem
3615 4957 3765 4997 suam
3813 4947 3997 5014 potius

2413 5031 2748 5089 manifestam
2790 5031 3093 5096 reddentes,
3147 5048 3308 5103 quam
3355 5033 3503 5090 fratri
3553 5046 3828 5092 nocentes.
3887 5038 3993 5093 lla-

2414 5124 2521 5178 litia
2567 5125 2708 5179 enim
2763 5137 2859 5178 sua
2911 5121 3065 5178 fratri
3119 5137 3218 5179 suo
3270 5139 3376 5179 non
3425 5134 3630 5180 tantum
3672 5140 3993 5195 nocuerunt,

2414 5225 2670 5283 quantum
2740 5213 2945 5282 seipsos
3013 5214 3302 5284 ignominia
3371 5213 3686 5271 affecerunt.
3737 5215 3872 5272 Nam
3926 5218 3994 5274 li-

2415 5316 2499 5360 cet
2569 5306 2807 5361 barbaris
2879 5321 2998 5360 eum
3077 5307 3462 5373 vendiderint,
3535 5317 3591 5363 et
3645 5308 3724 5364 illi
3796 5309 3995 5366 iterum

2415 5396 2748 5451 vendiderint
2823 5396 3177 5469 archimagiro
3228 5396 3564 5467 Pharaonis,
3643 5399 3997 5457 nihilominus

2414 5488 2534 5556 quia
2601 5486 2781 5540 habuit
2843 5501 3129 5555 supernum
3199 5488 3457 5543 auxilium
3494 5529 3510 5553 ,
3565 5505 3595 5544 a
3652 5506 3758 5560 quo
3828 5491 3995 5561 jura-

2416 5579 2574 5634 batur
2604 5621 2618 5645 ,
2676 5579 2852 5633 omnia
2919 5580 3021 5648 ipsi
3066 5580 3202 5635 levia
3245 5589 3304 5636 et
3354 5580 3526 5636 facilia
3570 5581 3679 5640 visa
3726 5595 3870 5638 sunt.
3931 5585 3996 5641 Et

2479 5716 2550 5776 (a)
2584 5714 2920 5785 Archimagiro,
2942 5715 2986 5764 id
3013 5723 3114 5776 est,
3139 5714 3348 5780 principi
3379 5729 3672 5779 coquonmt;
3695 5719 3895 5782 Vulgata
3923 5731 4006 5770 re.

2418 5773 2493 5836 ro,
2516 5773 2742 5839 magistro
2763 5773 2983 5826 militum.
