4182 6322
257 386 367 443 $33

255 498 507 553 volebant
552 494 715 550 etiam
763 492 922 549 hodie
971 490 1220 548 eamdem
1275 486 1552 543 historiam
1609 490 1859 545 tractare,

256 585 491 655 imisque
565 583 718 640 vobis
781 591 1070 638 contexere
1147 579 1407 634 doctrina:
1478 586 1784 629 sermonem
1844 587 1858 622 :

254 680 448 724 verum
497 669 549 723 in
604 667 782 723 medio
832 666 933 721 alia
975 664 1224 735 quaedam
1280 661 1514 715 narratio
1549 656 1849 727 interjacet,

252 774 421 830 quam
475 774 583 815 non
625 774 838 827 aequum
865 766 948 813 est
986 771 1089 811 nos
1118 754 1432 826 praeterire;
1470 750 1565 807 sed
1604 764 1738 818 opus
1770 753 1857 801 est

253 862 311 905 ut
350 861 614 921 quantum
660 849 914 920 possibile
949 858 1032 903 est
1072 854 1490 917 perscrutvmur,
1536 850 1591 898 et
1628 840 1707 895 sic
1750 840 1854 893 ite-

251 956 375 996 rum
424 941 495 995 ad
548 948 925 1011 argumentum
970 936 1190 1008 losephi
1242 935 1547 991 redeamus.
1597 932 1855 999 Quzenam

252 1034 421 1102 igitur
442 1033 533 1087 illa
557 1047 678 1101 qua
699 1014 1037 1087 interseritur
1061 1027 1338 1086 narratio?
1363 1026 1455 1082 illa
1481 1025 1551 1080 de
1577 1023 1733 1080 Juda.
1755 1021 1855 1077 Hic

248 1123 400 1178 enim
420 1132 641 1193 accepta
660 1123 713 1177 in
735 1137 959 1178 uxorem
983 1120 1090 1176 ﬁlia
1112 1118 1424 1182 f‘dtananaei,
1449 1116 1586 1172 Sava
1614 1112 1851 1174 nomine,

248 1217 630 1286 “saeuisque
665 1231 737 1271 ex
780 1214 873 1271 illa
916 1214 1087 1269 tribus
1117 1212 1265 1277 filiis,
1296 1210 1470 1274 duxit,
1517 1208 1711 1277 inquit,
1744 1203 1855 1276 pri-

249 1306 533 1375 mogenito
570 1321 671 1360 suo
698 1306 774 1361 Er
816 1320 1039 1360 uxorem
1078 1304 1331 1359 Thamar.
1362 1300 1496 1370 Quia
1543 1308 1723 1353 autem
1762 1295 1854 1351 ille

247 1397 429 1450 maius
454 1405 570 1450 erat
592 1410 779 1452 coram
800 1395 1049 1460 Domino,
1069 1392 1266 1447 occidit
1290 1406 1419 1446 eum
1435 1389 1599 1444 Deus.
1624 1386 1691 1441 Et
1711 1400 1851 1455 prae-

246 1487 395 1555 cepit
450 1488 664 1550 Aunan,
709 1496 769 1541 ut
807 1486 965 1541 ducta
1011 1499 1179 1539 uxore
1224 1481 1405 1535 fratris
1447 1479 1553 1545 sui,
1594 1476 1849 1532 excitaret

247 1590 438 1631 seumn
469 1575 617 1631 fratri
645 1591 764 1631 suo.
808 1575 864 1633 id
890 1576 1035 1631 enim
1064 1576 1148 1629 lex
1173 1573 1353 1643 jussit,
1379 1586 1499 1641 qua:
1523 1568 1675 1634 dicit,
1706 1566 1846 1622 Mor-

246 1674 341 1718 tuo
370 1665 538 1721 fratre
565 1666 682 1721 sine
708 1666 912 1733 liberis,
953 1666 1115 1720 frater
1137 1664 1297 1719 ducta
1326 1677 1491 1716 uxore
1519 1660 1719 1715 excitet
1758 1673 1849 1713 se-

244 1769 370 1810 tuen
412 1754 563 1812 fratri
615 1754 808 1831 (Deut.
856 1756 947 1813 25.
993 1756 1095 1826 5).
1144 1755 1342 1811 Verum
1390 1761 1445 1807 et
1493 1752 1667 1816 hunc,
1723 1750 1847 1820 quia

244 1846 423 1903 malus
444 1856 582 1912 erat,
610 1849 808 1903 occidit
834 1847 1110 1902 Dominus.
1132 1845 1248 1900 Hoc
1272 1843 1465 1901 Judam
1494 1851 1696 1897 terrore
1724 1855 1849 1909 per-

242 1936 397 2003 culit,
435 1937 706 1992 videntem
732 1938 868 1992 duos
894 1938 1033 1993 filios
1061 1946 1169 1991 tam
1196 1937 1303 1990 cito
1327 1934 1596 1989 interiisse
1620 1948 1635 1984 :
1664 1940 1720 1987 et
1753 1948 1849 1984 vo-

244 2030 359 2085 lens
392 2029 629 2086 Thamar
666 2031 954 2098 consolari,
986 2018 1230 2099 promisit
1281 2043 1340 2083 se
1381 2026 1548 2082 alium
1583 2024 1752 2079 filium
1796 2023 1846 2078 ei

240 2120 505 2177 daturum
536 2141 551 2178 :
581 2124 675 2178 sed
717 2139 825 2180 non
857 2123 1115 2194 implebat
1145 2120 1428 2189 promissa,
1461 2119 1667 2173 veritus
1694 2132 1763 2171 ne
1790 2126 1847 2170 et

243 2212 362 2275 ipse
395 2213 647 2269 eamdem
692 2229 906 2284 prunam
947 2213 1132 2280 ferret,
1162 2228 1322 2282 quam
1367 2211 1583 2266 fratres.
1623 2208 1845 2264 Talibus

240 2302 689 2370 promissionibus
714 2303 1033 2374 pascebatur
1055 2303 1308 2364 Thamar,
1352 2302 1513 2372 inque
1551 2300 1731 2355 domo-
1750 2314 1845 2369 pa-

239 2393 339 2446 tris
364 2393 450 2447 sui
485 2394 727 2459 sedebat,
761 2405 1078 2466 exspectans
1106 2393 1323 2464 quando
1347 2393 1521 2449 soceri
1558 2392 1842 2461 promissio

241 2484 560 2552 impleretur
586 2502 600 2538 :
629 2493 685 2541 et
708 2485 897 2541 videns
928 2485 1119 2541 ludam
1150 2501 1256 2540 non
1288 2484 1428 2539 velle
1464 2483 1690 2553 implere
1721 2496 1842 2551 pro-

240 2578 428 2642 missa,
462 2578 671 2635 interim
703 2591 981 2636 mansuete
1011 2581 1149 2647 tulit,
1181 2595 1286 2634 non
1314 2578 1585 2634 sustinens
1610 2577 1839 2631 aliorum

237 2668 514 2741 coniugia,
560 2671 657 2727 sed
698 2672 942 2741 amplexa
983 2671 1320 2738 viduitatem,
1362 2679 1418 2725 et
1462 2680 1672 2739 tempus
1710 2682 1842 2722 con-

236 2774 432 2830 gruum
455 2771 775 2832 exspectans
795 2780 809 2817 :
826 2763 1114 2818 festinabat
1129 2763 1273 2817 enim
1294 2772 1345 2816 ut
1366 2761 1505 2816 filios
1532 2766 1840 2830 procrearet

235 2868 301 2907 ex
328 2868 548 2909 socero.
580 2854 648 2908 Et
674 2856 797 2926 quia
827 2856 961 2910 vidit
1000 2871 1214 2911 socrum
1252 2866 1536 2918 mortuam,
1565 2861 1620 2909 et
1644 2852 1837 2908 ludam

239 2944 425 3000 venire
471 2944 525 2999 in
570 2944 810 3001 Thantua
845 2947 910 3001 ad
939 2945 1237 3002 tondendas
1274 2960 1422 3008 Oves,
1468 2945 1632 2999 furari
1674 2943 1840 2998 voluit

239 3034 414 3090 soceri
436 3036 805 3103 concubitum,
831 3044 888 3091 et
910 3052 974 3091 ex
1004 3036 1096 3091 illo
1123 3037 1261 3090 filios
1289 3049 1593 3105 procreare,
1631 3049 1737 3089 non
1765 3034 1833 3088 ii-

241 3122 477 3180 bidinem
510 3126 725 3196 explere
753 3129 1157 3197 cancupiscens,
1191 3127 1329 3183 absit
1360 3127 1483 3191 hoc,
1532 3126 1627 3181 sed
1655 3140 1726 3180 ne
1755 3125 1837 3178 vi-

237 3212 462 3270 deretur
513 3231 634 3271 esse
683 3217 801 3272 sine
838 3217 1360 3289 nomine:alioquin
1410 3228 1467 3273 et
1506 3216 1838 3289 dispensatio

236 3315 350 3359 erat
386 3306 440 3360 id
472 3308 614 3377 quod
644 3307 822 3374 fiebat,
855 3309 996 3365 unde
1020 3320 1075 3365 et
1113 3325 1277 3379 opere
1313 3311 1580 3379 completa
1620 3319 1746 3364 sunt
1770 3323 1833 3363 ea

238 3412 357 3463 qua:
387 3398 478 3451 illa
508 3398 839 3454 deliberavit.
873 3402 955 3455 ιι.
990 3400 1246 3471 Depositis
1274 3402 1429 3467 enim,
1462 3401 1655 3470 inquit,
1686 3400 1837 3454 vesti-

236 3487 329 3541 bus
350 3490 613 3544 uiduitatis
657 3508 783 3558 sure,
821 3502 871 3545 et
904 3493 1084 3547 induta
1124 3493 1377 3559 theristro,
1408 3502 1456 3546 et
1495 3503 1677 3546 ornata
1706 3492 1834 3546 sedit

236 3580 374 3647 apud
414 3592 591 3649 portas
622 3581 773 3654 (Cap.
805 3583 919 3655 38).
962 3584 1163 3641 Deinde
1200 3586 1351 3655 quasi
1400 3599 1665 3639 excusans
1712 3600 1831 3640 eam

238 3669 536 3740 Scriptum,
558 3672 691 3727 dixit
717 3692 733 3725 :
766 3673 902 3728 Vidit
918 3676 1050 3730 enim
1072 3676 1208 3746 quod
1236 3686 1458 3732 creverat
1488 3676 1665 3732 Sciam
1680 3692 1701 3741 ;
1725 3676 1835 3747 ipse

235 3771 400 3815 autem
448 3780 551 3817 non
593 3764 737 3820 daret
778 3766 944 3835 ipsam
994 3768 1042 3821 ei
1087 3784 1317 3835 uxorem,
1359 3777 1414 3822 et
1446 3776 1724 3837 propterea
1764 3767 1831 3822 ad

235 3850 613 3921 deccptionem
642 3855 785 3909 illam
810 3858 1133 3926 preperavit.
1162 3856 1327 3912 Judas
1354 3858 1498 3913 enim
1527 3873 1650 3913 cum
1675 3866 1830 3927 puta-

238 3953 317 3997 ret
335 3960 456 3998 cum
480 3960 604 4001 esse
625 3956 863 4002 scortum
897 3948 1189 4021 (velaverat
1216 3949 1359 4003 enim
1389 3949 1474 4002 illa
1505 3948 1719 4011 faciem,
1763 3963 1832 4003 ne

236 4036 662 4106 agnosceretur),
688 4037 775 4091 l6.
820 4037 1035 4092 Divertit
1063 4041 1132 4092 ad
1157 4056 1287 4092 eam.
1318 4038 1426 4092 Illa
1463 4049 1632 4093 autem
1659 4039 1789 4092 dixit
1813 4054 1832 4091 :

240 4119 371 4186 Quid
409 4123 537 4176 milii
567 4125 753 4179 dabis?
779 4124 883 4181 Ille
921 4138 1089 4180 autem
1130 4129 1383 4191 pollicitus
1426 4137 1498 4182 est
1524 4129 1728 4181 turdum
1769 4144 1833 4185 ex

236 4212 468 4282 gregibus
510 4230 566 4268 se
605 4216 894 4270 missurum.
943 4218 1031 4272 i7.
1077 4218 1142 4270 At
1181 4218 1288 4271 [nec
1315 4218 1445 4272 dixit
1475 4234 1495 4272 :
1527 4218 1588 4274 Si
1631 4219 1832 4273 dederis

236 4303 592 4372 errltabonem,
645 4307 805 4360 donec
847 4310 1041 4362 mittas.
1086 4310 1174 4364 l8.
1209 4308 1277 4362 Et
1320 4309 1458 4363 dedit
1498 4310 1748 4363 annulum
1784 4321 1830 4363 et

236 4394 511 4460 mullum,
544 4408 591 4450 et
636 4398 894 4464 baculum,
937 4410 986 4453 et
1014 4401 1217 4453 intravit
1258 4400 1327 4453 ad
1370 4418 1502 4467 eam,
1544 4412 1589 4456 et
1618 4403 1831 4470 gravida

238 4484 368 4553 {aeta
396 4498 471 4541 est
500 4504 566 4542 ea;
591 4505 670 4543 eo.

304 4576 536 4632 Christus
588 4595 653 4633 ea:
705 4581 896 4635 semine
931 4581 1188 4635 Juda.—
1212 4582 1401 4638 Nullus
1441 4585 1557 4639 haec
1603 4585 1829 4641 audiens

236 4665 556 4722 condemnet
583 4668 820 4725 Thamar
845 4689 858 4724 :
888 4687 1032 4736 nam,
1064 4681 1122 4725 ut
1150 4672 1283 4739 dixi,
1314 4674 1697 4744 dispensationi
1727 4678 1828 4729 nti-

238 4755 480 4810 uistravit
508 4776 521 4810 :
550 4769 829 4829 propterea
871 4776 1046 4831 neque
1088 4762 1247 4815 ullam
1287 4764 1409 4817 inde
1445 4766 1826 4833 reprehensio-

240 4861 355 4901 nem
383 4860 641 4915 meretur,
674 4867 843 4921 neque
870 4853 1032 4908 Judas
1061 4855 1377 4910 criminibus
1417 4856 1511 4910 fuit
1540 4858 1824 4913 obnoxius.

241 4937 445 4992 Etenim
484 4940 587 4997 hac
618 4943 699 4996 via
730 4945 1045 5011 procedens,
1096 4946 1333 5001 invenies
1379 4963 1445 5001 ex
1487 4950 1667 5017 pueris
1703 4950 1827 5005 inde

238 5031 368 5085 natis
386 5032 661 5086 CliriStum
680 5036 970 5089 secundum
1002 5053 1213 5091 carnem
1242 5038 1437 5093 ducere
1465 5056 1652 5109 genus.
1679 5042 1829 5096 Prat-

240 5130 376 5176 terea
406 5123 516 5176 duo
561 5124 645 5178 isti
675 5125 767 5179 lilii
803 5142 897 5195 per
932 5144 1051 5181 cum
1089 5132 1219 5194 nati,
1252 5132 1478 5184 duorum
1509 5134 1825 5201 populorum

240 5214 395 5280 figura
428 5213 661 5277 fuerunt,
696 5226 749 5268 et
772 5216 1045 5281 praedictio
1084 5222 1326 5287 quaedam
1357 5223 1478 5276 vita:
1508 5232 1615 5277 tum
1645 5223 1826 5278 Judaio

241 5315 330 5365 cas,
361 5313 474 5359 tum
518 5306 829 5375 spirituaits.
876 5308 979 5363 Sed
1023 5326 1162 5363 nunc
1192 5312 1468 5367 videamus
1501 5323 1621 5382 post
1648 5331 1825 5370 reces-

240 5406 347 5445 squ
368 5392 542 5460 Jltdtn,
574 5396 845 5465 quomodo
880 5413 1043 5465 parvo
1071 5411 1257 5453 exacto
1285 5411 1542 5470 tempore,
1578 5414 1631 5456 et
1663 5419 1825 5473 opere

242 5481 289 5534 in
319 5497 559 5552 apertum
586 5487 863 5555 producto,
894 5490 1057 5546 ludas
1088 5496 1432 5561 semetipsum
1476 5498 1820 5563 condemnat,

245 5572 378 5627 illam
416 5592 444 5628 a
469 5579 786 5634 criminibus
817 5581 1067 5637 liberans.
1112 5584 1243 5638 Nam
1278 5596 1555 5655 postquam
1585 5588 1826 5658 implevit

245 5660 463 5719 Tltautar
488 5669 633 5737 quod
664 5672 849 5735 voluit,
884 5674 1075 5728 iterum
1103 5687 1305 5729 mutato
1341 5676 1523 5731 habitu
1553 5679 1675 5732 inde
1702 5682 1822 5749 qui-

245 5754 352 5813 ιιυιιι
384 5761 623 5827 receSsit,
652 5773 706 5817 et
733 5766 874 5820 venit
915 5769 965 5821 iu
1003 5768 1219 5824 domum
1251 5784 1421 5824 suam.
1452 5768 1615 5825 ludas
1644 5782 1821 5828 autem

1235 375 1301 433 IN
1337 374 1493 431 CAP.
1534 367 1825 428 XXXVIII.
1866 360 2110 421 GENES.
2153 359 2382 418 HOML.
2426 358 2585 417 LXII.

3472 360 3573 416 ΞΜ

1974 472 2103 529 nihil
2132 488 2320 531 eorum
2343 473 2541 537 sciens,
2572 472 2983 542 promissionem
3006 471 3250 543 implevit
3274 481 3332 528 et
3358 472 3573 532 laedunt

1974 566 2140 627 misit,
2173 572 2232 618 ut
2256 564 2615 618 arrltabonem
2646 577 2803 618 suum
2834 563 2908 618 illi
2937 561 3121 618 datum
3146 562 3414 634 reciperet
3441 566 3575 618 :sed

1972 670 2235 728 nusquam
2292 655 2507 709 inventa
2551 654 2795 722 muliere,
2848 655 3008 711 rediit
3054 670 3210 726 puer,
3255 655 3571 726 significans

1968 738 2121 802 ludat
2158 760 2219 800 se
2246 760 2513 817 nusquam
2544 746 2788 801 invenire
2829 746 3109 801 mulierem
3149 744 3410 817 potuisse.
3439 746 3575 815 Qui-

1968 837 2069 892 bus
2106 836 2421 907 compertis,
2450 836 2618 891 Judas
2644 836 2801 904 dixit,
2840 838 3033 908 inquit,
3076 836 3153 893 Ne
3182 836 3321 894 forte
3358 837 3577 893 damne-

1970 944 2114 993 mur,
2155 937 2212 982 ut
2245 926 2411 982 habiti
2456 928 2671 997 ingrati.
2705 927 2890 997 Neque
2936 929 3079 983 enim
3107 928 3316 984 sciebat
3343 926 3569 983 factum.

1965 1018 2165 1075 Verum
2192 1019 2481 1091 praeteritis
2511 1020 2786 1075 mensibus
2817 1020 3008 1085 tribus,
3040 1029 3097 1075 et
3120 1020 3331 1075 sarcina
3363 1020 3570 1074 ventris

1968 1120 2177 1180 partum
2221 1112 2568 1181 praedicente,
2615 1122 2669 1167 et
2720 1111 2871 1167 nullo
2913 1112 3023 1167 alio
3064 1111 3321 1168 furtivum
3364 1114 3573 1168 sciente

1961 1204 2307 1259 concubitum
2332 1221 2349 1261 :
2373 1205 2464 1258 2b.
2496 1204 2887 1267 Anuuntiatum,
2919 1205 3111 1274 inquit,
3134 1212 3208 1258 est
3230 1202 3406 1271 Iuda,
3436 1205 3573 1273 quod

1960 1305 2162 1349 uterum
2196 1306 2387 1366 gereret
2431 1312 2497 1350 ac
2546 1296 2823 1349 adulterio.
2882 1294 2951 1349 Et
2998 1306 3054 1349 ut
3096 1295 3296 1363 didicit,
3354 1294 3570 1350 Educite

1960 1402 2093 1450 eam,
2126 1388 2308 1457 inquit,
2337 1396 2387 1441 et
2414 1391 2758 1440 comburatur.
2805 1386 2991 1456 Magna
3025 1385 3343 1456 indignatio,
3382 1386 3566 1455 gravis

1961 1492 2141 1547 paena,
2163 1479 2286 1547 quia
2312 1490 2368 1534 et
2395 1488 2674 1548 peccatum
2701 1477 2903 1547 grande
2942 1491 3063 1533 esse
3089 1477 3392 1533 videbatur.
3424 1475 3563 1545 Quid

1958 1570 2118 1639 igitur
2167 1569 2448 1624 Thamar?
2501 1570 2778 1624 Productis
2825 1570 2891 1625 iis
2939 1584 3059 1638 qua:
3103 1570 3154 1623 in
3205 1567 3565 1623 arrhaboth

1958 1659 2123 1715 ludas
2170 1660 2482 1730 reliquerat,
2532 1659 2858 1730 inquit:25.
2901 1658 2965 1715 Si
3005 1660 3119 1731 quis
3156 1668 3232 1714 est
3270 1660 3422 1731 cujus
3454 1659 3565 1715 hoc

1955 1763 2098 1821 sunt,
2123 1754 2187 1808 ab
2213 1754 2303 1807 illo
2333 1753 2518 1808 ventris
2544 1755 2801 1807 sarcinam
2831 1753 3025 1822 accepi.

2025 1846 2081 1899 2.
2123 1845 2355 1901 Attende
2376 1846 2647 1916 quomodo
2680 1846 2846 1901 silens
2867 1845 2973 1901 fide
3002 1845 3196 1915 dignos
3218 1852 3383 1900 testes
3403 1843 3563 1901 affert

1952 1938 2043 2009 qui
2066 1938 2370 2009 loquantur,
2395 1937 2599 1993 etsatis
2618 1952 2737 1993 eam
2760 1938 3004 1991 criminis
3025 1937 3300 1991 innoxiam
3328 1935 3559 1994 demou-

1951 2038 2145 2086 strent.
2176 2027 2311 2096 Quia
2347 2029 2491 2084 enim
2517 2029 2688 2084 tribus
2718 2029 2947 2083 testibus
2971 2028 3184 2099 egebat,
3226 2043 3348 2097 quae
3384 2027 3438 2081 in
3467 2027 3557 2082 tali

1950 2136 2113 2178 causa
2152 2122 2483 2192 arguebatur
2512 2138 2526 2176 :
2561 2121 2761 2177 idcirco
2789 2130 2847 2177 et
2885 2120 3003 2176 bare
3040 2120 3193 2192 quasi
3224 2120 3372 2176 claro
3402 2121 3557 2176 testi-

1949 2215 2134 2269 monio
2150 2214 2305 2281 dato,
2325 2224 2436 2271 tres
2456 2214 2819 2270 arrhabonum
2843 2218 3051 2284 species
3072 2214 3255 2281 mittit,
3275 2213 3557 2280 annulum,

1947 2304 2233 2365 armillam,
2262 2312 2317 2360 et
2346 2305 2593 2360 baculum
2629 2323 2642 2359 :
2670 2314 2727 2359 et
2754 2306 2901 2360 domi
2929 2304 3128 2361 sedens
3169 2313 3462 2375 taceasque
3502 2304 3556 2359 in

1947 2414 2107 2453 causa
2146 2400 2292 2453 vicit.
2338 2399 2429 2454 26.
2469 2398 2638 2453 ludas
2684 2399 2830 2453 enim
2878 2414 2995 2451 cum
3041 2400 3347 2469 agnovisset,
3379 2398 3509 2452 dixit
3537 2412 3557 2451 :

1944 2488 2241 2558 Justiﬁcata
2264 2501 2340 2545 est
2365 2492 2528 2563 magis
2549 2507 2703 2560 quam
2724 2506 2837 2561 ego,
2865 2498 3134 2558 propterea
3154 2490 3291 2559 quod
3315 2505 3415 2543 non
3436 2488 3555 2542 dedi

1946 2597 2059 2634 eam
2086 2582 2196 2649 [ilio
2227 2597 2337 2635 meo
2365 2580 2562 2636 Seiani.
2589 2579 2726 2648 Quid
2756 2589 2859 2645 est,
2889 2578 3184 2649 Iusti/irata
3210 2590 3283 2634 est
3309 2581 3423 2649 ipsa
3447 2595 3559 2634 nta-

1944 2670 2044 2742 gis,
2074 2687 2229 2741 quam
2256 2671 2389 2741 ego?
2427 2670 2519 2726 Illa
2547 2670 2785 2741 quidem,
2820 2670 3014 2741 inquit,
3064 2672 3281 2726 innoxia
3321 2682 3424 2736 est,
3452 2686 3556 2742 ego

1944 2770 2126 2815 autem
2168 2762 2437 2830 meipsum
2485 2762 2829 2829 condemno,
2874 2771 2931 2817 et
2965 2762 3112 2816 nullo
3138 2772 3397 2833 urguente
3440 2777 3556 2817 me-

1944 2851 2123 2921 ipsum
2156 2851 2362 2922 prodo;
2395 2853 2504 2907 imo
2538 2852 2752 2908 abunde
2779 2868 2866 2909 me
2901 2853 3252 2923 redarguunt,
3281 2869 3401 2923 qua:
3428 2852 3552 2909 data

1940 2951 2067 2996 sunt
2094 2941 2171 2997 illi
2201 2942 2254 2997 in
2282 2942 2664 2998 arrhabonem.
2692 2943 2759 2998 Et
2781 2943 2975 2998 deinde
3001 2945 3197 2998 iterum
3227 2943 3553 3000 Tliamarcm

1940 3047 2226 3099 excusans,
2258 3034 2389 3088 dicit
2414 3050 2426 3087 :
2460 3034 2595 3100 Quia
2623 3051 2728 3089 non
2771 3033 2890 3089 dedi
2914 3050 3027 3087 eant
3057 3034 3233 3090 Selom
3259 3034 3370 3103 ﬁlio
3414 3050 3547 3089 meo.

1942 3122 2104 3179 Forte
2136 3131 2318 3179 autem
2344 3122 2448 3179 hoc
2477 3121 2678 3178 factum
2722 3130 2808 3179 est
2833 3123 2905 3178 ob
2930 3122 3069 3178 hanc
3101 3139 3263 3195 quam
3306 3123 3553 3179 dicturus

1941 3228 2062 3269 sum
2100 3229 2341 3269 causam.
2388 3214 2523 3270 Nam
2567 3216 2692 3283 quia
2721 3215 2889 3270 ludas
2938 3215 3162 3285 putabat
3199 3215 3343 3270 illius
3388 3229 3552 3271 causa

1943 3315 2185 3361 mortuos
2213 3305 2289 3360 Er
2317 3315 2373 3362 et
2403 3308 2615 3370 Aunau,
2647 3306 2808 3377 idque
2841 3314 3089 3361 metuens
3117 3321 3238 3361 eam
3268 3321 3375 3362 non
3400 3305 3553 3363 dedit

1939 3397 2142 3464 Selom,
2175 3398 2421 3467 quamvis
2464 3398 2514 3452 ei
2540 3398 2899 3469 promisisset,
2928 3406 2989 3451 ut
3020 3396 3308 3454 manifeste
3342 3413 3408 3453 at:
3433 3399 3551 3453 evi-

1938 3488 2129 3544 denter
2164 3490 2329 3545 sciret
2367 3490 2538 3559 ipsam
2584 3506 2691 3545 non
2724 3490 2842 3545 istis
2868 3505 3087 3545 causam
3129 3490 3295 3546 fuisse
3334 3491 3544 3558 mortis,

1938 3580 2034 3636 sed
2064 3595 2159 3635 eos
2186 3590 2407 3652 propter
2445 3596 2595 3636 suam
2624 3582 2881 3636 malitiam
2912 3598 3101 3652 pinnas
3128 3583 3343 3638 dedisse
3370 3584 3547 3655 (Occi-

1936 3673 2013 3727 dit
2055 3690 2193 3740 eum,
2234 3675 2425 3744 inquit,
2454 3674 2593 3728 Deus
2624 3691 2643 3729 :
2670 3685 2727 3731 et
2751 3676 2943 3731 iterum
2966 3717 2982 3743 ,
3016 3677 3213 3731 Occidit
3246 3694 3360 3733 eum
3390 3678 3543 3749 (Gen.

1937 3763 2027 3820 38.
2072 3766 2126 3819 7.
2162 3765 2313 3836 l0),
2368 3766 2540 3835 inquit
2572 3767 2734 3821 etiam
2786 3767 2855 3823 de
2908 3770 3217 3839 secundo),
3261 3778 3545 3839 propterea

1939 3857 2156 3926 ignarus
2181 3858 2298 3927 ipse
2325 3873 2447 3913 cum
2475 3874 2611 3914 nuru
2632 3873 2727 3913 sua
2750 3875 2865 3914 rem
2889 3860 3072 3927 habet,
3099 3870 3150 3915 et
3181 3862 3327 3916 clare
3357 3860 3546 3916 didicit

1944 3948 2112 4016 ipsam
2144 3964 2251 4003 non
2283 3948 2336 4003 in
2365 3965 2528 4004 causa
2556 3950 2745 4018 fuisse,
2775 3950 2869 4005 sed
2901 3950 3115 4005 illorum
3160 3951 3418 4007 malitiam
3446 3967 3543 4008 eos

1935 4054 2058 4095 reos
2095 4055 2272 4113 pinnae
2317 4040 2509 4097 fecisse
2549 4058 2563 4095 :
2596 4050 2651 4096 et
2685 4041 2968 4097 confessus
3012 4054 3293 4112 peccatum
3345 4058 3540 4110 suum,

1934 4132 2095 4184 etiam
2123 4132 2265 4185 illam
2292 4146 2322 4186 a
2348 4133 2614 4202 supplicio
2653 4133 2920 4188 liberavit.
2955 4131 3075 4186 Non
3099 4132 3310 4203 adjecit,
3347 4133 3540 4205 inquit,

1934 4230 1987 4273 ut
2008 4230 2328 4291 cognosceret
2356 4238 2486 4285 eam,
2509 4222 2655 4291 quod
2678 4222 2936 4287 declarat,
2960 4237 3135 4293 neque
3160 4223 3391 4295 primum
3416 4237 3540 4281 cum

1933 4327 1996 4367 ea
2036 4328 2152 4369 rem
2184 4313 2491 4369 habiturum
2522 4314 2709 4380 fuisse,
2754 4316 2797 4369 si
2825 4316 3134 4385 agnovisset
3162 4330 3305 4370 eam.
3335 4314 3541 4372 Deinde

1935 4411 2218 4474 postquam
2248 4405 2534 4475 diligenter
2564 4407 2804 4461 narravit
2847 4407 3003 4461 nobis
3040 4407 3223 4462 divina
3264 4406 3539 4477 Scriptura

1932 4493 2306 4563 deceptionem
2356 4512 2516 4565 quam
2562 4496 2763 4551 fecerat
2813 4496 3086 4562 Thamar,
3144 4506 3542 4568 consequenter

1933 4584 2091 4639 docet
2120 4602 2219 4639 nos
2248 4588 2337 4656 qui
2368 4588 2458 4640 filii
2488 4589 2537 4641 ei
2572 4588 2682 4641 sint
2719 4589 2849 4641 nati.
2874 4587 2963 4639 ‘27.
2994 4586 3216 4641 Factum
3242 4599 3316 4643 est
3345 4600 3537 4652 autem,

1932 4672 2123 4742 inquit,
2152 4691 2267 4727 eum
2294 4686 2511 4745 pareret,
2532 4686 2674 4729 erant
2692 4677 2894 4747 gemelli
2920 4679 2972 4729 in
2994 4687 3165 4731 ventre
3187 4679 3299 4747 ejus
3318 4694 3337 4731 :
3353 4677 3443 4733 28.
3473 4676 3538 4733 Et

1930 4782 2045 4818 cum
2072 4776 2288 4835 pareret,
2311 4782 2445 4819 unus
2472 4768 2725 4835 protendit
2757 4784 2963 4820 manuni
2991 4782 3011 4821 .'
3040 4769 3413 4839 apprehensum
3438 4786 3539 4822 (tlt-

1933 4866 2031 4909 tem
2080 4856 2324 4910 obstetrix
2365 4860 2569 4911 coccino
2616 4858 2812 4929 ligavit,
2868 4860 3081 4913 dicens:
3114 4859 3215 4912 Hic
3256 4862 3539 4931 egredietur

1932 4948 2147 5016 primus.
2193 4947 2326 5002 Vide
2368 4949 2473 5013 hic,
2522 4950 2767 5013 obsecro,
2808 4960 3204 5005 sacramentum
3252 4961 3307 5005 et
3338 4954 3536 5021 pracdi-

1932 5042 2163 5095 ctionem
2204 5041 2525 5095 futurorum.
2558 5042 2690 5095 Nam
2735 5052 3016 5111 postquam
3060 5043 3243 5113 ligavit
3271 5044 3533 5100 obstetrix

1932 5148 2147 5186 manum
2202 5133 2444 5197 COtCino,
2500 5133 2572 5187 ita
2622 5144 2700 5197 uti
2732 5136 2985 5203 cognosci
3033 5148 3221 5212 posset.
3265 5136 3529 5201 exiturus,

1934 5235 2057 5279 tunc
2082 5226 2171 5280 29.
2216 5212 2451 5280 [leti-axi;
2482 5244 2709 5289 umnam,
2742 5238 2791 5280 et
2836 5230 2955 5281 exiit
2985 5232 3145 5300 frater
3174 5231 3304 5299 ejus.
3333 5230 3531 5299 Cessit,

1931 5318 2118 5387 inquit,
2152 5318 2320 5383 fratri,
2367 5327 2423 5371 ut
2468 5319 2613 5385 prior
2638 5320 3009 5389 egrederetur,
3040 5331 3096 5375 et
3133 5322 3223 5390 qui
3266 5325 3531 5390 posterior

1932 5408 2231 5475 putabatur,
2279 5409 2425 5476 prior
2470 5409 2619 5473 exiit,
2669 5418 2723 5463 et
2770 5410 2855 5479 qui
2912 5412 3058 5479 prior
3103 5412 3531 5477 existimabatur,

1931 5500 2194 5565 posterior
2220 5513 2467 5567 egressus
2509 5511 2610 5554 est.
2648 5500 2711 5553 Et
2741 5502 2870 5555 dixit
2911 5502 3153 5556 obstetrix
3179 5520 3197 5556 :
3232 5504 3404 5569 Quare
3449 5506 3532 5563 di-

1930 5590 2033 5642 visa
2055 5601 2126 5641 est
2150 5599 2355 5658 prapter
2382 5600 2428 5643 te
2452 5607 2591 5661 sepes
2614 5592 2638 5643 ?
2666 5592 2732 5644 Et
2759 5595 2948 5646 vocavit
2974 5610 3152 5647 nomen
3174 5597 3283 5665 ejus
3307 5593 3503 5649 Phares

1932 5681 2313 5735 Disseetioncm
2345 5682 2488 5736 enim
2528 5691 2582 5737 et
2613 5684 2762 5754 quasi
2804 5686 3143 5753 partitionem
3188 5688 3291 5740 hoc
3326 5702 3523 5740 nomen

1929 5774 2213 5841 signiﬁcat.
2262 5772 2351 5827 50.
2405 5772 2471 5827 Et
2502 5784 2612 5844 post
2661 5775 2793 5829 hunc
2836 5792 3063 5845 egressus
3095 5788 3165 5832 est
3196 5777 3357 5847 frater
3384 5778 3517 5845 ejus,
