4182 6322
601 327 706 391 635

601 446 690 513 qui
715 446 912 514 signum
955 447 1010 499 in
1042 459 1195 497 manu
1228 443 1428 498 dextera
1463 449 1745 513 acceperat,
1788 450 1835 495 et
1862 443 2056 497 vocarit
2089 455 2186 492 no-

608 551 722 593 men
750 537 860 606 ejus
885 533 1044 598 lora,
1074 534 1225 604 quod
1242 535 1621 604 interpretatur
1639 533 1829 589 Oriens
1851 530 1950 606 (τι).

676 625 812 681 Zara
837 626 1004 698 ﬁgura
1025 625 1287 682 Ecclesia.
1317 626 1425 681 Lex
1452 635 1653 698 peccata
1682 625 2008 680 demonstrat.
2031 652 2102 664 ——
2122 622 2192 678 Et

605 717 743 785 quod
771 731 876 771 non
905 725 1104 772 temere
1136 726 1192 771 et
1217 717 1418 786 absque
1443 733 1599 772 causa
1631 717 1748 771 hate
1772 714 1905 770 facta
1936 716 2062 778 sint,
2095 713 2190 768 sed

605 812 772 877 ligura
811 809 1106 862 futurorum
1153 807 1372 873 fuerint,
1415 810 1558 879 resi,
1582 822 1653 862 ste
1683 805 1976 862 declarant.
2007 803 2192 874 Neque

604 901 748 953 enim
795 899 1087 954 secundum
1132 908 1336 954 nature:
1392 898 1634 953 ordinem
1687 898 1790 953 hoc
1834 895 2033 952 factum
2085 904 2189 952 est.

604 993 887 1059 Quomodo
906 994 1047 1046 enim
1077 999 1194 1046 erat
1221 990 1492 1060 possibile,
1525 999 1580 1044 ut
1601 999 1885 1060 postquam
1912 1002 2102 1043 manus
2129 987 2195 1043 li-

608 1097 728 1154 gata
754 1081 850 1137 fuit
877 1084 1118 1147 coccino,
1146 1082 1259 1150 ipsa
1289 1083 1478 1136 iterum
1504 1080 1936 1148 contraheretur,
1962 1090 2017 1135 et
2042 1081 2196 1135 daret

607 1174 887 1242 posteriori
928 1174 1232 1238 transitum,
1261 1172 1363 1227 nisi
1397 1173 1576 1226 divina
1607 1172 1851 1242 quaedam
1884 1175 2051 1227 virtus
2080 1171 2195 1226 haec

609 1263 755 1332 prius
780 1265 1164 1333 dispensasset,
1195 1274 1251 1317 et
1287 1264 1426 1317 sicut
1455 1263 1507 1317 in
1538 1264 1723 1317 umbra
1752 1263 1978 1332 quadam
2009 1262 2193 1330 prrefi-

605 1364 868 1424 gurasset,
899 1354 1040 1423 quod
1067 1355 1244 1408 statim
1272 1354 1339 1406 ah
1370 1354 1518 1407 initio
1541 1353 1694 1419 Zara,
1726 1352 1866 1422 quod
1894 1362 1976 1406 est
2003 1351 2196 1406 Oriens

608 1448 720 1519 (hic
746 1447 889 1502 enim
921 1447 1086 1516 figura
1130 1455 1245 1499 erat
1289 1445 1587 1511 Ecclesize),
1616 1453 1960 1514 prospectare
1989 1444 2150 1511 cmpit
2179 1461 2192 1496 :

609 1554 716 1607 quo
741 1538 1008 1608 paulisper
1046 1537 1389 1606 procedente,
1421 1550 1483 1588 ac
1514 1549 1636 1589 mox
1688 1534 2084 1599 retrocedente,
2118 1534 2195 1587 le-

610 1631 745 1700 galis
779 1630 1080 1684 observatio
1133 1643 1232 1699 per
1266 1629 1467 1683 Phares
1505 1629 1799 1698 significata
1845 1627 2188 1692 subintravit,

609 1738 730 1792 «pia:
777 1732 1055 1791 postquam
1099 1720 1190 1774 diu
1237 1735 1460 1789 regnum
1503 1719 1780 1784 tenuisset,
1830 1733 1896 1773 eo
1937 1718 2025 1788 qui
2053 1717 2199 1788 prius

607 1820 868 1877 cesserat,
919 1810 1053 1864 Zara
1100 1810 1367 1876 videlicet,
1415 1825 1602 1864 rursus
1647 1809 1990 1878 procedente,
2039 1809 2202 1863 cessit

614 1901 867 1956 Ecclesia:
896 1902 1068 1955 omnis
1095 1900 1312 1955 Judaica
1343 1902 1715 1955 consuetudo?
1744 1899 1850 1955 Sed
1895 1901 2032 1954 forte
2059 1914 2202 1953 nunc

606 1992 771 2045 fuerit
802 1992 1160 2046 necessarium
1215 1991 1353 2045 idem
1399 1993 1614 2046 brevius
1653 2001 1707 2046 et
1755 1991 1952 2046 clarius
1997 1990 2198 2045 dicere.

616 2082 870 2152 Fuerunt,
925 2083 1064 2137 sicut
1114 2080 1248 2138 Zara
1295 2083 1384 2151 qui
1437 2098 1650 2136 [nanum
1700 2082 1937 2151 protulit,
1989 2080 2104 2137 Noe
2150 2088 2206 2137 et

613 2172 904 2235 Abraham,
940 2172 1047 2230 imo
1083 2185 1209 2226 ante
1239 2170 1350 2227 Noe
1379 2173 1511 2227 Abel
1552 2182 1608 2226 et
1635 2173 1841 2238 Enoch,
1869 2173 2065 2242 quibus
2090 2187 2206 2226 ma-

614 2280 777 2334 gnum
818 2263 1050 2318 studium
1085 2262 1183 2319 fuit
1233 2273 1290 2319 ut
1332 2266 1604 2334 placerent
1643 2264 1778 2319 Deo.
1809 2263 2010 2319 Deinde
2051 2272 2202 2334 post-

613 2372 775 2425 quam
804 2357 856 2410 in
888 2357 1086 2411 multos
1128 2357 1422 2428 propagati,
1465 2358 1626 2412 multa
1668 2366 2005 2427 peccatorum
2036 2372 2198 2413 onera

613 2448 966 2517 collegerunt,
997 2463 1132 2518 opus
1165 2458 1343 2503 autem
1369 2459 1484 2503 erat
1516 2460 1572 2502 ut
1598 2449 1681 2503 vel
1719 2463 1934 2517 parvam
1973 2448 2202 2519 aliquam

613 2539 1031 2594 consolationem
1074 2539 1336 2595 haberent
1363 2557 1376 2593 :
1404 2539 1526 2594 data
1569 2551 1651 2594 est
1693 2542 1776 2594 lex
1804 2549 1861 2594 ut
1887 2539 2074 2594 umbra
2110 2540 2207 2594 ali-

614 2648 740 2700 qua,
793 2647 898 2686 non
945 2642 1162 2701 peccata
1209 2631 1421 2697 tollens,
1463 2630 1557 2684 sed
1601 2646 1663 2685 ea
1711 2630 2106 2696 demonstrans,
2153 2639 2207 2685 et

616 2724 894 2781 manifesta
920 2725 1000 2778 eis
1024 2722 1244 2788 l'aoiens,
1279 2731 1335 2777 ut
1373 2730 1643 2791 tamquam
1673 2720 1968 2791 imperfecti
1998 2720 2090 2774 filii
2117 2722 2207 2790 qui

617 2815 755 2873 laete
783 2824 1092 2884 pascuntur,
1121 2814 1429 2868 adolescere
1462 2822 1700 2882 possent.
1732 2812 1931 2867 Verum
1963 2812 2084 2882 quia
2112 2827 2208 2866 ne-

615 2920 719 2977 que
745 2904 847 2962 hoc
872 2905 957 2962 his
989 2905 1204 2977 profuit,
1231 2905 1348 2974 sed,
1378 2905 1463 2963 vel
1491 2904 1606 2978 lege
1629 2913 1967 2969 peccatorum
1998 2904 2208 2973 magni-

618 3000 853 3057 tudinem
905 3009 1256 3066 monstrante,
1308 3000 1405 3069 ipsi
1463 3001 1657 3054 iterum
1706 2998 1894 3054 iisdem
1950 2992 2208 3070 inquinati

615 3101 761 3156 sunt,
796 3090 1088 3146 adveniens
1119 3092 1417 3145 communis
1447 3091 1700 3144 Dominus
1724 3098 1928 3157 noster,
1955 3091 2210 3159 spiritua-

622 3187 729 3237 lem
766 3184 906 3239 hanc
945 3190 999 3238 et
1027 3183 1309 3237 virtutibus
1336 3183 1537 3236 claram
1578 3184 1737 3236 vitam
1771 3180 2006 3235 humano
2026 3179 2210 3251 generi

619 3275 840 3346 largitus
866 3284 968 3341 est,
1001 3276 1154 3343 cujus
1185 3276 1404 3343 figuram
1441 3273 1575 3327 Zara
1605 3274 1879 3342 implebat.
1913 3272 1980 3326 Et
2010 3271 2211 3327 idcirco

619 3367 939 3437 evangelista
965 3367 1125 3420 etiam
1166 3365 1409 3418 meminit
1432 3363 1686 3429 Thamar,
1716 3371 1772 3417 et
1800 3378 1985 3416 eorum
2016 3361 2107 3431 qui
2143 3377 2208 3414 ex

620 3459 706 3512 illa
734 3460 843 3512 nati
886 3468 1030 3521 sunt,
1063 3466 1118 3512 et
1141 3456 1308 3510 dicit:
1336 3455 1367 3508 Ι
1376 3457 1501 3509 udas
1540 3465 1706 3509 autent
1730 3454 1902 3525 genuit
1935 3451 2134 3506 Phares
2161 3462 2207 3505 et

558 3591 562 3594 ι
618 3548 807 3606 Iuram
834 3549 896 3602 de
923 3548 1149 3604 Thamar
1167 3547 1379 3618 (Matth.
1414 3549 1465 3600 l.
1494 3546 1570 3617 5).

692 3641 745 3695 5.
785 3639 864 3695 Ne
889 3640 1047 3709 igitur
1072 3650 1270 3694 temere
1296 3648 1677 3709 praetereamus
1707 3651 1770 3692 ea
1793 3651 1911 3707 quae
1933 3635 1987 3690 in
2008 3634 2211 3690 divinis

619 3731 910 3800 Scripturis
933 3741 1056 3786 sunt
1086 3731 1314 3802 prodita,
1345 3745 1518 3800 neque
1543 3744 1607 3783 ea
1634 3745 1754 3800 qua:
1781 3727 2031 3782 dicuntur
2055 3741 2084 3777 a
2120 3741 2213 3779 su-

622 3824 840 3893 perficie
861 3822 1188 3888 salutemus;
1217 3823 1310 3878 sed
1336 3822 1560 3891 ingressi
1583 3821 1648 3875 ad
1672 3823 1843 3890 ipsum
1868 3817 2209 3890 profundum,

621 3930 744 3970 cum
773 3914 986 3968 divitias
1014 3930 1134 3984 qua:
1163 3915 1233 3968 ibi
1265 3915 1430 3968 latent
1454 3912 1822 3974 didicerimus.
1852 3910 2214 3982 glorificamus

624 4006 906 4060 Dominum
936 4015 1197 4069 nostrum,
1225 4005 1314 4074 qui
1340 4020 1462 4058 cum
1491 4013 1634 4058 tanta
1661 4004 1919 4073 sapientia
1941 4001 2217 4071 dispensat

621 4096 820 4150 omnia.
838 4095 971 4151 Nam
994 4097 1037 4150 si
1071 4095 1394 4150 uoluerimus
1417 4106 1650 4150 mentem
1665 4106 1719 4150 et
1740 4111 1956 4152 causam
1972 4098 2211 4150 omnium

623 4204 742 4257 qua:
774 4188 907 4242 facta
951 4197 1077 4240 sunt
1122 4187 1424 4256 exquirere,
1474 4203 1579 4241 non
1617 4187 1791 4241 solum
1833 4186 1970 4243 hanc
2011 4187 2212 4243 conde-

624 4280 945 4346 mnabimus,
966 4279 1105 4348 Quod
1138 4295 1257 4334 cum
1285 4294 1476 4334 socero
1503 4296 1601 4335 suo
1634 4281 2000 4337 concubuerit.
2032 4281 2128 4336 sed
2158 4291 2214 4336 et

622 4374 893 4429 Abraham
943 4372 1420 4442 reprehendemus,
1458 4381 1515 4427 ut
1543 4373 1870 4444 puericidam
1915 4375 2094 4428 animo
2136 4373 2216 4427 fa—

625 4478 789 4532 ctum,
823 4476 876 4521 et
917 4465 1173 4520 Phineem
1202 4476 1259 4519 ut
1289 4467 1487 4535 gemini
1532 4465 1692 4520 simul
1734 4465 2004 4520 homicidii
2038 4481 2211 4520 reum.

626 4559 718 4612 Sin
750 4568 925 4615 autem
958 4561 1373 4628 uniuscujusque
1399 4574 1617 4613 causam
1645 4559 1928 4627 diligenter
1955 4558 2211 4613 didicerio

627 4665 767 4712 ntus,
811 4661 865 4703 et
895 4650 1014 4704 illos
1039 4665 1070 4704 a
1100 4652 1322 4703 crimine
1361 4650 1726 4711 liberabimus.
1752 4662 1806 4705 ct
1846 4665 1944 4705 nos
1991 4650 2214 4703 multam

626 4745 750 4796 inde
787 4742 1067 4798 utilitatem
1118 4744 1490 4813 percipiemus.
1532 4744 1793 4797 Craterum
1843 4758 1944 4797 nos
1977 4759 2096 4812 qua:
2148 4743 2214 4796 ad

624 4834 902 4887 historiam
928 4837 1063 4887 hanc
1088 4835 1336 4899 attinent,
1367 4850 1464 4903 pro
1493 4835 1626 4890 virili
1659 4843 1837 4889 nostra
1868 4835 2216 4904 pertractavi-

625 4943 742 4978 ntus
769 4925 974 4980 caritati
1007 4936 1215 4979 vestrm.

698 5014 977 5069 Historiam
999 5015 1213 5085 Iosephi
1243 5033 1452 5072 narrare
1486 5019 1680 5090 pergit;
1706 5019 1870 5090 ipsum
1895 5021 2063 5091 gratia
2088 5036 2208 5075 con-

625 5109 766 5161 tinuo
793 5109 1028 5178 adjutum
1059 5111 1292 5163 ostendit.
1317 5140 1388 5151 -—
1412 5112 1563 5178 Quod
1591 5113 1632 5165 si
1677 5128 1780 5167 non
1816 5113 2131 5182 fatigamini,
2160 5125 2215 5170 et

628 5202 925 5266 volueritis,
957 5203 1115 5258 etiam
1144 5205 1420 5272 sequentia
1467 5207 1808 5273 attingemus,
1839 5216 1893 5260 et
1920 5207 2112 5260 iterum
2145 5207 2210 5261 ad

627 5294 985 5348 narrationem
1014 5293 1342 5348 admirabilis
1364 5294 1581 5362 Josephi
1623 5297 1915 5361 veniemus,
1952 5307 2006 5350 ut
2050 5296 2217 5351 disca.

627 5397 694 5440 tis
723 5401 784 5438 ex
822 5401 884 5438 ns
910 5402 1027 5456 qua:
1059 5386 1216 5440 hodie
1254 5388 1391 5442 dicta
1439 5401 1581 5451 sunt,
1629 5403 1746 5458 qua:
1783 5405 2078 5459 generosus
2125 5390 2214 5443 ille

625 5476 843 5556 athleta,
879 5489 998 5546 post
1038 5481 1242 5533 somnia
1275 5480 1362 5534 illa
1397 5496 1616 5550 regnum
1650 5492 1701 5536 et
1736 5484 2086 5554 principatum
2109 5484 2213 5539 l‘ra-

629 5580 766 5633 trum
795 5572 895 5624 sibi
930 5573 1312 5640 promittentia,
1347 5575 1679 5642 sustinuerit,
1712 5588 1765 5630 et
1790 5578 2058 5646 quomodo
2086 5596 2206 5634 cer-

691 5745 764 5818 (a)
796 5748 895 5796 ναι
922 5751 1151 5801 tlebraica
1178 5761 1253 5803 cst
1274 5759 1388 5821 m1,
1413 5755 1499 5804 sed
1526 5754 1807 5813 fcquentius
1843 5764 2003 5817 mm.

1342 328 1396 384 S.
1437 325 1712 384 JOANNIS
1746 323 2222 382 ειιιιιεοςτοιιι
2271 323 2584 380 Διιοιιιειι.
2609 322 3144 381 CONSTANTlNOP.

3779 320 3896 377 ΒΜ

2301 437 2588 493 tatninibus
2613 438 2948 496 certamina.
2989 437 3374 493 tentationibus
3412 437 3734 492 tentationes
3776 449 3908 488 suc-

2298 528 2586 594 cesserint;
2616 530 2684 583 ita
2714 539 2770 583 ut
2799 527 3262 584 increbrescerent
3288 525 3562 596 naufragia
3582 567 3599 592 ,
3631 541 3730 580 nec
3764 526 3908 581 sub-

2301 630 2635 691 mcrgeretur
2673 621 3002 691 gubernator
3027 637 3041 673 :
3065 630 3120 674 et
3164 635 3288 673 cum
3335 615 3562 673 validior
3602 616 3913 686 insurng

2301 720 2611 780 tempestas,
2630 712 2782 780 quasi
2807 711 2873 765 ad
2903 710 3262 782 gubernacula
3290 710 3506 776 sedens,
3535 709 3711 764 navim
3747 723 3910 777 regi-.-

2299 810 2399 857 ret.
2429 801 2469 856 E
2501 817 2558 856 re
2580 812 2757 856 autem
2790 803 3122 857 l'ueritverba
3146 803 3256 872 ipsa
3282 802 3501 866 audire,
3531 811 3588 855 ut
3612 799 3912 870 diligenter

2301 892 2478 946 omnia
2508 892 2716 947 discere
2743 894 3029 962 possimus.
3064 894 3115 948 l.
3139 891 3337 964 Ioseph
3360 901 3530 946 autem
3555 891 3801 944 deductus
3828 897 3912 943 est

2273 984 2352 1038 ‘in
2379 982 2689 1055 Egyptum,
2731 994 2778 1040 et
2815 987 2934 1039 emit
2974 1001 3090 1039 eum
3116 985 3488 1058 archimagirus
3522 983 3812 1039 Pharaonis
3839 983 3915 1035 de

2301 1091 2456 1127 manu
2489 1073 2868 1128 lsmaelitarum
2899 1074 3085 1146 (Caput
3114 1075 3231 1145 39).
3278 1075 3483 1131 Deinde
3519 1084 3798 1145 postquam
3828 1071 3910 1126 illi

2301 1167 2540 1221 moribus
2577 1167 2809 1230 barbari,
2837 1167 2927 1237 qui
2956 1183 2985 1220 a
3009 1167 3264 1222 fratribus
3285 1182 3406 1221 eum
3444 1173 3706 1229 ema'ant,
3737 1163 3912 1234 Egy-

2307 1260 2415 1328 ptio
2441 1259 2802 1330 archimagiro
2847 1260 3162 1327 Pharaonis,
3194 1261 3567 1326 vendiderunt,
3595 1261 3775 1313 varios
3801 1258 3909 1311 do-

2305 1349 2478 1403 minos
2507 1352 2727 1404 sortitus
2748 1360 2830 1404 est
2861 1350 2974 1417 ille,
3006 1351 3095 1422 qui
3127 1352 3266 1406 inter
3288 1351 3441 1406 ulnas
3462 1352 3626 1421 patris
3649 1349 3914 1404 educatus

2307 1441 2479 1496 fuerat
2501 1459 2513 1494 :
2540 1452 2594 1496 ut
2621 1458 2689 1497 ne
2707 1441 3032 1498 admiremur
3047 1442 3316 1512 quomodo
3333 1443 3512 1498 tulerit
3528 1456 3744 1512 gravem
3764 1440 3911 1494 illam

2304 1535 2612 1591 servitutem
2630 1535 2942 1590 adolescens
2958 1577 2972 1601 ,
2990 1544 3044 1590 et
3058 1535 3278 1589 omnino
3297 1535 3444 1589 dura:
3463 1533 3766 1604 hujusmodi
3787 1532 3913 1583 vitae

2305 1626 2633 1696 inexpertus,
2666 1624 2918 1695 domique
2937 1640 3125 1696 magna
3145 1625 3310 1695 patris
3327 1625 3697 1680 benevolentia
3714 1624 3917 1678 enutri-

2309 1725 2393 1771 tus
2413 1733 2425 1770 :
2448 1715 2682 1770 subdidit
2698 1716 2972 1786 Scriptura
2991 1716 3176 1771 dicens
3193 1736 3206 1772 :
3222 1717 3278 1771 2.
3306 1716 3368 1769 Et
3393 1727 3501 1771 erat
3520 1716 3777 1770 Dominus
3794 1732 3911 1768 cum

2304 1807 2519 1879 Ioseph,
2534 1819 2578 1862 et
2591 1817 2697 1863 erat
2717 1809 2792 1862 vir
2809 1824 3076 1877 assequens
3109 1806 3206 1881 (a).
3229 1808 3364 1877 Quid
3383 1818 3487 1874 est,
3512 1807 3638 1861 Erat
3662 1807 3916 1861 Dominus

2309 1917 2423 1953 cum
2436 1899 2630 1969 Ioseph
2647 1899 3050 1954 .’Comitabatur
3068 1915 3213 1965 eum,
3233 1900 3423 1969 inquit,
3448 1899 3626 1954 divina
3643 1899 3836 1968 gratia,
3862 1905 3919 1952 e'.

2309 1992 2562 2046 reddebat
2579 1993 2626 2046 ei
2649 1991 2817 2045 facilia
2837 1992 3013 2047 omnia
3033 2008 3152 2061 qua:
3163 1993 3343 2062 gravia
3363 2003 3532 2046 erant.
3558 1991 3679 2044 ":et:
3697 1991 3918 2058 dispen-

2307 2085 2459 2140 sabat
2501 2099 2686 2140 omnes
2704 2085 2818 2154 ejus
2838 2099 2944 2150 res,
2965 2083 3080 2138 haec
3093 2085 3485 2139 mansuetiores
3503 2084 3552 2138 ei
3568 2082 3802 2137 reddidit
3817 2098 3920 2136 ne-

2309 2177 2620 2246 gutiatores,
2645 2187 2699 2230 et
2722 2175 2956 2232 vendere
2972 2176 3330 2246 archimagiro
3350 2176 3544 2246 coegit,
3575 2185 3636 2230 ut
3659 2174 3916 2245 paulatim

2310 2267 2410 2322 hac
2437 2269 2520 2320 via
2551 2267 2870 2338 procedens,
2894 2278 2948 2322 et
2973 2283 3070 2337 per
3100 2269 3423 2322 tentationes
3444 2268 3561 2321 illas
3580 2267 3805 2332 vadens,
3840 2266 3908 2321 ad

2309 2361 2515 2431 regium
2547 2361 2739 2415 solium
2779 2361 3070 2416 ascendere
3101 2362 3320 2415 valeret.
3354 2359 3552 2415 Verum
3584 2370 3661 2425 tu,
3691 2359 3915 2420 dilecte,

2310 2452 2535 2506 audiens
2564 2467 2687 2507 eum
2729 2452 3048 2506 sustinuisse
3089 2451 3400 2506 servitutem
3445 2449 3586 2520 apud
3615 2450 3922 2520 negotiato-

2317 2558 2424 2608 res,
2473 2542 2668 2598 deinde
2721 2544 3011 2598 servivisse
3054 2542 3196 2613 apud
3249 2541 3685 2612 archimagirum,
3737 2541 3923 2611 cogita

2311 2635 2580 2703 quomodo
2609 2650 2715 2690 non
2746 2636 2991 2690 turbatus
3028 2637 3118 2701 sit,
3166 2645 3339 2704 neque
3376 2633 3707 2704 cogitaverit,
3740 2648 3923 2703 neque

2312 2725 2636 2782 haesitaverit
2677 2726 2862 2780 secum
2901 2725 3126 2780 dicens:
3156 2726 3286 2794 Quae
3325 2726 3656 2779 somniorum
3699 2725 3921 2779 illorum

2311 2817 2577 2888 deceptio,
2633 2833 2752 2887 qua:
2803 2827 3003 2871 tantam
3047 2817 3270 2888 gloriam
3323 2817 3718 2890 pollieebalnri
3776 2817 3926 2879 Ecce

2312 2908 2455 2963 enim
2487 2919 2608 2979 post
2635 2909 2842 2964 somnia
2879 2909 2966 2966 illa
2992 2909 3244 2981 servitus,
3277 2923 3331 2970 et
3355 2915 3589 2971 servitus
3609 2916 3812 2986 gravis.
3850 2931 3922 2970 ac

2311 2998 2517 3060 domini
2570 3003 2837 3060 vatiizab
2883 3005 2984 3060 hoc
3026 3015 3239 3061 transeo
3283 3005 3351 3060 ad
3389 3005 3572 3071 illum;
3617 3006 3684 3061 ab
3728 3005 3821 3061 illo
3850 3006 3926 3062 ad

2315 3097 2479 3151 alium
2523 3104 2626 3151 :et
2667 3110 2832 3166 cogor
2883 3096 3236 3151 barbarorum
3289 3111 3606 3151 assuescere
3656 3097 3926 3152 moribus.

2314 3188 2584 3260 Numquid
2612 3188 2854 3248 derelieti
2885 3203 3070 3243 sumus
3086 3188 3116 3250 ἲ,
3133 3185 3390 3258 numquid
3410 3188 3704 3258 contempti
3732 3203 3931 3243 sanius

2316 3297 2345 3334 a
2377 3295 2612 3351 superno
2635 3281 2886 3351 praesidio
2908 3281 2932 3334 ἲ
2958 3279 3099 3334 Nihil
3127 3280 3236 3335 tale
3263 3280 3345 3333 vel
3371 3279 3507 3333 dixit
3535 3280 3621 3334 vel
3646 3279 3928 3351 cogitavit,
3948 3269 3976 3282 ’

2315 3371 2409 3427 sed
2433 3350 2550 3425 tulit
2577 3350 2756 3425 omnia
2779 3381 3056 3426 mansuete
3079 3380 3134 3425 et
3160 3369 3390 3425 fortiter.
3419 3367 3549 3422 Erat
3575 3350 3718 3425 enim
3742 3367 3933 3422 Domi-

2315 3478 2411 3516 nus
2439 3478 2554 3515 cum
2574 3459 2789 3532 Ioseph,
2821 3473 2868 3516 et
2894 3471 3000 3514 erat
3029 3461 3107 3514 uir
3130 3476 3420 3528 assequens.
3453 3459 3592 3530 Quid
3619 3469 3723 3526 est,
3769 3461 3930 3515 Asse-

2316 3557 2515 3625 quens?
2539 3553 2728 3610 Omnia
2755 3556 2803 3608 ei
2835 3569 3092 3624 prospere
3129 3553 3513 3618 succedebant,
3555 3553 3752 3622 ubique
3780 3568 3929 3622 pra:-

2317 3647 2542 3702 ccdebat
2580 3661 2702 3701 eum
2746 3660 2978 3716 superna
3024 3643 3379 3714 providentia,
3423 3651 3480 3698 et
3523 3642 3595 3697 ita
3634 3642 3925 3698 manifesta

2318 3748 2434 3794 erat
2460 3739 2652 3810 gratia,
2685 3753 2806 3808 qua:
2827 3737 3052 3792 ﬂorebat
3071 3752 3235 3808 super
3261 3752 3407 3804 eum,
3432 3737 3673 3790 utetiam
3697 3735 3930 3790 domino

2319 3831 2435 3900 ejus
2481 3830 2838 3901 archimagiro
2869 3829 3210 3885 manifestum
3259 3829 3363 3884 hoc
3403 3829 3578 3884 fleret.
3625 3829 3680 3884 δ.
3714 3826 3931 3884 Seietat

2320 3922 2471 3986 enim,
2498 3922 2685 3992 inquit,
2709 3921 2943 3975 dominus
2965 3923 3093 3990 ejus,
3116 3921 3253 3990 quod
3281 3919 3532 3974 Dominus
3551 3930 3677 3972 esset
3702 3935 3818 3973 cum
3837 3936 3926 3987 eo,

2319 4024 2364 4068 et
2393 4015 2563 4068 omnia
2591 4029 2919 4084 quiscumque
2953 4013 3188 4084 faciebat,
3231 4011 3486 4066 Dominus
3512 4026 3757 4082 prospera
3800 4013 3929 4066 red-

2319 4108 2466 4161 debat
2511 4109 2564 4161 in
2597 4109 2829 4162 manibus
2871 4109 3005 4178 ejus.
3048 4109 3104 4162 4.
3144 4105 3346 4160 Invenit
3374 4113 3544 4159 autem
3570 4102 3767 4174 Ioseph
3796 4123 3928 4176 gra-

2317 4199 2440 4251 tiam
2467 4211 2640 4253 tarum
2669 4197 2874 4252 domino
2889 4215 3002 4263 suo,
3033 4207 3079 4252 et
3104 4197 3363 4252 constituit
3392 4212 3507 4251 eum
3531 4211 3685 4266 super
3712 4195 3930 4249 domum

2317 4305 2484 4354 suam,
2529 4298 2576 4342 et
2621 4289 2793 4343 omnia
2833 4304 3162 4358 quacumque
3204 4287 3440 4352 habebat,
3479 4287 3619 4340 dedit
3647 4287 3701 4340 in
3741 4302 3930 4340 manus

2317 4378 2534 4448 Joseph.
2568 4379 2758 4435 Vidisti
2792 4362 3150 4450 quantum.sit
3185 4393 3417 4449 superna
3445 4392 3604 4436 manu
3635 4377 3929 4447 adjuvari?

2321 4469 2460 4525 Ecce
2484 4471 2628 4525 enim
2661 4471 2915 4538 etjuveni
2941 4481 2996 4524 et
3022 4469 3303 4539 peregrino
3326 4477 3381 4523 et
3409 4467 3622 4537 captivo
3657 4481 3930 4536 servoque

2318 4577 2347 4615 a
2376 4563 2592 4616 domino
2614 4571 2720 4618 tota
2743 4562 2932 4616 domus
2955 4561 3192 4616 creditur
3220 4577 3233 4613 :
3265 4559 3334 4613 Et
3359 4559 3659 4631 omniaque
3681 4559 3924 4624 habebat,

2320 4655 2455 4708 dedit
2483 4656 2535 4707 in
2562 4671 2740 4708 manus
2771 4657 2899 4723 ejus.
2927 4653 3143 4720 Quare?
3167 4653 3300 4721 Quia
3342 4667 3468 4706 cum
3496 4664 3736 4720 superno
3765 4652 3925 4704 auxi-

2322 4745 2392 4798 lio
2411 4755 2462 4799 et
2493 4759 2618 4799 suos
2644 4745 2822 4799 attulit
2848 4759 3047 4799 mores.
3072 4743 3260 4797 Gratus
3281 4744 3428 4798 enim
3448 4743 3494 4795 ei
3516 4751 3664 4806 erat;
3691 4740 3795 4794 hoc
3813 4749 3924 4806 est,

2321 4851 2442 4888 cum
2473 4849 2661 4905 magna
2681 4836 2850 4904 gratia
2881 4833 3106 4888 faciebat
3126 4835 3326 4888 omnia.
3356 4830 3558 4886 Deinde
3580 4831 3769 4887 volens
3795 4846 3927 4889 eum

2323 4925 2582 4995 benignus
2625 4925 2766 4980 Deus
2795 4925 2848 4978 in
2879 4925 3070 4994 majori
3108 4924 3394 4980 securitate
3430 4923 3780 4986 constituere,
3811 4937 3927 4978 non

2322 5015 2565 5070 liberavit
2602 5031 2632 5069 a
2682 5018 2960 5081 servitute,
2997 5031 3171 5085 neque
3199 5015 3503 5070 libertatem
3539 5014 3590 5070 ei
3619 5012 3787 5068 dedit.
3824 5013 3928 5068 Hie

2321 5109 2462 5162 enim
2510 5123 2624 5161 mos
2670 5119 2751 5163 est
2781 5108 2911 5170 Deo,
2939 5117 2995 5161 ut
3038 5123 3144 5161 non
3194 5108 3388 5162 liberet
3424 5122 3454 5159 a
3494 5106 3744 5175 periculis
3775 5105 3928 5160 viros

2321 5200 2514 5253 virtute
2543 5199 2746 5262 claros,
2781 5214 2954 5267 neque
2993 5214 3024 5252 e
3054 5197 3440 5253 tentationibus
3469 5197 3668 5250 eximat
3697 5212 3710 5253 :
3742 5194 3834 5249 sed
3869 5196 3927 5252 in

2323 5291 2448 5360 ipsis
2476 5291 2859 5346 tcntationibus
2903 5300 3106 5344 tantum
3149 5305 3304 5344 suum
3347 5287 3596 5344 ostendat
3635 5288 3924 5353 auriliuin,

2323 5390 2380 5435 ut
2408 5383 2722 5436 tentationes
2754 5382 2880 5450 ipsze
2921 5383 2999 5435 eis
3033 5384 3159 5435 fiant
3188 5381 3403 5435 occasio
3435 5379 3753 5434 festivitatis.
3787 5378 3926 5432 Pro-

2324 5483 2438 5540 pter
2470 5472 2572 5526 hoc
2601 5483 2655 5526 et
2689 5473 2873 5525 beatus
2908 5472 3071 5526 David
3102 5472 3316 5527 dicebat
3345 5490 3358 5524 :
3390 5471 3458 5525 In
3485 5470 3812 5525 tribulatione
3841 5470 3929 5521 di-

2322 5566 2495 5620 lutas-ti
2537 5581 2613 5618 me
2655 5563 2822 5634 (Psat.
2856 5564 2908 5618 ι.
2951 5563 3029 5634 2).
3083 5562 3199 5618 Non
3251 5562 3673 5627 tribulationem,
3726 5561 3924 5630 inquit,

2387 5699 2460 5759 (τι)
2489 5699 2722 5747 ttebraice
2739 5675 2914 5750 ruﬁs:
2972 5703 3103 5757 sua,
3132 5696 3204 5746 vir
3227 5708 3454 5758 prospere
3477 5707 3639 5759 agens,
3656 5707 3751 5760 quo
3770 5694 3922 5744 etiam

2328 5783 2475 5819 sensu
2500 5768 2656 5817 locum
2683 5768 2890 5830 explicat
2908 5768 3272 5830 LhtysOstonius
3297 5768 3432 5816 intra.
