4182 6322
230 509 496 578 ἐξῆλθεν
523 507 559 561 ό
595 501 861 572 ἁδελφὸς
888 498 1074 556 αὐτοῦ
1108 501 1141 553 ό
1173 496 1240 550 τὸ
1279 492 1676 578 σημεῖον-ἐπὶ
1717 487 1825 578 τῆς

232 573 431 660 χειρὸς
484 588 600 654 τῆς
653 583 857 650 δεξιᾶς
904 580 1260 651 δεξάμενος,
1307 579 1407 634 καὶ
1453 575 1712 630 ἐκάλεσε
1760 573 1827 625 τὸ

232 673 423 742 ὄνομα
455 669 644 726 αὐτοῦ
683 665 864 737 Ζαρᾶ,
889 666 918 721 6
942 664 1306 739 ἑρμηνεύεται
1334 660 1589 731 ἀνατολή.

296 832 412 887 K01
442 831 524 885 ὅτι
561 830 660 900 οὐχ
691 828 880 893 ἀπλῶς
916 827 1092 883 ταῦτα
1128 826 1443 898 γεγένηται,
1488 823 1626 878 ἀλλά
1656 820 1822 883 τύπος

220 909 292 987 ἦν
318 916 430 969 τῶν
461 913 766 984 μελλόντων
791 912 1032 974 ἔσεσθαι,
1060 911 1203 966 αὐτά
1224 911 1374 983 δηλοῖ
1401 909 1469 963 τά
1498 909 1821 978 πράγματα.

224 997 364 1051 οὐδὲ
405 997 516 1065 γάρ
547 995 689 1049 κατά
722 995 937 1064 φύσεως
984 993 1308 1049 ἀκολουθίαν
1355 989 1422 1064 ἦν
1469 991 1530 1045 :6
1579 989 1822 1059 γεγονός.

225 1078 354 1142 Πῶς
383 1077 496 1149 γὰρ
531 1073 601 1149 ἦν
633 1077 878 1138 δυνατὸν,
918 1077 1058 1147 μετά
1083 1077 1144 1130 :6
1172 1076 1390 1147 δεθῆναι
1424 1075 1524 1145 τὴν
1554 1069 1714 1144 χεῖρα
1744 1070 1824 1141 τῷ

223 1161 489 1231 κοκκίνῳ,
527 1159 689 1213 πάλιν
721 1159 1075 1229 συσταλῆναι,
1117 1160 1211 1213 καὶ
1244 1159 1428 1213 δοῦναι
1468 1155 1701 1227 πάροδον
1745 1150 1824 1223 τῷ

225 1242 369 1312 μετά
421 1242 627 1306 ταῦτα,
670 1244 720 1295 εἰ
758 1241 833 1312 μὴ
885 1241 1005 1295 θεία
1054 1259 1139 1304 τις
1185 1238 1254 1313 ἦν
1305 1240 1534 1309 δύναμις
1580 1240 1614 1308 ή
1652 1236 1826 1290 ταῦτα

221 1325 717 1396 προοικονομοῦσα,
751 1325 846 1378 καὶ
875 1323 1126 1395 καθάπερ
1154 1325 1213 1377 ἐν
1246 1325 1376 1395 σκιᾷ
1399 1340 1505 1376 τινι
1538 1318 1824 1392 προδιετυ-

222 1407 417 1470 ποῦτο,
446 1409 528 1461 ὃτι
560 1407 620 1471 ἐξ
647 1408 826 1479 ἀρχῆς
860 1407 955 1462 καὶ
984 1409 1050 1460 ἐκ
1089 1407 1394 1478 προοιμίων
1430 1407 1459 1458 6
1487 1405 1660 1474 Ζαρᾶ,
1690 1403 1824 1473 ὅπερ

221 1490 374 1543 ἐστὶν
403 1491 636 1561 ἀνατολὴ
661 1503 684 1530 ι
719 1481 898 1558 (οὗτος
929 1490 1039 1560 γάρ
1067 1490 1096 1542 6
1121 1489 1292 1553 τύπος
1319 1488 1418 1558 τῆς
1448 1486 1820 1555 Ἐκκλησίας),

220 1571 431 1643 ήρξατο
478 1572 836 1643 προκύπτειν,
871 1572 966 1627 καὶ
1007 1572 1204 1646 μικρὸν
1255 1570 1612 1642 προελθόντος
1656 1564 1823 1622 αὑτοῦ

220 1657 316 1710 καὶ
372 1657 857 1728 ὑποχωρήσαντος,
901 1657 934 1727 ή
983 1655 1184 1727 νομικὴ
1220 1656 1603 1725 παρατήρησις
1648 1654 1681 1723 ή
1737 1649 1826 1703 διὰ

217 1737 314 1791 τοῦ
346 1739 525 1806 Φαρὲς
573 1738 888 1809 μηνυομένη
928 1737 1240 1808 ἐπεισῆλθε.
1276 1738 1371 1790 καὶ
1418 1735 1596 1807 χρόνῳ
1646 1731 1826 1805 πολλῷ

220 1821 524 1889 κρατοῦσα,
547 1820 709 1876 πάλιν
734 1821 827 1874 τοῦ
867 1821 1132 1894 πρότερον
1162 1819 1313 1894 [594]
1340 1819 1821 1891 ὑποχωρήσαντος.

217 1903 312 1956 τοῦ
352 1905 509 1974 Ζαρᾶ
551 1904 716 1971 λέγω,
748 1902 1128 1974 προελθόντος,
1155 1901 1522 1972 παρεχώρησε
1566 1898 1727 1953 πάλιν
1755 1898 1823 1967 τῇ

219 1984 524 2055 Ἐκκλησία
545 1986 693 2038 πᾶσα
714 1987 748 2055 ή
780 1984 1048 2056 Ἰουδαῖκὴ
1070 1984 1316 2038 πολιτεία
1336 2001 1350 2050 ;
1383 1983 1543 2036 Ἀλλά
1563 1983 1705 2051 τάχα
1726 1979 1826 2035 νῦν

216 2069 522 2134 ἀναγκαῖον
554 2066 965 2138 συντομώτερον
996 2067 1160 2122 πάλιν
1198 2067 1332 2120 αὐτὸ
1367 2068 1461 2120 καὶ
1487 2065 1824 2135 σαφέστερον

215 2151 417 2204 εἰπεῖν.
443 2147 741 2222 Ἤρξαντο,
794 2150 1054 2222 καθάπερ
1096 2153 1124 2204 ὁ
1163 2151 1318 2221 Ζαρᾱ.
1351 2150 1451 2218 τὴν
1485 2151 1642 2219 χεῖρα
1685 2163 1825 2218 προ-

213 2232 538 2302 εξήνεγκεν,
561 2238 591 2287 6
616 2233 738 2286 Νῶε
774 2235 867 2286 καὶ
895 2235 923 2285 6
955 2233 1229 2304 Ἁϐραάμ,
1275 2233 1478 2303 μᾶλλον
1504 2231 1560 2284 δὲ
1593 2231 1700 2302 πρὸ
1726 2229 1823 2284 τοῦ

213 2315 340 2369 Νῶε
370 2318 401 2369 6
431 2316 599 2370 Ἅϐελ
631 2318 726 2371 καὶ
753 2317 782 2368 6
823 2315 994 2386 Ἑνὼχ
1038 2317 1137 2385 τῆς
1175 2315 1313 2386 πρὸς
1349 2316 1442 2369 τὸν
1475 2314 1607 2368 Θεὸν
1639 2315 1828 2387 εὐαρε-

215 2399 465 2469 στήσεως
539 2399 708 2453 πολὺν
761 2399 1036 2453 ποιεῖσθαι
1089 2397 1270 2466 λόγον.
1325 2393 1461 2450 Εἶτα
1510 2397 1698 2466 ἐπειδὴ
1744 2397 1824 2459 είς

214 2482 429 2552 πλῆθος
469 2482 795 2547 ἐκταθέντες
823 2481 996 2535 πολλά
1027 2482 1224 2553 φορτία
1251 2479 1670 2552 ἁμαρτημάτων
1704 2495 1826 2531 συν-

213 2564 492 2631 ελέξαντο.
541 2565 647 2619 ἔδει
679 2566 734 2619 δὲ
784 2567 990 2636 μικρᾶς
1038 2581 1186 2629 τινος
1227 2564 1425 2626 αὐτοὺς
1474 2560 1826 2634 παραμυθίας

212 2649 536 2713 ἀπολαύειν,
561 2649 637 2713 ὡς
661 2649 792 2704 σκιά
816 2666 902 2712 τις
935 2650 964 2701 6
988 2649 1152 2718 νόμος
1192 2647 1370 2718 ἐδόθη,
1398 2647 1496 2716 οὐχ
1523 2647 1605 2699 ὅτι
1647 2646 1826 2717 ἁμαρ-

211 2731 436 2800 τήματα
464 2731 729 2803 ἀναιρῶν,
758 2730 894 2785 ἀλλά
927 2729 1102 2784 ταῦτα
1127 2731 1452 2792 ἀποδεικνὺς
1485 2730 1578 2782 καὶ
1613 2728 1826 2799 φανερά

213 2814 402 2878 αὐτοῖς
457 2813 845 2885 ἐργαζόμενος,
876 2814 964 2867 ἵνα
1020 2812 1272 2885 καθάπερ
1303 2812 1374 2866 τά
1422 2812 1584 2882 ἀτελῆ
1637 2803 1825 2865 παιδία

211 2898 452 2966 γάλακτι
484 2898 796 2969 τρεφόμενα
835 2899 916 2960 εἰς
958 2898 1146 2968 ἀκμὴν
1194 2898 1413 2968 ἡλικίας
1446 2897 1621 2950 ἐλθεῖν
1659 2895 1824 2965 δυνη-

214 2980 407 3035 θῶσιν.
444 2980 586 3034 Ἀλλ’
617 2979 808 3051 ἐπειδὴ
839 2979 963 3032 οὐδὲ
1009 2978 1183 3043 οὕτως
1220 2979 1507 3034 άπὼναντό
1534 2995 1622 3044 τι,
1663 2978 1822 3043 ἀλλὰ,

215 3065 395 3120 καίτοι
435 3064 879 3127 ὑποδεικνύοντος
912 3062 1008 3117 τοῦ
1055 3063 1221 3134 νόμου
1261 3062 1370 3116 τῶν
1403 3062 1823 3133 ἁμαρτημάτων

214 3151 280 3204 :6
322 3147 579 3219 μέγεθος,
608 3141 755 3200 οὗτοι
805 3146 969 3199 πάλιν
1012 3145 1223 3208 τούτοις
1254 3144 1609 3216 ἀνεφύροντο,
1647 3161 1822 3214 παρα-

215 3231 512 3300 γενόμενος
544 3232 572 3284 6
605 3228 783 3293 κοινὸς
823 3229 1103 3300 Δεσπότης
1133 3227 1232 3299 τὴν
1269 3226 1646 3298 πνευματικὴν
1687 3226 1821 3279 ταύ-

211 3329 312 3385 την
347 3314 443 3366 καὶ
491 3313 749 3384 ἐνάρετον
783 3311 1060 3366 πολιτείαν
1091 3309 1172 3380 τῷ
1214 3310 1321 3363 τῶν
1353 3308 1660 3380 ἀνθρώπων
1691 3311 1818 3380 ἐχα-

215 3395 411 3464 ρίσατο
449 3394 618 3463 γένει,
644 3389 716 3467 ἦς
747 3393 919 3447 τύπον
961 3395 989 3445 6
1019 3394 1175 3464 Ζαρᾶ
1223 3392 1485 3463 ἐπλήρου.
1516 3393 1616 3446 Διά
1663 3391 1820 3444 τοῦτο

216 3479 311 3531 x01
349 3478 379 3531 6
425 3476 820 3548 εύαγγελιστὴς
858 3477 1133 3548 μέμνηται
1180 3477 1273 3529 καὶ
1320 3478 1422 3546 τῆς
1473 3474 1675 3546 Θάμαρ
1727 3478 1821 3528 καί

215 3559 325 3613 τῶν
373 3561 432 3626 ἐξ
483 3563 653 3631 αὐτῆς
705 3559 1032 3631 τεχθέντων,
1088 3559 1184 3612 καί
1237 3575 1437 3630 φησιν’
1484 3559 1706 3624 Ἰούδας
1752 3557 1822 3610 δέ

214 3644 512 3715 ἐγέννησε
541 3645 648 3698 τὸν
676 3643 869 3712 Φαρές
895 3644 994 3698 καὶ
1025 3642 1134 3698 τὸν
1163 3640 1325 3710 Ζαρᾶ
1353 3643 1423 3696 ἐκ
1454 3639 1566 3710 τῆς
1595 3639 1817 3710 Θάμαρ.

288 3805 358 3875 γ’.
376 3804 472 3877 Μὴ
486 3806 667 3860 τοίνυν
687 3806 877 3870 ἁπλῶς
898 3806 1334 3879 παρατρέχωμεν
1351 3807 1418 3860 τὰ
1433 3807 1491 3860 ἐν
1505 3807 1629 3870 ταῖς
1647 3807 1823 3872 θείαις

215 3888 463 3960 Γραφαῖς
509 3889 774 3960 κείμενα,
818 3889 955 3961 μηδὲ
998 3887 1327 3960 ἐξεπιπολῆς
1354 3892 1469 3952 τοῖς
1500 3888 1819 3959 λεγομένοις

219 3971 600 4043 προσέχωμεν,
627 3972 743 4026 ἀλλ’
769 3975 850 4036 εἰς
875 3971 937 4025 :6
967 3971 1129 4042 βάθος
1155 3972 1385 4034 ἑαυτοὺς
1412 3971 1694 4035 καθέντες,
1727 3973 1823 4026 καὶ

214 4055 308 4108 τὸν
339 4055 766 4125 ἐναποκείμενον
791 4054 1025 4108 πλοῦτον
1046 4054 1480 4127 καταμαθόντες,
1502 4053 1819 4124 δοξάζωμεν

215 4140 308 4193 τὸν
358 4139 625 4210 ήμέτερον
652 4139 957 4210 Δεσπότην,
995 4138 1087 4192 τὸν
1127 4138 1267 4208 μετά
1313 4136 1581 4208 τοσαύτης
1628 4137 1820 4207 σοφίας

216 4224 437 4277 ᾶπαντα
465 4222 875 4294 οἰκονομοῦντα.
905 4222 968 4275 Εἰ
999 4222 1108 4292 γάρ
1142 4221 1218 4292 μή
1245 4221 1336 4274 τὸν
1364 4220 1567 4274 σκοπὸν
1599 4222 1692 4274 καί
1721 4221 1821 4292 τήν

216 4305 401 4360 αἰτίαν
453 4305 686 4359 ἑκάστου
735 4303 846 4358 τὼν
907 4305 1213 4374 γινομένων
1262 4304 1540 4371 ἐξετάζειν
1609 4303 1818 4374 βουλοί-

218 4387 384 4458 μεθα,
417 4387 478 4440 οὐ
512 4388 673 4457 μόνον
711 4385 918 4457 ταύτης
947 4388 1424 4457 κατηγορήσαμεν,
1456 4386 1533 4450 ὡς
1570 4385 1649 4457 τῷ
1685 4403 1817 4440 πεν-

215 4471 366 4544 θερῷ
415 4471 584 4542 αὐτῆς
619 4471 894 4541 μιγείσης,
924 4469 1059 4524 ἀλλά
1090 4470 1184 4522 καὶ
1223 4471 1314 4522 τὸν
1352 4469 1603 4541 Ἀϐραάμ
1642 4470 1821 4523 αἰτια-

218 4554 452 4625 σόμεθα,
481 4555 557 4618 ὡς
596 4555 945 4608 παιδοκτόνον
969 4557 1038 4625 τῇ
1067 4552 1262 4626 γνώμῃ
1288 4554 1678 4624 γεγενημένον,
1725 4555 1820 4607 καὶ

214 4638 311 4690 τὸν
337 4638 546 4700 1Ιιινεὲς,
585 4637 660 4700 ὡς
702 4639 824 4690 κατ’
868 4637 1032 4691 αὐτὸν
1058 4637 1150 4689 δύο
1182 4638 1377 4704 φόνους
1416 4636 1814 4707 ἐργασάμενον.

229 4720 362 4774 Ἐὰν
386 4719 445 4774 δὲ
477 4721 710 4774 ἑκάστου
744 4721 844 4791 τήν
878 4721 1059 4774 αἰτίαν
1094 4719 1338 4791 ἀκριϐῶς
1384 4720 1816 4788 καταμάθωμεν,

215 4807 510 4867 κάκείνους
544 4803 805 4874 μέμψεως
850 4802 1256 4874 ἀπαλλάξομεν,
1293 4802 1389 4856 καὶ
1419 4803 1574 4856 αὐτοὶ
1616 4803 1819 4872 πολλὴν

214 4887 431 4940 ἐκεῖθεν
473 4888 573 4959 τὴν
605 4887 874 4956 ὠφέλειαν
935 4884 1366 4957 καρπωσόμεθα.
1407 4883 1571 4938 Ἀλλά
1614 4886 1681 4936 τὰ
1720 4885 1820 4954 μὲν

215 4972 360 5023 κατὰ
389 4971 487 5039 τὴν
528 4971 768 5042 ἰστορίαν
800 4970 1024 5041 ταύτην,
1056 4970 1133 5032 ὡς
1163 4970 1295 5039 ήμῖν
1339 4963 1450 5022 οἷόν
1482 4985 1543 5020 τε
1571 4963 1660 5039 ἦν,
1689 4969 1818 5035 διεξ-

215 5053 562 5122 εληλύθαμεν
586 5055 680 5106 ἐπὶ
714 5056 814 5125 τῆς
843 5053 1116 5125 ὑμετέρας
1141 5053 1386 5123 ἀγάπης.

290 5228 354 5280 Εἰ
385 5226 442 5279 δὲ
480 5226 554 5296 μὴ
592 5225 931 5294 ἀπεκάμετε,
966 5223 1060 5276 καὶ
1105 5219 1381 5290 βούλεσθε,
1426 5218 1520 5271 καὶ
1553 5215 1661 5269 τῶν
1692 5215 1817 5285 ἑξῆς

215 5307 570 5379 ζῳαψόμεθα,
599 5308 692 5360 καὶ
725 5307 885 5359 πάλιν
916 5306 1010 5358 ἐπὶ
1039 5304 1139 5375 τὴν
1183 5302 1325 5356 κατά
1369 5302 1460 5354 τὸν
1505 5300 1818 5367 θαυμαστὸν

233 5392 432 5462 Ἰωσήφ
481 5392 732 5461 διήγησιν
765 5387 989 5459 ἥξομεν,
1040 5388 1125 5440 ἵνα
1179 5387 1389 5457 μάθητε
1445 5385 1540 5437 x01
1593 5385 1657 5436 ἐκ
1710 5381 1818 5433 τῶν

220 5479 463 5546 σήμερον
512 5473 839 5542 λεγομένων,
887 5472 988 5524 ὅσα
1028 5473 1056 5525 6
1097 5471 1343 5538 γενναῖος
1376 5463 1529 5530 οὗτος
1583 5465 1820 5534 ἀθλητὴς

223 5559 362 5629 μετά
407 5556 480 5610 τά
525 5557 782 5626 ὀνείρατα
831 5557 1042 5620 ἐκεῖνα,
1096 5553 1164 5607 τὰ
1214 5553 1311 5623 τὴν
1349 5551 1626 5620 βασιλείαν
1672 5547 1820 5617 αὑτῴ

225 5641 504 5712 μηνύοντα
553 5641 649 5692 καὶ
704 5639 802 5710 τὴν
851 5639 994 5692 κατά
1043 5637 1151 5691 τῶν
1192 5634 1439 5702 ἀδελφῶν
1481 5632 1677 5703 ἀρχὴν,
1719 5631 1821 5681 ὑπ-

222 5725 427 5794 έμεινε,
462 5724 557 5776 x01
593 5723 742 5784 ὅπως
790 5723 909 5775 ἀπὸ
925 5721 1153 5790 ἀγώνων
1197 5719 1405 5789 ἀγῶνες
1442 5717 1604 5769 αὑτὸν
1650 5713 1817 5768 διεδὲ-

223 5827 402 5877 χοντο,
449 5809 548 5861 καὶ
595 5809 924 5877 πειρασμοῖς
969 5805 1273 5877 πειρασμοὶ
1320 5803 1674 5872 συνήπτοντο,
1726 5800 1821 5850 καὶ

222 5891 500 5963 ἐπάλληλα
545 5886 615 5960 ἦν
647 5890 716 5942 τὰ
739 5891 994 5956 ναυάγια,
1025 5889 1118 5942 καὶ
1146 5890 1173 5940 6
1214 5887 1554 5957 κυϐερνήτης
1590 5883 1652 5936 οὐ
1693 5899 1820 5936 κατ-

225 5975 559 6041 επιντίζετο,
609 5974 701 6025 7.1.1
763 5973 1113 6049 σφοδροτέρου
1172 5973 1260 6025 :06
1327 5969 1590 6039 7.33.6.0;
1652 5970 1815 6021 ζηαί-

1191 385 1256 439 ΙΝ
1301 380 1455 437 CAP.
1495 374 1763 434 XXXVII!
1803 373 2054 432 GENES.
2093 371 2327 431 HOMIL.
2372 368 2533 430 LXII.

1939 487 2262 558 ισταμένου,
2319 485 2571 556 καθάπερ
2629 482 2725 535 ἐπὶ
2781 480 2892 536 τῶν
2935 478 3138 535 οἰάκων
3191 479 3534 552 καθήμενος,

1932 571 2076 624 οὕτω
2118 572 2219 640 τὴν
2272 569 2402 624 ναῦν
2449 569 2650 622 τθυνεν.
2684 564 2870 630 ’Ἄξιον
2912 564 2971 618 δὲ
3005 564 3240 619 ἀκοῦσαι
3288 566 3384 618 καὶ⁸
3436 568 3537 619 αὐ-

1931 653 2040 706 τῶν
2087 653 2195 705 τῶν
2244 652 2532 723 ῥημάτων,
2571 651 2659 704 ἴνα
2697 649 2878 702 πάντα
2916 646 3056 718 μετὰ
3095 645 3386 718 ἀκριϐείας
3434 663 3539 716 μα-

1932 735 2046 788 θεῖν
2079 734 2438 806 δυνηθῶμεν.
2488 733 2706 802 Ἰωσὴφ
2757 731 2858 796 δὲ,
2906 731 3078 802 φησὶ,
3142 730 3414 798 κατήχθη
3451 733 3540 796 εἰς

1930 817 2269 885 Αἴγυπτον,
2312 816 2410 871 καὶ
2455 815 2758 881 ἐκτήσατο
2808 814 2997 868 αὐτὸν
3036 815 3070 866 ὀ
3116 810 3540 881 ἁρχιμάγειρος

1930 899 2142 967 Φαραὼ
2170 901 2239 953 ἐκ
2267 899 2469 968 χειρὸς
2512 895 2922 967 Ἰσμαηλιτῶν.
2958 891 3314 964 Εἷταέπειδὴ
3343 896 3437 948 καὶ
3485 896 3536 947 οἰ

1931 984 2082 1049 παρά
2107 981 2216 1033 τῶν
2245 981 2492 1050 ἀδελφῶν
2522 980 2684 1034 αὑτὸν
2713 979 3060 1050 ὠνησάμενοι
3095 977 3365 1049 βάρϐαροί
3391 992 3538 1040 τινες
3589 999 3596 1011 ~

1929 1078 2024 1118 και
2050 1064 2330 1118 ἀλλόκοτοι
2359 1060 2503 1136 ἦσαν
2525 1064 2587 1118 :6
2605 1059 2758 1134 ἦθος,
2788 1063 2886 1115 καὶ
2901 1061 3065 1114 πάλιν
3080 1061 3238 1115 αὐτοὶ
3261 1060 3341 1130 τῷ
3365 1061 3537 1127 Αἰγυ-

1929 1149 2074 1218 πτίῳ
2104 1148 2183 1219 τῷ
2231 1148 2620 1219 ἀρχιμαγείρῳ
2661 1145 2755 1199 τοῦ
2790 1144 2993 1217 Φαραὼ
3033 1145 3199 1198 αὐτὸν
3247 1142 3557 1216 ἀπέδοντο,-

1929 1229 2024 1282 καὶ
2051 1229 2341 1300 διαφόρους
2370 1230 2568 1301 ήμειϐε
2609 1229 2879 1292 δεσπότας
2919 1230 2949 1281 ό
2995 1229 3056 1281 ἐν
3097 1230 3221 1290 ταῖς
3266 1224 3539 1295 ἀγκάλαις

1927 1312 2023 1365 τοῦ
2081 1312 2286 1384 πατρὸς
2333 1311 2703 1382 ἀνατραφείς·
2745 1312 2833 1364 ἵνα
2866 1310 2940 1381 μὴ
2993 1308 3334 1380 ξενιζὼμεθα
3379 1305 3535 1378 [695]

1930 1394 2048 1458 πῶς
2081 1396 2281 1466 ήνεγκε
2302 1395 2400 1466 τὴν
2425 1393 2707 1464 μοχθηράν
2738 1393 2958 1463 ἐκείνην
2988 1392 3238 1445 δουλείαν
3270 1391 3393 1453 νέος
3437 1389 3534 1453 ὢν,

1929 1478 2022 1530 καὶ
2070 1479 2256 1548 πάσης
2294 1477 2553 1547 τοιαύτης
2599 1476 3022 1547 σκληραγωγίας
3055 1476 3321 1545 ἄπειρος,
3351 1474 3445 1527 καὶ
3475 1475 3537 1527 ἐν

1925 1561 2075 1632 οἰκίᾳ
2109 1561 2247 1631 μετά
2274 1560 2482 1630 πολλῆς
2516 1559 2616 1629 τῆς
2665 1559 2943 1630 πατρικῆς
2984 1559 3370 1630 φιλοστοργίας
3398 1559 3532 1610 ἀνα-

1924 1645 2178 1714 τραφεὶς,
2227 1645 2510 1713 ἐπήγαγεν
2552 1644 2585 1714 ή
2632 1642 2822 1713 Γραφὴ
2864 1642 3129 1710 λέγουσα·
3163 1643 3272 1695 Καὶ
3308 1638 3387 1712 ἦν
3414 1640 3536 1695 Κύ·

1919 1741 2055 1796 ριος
2081 1729 2234 1794 μετὰ
2285 1725 2534 1794 Ἰωσὴφ,
2590 1725 2689 1778 καὶ
2734 1720 2815 1794 ἦν
2885 1724 3044 1791 ἀνὴρ
3088 1723 3531 1792 ἐπιτυγχάνων.

1927 1807 1993 1861 Τί
2023 1811 2161 1874 ἐστι,
2208 1811 2319 1862 Καὶ
2346 1805 2427 1878 ἦν
2459 1809 2679 1877 Κύριος
2701 1807 2854 1878 μετὰ
2906 1809 3168 1878 ’1ωσήςρ;
3225 1806 3535 1877 Συμπαρῆν

1928 1891 2104 1963 αὐτῷ,
2133 1894 2322 1964 φησιν,
2355 1895 2388 1964 ή
2423 1892 2631 1947 ἀνωθεν
2655 1894 2837 1966 χάρις,
2874 1893 2970 1946 καί
2997 1892 3140 1964 αὐτὴ
3162 1892 3313 1963 αὐτῷ
3354 1893 3534 1946 πάντα

1926 1977 1994 2030 τὰ
2023 1978 2264 2049 δυσχερῆ
2314 1975 2696 2050 ἐξευμάριζεν.
2732 1977 2886 2048 Αὕτη
2913 1979 3093 2051 πάδτα
3115 1978 3185 2032 τά
3212 1977 3332 2032 κατ’
3368 1978 3535 2031 αὐτὸν

1923 2058 2227 2132 ᾠκονόμει⁹
2256 2061 2395 2132 αῦτη
2429 2063 2524 2116 καὶ
2552 2063 2680 2126 τοὺς
2712 2062 2988 2134 ἐμπόρους
3020 2063 3267 2124 ἐκείνους
3312 2063 3537 2133 ήμερω-

1923 2146 2117 2215 τέρους
2164 2145 2313 2216 αὐτῷ
2351 2146 2655 2215 κατέστησε
2680 2188 2695 2211 ,
2730 2148 2826 2201 καὶ
2859 2146 3154 2199 ἀποδόσθαι
3184 2145 3264 2216 τῷ
3291 2147 3533 2218 ἀρχιμα-

1924 2227 2096 2298 γείρῳ
2132 2230 2573 2300 κατηνάγκασεν,
2612 2230 2701 2282 ἵνα
2731 2230 2838 2302 όδῷ
2870 2231 3183 2300 προϐαίνων
3212 2230 3357 2283 οὕτω
3391 2231 3535 2285 κατά

1927 2312 2122 2382 μικρὸν
2144 2351 2159 2377 ,
2191 2313 2288 2365 καὶ
2327 2313 2417 2366 διὰ
2454 2312 2564 2365 τῶν
2615 2313 2945 2384 πειρασμῶν
2973 2313 3180 2367 τούτων
3211 2313 3410 2367 ὁδεύων
3439 2315 3535 2367 ἐπὶ

1923 2394 2015 2446 τὸν
2041 2396 2139 2466 τῆς
2167 2394 2451 2466 βασιλείας
2483 2394 2672 2467 θρόνον
2706 2396 2952 2450 ἀνελθεῖν
2982 2396 3208 2468 δυνηθῇ.
3242 2395 3404 2450 Ἀλλά
3439 2399 3532 2459 σὺ,

1922 2478 2216 2546 άγαπητὲ,
2281 2478 2500 2532 ἀκούων
2546 2480 2628 2532 ὅτι
2678 2479 2941 2550 ὑπέμεινε
2989 2479 3089 2552 τὴν
3135 2478 3388 2534 δουλείαν
3429 2481 3532 2552 τήν

1891 2559 2076 2631 ⁴παρά
2115 2562 2229 2623 τοῖς
2279 2560 2548 2632 ἐμπόροις
2571 2602 2587 2627 ,
2631 2557 2750 2615 εἶτα
2797 2560 3071 2629 διεδέξατο
3103 2564 3138 2634 ή
3177 2561 3392 2617 δουλεία
3435 2562 3533 2616 τοῦ

1924 2644 2330 2715 ἀρχιμάγειρον
2351 2685 2367 2711 ,
2404 2643 2629 2713 λογίζου
2650 2683 2668 2710 ,
2715 2644 2836 2709 πῶς
2869 2645 2971 2699 οὐκ
3006 2646 3369 2718 ἐταράττετο,
3411 2646 3534 2700 οὐδὲ

1922 2725 2252 2794 διελογίζετο
2281 2727 2405 2782 καθ’
2438 2729 2631 2782 ἑαυτὸν
2668 2727 2764 2783 καὶ
2798 2729 2996 2801 ⁴ἰιπόρει
3023 2730 3118 2783 καὶ
3150 2729 3307 2797 ἔλεγε
3325 2746 3340 2762 ο
3368 2729 3464 2793 Τίς
3494 2731 3530 2801 ή

1920 2809 2030 2863 τῶν
2063 2811 2363 2881 ὀνειράτων
2393 2811 2621 2866 ἐκείνων
2643 2813 2829 2884 ἀπάτη
2860 2814 2893 2884 ή
2922 2812 3196 2884 τοσαύτην
3229 2813 3330 2885 τήν
3369 2831 3531 2885 περι-

1922 2896 2154 2962 φάνειάν
2181 2913 2269 2965 μοι
2313 2895 2635 2965 μηνύουσας
2678 2895 2809 2950 ’ἰδοὺ
2840 2897 2950 2968 γάρ
2983 2896 3123 2967 μετά
3170 2897 3244 2951 τά
3274 2897 3531 2965 ὀνείρατα

1922 2978 2108 3030 ἐκεῖνα
2150 2977 2399 3044 δουλεία,
2432 2979 2528 3032 καὶ
2568 2979 2786 3032 δουλεία
2824 2979 3074 3051 χαλεπὴ,
3118 2981 3215 3034 καὶ
3257 2980 3530 3044 δεσπότας

1921 3061 2139 3130 ἀμείϐω
2161 3102 2176 3127 ,
2208 3060 2318 3115 ἀπὸ
2353 3061 2549 3116 τούτου
2591 3062 2732 3132 πρὸς
2773 3063 3008 3124 ἐκεῖνον,
3044 3063 3142 3116 καὶ
3188 3062 3286 3118 ἀπ’
3318 3063 3532 3117 ἐκείνου

1922 3144 2062 3215 πρὸς
2106 3142 2334 3208 τοῦτον,
2378 3143 2476 3198 καὶ
2544 3141 3167 3213 ἀναγκάζομαι,ἐθεσιν
3211 3144 3531 3210 ἀλλοκότοις

1923 3225 2448 3296 συναναμίγνυσθαι.
2491 3221 2644 3297 *Αρα
2694 3226 2770 3298 μὴ
2823 3225 3369 3300 ἐγκατελείφθημενς
3419 3225 3532 3300 ἄρα

1924 3309 2000 3380 μὴ
2046 3308 2427 3380 παρώφθημεν
2486 3310 2638 3380 παρά
2677 3308 2780 3378 τῆς
2831 3309 3041 3363 ἀνωθεν
3092 3310 3307 3381 ροπῆςς
3363 3313 3534 3368 Οὐδὲν

1918 3390 2162 3445 τοιοῦτον
2189 3393 2291 3445 οὐκ
2321 3387 2497 3459 εἶπεν,
2529 3393 2630 3445 οὐκ
2657 3391 2965 3463 ἐνενόησεν,
3001 3391 3121 3446 ἀλλ’
3146 3395 3313 3466 ἔφερε
3344 3395 3531 3450 πάντα

1921 3475 2114 3546 πράως
2164 3475 2262 3529 καί
2308 3476 2592 3544 γενναίως.
2637 3471 2753 3530 Ἦν
2793 3476 2900 3546 γὰρ
2953 3477 3176 3546 Κύριος
3207 3478 3362 3546 μετὰ
3407 3480 3531 3534 Ἰω-

1920 3556 2054 3624 σὴφ
2079 3598 2094 3620 ,
2129 3557 2228 3610 καὶ
2256 3553 2338 3626 ἦν
2368 3557 2527 3628 ἀνὴρ
2566 3558 2988 3628 ἐπιτυγχάνων
3054 3558 3121 3611 Τί
3160 3561 3332 3625 ἐστιν,
3371 3562 3530 3614 Ἑπι-

1921 3641 2259 3709 τυτχάνων.
2307 3642 2494 3696 Πάντα
2532 3641 2683 3712 αὐτῷ
2717 3641 3050 3708 κατευώδου,
3089 3643 3368 3714 πανταχοῦ
3397 3661 3533 3713 προ-

1919 3724 2176 3777 ωδοποίει
2198 3725 2348 3796 αὐτῷ
2389 3727 2423 3794 ή
2456 3725 2667 3780 ἀνωθεν
2693 3727 2889 3797 χάρις,
2923 3726 3019 3780 καὶ
3053 3726 3197 3780 οὕτω
3222 3729 3435 3800 φανερά
3461 3725 3532 3801 ἦν

1919 3807 1952 3875 ή
1990 3806 2304 3860 ἐπανθοῦσα
2329 3808 2479 3879 αὐτῷ
2510 3808 2672 3879 χάρις
2692 3849 2707 3874 ,
2738 3809 2815 3872 ὡς
2856 3809 2953 3862 καὶ
2980 3807 3061 3880 τῷ
3088 3809 3329 3883 δεσπότῃ
3360 3812 3529 3866 αὑτοῦ

1918 3889 2000 3960 τῷ
2049 3890 2434 3963 ἀρχιμαγείρῳ
2473 3889 2778 3962 κατάδηλον
2824 3889 2985 3944 τοῦτο
3039 3891 3319 3960 γενέσθαι.
3359 3894 3531 3966 ’ῌδει

1918 3970 2052 4041 γὰρ,
2107 3974 2295 4044 φησὶν,
2342 3977 2376 4029 ό
2423 3975 2625 4043 κύριος
2654 3973 2865 4038 αὐτοῦ,
2903 3973 2994 4028 ὅτι
3027 3976 3249 4046 Κύριος
3289 3972 3372 4045 ἦν
3399 3978 3530 4046 μετ’

1919 4041 2129 4119 αὐτοῦ,
2162 4041 2262 4109 καὶ
2295 4041 2503 4110 πάντα
2525 4055 2644 4110 ὅσα
2672 4056 2752 4110 ἂν
2775 4055 2920 4126 ,ποιῇ
2940 4097 2955 4121 ,
2989 4041 3206 4126 Κυῷιος
3226 4041 3439 4112 εὐοδοῖ
3459 4061 3532 4113 ἐν

1920 4137 2052 4205 ταῖς
2083 4139 2298 4207 χερσὶν
2330 4139 2541 4194 αὑτοῦ.
2578 4137 2738 4208 Εὗρε
2781 4141 2851 4194 δὲ
2897 4141 3123 4210 Ἰωσὴφ
3147 4141 3330 4210 χάριν
3350 4144 3529 4197 ἐναν-

1919 4222 2053 4275 τίον
2083 4222 2190 4276 τοῦ
2238 4223 2450 4290 κυρίου
2497 4224 2687 4278 αὑτοῦ
2708 4263 2723 4287 ,
2773 4223 2872 4278 καὶ
2923 4223 3306 4292 κατέστησεν
3338 4229 3530 4282 αὐτὰ·

1919 4302 2019 4356 ἐπὶ
2050 4307 2160 4359 τοῦ
2198 4305 2371 4360 οἴκου
2419 4306 2608 4360 αὐτοῦ
2631 4345 2647 4370 ,
2688 4307 2788 4359 καὶ
2832 4305 3031 4360 πάντα
3067 4308 3188 4361 ὅσα
3233 4305 3314 4378 ἦν
3365 4310 3528 4375 αὑτῷ

1919 4386 2106 4441 ἔδωκε
2131 4387 2230 4441 διὰ
2256 4387 2458 4458 χειρὸς
2489 4387 2726 4457 Ἰωσήφ.
2761 4384 2915 4453 Εἶδες
2937 4389 3064 4444 ὅσον
3110 4391 3259 4445 ἐστὶν
3287 4392 3394 4444 ὑπὸ
3423 4391 3528 4462 τῆς

1921 4469 2131 4523 ἀνωθεν
2179 4469 2495 4540 βοηθεῖσθαι
2527 4469 2746 4536 δεξιᾶς;
2789 4471 2920 4524 Ἰδοὺ
2972 4471 3083 4542 γὰρ
3135 4474 3228 4526 καὶ
3269 4473 3389 4537 νέος
3429 4475 3527 4527 καὶ

1921 4553 2074 4620 ξένος
2123 4554 2218 4606 καὶ
2256 4555 2605 4624 αἰχμάλωτος
2636 4554 2734 4607 καὶ
2764 4553 2973 4617 δοῦλος,
3009 4558 3106 4609 καὶ
3135 4558 3319 4609 πᾶσαν
3345 4559 3527 4627 ἐγχει-

1923 4637 2133 4709 ρίζεται
2166 4637 2319 4707 παρά
2347 4636 2440 4689 τοῦ
2473 4638 2737 4690 δεσπότου
2783 4639 2886 4709 τὴν
2923 4639 3127 4693 οἰκίαν.
3177 4639 3293 4693 Καὶ
3326 4640 3528 4697 πάντα

1921 4718 2021 4772 διὰ
2055 4718 2253 4789 χειρὸς
2297 4720 2488 4775 αὐτοῦ
2529 4719 2775 4784 δέδωκε,
2825 4721 2980 4792 φησί.
3029 4722 3129 4776 Διά
3172 4723 3259 4788 τί;
3305 4723 3526 4795 Ἐπειδὴ

1925 4801 2066 4870 μετά
2111 4802 2210 4872 τῆς
2255 4801 2464 4855 ἀνωθεν
2515 4803 2809 4874 συνεργίας
2839 4806 2936 4858 καὶ
2963 4805 3057 4858 τὸν
3088 4807 3290 4860 οίκεῖον
3323 4807 3526 4876 τρόπον

1921 4887 2262 4956 εἰσήνεγκεν.
2297 4885 2629 4954 Εὺηρέστει
2662 4888 2772 4958 γάρ
2799 4887 2962 4952 αὐτῷ
2981 4927 2996 4950 ,
3028 4889 3217 4959 φησὶν,
3254 4891 3375 4942 ἀντί
3401 4887 3524 4956 τοῦ,

1924 4968 2077 5022 Μετά
2108 4969 2311 5041 πολλῆς
2337 4971 2552 5034 εὐνοίας
2579 4971 2799 5026 ἅπαντα
2823 4971 3200 5042 διεπράττετο.
3239 4969 3372 5026 Εἶτα
3401 4972 3528 5042 βου-

1920 5052 2147 5123 λόμενος
2184 5054 2348 5107 αὑτὸν
2381 5057 2410 5107 ό
2438 5054 2824 5124 φιλάνθρωπος
2849 5055 2984 5118 Θεὸς
3010 5056 3070 5108 ἐν
3100 5056 3308 5110 πλείονι
3345 5074 3524 5111 κατα‹

1924 5139 2122 5208 στῆσαι
2152 5139 2339 5210 ἀδείᾳ,
2387 5139 2488 5191 οὐκ
2531 5138 2812 5208 ἀπήλλαξε
2844 5138 2944 5208 τῆς
2980 5139 3228 5204 δουλείας
3249 5182 3264 5205 ,
3309 5140 3432 5194 οὐδὲ
3464 5144 3524 5194 ἐν

1921 5219 2205 5292 ἐλευθερίᾳ
2237 5221 2657 5291 παρεσκεύασεν
2685 5217 2847 5275 εἶναι.
2887 5221 3060 5275 Τοῦτο
3091 5226 3201 5292 γὰρ
3225 5222 3376 5293 αὐτῷ
3401 5223 3524 5286 ἔθος

1922 5304 2030 5364 ἀεὶ,
2084 5305 2211 5367 τοὺς
2263 5305 2554 5376 ἐναρέτους
2605 5303 2809 5375 ἄνδρας
2853 5306 2954 5358 οὐκ
2999 5305 3368 5359 ἀπαλλάττειν
3414 5306 3524 5357 τῶν

1922 5387 2204 5449 κινδύνων,
2245 5387 2367 5440 οὐδὲ
2418 5387 2740 5458 ἐλευθεροῦν
2771 5389 2880 5441 τῶν
2914 5389 3260 5460 πειρασμῶν,
3308 5389 3426 5442 ἀλλ’
3466 5391 3524 5442 ἐν

1921 5472 2106 5532 αὐτοῖς
2150 5477 2263 5533 τοῖς
2294 5475 2625 5542 πειρασμοῖς
2657 5472 2930 5543 τοσαύτην
2976 5473 3386 5527 ἐπιδείκνυσθαι
3422 5473 3524 5543 τὴν

1919 5556 2126 5606 οἰκείαν
2160 5554 2363 5623 ῥοπὴν,
2393 5556 2469 5617 ὡς
2502 5556 2700 5618 αὐτοὺς
2728 5557 2856 5619 τοὺς
2889 5558 3236 5627 πειρασμοὺς
3262 5557 3522 5609 ὑπόθεσιν

1920 5639 2103 5700 αὐτοῖς
2138 5639 2332 5708 ἑορτῆς
2375 5639 2640 5706 γίνεσθαι.
2697 5642 2797 5692 Διά
2839 5639 3000 5692 τοῦτο
3037 5641 3132 5694 καὶ
3177 5644 3205 5694 ό
3248 5641 3522 5711 μακάριος

1918 5721 2084 5774 Δαυῒδ
2131 5721 2340 5789 ἔλεγεν·
2395 5722 2492 5774 Ἐν
2517 5723 2723 5790 θλίψει
2749 5723 3102 5789 ἐπλάτυνάς
3130 5740 3228 5792 με.
3259 5725 3396 5792 Οὐχὶ
3423 5724 3523 5795 τὴν

1923 5804 2104 5873 θλίψιν
2141 5804 2432 5874 ἀπήλασας
2453 5845 2468 5870 ,
2502 5805 2688 5875 φησὶν,
2720 5805 2840 5858 ούδέ
2869 5806 3076 5877 ταύτης
3119 5806 3438 5871 ἀπαλλάξας
3465 5810 3525 5860 ἐν

1921 5888 2104 5943 ἀνέσει
2137 5905 2204 5956 με
2231 5885 2372 5943 εἶναι
2395 5889 2724 5959 πεποίηκας,
2755 5890 2870 5944 ἀλλ’
2896 5891 3034 5961 ὅπερ
3061 5890 3179 5943 ἐστὶ
3204 5889 3525 5961 θαυμαστὸν

1923 5973 2016 6027 κλῖ
2059 5972 2390 6043 παράδοξον,
2424 5975 2477 6025 ἐν
2518 5972 2665 6045 μέσῳ
2695 5975 2802 6028 τῶν
2833 5974 3068 6044 θλίοζεων
3095 5976 3432 6047 τυγχάνοντα
3469 5974 3521 6030 ἐν
