  <div class='ocr_page' id='page_1' title='image "/cluster/home/n/w/nwhite01/storage/ocr_20150623/54/pst.000005712533/166.png"; bbox 0 0 4182 6322; ppageno 0'>
   <div class='ocr_carea' id='block_1_1' title="bbox 225 401 2597 473">
    <p class='ocr_par' dir='ltr' id='par_1_1' title="bbox 225 401 2597 473">
     <span class='ocr_line' id='line_1_1' title="bbox 225 401 2597 473; baseline -0.003 -1"><span class='ocrx_word' id='word_1_1' title='bbox 225 415 321 473; x_wconf 73' lang='grc'><strong>537</strong></span> <span class='ocrx_word' id='word_1_2' title='bbox 1224 410 1288 466; x_wconf 75' lang='lat' dir='ltr'><strong>1N</strong></span> <span class='ocrx_word' id='word_1_3' title='bbox 1328 410 1485 466; x_wconf 60' lang='lat' dir='ltr'><strong>CAP.</strong></span> <span class='ocrx_word' id='word_1_4' title='bbox 1529 407 1780 466; x_wconf 73' lang='lat' dir='ltr'><strong>XXXIX.</strong></span> <span class='ocrx_word' id='word_1_5' title='bbox 1823 408 2074 466; x_wconf 75' lang='lat' dir='ltr'><strong>GENES.</strong></span> <span class='ocrx_word' id='word_1_6' title='bbox 2119 410 2352 467; x_wconf 71' lang='lat' dir='ltr'><strong>IIOMIL.</strong></span> <span class='ocrx_word' id='word_1_7' title='bbox 2398 401 2597 467; x_wconf 39' lang='lat' dir='ltr'><strong>LXII:</strong></span> 
     </span>
    </p>
   </div>
   <div class='ocr_carea' id='block_1_2' title="bbox 225 525 1842 597">
    <p class='ocr_par' dir='ltr' id='par_1_2' title="bbox 225 525 1842 597">
     <span class='ocr_line' id='line_1_2' title="bbox 225 525 1842 597; baseline -0.006 -11"><span class='ocrx_word' id='word_1_8' title='bbox 225 528 506 589; x_wconf 79' lang='lat' dir='ltr'><strong>abstulisti,</strong></span> <span class='ocrx_word' id='word_1_9' title='bbox 534 543 716 597; x_wconf 86' lang='lat' dir='ltr'><strong>neque</strong></span> <span class='ocrx_word' id='word_1_10' title='bbox 733 527 801 582; x_wconf 85' lang='lat' dir='ltr'><strong>ab</strong></span> <span class='ocrx_word' id='word_1_11' title='bbox 818 543 880 582; x_wconf 84' lang='lat' dir='ltr'><strong>ea</strong></span> <span class='ocrx_word' id='word_1_12' title='bbox 912 526 1196 582; x_wconf 80' lang='lat' dir='ltr'><strong>liberatum</strong></span> <span class='ocrx_word' id='word_1_13' title='bbox 1226 525 1277 579; x_wconf 90' lang='lat' dir='ltr'><strong>in</strong></span> <span class='ocrx_word' id='word_1_14' title='bbox 1308 525 1695 593; x_wconf 75' lang='lat' dir='ltr'><strong>tranqttillimte</strong></span> <span class='ocrx_word' id='word_1_15' title='bbox 1720 538 1842 578; x_wconf 81' lang='lat' dir='ltr'><strong>esse</strong></span> 
     </span>
    </p>
   </div>
   <div class='ocr_carea' id='block_1_3' title="bbox 229 617 1841 689">
    <p class='ocr_par' dir='ltr' id='par_1_3' title="bbox 229 617 1841 689">
     <span class='ocr_line' id='line_1_3' title="bbox 229 617 1841 689; baseline -0.002 -18"><span class='ocrx_word' id='word_1_16' title='bbox 229 619 431 675; x_wconf 76' lang='lat' dir='ltr'><strong>voluisti</strong></span> <span class='ocrx_word' id='word_1_17' title='bbox 457 636 471 672; x_wconf 91' lang='lat'>:</span> <span class='ocrx_word' id='word_1_18' title='bbox 496 618 599 673; x_wconf 78' lang='lat' dir='ltr'><strong>sed</strong></span> <span class='ocrx_word' id='word_1_19' title='bbox 635 618 688 673; x_wconf 91' lang='lat' dir='ltr'><strong>id</strong></span> <span class='ocrx_word' id='word_1_20' title='bbox 720 618 861 689; x_wconf 90' lang='lat' dir='ltr'><strong>quod</strong></span> <span class='ocrx_word' id='word_1_21' title='bbox 893 627 977 673; x_wconf 83' lang='lat' dir='ltr'><strong>est</strong></span> <span class='ocrx_word' id='word_1_22' title='bbox 1012 617 1355 682; x_wconf 84' lang='lat' dir='ltr'><strong>miraculum,</strong></span> <span class='ocrx_word' id='word_1_23' title='bbox 1385 625 1440 671; x_wconf 91' lang='lat' dir='ltr'><strong>et</strong></span> <span class='ocrx_word' id='word_1_24' title='bbox 1467 630 1725 686; x_wconf 91' lang='lat' dir='ltr'><strong>perquam</strong></span> <span class='ocrx_word' id='word_1_25' title='bbox 1752 630 1841 667; x_wconf 89' lang='lat' dir='ltr'><strong>ra-</strong></span> 
     </span>
    </p>
   </div>
   <div class='ocr_carea' id='block_1_4' title="bbox 226 709 1844 780">
    <p class='ocr_par' dir='ltr' id='par_1_4' title="bbox 226 709 1844 780">
     <span class='ocr_line' id='line_1_4' title="bbox 226 709 1844 780; baseline -0.001 -15"><span class='ocrx_word' id='word_1_26' title='bbox 226 728 358 776; x_wconf 87' lang='lat' dir='ltr'><strong>rum,</strong></span> <span class='ocrx_word' id='word_1_27' title='bbox 388 711 443 765; x_wconf 91' lang='lat' dir='ltr'><strong>in</strong></span> <span class='ocrx_word' id='word_1_28' title='bbox 476 710 667 766; x_wconf 88' lang='lat' dir='ltr'><strong>medio</strong></span> <span class='ocrx_word' id='word_1_29' title='bbox 707 709 1068 766; x_wconf 85' lang='lat' dir='ltr'><strong>tribulationis</strong></span> <span class='ocrx_word' id='word_1_30' title='bbox 1108 709 1485 776; x_wconf 89' lang='lat' dir='ltr'><strong>constitutum,</strong></span> <span class='ocrx_word' id='word_1_31' title='bbox 1516 709 1722 780; x_wconf 88' lang='lat' dir='ltr'><strong>absque</strong></span> <span class='ocrx_word' id='word_1_32' title='bbox 1750 724 1844 779; x_wconf 84' lang='lat' dir='ltr'><strong>pa-</strong></span> 
     </span>
    </p>
   </div>
   <div class='ocr_carea' id='block_1_5' title="bbox 223 800 1842 871">
    <p class='ocr_par' dir='ltr' id='par_1_5' title="bbox 223 800 1842 871">
     <span class='ocr_line' id='line_1_5' title="bbox 223 800 1842 871; baseline -0.002 -12"><span class='ocrx_word' id='word_1_33' title='bbox 223 818 344 860; x_wconf 79' lang='lat' dir='ltr'><strong>vore</strong></span> <span class='ocrx_word' id='word_1_34' title='bbox 366 816 490 858; x_wconf 87' lang='lat' dir='ltr'><strong>esse</strong></span> <span class='ocrx_word' id='word_1_35' title='bbox 522 818 616 857; x_wconf 89' lang='lat' dir='ltr'><strong>me</strong></span> <span class='ocrx_word' id='word_1_36' title='bbox 649 802 821 857; x_wconf 84' lang='lat' dir='ltr'><strong>fecisti</strong></span> <span class='ocrx_word' id='word_1_37' title='bbox 855 820 865 853; x_wconf 96' lang='lat'>:</span> <span class='ocrx_word' id='word_1_38' title='bbox 901 801 1027 856; x_wconf 90' lang='lat' dir='ltr'><strong>illud</strong></span> <span class='ocrx_word' id='word_1_39' title='bbox 1058 816 1192 857; x_wconf 79' lang='lat' dir='ltr'><strong>sane</strong></span> <span class='ocrx_word' id='word_1_40' title='bbox 1218 810 1273 856; x_wconf 86' lang='lat' dir='ltr'><strong>et</strong></span> <span class='ocrx_word' id='word_1_41' title='bbox 1309 802 1395 856; x_wconf 86' lang='lat' dir='ltr'><strong>hic</strong></span> <span class='ocrx_word' id='word_1_42' title='bbox 1418 800 1542 857; x_wconf 87' lang='lat' dir='ltr'><strong>fecit</strong></span> <span class='ocrx_word' id='word_1_43' title='bbox 1576 801 1842 871; x_wconf 87' lang='lat' dir='ltr'><strong>benignus</strong></span> 
     </span>
    </p>
   </div>
   <div class='ocr_carea' id='block_1_6' title="bbox 224 891 1846 965">
    <p class='ocr_par' dir='ltr' id='par_1_6' title="bbox 224 891 1846 965">
     <span class='ocr_line' id='line_1_6' title="bbox 224 891 1846 965; baseline -0.003 -15"><span class='ocrx_word' id='word_1_44' title='bbox 224 896 495 950; x_wconf 80' lang='lat' dir='ltr'><strong>Dominus.</strong></span> <span class='ocrx_word' id='word_1_45' title='bbox 541 894 597 949; x_wconf 83' lang='lat'><strong>5.</strong></span> <span class='ocrx_word' id='word_1_46' title='bbox 640 892 910 946; x_wconf 73' lang='lat' dir='ltr'><strong>Beuedixit</strong></span> <span class='ocrx_word' id='word_1_47' title='bbox 950 892 1084 947; x_wconf 82' lang='lat' dir='ltr'><strong>enim</strong></span> <span class='ocrx_word' id='word_1_48' title='bbox 1120 894 1328 947; x_wconf 84' lang='lat' dir='ltr'><strong>domum</strong></span> <span class='ocrx_word' id='word_1_49' title='bbox 1354 891 1597 965; x_wconf 55' lang='grc' dir='ltr'><strong>ὤρθριῆ</strong></span> <span class='ocrx_word' id='word_1_50' title='bbox 1636 902 1846 964; x_wconf 84' lang='lat' dir='ltr'><strong>propter</strong></span> 
     </span>
    </p>
   </div>
   <div class='ocr_carea' id='block_1_7' title="bbox 218 983 1844 1053">
    <p class='ocr_par' dir='ltr' id='par_1_7' title="bbox 218 983 1844 1053">
     <span class='ocr_line' id='line_1_7' title="bbox 218 983 1844 1053; baseline 0.002 -18"><span class='ocrx_word' id='word_1_51' title='bbox 218 983 432 1053; x_wconf 60' lang='grc' dir='ltr'><strong>λυπρὰ.</strong></span> <span class='ocrx_word' id='word_1_52' title='bbox 468 983 535 1038; x_wconf 80' lang='lat' dir='ltr'><strong>Et</strong></span> <span class='ocrx_word' id='word_1_53' title='bbox 558 983 750 1038; x_wconf 83' lang='lat' dir='ltr'><strong>didicit</strong></span> <span class='ocrx_word' id='word_1_54' title='bbox 773 993 957 1053; x_wconf 86' lang='lat' dir='ltr'><strong>postea</strong></span> <span class='ocrx_word' id='word_1_55' title='bbox 990 983 1271 1049; x_wconf 83' lang='lat' dir='ltr'><strong>barbarus,</strong></span> <span class='ocrx_word' id='word_1_56' title='bbox 1305 1000 1427 1039; x_wconf 91' lang='lat' dir='ltr'><strong>eum</strong></span> <span class='ocrx_word' id='word_1_57' title='bbox 1456 984 1544 1053; x_wconf 91' lang='lat' dir='ltr'><strong>qui</strong></span> <span class='ocrx_word' id='word_1_58' title='bbox 1572 995 1629 1038; x_wconf 91' lang='lat' dir='ltr'><strong>ut</strong></span> <span class='ocrx_word' id='word_1_59' title='bbox 1653 999 1844 1039; x_wconf 84' lang='lat' dir='ltr'><strong>servus</strong></span> 
     </span>
    </p>
   </div>
   <div class='ocr_carea' id='block_1_8' title="bbox 220 1074 1842 1145">
    <p class='ocr_par' dir='ltr' id='par_1_8' title="bbox 220 1074 1842 1145">
     <span class='ocr_line' id='line_1_8' title="bbox 220 1074 1842 1145; baseline -0.001 -16"><span class='ocrx_word' id='word_1_60' title='bbox 220 1074 536 1137; x_wconf 76' lang='lat' dir='ltr'><strong>habebatur,</strong></span> <span class='ocrx_word' id='word_1_61' title='bbox 577 1074 695 1129; x_wconf 90' lang='lat' dir='ltr'><strong>Deo</strong></span> <span class='ocrx_word' id='word_1_62' title='bbox 716 1076 1060 1145; x_wconf 84' lang='lat' dir='ltr'><strong>peculiariter</strong></span> <span class='ocrx_word' id='word_1_63' title='bbox 1097 1085 1307 1145; x_wconf 73' lang='lat' dir='ltr'><strong>gratum</strong></span> <span class='ocrx_word' id='word_1_64' title='bbox 1338 1089 1480 1141; x_wconf 85' lang='lat' dir='ltr'><strong>esse,</strong></span> <span class='ocrx_word' id='word_1_65' title='bbox 1514 1074 1582 1129; x_wconf 83' lang='lat' dir='ltr'><strong>Et</strong></span> <span class='ocrx_word' id='word_1_66' title='bbox 1608 1074 1842 1145; x_wconf 77' lang='lat' dir='ltr'><strong>permisit</strong></span> 
     </span>
    </p>
   </div>
   <div class='ocr_carea' id='block_1_9' title="bbox 224 1164 1841 1237">
    <p class='ocr_par' dir='ltr' id='par_1_9' title="bbox 224 1164 1841 1237">
     <span class='ocr_line' id='line_1_9' title="bbox 224 1164 1841 1237; baseline 0 -18"><span class='ocrx_word' id='word_1_67' title='bbox 224 1165 391 1219; x_wconf 66' lang='lat' dir='ltr'><strong>omnia</strong></span> <span class='ocrx_word' id='word_1_68' title='bbox 414 1181 535 1234; x_wconf 83' lang='lat' dir='ltr'><strong>qua:</strong></span> <span class='ocrx_word' id='word_1_69' title='bbox 561 1164 781 1219; x_wconf 77' lang='lat' dir='ltr'><strong>habebat</strong></span> <span class='ocrx_word' id='word_1_70' title='bbox 812 1185 865 1219; x_wconf 72' lang='lat' dir='ltr'><strong>in</strong></span> <span class='ocrx_word' id='word_1_71' title='bbox 894 1168 1127 1219; x_wconf 73' lang='lat' dir='ltr'><strong>manibus</strong></span> <span class='ocrx_word' id='word_1_72' title='bbox 1152 1166 1385 1237; x_wconf 75' lang='lat' dir='ltr'><strong>Joseph;</strong></span> <span class='ocrx_word' id='word_1_73' title='bbox 1412 1166 1465 1221; x_wconf 87' lang='lat'><strong>6.</strong></span> <span class='ocrx_word' id='word_1_74' title='bbox 1498 1174 1546 1219; x_wconf 84' lang='lat' dir='ltr'><strong>et</strong></span> <span class='ocrx_word' id='word_1_75' title='bbox 1579 1183 1680 1220; x_wconf 82' lang='lat' dir='ltr'><strong>non</strong></span> <span class='ocrx_word' id='word_1_76' title='bbox 1708 1167 1841 1220; x_wconf 72' lang='lat' dir='ltr'><strong>scie-</strong></span> 
     </span>
    </p>
   </div>
   <div class='ocr_carea' id='block_1_10' title="bbox 220 1257 1841 1329">
    <p class='ocr_par' dir='ltr' id='par_1_10' title="bbox 220 1257 1841 1329">
     <span class='ocr_line' id='line_1_10' title="bbox 220 1257 1841 1329; baseline 0.001 -18"><span class='ocrx_word' id='word_1_77' title='bbox 220 1260 300 1311; x_wconf 76' lang='lat' dir='ltr'><strong>bat</strong></span> <span class='ocrx_word' id='word_1_78' title='bbox 336 1257 648 1327; x_wconf 78' lang='lat' dir='ltr'><strong>quidquam,</strong></span> <span class='ocrx_word' id='word_1_79' title='bbox 698 1268 886 1329; x_wconf 71' lang='lat' dir='ltr'><strong>prater</strong></span> <span class='ocrx_word' id='word_1_80' title='bbox 914 1274 1100 1329; x_wconf 72' lang='lat' dir='ltr'><strong>partem</strong></span> <span class='ocrx_word' id='word_1_81' title='bbox 1139 1274 1290 1329; x_wconf 85' lang='lat' dir='ltr'><strong>quem</strong></span> <span class='ocrx_word' id='word_1_82' title='bbox 1331 1257 1644 1314; x_wconf 76' lang='lat' dir='ltr'><strong>comedebat.</strong></span> <span class='ocrx_word' id='word_1_83' title='bbox 1676 1258 1841 1325; x_wconf 82' lang='lat' dir='ltr'><strong>Quasi</strong></span> 
     </span>
    </p>
   </div>
   <div class='ocr_carea' id='block_1_11' title="bbox 220 1348 1845 1405">
    <p class='ocr_par' dir='ltr' id='par_1_11' title="bbox 220 1348 1845 1405">
     <span class='ocr_line' id='line_1_11' title="bbox 220 1348 1845 1405; baseline -0.001 -2"><span class='ocrx_word' id='word_1_84' title='bbox 220 1349 497 1404; x_wconf 84' lang='lat' dir='ltr'><strong>dominum</strong></span> <span class='ocrx_word' id='word_1_85' title='bbox 542 1351 716 1405; x_wconf 91' lang='lat' dir='ltr'><strong>totius</strong></span> <span class='ocrx_word' id='word_1_86' title='bbox 745 1348 940 1405; x_wconf 91' lang='lat' dir='ltr'><strong>domus</strong></span> <span class='ocrx_word' id='word_1_87' title='bbox 984 1349 1283 1405; x_wconf 82' lang='lat' dir='ltr'><strong>constituit.</strong></span> <span class='ocrx_word' id='word_1_88' title='bbox 1320 1350 1403 1405; x_wconf 83' lang='lat' dir='ltr'><strong>En</strong></span> <span class='ocrx_word' id='word_1_89' title='bbox 1440 1364 1631 1405; x_wconf 78' lang='lat' dir='ltr'><strong>servus</strong></span> <span class='ocrx_word' id='word_1_90' title='bbox 1666 1358 1723 1404; x_wconf 92' lang='lat' dir='ltr'><strong>et</strong></span> <span class='ocrx_word' id='word_1_91' title='bbox 1752 1364 1845 1403; x_wconf 82' lang='lat' dir='ltr'><strong>ca-</strong></span> 
     </span>
    </p>
   </div>
   <div class='ocr_carea' id='block_1_12' title="bbox 222 1440 1842 1512">
    <p class='ocr_par' dir='ltr' id='par_1_12' title="bbox 222 1440 1842 1512">
     <span class='ocr_line' id='line_1_12' title="bbox 222 1440 1842 1512; baseline -0.002 -15"><span class='ocrx_word' id='word_1_92' title='bbox 222 1443 389 1511; x_wconf 82' lang='lat' dir='ltr'><strong>ptivus</strong></span> <span class='ocrx_word' id='word_1_93' title='bbox 414 1442 520 1497; x_wconf 90' lang='lat' dir='ltr'><strong>sub</strong></span> <span class='ocrx_word' id='word_1_94' title='bbox 549 1458 716 1497; x_wconf 90' lang='lat' dir='ltr'><strong>manu</strong></span> <span class='ocrx_word' id='word_1_95' title='bbox 744 1457 840 1497; x_wconf 91' lang='lat' dir='ltr'><strong>sua</strong></span> <span class='ocrx_word' id='word_1_96' title='bbox 867 1441 1033 1497; x_wconf 84' lang='lat' dir='ltr'><strong>habet</strong></span> <span class='ocrx_word' id='word_1_97' title='bbox 1058 1443 1238 1496; x_wconf 86' lang='lat' dir='ltr'><strong>omnia</strong></span> <span class='ocrx_word' id='word_1_98' title='bbox 1264 1458 1385 1512; x_wconf 65' lang='lat' dir='ltr'><strong>qua:</strong></span> <span class='ocrx_word' id='word_1_99' title='bbox 1425 1452 1580 1499; x_wconf 88' lang='lat' dir='ltr'><strong>erant</strong></span> <span class='ocrx_word' id='word_1_100' title='bbox 1611 1440 1842 1495; x_wconf 86' lang='lat' dir='ltr'><strong>domini.</strong></span> 
     </span>
    </p>
   </div>
   <div class='ocr_carea' id='block_1_13' title="bbox 220 1534 1841 1605">
    <p class='ocr_par' dir='ltr' id='par_1_13' title="bbox 220 1534 1841 1605">
     <span class='ocr_line' id='line_1_13' title="bbox 220 1534 1841 1605; baseline -0.002 -17"><span class='ocrx_word' id='word_1_101' title='bbox 220 1534 386 1588; x_wconf 85' lang='lat' dir='ltr'><strong>Tanta</strong></span> <span class='ocrx_word' id='word_1_102' title='bbox 414 1549 504 1590; x_wconf 89' lang='lat' dir='ltr'><strong>res</strong></span> <span class='ocrx_word' id='word_1_103' title='bbox 533 1545 623 1590; x_wconf 91' lang='lat' dir='ltr'><strong>est</strong></span> <span class='ocrx_word' id='word_1_104' title='bbox 650 1535 823 1589; x_wconf 76' lang='lat' dir='ltr'><strong>virtus</strong></span> <span class='ocrx_word' id='word_1_105' title='bbox 852 1553 865 1587; x_wconf 90' lang='lat'><strong>:</strong></span> <span class='ocrx_word' id='word_1_106' title='bbox 891 1550 1013 1589; x_wconf 89' lang='lat' dir='ltr'><strong>nam</strong></span> <span class='ocrx_word' id='word_1_107' title='bbox 1046 1535 1372 1605; x_wconf 84' lang='lat' dir='ltr'><strong>ubicumque</strong></span> <span class='ocrx_word' id='word_1_108' title='bbox 1401 1534 1490 1588; x_wconf 83' lang='lat' dir='ltr'><strong>illa</strong></span> <span class='ocrx_word' id='word_1_109' title='bbox 1511 1536 1841 1604; x_wconf 75' lang='lat' dir='ltr'><strong>apparuerit,</strong></span> 
     </span>
    </p>
   </div>
   <div class='ocr_carea' id='block_1_14' title="bbox 220 1626 1845 1698">
    <p class='ocr_par' dir='ltr' id='par_1_14' title="bbox 220 1626 1845 1698">
     <span class='ocr_line' id='line_1_14' title="bbox 220 1626 1845 1698; baseline -0.001 -15"><span class='ocrx_word' id='word_1_110' title='bbox 220 1627 473 1683; x_wconf 90' lang='lat' dir='ltr'><strong>omnibus</strong></span> <span class='ocrx_word' id='word_1_111' title='bbox 495 1627 812 1681; x_wconf 80' lang='lat' dir='ltr'><strong>dominatur</strong></span> <span class='ocrx_word' id='word_1_112' title='bbox 831 1637 889 1682; x_wconf 89' lang='lat' dir='ltr'><strong>et</strong></span> <span class='ocrx_word' id='word_1_113' title='bbox 913 1628 1190 1698; x_wconf 68' lang='lat' dir='ltr'><strong>praavalet.</strong></span> <span class='ocrx_word' id='word_1_114' title='bbox 1222 1627 1436 1696; x_wconf 78' lang='lat' dir='ltr'><strong>Etenim</strong></span> <span class='ocrx_word' id='word_1_115' title='bbox 1466 1626 1606 1684; x_wconf 83' lang='lat' dir='ltr'><strong>sicut</strong></span> <span class='ocrx_word' id='word_1_116' title='bbox 1636 1628 1845 1681; x_wconf 80' lang='lat' dir='ltr'><strong>oriente</strong></span> 
     </span>
    </p>
   </div>
   <div class='ocr_carea' id='block_1_15' title="bbox 220 1720 1845 1791">
    <p class='ocr_par' dir='ltr' id='par_1_15' title="bbox 220 1720 1845 1791">
     <span class='ocr_line' id='line_1_15' title="bbox 220 1720 1845 1791; baseline -0.001 -16"><span class='ocrx_word' id='word_1_117' title='bbox 220 1721 330 1777; x_wconf 77' lang='lat' dir='ltr'><strong>sole</strong></span> <span class='ocrx_word' id='word_1_118' title='bbox 358 1721 609 1775; x_wconf 63' lang='lat' dir='ltr'><strong>tenebrae</strong></span> <span class='ocrx_word' id='word_1_119' title='bbox 634 1721 1016 1787; x_wconf 84' lang='lat' dir='ltr'><strong>discutiuntur,</strong></span> <span class='ocrx_word' id='word_1_120' title='bbox 1052 1721 1123 1775; x_wconf 91' lang='lat' dir='ltr'><strong>ita</strong></span> <span class='ocrx_word' id='word_1_121' title='bbox 1164 1728 1220 1775; x_wconf 88' lang='lat' dir='ltr'><strong>et</strong></span> <span class='ocrx_word' id='word_1_122' title='bbox 1250 1735 1393 1775; x_wconf 90' lang='lat' dir='ltr'><strong>nunc</strong></span> <span class='ocrx_word' id='word_1_123' title='bbox 1418 1730 1713 1791; x_wconf 80' lang='lat' dir='ltr'><strong>apparente</strong></span> <span class='ocrx_word' id='word_1_124' title='bbox 1739 1720 1845 1774; x_wconf 88' lang='lat' dir='ltr'><strong>vir-</strong></span> 
     </span>
    </p>
   </div>
   <div class='ocr_carea' id='block_1_16' title="bbox 223 1812 1301 1868">
    <p class='ocr_par' dir='ltr' id='par_1_16' title="bbox 223 1812 1301 1868">
     <span class='ocr_line' id='line_1_16' title="bbox 223 1812 1301 1868; baseline -0.002 -2"><span class='ocrx_word' id='word_1_125' title='bbox 223 1823 331 1868; x_wconf 84' lang='lat' dir='ltr'><strong>tute</strong></span> <span class='ocrx_word' id='word_1_126' title='bbox 359 1828 390 1867; x_wconf 88' lang='lat' dir='ltr'><strong>e</strong></span> <span class='ocrx_word' id='word_1_127' title='bbox 416 1812 607 1868; x_wconf 84' lang='lat' dir='ltr'><strong>medio</strong></span> <span class='ocrx_word' id='word_1_128' title='bbox 639 1812 843 1867; x_wconf 89' lang='lat' dir='ltr'><strong>tollitur</strong></span> <span class='ocrx_word' id='word_1_129' title='bbox 867 1812 1046 1867; x_wconf 90' lang='lat' dir='ltr'><strong>omnis</strong></span> <span class='ocrx_word' id='word_1_130' title='bbox 1077 1812 1301 1865; x_wconf 86' lang='lat' dir='ltr'><strong>malitia.</strong></span> 
     </span>
    </p>
   </div>
   <div class='ocr_carea' id='block_1_17' title="bbox 286 1902 1845 1974">
    <p class='ocr_par' dir='ltr' id='par_1_17' title="bbox 286 1902 1845 1974">
     <span class='ocr_line' id='line_1_17' title="bbox 286 1902 1845 1974; baseline -0.002 -15"><span class='ocrx_word' id='word_1_131' title='bbox 286 1906 341 1959; x_wconf 76' lang='grc'><strong>4.</strong></span> <span class='ocrx_word' id='word_1_132' title='bbox 378 1903 531 1958; x_wconf 81' lang='lat' dir='ltr'><strong>Victa</strong></span> <span class='ocrx_word' id='word_1_133' title='bbox 560 1921 593 1957; x_wconf 91' lang='lat' dir='ltr'><strong>a</strong></span> <span class='ocrx_word' id='word_1_134' title='bbox 618 1902 848 1974; x_wconf 72' lang='lat' dir='ltr'><strong>losrplw</strong></span> <span class='ocrx_word' id='word_1_135' title='bbox 884 1920 1019 1958; x_wconf 73' lang='lat' dir='ltr'><strong>uxor</strong></span> <span class='ocrx_word' id='word_1_136' title='bbox 1046 1903 1396 1974; x_wconf 77' lang='lat' dir='ltr'><strong>I’utipharis;</strong></span> <span class='ocrx_word' id='word_1_137' title='bbox 1438 1904 1575 1959; x_wconf 79' lang='lat' dir='ltr'><strong>Deus</strong></span> <span class='ocrx_word' id='word_1_138' title='bbox 1614 1907 1756 1959; x_wconf 81' lang='lat' dir='ltr'><strong>solus</strong></span> <span class='ocrx_word' id='word_1_139' title='bbox 1778 1905 1845 1956; x_wconf 83' lang='lat' dir='ltr'><strong>ti-</strong></span> 
     </span>
    </p>
   </div>
   <div class='ocr_carea' id='block_1_18' title="bbox 222 1995 1849 2069">
    <p class='ocr_par' dir='ltr' id='par_1_18' title="bbox 222 1995 1849 2069">
     <span class='ocr_line' id='line_1_18' title="bbox 222 1995 1849 2069; baseline 0.001 -20"><span class='ocrx_word' id='word_1_140' title='bbox 222 1998 434 2051; x_wconf 77' lang='lat' dir='ltr'><strong>mendus</strong></span> <span class='ocrx_word' id='word_1_141' title='bbox 460 1995 755 2052; x_wconf 74' lang='lat' dir='ltr'><strong>est.-—Sed</strong></span> <span class='ocrx_word' id='word_1_142' title='bbox 787 1998 926 2050; x_wconf 87' lang='lat' dir='ltr'><strong>mala</strong></span> <span class='ocrx_word' id='word_1_143' title='bbox 944 1997 1114 2051; x_wconf 81' lang='lat' dir='ltr'><strong>bestia</strong></span> <span class='ocrx_word' id='word_1_144' title='bbox 1137 1997 1405 2061; x_wconf 85' lang='lat' dir='ltr'><strong>diabolus,</strong></span> <span class='ocrx_word' id='word_1_145' title='bbox 1436 2007 1493 2051; x_wconf 81' lang='grc' dir='ltr'><strong>ιιι</strong></span> <span class='ocrx_word' id='word_1_146' title='bbox 1511 1998 1745 2069; x_wconf 84' lang='lat' dir='ltr'><strong>primum</strong></span> <span class='ocrx_word' id='word_1_147' title='bbox 1772 2000 1849 2050; x_wconf 71' lang='lat' dir='ltr'><strong>ri-</strong></span> 
     </span>
    </p>
   </div>
   <div class='ocr_carea' id='block_1_19' title="bbox 218 2086 1848 2158">
    <p class='ocr_par' dir='ltr' id='par_1_19' title="bbox 218 2086 1848 2158">
     <span class='ocr_line' id='line_1_19' title="bbox 218 2086 1848 2158; baseline 0.004 -20"><span class='ocrx_word' id='word_1_148' title='bbox 218 2086 295 2139; x_wconf 89' lang='lat' dir='ltr'><strong>dit</strong></span> <span class='ocrx_word' id='word_1_149' title='bbox 318 2087 531 2155; x_wconf 87' lang='lat' dir='ltr'><strong>justum</strong></span> <span class='ocrx_word' id='word_1_150' title='bbox 566 2096 778 2156; x_wconf 83' lang='lat' dir='ltr'><strong>gratum</strong></span> <span class='ocrx_word' id='word_1_151' title='bbox 813 2101 954 2152; x_wconf 87' lang='lat' dir='ltr'><strong>esse,</strong></span> <span class='ocrx_word' id='word_1_152' title='bbox 990 2096 1044 2141; x_wconf 88' lang='lat' dir='ltr'><strong>et</strong></span> <span class='ocrx_word' id='word_1_153' title='bbox 1090 2101 1185 2157; x_wconf 90' lang='lat' dir='ltr'><strong>per</strong></span> <span class='ocrx_word' id='word_1_154' title='bbox 1213 2102 1275 2142; x_wconf 88' lang='lat' dir='ltr'><strong>ea</strong></span> <span class='ocrx_word' id='word_1_155' title='bbox 1304 2103 1425 2157; x_wconf 71' lang='lat' dir='ltr'><strong>quae</strong></span> <span class='ocrx_word' id='word_1_156' title='bbox 1456 2098 1710 2158; x_wconf 87' lang='lat' dir='ltr'><strong>putantur</strong></span> <span class='ocrx_word' id='word_1_157' title='bbox 1725 2103 1848 2144; x_wconf 86' lang='lat' dir='ltr'><strong>esse</strong></span> 
     </span>
    </p>
   </div>
   <div class='ocr_carea' id='block_1_20' title="bbox 220 2176 1845 2246">
    <p class='ocr_par' dir='ltr' id='par_1_20' title="bbox 220 2176 1845 2246">
     <span class='ocr_line' id='line_1_20' title="bbox 220 2176 1845 2246; baseline 0.002 -14"><span class='ocrx_word' id='word_1_158' title='bbox 220 2177 441 2233; x_wconf 87' lang='lat' dir='ltr'><strong>adversa</strong></span> <span class='ocrx_word' id='word_1_159' title='bbox 476 2180 767 2233; x_wconf 84' lang='lat' dir='ltr'><strong>clariorem</strong></span> <span class='ocrx_word' id='word_1_160' title='bbox 810 2177 950 2246; x_wconf 86' lang='lat' dir='ltr'><strong>fieri,</strong></span> <span class='ocrx_word' id='word_1_161' title='bbox 994 2176 1175 2234; x_wconf 86' lang='lat' dir='ltr'><strong>fremit</strong></span> <span class='ocrx_word' id='word_1_162' title='bbox 1202 2178 1456 2234; x_wconf 87' lang='lat' dir='ltr'><strong>dentibus</strong></span> <span class='ocrx_word' id='word_1_163' title='bbox 1499 2188 1554 2233; x_wconf 90' lang='lat' dir='ltr'><strong>et</strong></span> <span class='ocrx_word' id='word_1_164' title='bbox 1598 2179 1845 2235; x_wconf 83' lang='lat' dir='ltr'><strong>insanit:</strong></span> 
     </span>
    </p>
   </div>
   <div class='ocr_carea' id='block_1_21' title="bbox 223 2271 1848 2343">
    <p class='ocr_par' dir='ltr' id='par_1_21' title="bbox 223 2271 1848 2343">
     <span class='ocr_line' id='line_1_21' title="bbox 223 2271 1848 2343; baseline 0.002 -18"><span class='ocrx_word' id='word_1_165' title='bbox 223 2286 394 2342; x_wconf 87' lang='lat' dir='ltr'><strong>neque</strong></span> <span class='ocrx_word' id='word_1_166' title='bbox 421 2271 616 2327; x_wconf 88' lang='lat' dir='ltr'><strong>videre</strong></span> <span class='ocrx_word' id='word_1_167' title='bbox 662 2281 834 2341; x_wconf 85' lang='lat' dir='ltr'><strong>potest</strong></span> <span class='ocrx_word' id='word_1_168' title='bbox 855 2271 1058 2339; x_wconf 84' lang='lat' dir='ltr'><strong>justum</strong></span> <span class='ocrx_word' id='word_1_169' title='bbox 1082 2272 1320 2342; x_wconf 84' lang='lat' dir='ltr'><strong>quotidie</strong></span> <span class='ocrx_word' id='word_1_170' title='bbox 1358 2273 1527 2342; x_wconf 84' lang='lat' dir='ltr'><strong>magis</strong></span> <span class='ocrx_word' id='word_1_171' title='bbox 1571 2286 1635 2327; x_wconf 89' lang='lat' dir='ltr'><strong>ac</strong></span> <span class='ocrx_word' id='word_1_172' title='bbox 1677 2273 1848 2343; x_wconf 83' lang='lat' dir='ltr'><strong>magis</strong></span> 
     </span>
    </p>
   </div>
   <div class='ocr_carea' id='block_1_22' title="bbox 220 2362 1846 2435">
    <p class='ocr_par' dir='ltr' id='par_1_22' title="bbox 220 2362 1846 2435">
     <span class='ocr_line' id='line_1_22' title="bbox 220 2362 1846 2435; baseline 0.002 -22"><span class='ocrx_word' id='word_1_173' title='bbox 220 2363 547 2427; x_wconf 70' lang='lat' dir='ltr'><strong>clarescere,</strong></span> <span class='ocrx_word' id='word_1_174' title='bbox 576 2362 672 2419; x_wconf 84' lang='lat' dir='ltr'><strong>sed</strong></span> <span class='ocrx_word' id='word_1_175' title='bbox 705 2363 1027 2433; x_wconf 79' lang='lat' dir='ltr'><strong>profundum</strong></span> <span class='ocrx_word' id='word_1_176' title='bbox 1054 2364 1365 2418; x_wconf 88' lang='lat' dir='ltr'><strong>barathrum</strong></span> <span class='ocrx_word' id='word_1_177' title='bbox 1388 2363 1592 2430; x_wconf 82' lang='lat' dir='ltr'><strong>ell‘odit,</strong></span> <span class='ocrx_word' id='word_1_178' title='bbox 1624 2374 1678 2419; x_wconf 91' lang='lat' dir='ltr'><strong>et</strong></span> <span class='ocrx_word' id='word_1_179' title='bbox 1701 2381 1846 2435; x_wconf 79' lang='lat' dir='ltr'><strong>pra:-</strong></span> 
     </span>
    </p>
   </div>
   <div class='ocr_carea' id='block_1_23' title="bbox 222 2454 1844 2524">
    <p class='ocr_par' dir='ltr' id='par_1_23' title="bbox 222 2454 1844 2524">
     <span class='ocr_line' id='line_1_23' title="bbox 222 2454 1844 2524; baseline 0.003 -19"><span class='ocrx_word' id='word_1_180' title='bbox 222 2454 460 2522; x_wconf 82' lang='lat' dir='ltr'><strong>cipilium</strong></span> <span class='ocrx_word' id='word_1_181' title='bbox 510 2464 697 2523; x_wconf 88' lang='lat' dir='ltr'><strong>parat,</strong></span> <span class='ocrx_word' id='word_1_182' title='bbox 751 2470 859 2524; x_wconf 91' lang='lat' dir='ltr'><strong>quo</strong></span> <span class='ocrx_word' id='word_1_183' title='bbox 910 2456 1056 2509; x_wconf 82' lang='lat' dir='ltr'><strong>illum</strong></span> <span class='ocrx_word' id='word_1_184' title='bbox 1109 2456 1366 2521; x_wconf 75' lang='lat' dir='ltr'><strong>niaximo,</strong></span> <span class='ocrx_word' id='word_1_185' title='bbox 1421 2464 1477 2510; x_wconf 87' lang='lat' dir='ltr'><strong>ut</strong></span> <span class='ocrx_word' id='word_1_186' title='bbox 1528 2456 1844 2523; x_wconf 81' lang='lat' dir='ltr'><strong>arbitratur,</strong></span> 
     </span>
    </p>
   </div>
   <div class='ocr_carea' id='block_1_24' title="bbox 221 2541 1849 2617">
    <p class='ocr_par' dir='ltr' id='par_1_24' title="bbox 221 2541 1849 2617">
     <span class='ocr_line' id='line_1_24' title="bbox 221 2541 1849 2617; baseline 0.001 -20"><span class='ocrx_word' id='word_1_187' title='bbox 221 2541 415 2597; x_wconf 84' lang='lat' dir='ltr'><strong>damno</strong></span> <span class='ocrx_word' id='word_1_188' title='bbox 441 2542 678 2608; x_wconf 81' lang='lat' dir='ltr'><strong>alliciat;</strong></span> <span class='ocrx_word' id='word_1_189' title='bbox 711 2553 765 2598; x_wconf 92' lang='lat' dir='ltr'><strong>et</strong></span> <span class='ocrx_word' id='word_1_190' title='bbox 804 2554 1180 2615; x_wconf 79' lang='lat' dir='ltr'><strong>tempestatem</strong></span> <span class='ocrx_word' id='word_1_191' title='bbox 1236 2547 1472 2610; x_wconf 78' lang='lat' dir='ltr'><strong>excitat,</strong></span> <span class='ocrx_word' id='word_1_192' title='bbox 1516 2562 1634 2617; x_wconf 78' lang='lat' dir='ltr'><strong>qua:</strong></span> <span class='ocrx_word' id='word_1_193' title='bbox 1680 2547 1849 2617; x_wconf 89' lang='lat' dir='ltr'><strong>possit</strong></span> 
     </span>
    </p>
   </div>
   <div class='ocr_carea' id='block_1_25' title="bbox 224 2634 1845 2708">
    <p class='ocr_par' dir='ltr' id='par_1_25' title="bbox 224 2634 1845 2708">
     <span class='ocr_line' id='line_1_25' title="bbox 224 2634 1845 2708; baseline 0.006 -24"><span class='ocrx_word' id='word_1_194' title='bbox 224 2634 518 2690; x_wconf 69' lang='lat' dir='ltr'><strong>violentum</strong></span> <span class='ocrx_word' id='word_1_195' title='bbox 564 2635 665 2707; x_wconf 87' lang='lat' dir='ltr'><strong>ipsi</strong></span> <span class='ocrx_word' id='word_1_196' title='bbox 710 2637 1048 2707; x_wconf 80' lang='lat' dir='ltr'><strong>naufragium</strong></span> <span class='ocrx_word' id='word_1_197' title='bbox 1080 2653 1274 2708; x_wconf 85' lang='lat' dir='ltr'><strong>parere</strong></span> <span class='ocrx_word' id='word_1_198' title='bbox 1313 2657 1327 2693; x_wconf 90' lang='lat'><strong>:</strong></span> <span class='ocrx_word' id='word_1_199' title='bbox 1369 2640 1466 2695; x_wconf 89' lang='lat' dir='ltr'><strong>sed</strong></span> <span class='ocrx_word' id='word_1_200' title='bbox 1507 2640 1694 2695; x_wconf 82' lang='lat' dir='ltr'><strong>didicit</strong></span> <span class='ocrx_word' id='word_1_201' title='bbox 1738 2655 1845 2695; x_wconf 90' lang='lat' dir='ltr'><strong>non</strong></span> 
     </span>
    </p>
   </div>
   <div class='ocr_carea' id='block_1_26' title="bbox 224 2728 1843 2801">
    <p class='ocr_par' dir='ltr' id='par_1_26' title="bbox 224 2728 1843 2801">
     <span class='ocr_line' id='line_1_26' title="bbox 224 2728 1843 2801; baseline 0.001 -18"><span class='ocrx_word' id='word_1_202' title='bbox 224 2739 339 2795; x_wconf 82' lang='lat' dir='ltr'><strong>post</strong></span> <span class='ocrx_word' id='word_1_203' title='bbox 371 2728 598 2800; x_wconf 82' lang='lat' dir='ltr'><strong>longum</strong></span> <span class='ocrx_word' id='word_1_204' title='bbox 631 2740 863 2799; x_wconf 86' lang='lat' dir='ltr'><strong>tempus,</strong></span> <span class='ocrx_word' id='word_1_205' title='bbox 894 2745 956 2786; x_wconf 90' lang='lat' dir='ltr'><strong>se</strong></span> <span class='ocrx_word' id='word_1_206' title='bbox 984 2742 1171 2786; x_wconf 88' lang='lat' dir='ltr'><strong>contra</strong></span> <span class='ocrx_word' id='word_1_207' title='bbox 1211 2732 1489 2787; x_wconf 86' lang='lat' dir='ltr'><strong>stimulum</strong></span> <span class='ocrx_word' id='word_1_208' title='bbox 1538 2734 1843 2801; x_wconf 64' lang='lat' dir='ltr'><strong>calcitrat-0,</strong></span> 
     </span>
    </p>
   </div>
   <div class='ocr_carea' id='block_1_27' title="bbox 222 2818 1843 2894">
    <p class='ocr_par' dir='ltr' id='par_1_27' title="bbox 222 2818 1843 2894">
     <span class='ocr_line' id='line_1_27' title="bbox 222 2818 1843 2894; baseline 0.004 -22"><span class='ocrx_word' id='word_1_209' title='bbox 222 2829 273 2872; x_wconf 92' lang='lat' dir='ltr'><strong>et</strong></span> <span class='ocrx_word' id='word_1_210' title='bbox 296 2828 488 2874; x_wconf 85' lang='lat' dir='ltr'><strong>contra</strong></span> <span class='ocrx_word' id='word_1_211' title='bbox 530 2835 689 2873; x_wconf 88' lang='lat' dir='ltr'><strong>suum</strong></span> <span class='ocrx_word' id='word_1_212' title='bbox 716 2830 877 2888; x_wconf 83' lang='lat' dir='ltr'><strong>eaput</strong></span> <span class='ocrx_word' id='word_1_213' title='bbox 906 2823 1120 2891; x_wconf 86' lang='lat' dir='ltr'><strong>operari</strong></span> <span class='ocrx_word' id='word_1_214' title='bbox 1150 2824 1351 2878; x_wconf 86' lang='lat' dir='ltr'><strong>omnia.</strong></span> <span class='ocrx_word' id='word_1_215' title='bbox 1396 2823 1464 2878; x_wconf 85' lang='lat' dir='ltr'><strong>Et</strong></span> <span class='ocrx_word' id='word_1_216' title='bbox 1489 2818 1598 2879; x_wconf 82' lang='lat' dir='ltr'><strong>erat</strong></span> <span class='ocrx_word' id='word_1_217' title='bbox 1626 2824 1843 2894; x_wconf 69' lang='lat' dir='ltr'><strong>Joseplt,</strong></span> 
     </span>
    </p>
   </div>
   <div class='ocr_carea' id='block_1_28' title="bbox 217 2909 1847 2984">
    <p class='ocr_par' dir='ltr' id='par_1_28' title="bbox 217 2909 1847 2984">
     <span class='ocr_line' id='line_1_28' title="bbox 217 2909 1847 2984; baseline 0.006 -21"><span class='ocrx_word' id='word_1_218' title='bbox 217 2909 410 2980; x_wconf 86' lang='lat' dir='ltr'><strong>inquit,</strong></span> <span class='ocrx_word' id='word_1_219' title='bbox 443 2911 658 2980; x_wconf 78' lang='lat' dir='ltr'><strong>pulcher</strong></span> <span class='ocrx_word' id='word_1_220' title='bbox 687 2912 871 2981; x_wconf 77' lang='lat' dir='ltr'><strong>specie,</strong></span> <span class='ocrx_word' id='word_1_221' title='bbox 900 2922 947 2967; x_wconf 85' lang='lat' dir='ltr'><strong>et</strong></span> <span class='ocrx_word' id='word_1_222' title='bbox 978 2916 1235 2984; x_wconf 73' lang='lat' dir='ltr'><strong>formosus</strong></span> <span class='ocrx_word' id='word_1_223' title='bbox 1260 2926 1487 2982; x_wconf 80' lang='lat' dir='ltr'><strong>aspectu.</strong></span> <span class='ocrx_word' id='word_1_224' title='bbox 1523 2916 1701 2984; x_wconf 85' lang='lat' dir='ltr'><strong>Quare</strong></span> <span class='ocrx_word' id='word_1_225' title='bbox 1743 2932 1847 2972; x_wconf 84' lang='lat' dir='ltr'><strong>no-</strong></span> 
     </span>
    </p>
   </div>
   <div class='ocr_carea' id='block_1_29' title="bbox 225 3001 1846 3072">
    <p class='ocr_par' dir='ltr' id='par_1_29' title="bbox 225 3001 1846 3072">
     <span class='ocr_line' id='line_1_29' title="bbox 225 3001 1846 3072; baseline 0.005 -18"><span class='ocrx_word' id='word_1_226' title='bbox 225 3001 302 3056; x_wconf 86' lang='lat' dir='ltr'><strong>bis</strong></span> <span class='ocrx_word' id='word_1_227' title='bbox 329 3005 581 3071; x_wconf 86' lang='lat' dir='ltr'><strong>corporis</strong></span> <span class='ocrx_word' id='word_1_228' title='bbox 613 3004 1066 3072; x_wconf 82' lang='lat' dir='ltr'><strong>pulchritudinem</strong></span> <span class='ocrx_word' id='word_1_229' title='bbox 1091 3008 1312 3060; x_wconf 85' lang='lat' dir='ltr'><strong>narrat?</strong></span> <span class='ocrx_word' id='word_1_230' title='bbox 1333 3006 1402 3063; x_wconf 90' lang='lat' dir='ltr'><strong>Ut</strong></span> <span class='ocrx_word' id='word_1_231' title='bbox 1424 3008 1696 3063; x_wconf 87' lang='lat' dir='ltr'><strong>discamus</strong></span> <span class='ocrx_word' id='word_1_232' title='bbox 1722 3024 1846 3063; x_wconf 91' lang='lat' dir='ltr'><strong>eum</strong></span> 
     </span>
    </p>
   </div>
   <div class='ocr_carea' id='block_1_30' title="bbox 225 3096 1846 3171">
    <p class='ocr_par' dir='ltr' id='par_1_30' title="bbox 225 3096 1846 3171">
     <span class='ocr_line' id='line_1_30' title="bbox 225 3096 1846 3171; baseline 0.006 -23"><span class='ocrx_word' id='word_1_233' title='bbox 225 3110 328 3150; x_wconf 88' lang='lat' dir='ltr'><strong>non</strong></span> <span class='ocrx_word' id='word_1_234' title='bbox 357 3096 540 3151; x_wconf 85' lang='lat' dir='ltr'><strong>solum</strong></span> <span class='ocrx_word' id='word_1_235' title='bbox 563 3098 739 3150; x_wconf 77' lang='lat' dir='ltr'><strong>anima</strong></span> <span class='ocrx_word' id='word_1_236' title='bbox 773 3098 1054 3167; x_wconf 87' lang='lat' dir='ltr'><strong>pulchrum</strong></span> <span class='ocrx_word' id='word_1_237' title='bbox 1079 3098 1267 3164; x_wconf 87' lang='lat' dir='ltr'><strong>fuisse,</strong></span> <span class='ocrx_word' id='word_1_238' title='bbox 1297 3100 1391 3155; x_wconf 89' lang='lat' dir='ltr'><strong>sed</strong></span> <span class='ocrx_word' id='word_1_239' title='bbox 1431 3110 1484 3155; x_wconf 91' lang='lat' dir='ltr'><strong>et</strong></span> <span class='ocrx_word' id='word_1_240' title='bbox 1504 3117 1752 3171; x_wconf 85' lang='lat' dir='ltr'><strong>corpore.</strong></span> <span class='ocrx_word' id='word_1_241' title='bbox 1790 3102 1846 3157; x_wconf 93' lang='lat' dir='ltr'><strong>ln</strong></span> 
     </span>
    </p>
   </div>
   <div class='ocr_carea' id='block_1_31' title="bbox 225 3186 1849 3260">
    <p class='ocr_par' dir='ltr' id='par_1_31' title="bbox 225 3186 1849 3260">
     <span class='ocr_line' id='line_1_31' title="bbox 225 3186 1849 3260; baseline 0.006 -22"><span class='ocrx_word' id='word_1_242' title='bbox 225 3186 339 3253; x_wconf 81' lang='lat' dir='ltr'><strong>ipso</strong></span> <span class='ocrx_word' id='word_1_243' title='bbox 367 3186 518 3241; x_wconf 91' lang='lat' dir='ltr'><strong>enim</strong></span> <span class='ocrx_word' id='word_1_244' title='bbox 548 3186 683 3242; x_wconf 84' lang='lat' dir='ltr'><strong>llore</strong></span> <span class='ocrx_word' id='word_1_245' title='bbox 711 3189 888 3242; x_wconf 64' lang='lat' dir='ltr'><strong>aetatis</strong></span> <span class='ocrx_word' id='word_1_246' title='bbox 910 3200 1063 3244; x_wconf 87' lang='lat' dir='ltr'><strong>erat:</strong></span> <span class='ocrx_word' id='word_1_247' title='bbox 1088 3189 1305 3260; x_wconf 90' lang='lat' dir='ltr'><strong>juvenis</strong></span> <span class='ocrx_word' id='word_1_248' title='bbox 1347 3202 1484 3258; x_wconf 88' lang='lat' dir='ltr'><strong>erat,</strong></span> <span class='ocrx_word' id='word_1_249' title='bbox 1519 3202 1574 3248; x_wconf 90' lang='lat' dir='ltr'><strong>et</strong></span> <span class='ocrx_word' id='word_1_250' title='bbox 1620 3194 1849 3248; x_wconf 78' lang='lat' dir='ltr'><strong>Pulcher</strong></span> 
     </span>
    </p>
   </div>
   <div class='ocr_carea' id='block_1_32' title="bbox 222 3276 1848 3353">
    <p class='ocr_par' dir='ltr' id='par_1_32' title="bbox 222 3276 1848 3353">
     <span class='ocr_line' id='line_1_32' title="bbox 222 3276 1848 3353; baseline 0.009 -25"><span class='ocrx_word' id='word_1_251' title='bbox 222 3277 407 3340; x_wconf 69' lang='lat' dir='ltr'><strong>specie,</strong></span> <span class='ocrx_word' id='word_1_252' title='bbox 441 3286 489 3329; x_wconf 86' lang='lat' dir='ltr'><strong>et</strong></span> <span class='ocrx_word' id='word_1_253' title='bbox 511 3276 765 3346; x_wconf 77' lang='lat' dir='ltr'><strong>formosus</strong></span> <span class='ocrx_word' id='word_1_254' title='bbox 790 3280 945 3349; x_wconf 76' lang='lat' dir='ltr'><strong>facie.</strong></span> <span class='ocrx_word' id='word_1_255' title='bbox 970 3280 1097 3336; x_wconf 77' lang='lat' dir='ltr'><strong>lla-.c</strong></span> <span class='ocrx_word' id='word_1_256' title='bbox 1126 3292 1305 3336; x_wconf 87' lang='lat' dir='ltr'><strong>autem</strong></span> <span class='ocrx_word' id='word_1_257' title='bbox 1338 3284 1486 3353; x_wconf 91' lang='lat' dir='ltr'><strong>prius</strong></span> <span class='ocrx_word' id='word_1_258' title='bbox 1514 3288 1754 3341; x_wconf 87' lang='lat' dir='ltr'><strong>narravit</strong></span> <span class='ocrx_word' id='word_1_259' title='bbox 1776 3286 1848 3341; x_wconf 89' lang='lat' dir='ltr'><strong>de</strong></span> 
     </span>
    </p>
   </div>
   <div class='ocr_carea' id='block_1_33' title="bbox 224 3367 1848 3445">
    <p class='ocr_par' dir='ltr' id='par_1_33' title="bbox 224 3367 1848 3445">
     <span class='ocr_line' id='line_1_33' title="bbox 224 3367 1848 3445; baseline 0.01 -29"><span class='ocrx_word' id='word_1_260' title='bbox 224 3383 288 3419; x_wconf 74' lang='lat' dir='ltr'><strong>eo</strong></span> <span class='ocrx_word' id='word_1_261' title='bbox 311 3367 618 3436; x_wconf 88' lang='lat' dir='ltr'><strong>Scriptura,</strong></span> <span class='ocrx_word' id='word_1_262' title='bbox 669 3379 727 3423; x_wconf 93' lang='lat' dir='ltr'><strong>ut</strong></span> <span class='ocrx_word' id='word_1_263' title='bbox 770 3370 964 3425; x_wconf 87' lang='lat' dir='ltr'><strong>doceat</strong></span> <span class='ocrx_word' id='word_1_264' title='bbox 995 3389 1092 3426; x_wconf 90' lang='lat' dir='ltr'><strong>nos</strong></span> <span class='ocrx_word' id='word_1_265' title='bbox 1128 3372 1439 3445; x_wconf 61' lang='lat' dir='ltr'><strong>ngyptiam</strong></span> <span class='ocrx_word' id='word_1_266' title='bbox 1485 3377 1848 3433; x_wconf 81' lang='lat' dir='ltr'><strong>adolescentis</strong></span> 
     </span>
    </p>
   </div>
   <div class='ocr_carea' id='block_1_34' title="bbox 227 3457 1843 3529">
    <p class='ocr_par' dir='ltr' id='par_1_34' title="bbox 227 3457 1843 3529">
     <span class='ocr_line' id='line_1_34' title="bbox 227 3457 1843 3529; baseline 0.011 -21"><span class='ocrx_word' id='word_1_267' title='bbox 227 3457 625 3525; x_wconf 87' lang='lat' dir='ltr'><strong>pulchritudine</strong></span> <span class='ocrx_word' id='word_1_268' title='bbox 648 3473 860 3529; x_wconf 87' lang='lat' dir='ltr'><strong>captam</strong></span> <span class='ocrx_word' id='word_1_269' title='bbox 886 3462 952 3516; x_wconf 87' lang='lat' dir='ltr'><strong>ad</strong></span> <span class='ocrx_word' id='word_1_270' title='bbox 983 3464 1224 3519; x_wconf 82' lang='lat' dir='ltr'><strong>illicitum</strong></span> <span class='ocrx_word' id='word_1_271' title='bbox 1245 3481 1367 3520; x_wconf 93' lang='lat' dir='ltr'><strong>eum</strong></span> <span class='ocrx_word' id='word_1_272' title='bbox 1396 3469 1739 3523; x_wconf 89' lang='lat' dir='ltr'><strong>concubitum</strong></span> <span class='ocrx_word' id='word_1_273' title='bbox 1765 3471 1843 3525; x_wconf 88' lang='lat' dir='ltr'><strong>in-</strong></span> 
     </span>
    </p>
   </div>
   <div class='ocr_carea' id='block_1_35' title="bbox 223 3550 1849 3626">
    <p class='ocr_par' dir='ltr' id='par_1_35' title="bbox 223 3550 1849 3626">
     <span class='ocr_line' id='line_1_35' title="bbox 223 3550 1849 3626; baseline 0.009 -25"><span class='ocrx_word' id='word_1_274' title='bbox 223 3551 439 3605; x_wconf 76' lang='lat' dir='ltr'><strong>citasse.</strong></span> <span class='ocrx_word' id='word_1_275' title='bbox 472 3552 527 3607; x_wconf 87' lang='lat'><strong>7.</strong></span> <span class='ocrx_word' id='word_1_276' title='bbox 557 3550 624 3605; x_wconf 83' lang='lat' dir='ltr'><strong>Et</strong></span> <span class='ocrx_word' id='word_1_277' title='bbox 644 3553 837 3620; x_wconf 75' lang='lat' dir='ltr'><strong>factum</strong></span> <span class='ocrx_word' id='word_1_278' title='bbox 864 3565 939 3609; x_wconf 75' lang='lat' dir='ltr'><strong>est</strong></span> <span class='ocrx_word' id='word_1_279' title='bbox 960 3566 1074 3626; x_wconf 72' lang='lat' dir='ltr'><strong>post</strong></span> <span class='ocrx_word' id='word_1_280' title='bbox 1103 3556 1231 3611; x_wconf 76' lang='lat' dir='ltr'><strong>lucc.</strong></span> <span class='ocrx_word' id='word_1_281' title='bbox 1256 3560 1393 3624; x_wconf 84' lang='lat' dir='ltr'><strong>Quid</strong></span> <span class='ocrx_word' id='word_1_282' title='bbox 1420 3569 1522 3623; x_wconf 88' lang='lat' dir='ltr'><strong>est,</strong></span> <span class='ocrx_word' id='word_1_283' title='bbox 1547 3560 1673 3615; x_wconf 73' lang='lat' dir='ltr'><strong>Post</strong></span> <span class='ocrx_word' id='word_1_284' title='bbox 1699 3563 1806 3617; x_wconf 72' lang='lat' dir='ltr'><strong>hate</strong></span> <span class='ocrx_word' id='word_1_285' title='bbox 1824 3565 1849 3616; x_wconf 86' lang='lat'><strong><em>?</em></strong></span> 
     </span>
    </p>
   </div>
   <div class='ocr_carea' id='block_1_36' title="bbox 228 3640 1847 3722">
    <p class='ocr_par' dir='ltr' id='par_1_36' title="bbox 228 3640 1847 3722">
     <span class='ocr_line' id='line_1_36' title="bbox 228 3640 1847 3722; baseline 0.01 -31"><span class='ocrx_word' id='word_1_286' title='bbox 228 3640 521 3711; x_wconf 76' lang='lat' dir='ltr'><strong>Postquam</strong></span> <span class='ocrx_word' id='word_1_287' title='bbox 552 3643 602 3696; x_wconf 90' lang='lat' dir='ltr'><strong>ei</strong></span> <span class='ocrx_word' id='word_1_288' title='bbox 633 3645 942 3700; x_wconf 85' lang='lat' dir='ltr'><strong>concredita</strong></span> <span class='ocrx_word' id='word_1_289' title='bbox 974 3657 1215 3716; x_wconf 84' lang='lat' dir='ltr'><strong>potestas</strong></span> <span class='ocrx_word' id='word_1_290' title='bbox 1255 3651 1419 3705; x_wconf 85' lang='lat' dir='ltr'><strong>totius</strong></span> <span class='ocrx_word' id='word_1_291' title='bbox 1447 3651 1663 3715; x_wconf 89' lang='lat' dir='ltr'><strong>domus,</strong></span> <span class='ocrx_word' id='word_1_292' title='bbox 1698 3664 1847 3722; x_wconf 87' lang='lat' dir='ltr'><strong>post-</strong></span> 
     </span>
    </p>
   </div>
   <div class='ocr_carea' id='block_1_37' title="bbox 227 3736 1845 3815">
    <p class='ocr_par' dir='ltr' id='par_1_37' title="bbox 227 3736 1845 3815">
     <span class='ocr_line' id='line_1_37' title="bbox 227 3736 1845 3815; baseline 0.011 -34"><span class='ocrx_word' id='word_1_293' title='bbox 227 3748 385 3796; x_wconf 79' lang='lat' dir='ltr'><strong>quam</strong></span> <span class='ocrx_word' id='word_1_294' title='bbox 418 3743 631 3788; x_wconf 84' lang='lat' dir='ltr'><strong>tantum</strong></span> <span class='ocrx_word' id='word_1_295' title='bbox 660 3736 920 3790; x_wconf 89' lang='lat' dir='ltr'><strong>honorem</strong></span> <span class='ocrx_word' id='word_1_296' title='bbox 941 3752 972 3791; x_wconf 91' lang='lat' dir='ltr'><strong>a</strong></span> <span class='ocrx_word' id='word_1_297' title='bbox 996 3738 1216 3793; x_wconf 89' lang='lat' dir='ltr'><strong>domino</strong></span> <span class='ocrx_word' id='word_1_298' title='bbox 1236 3756 1335 3793; x_wconf 90' lang='lat' dir='ltr'><strong>suo</strong></span> <span class='ocrx_word' id='word_1_299' title='bbox 1355 3754 1718 3813; x_wconf 86' lang='lat' dir='ltr'><strong>consequutus</strong></span> <span class='ocrx_word' id='word_1_300' title='bbox 1741 3756 1845 3815; x_wconf 74' lang='lat' dir='ltr'><strong>est,</strong></span> 
     </span>
    </p>
   </div>
   <div class='ocr_carea' id='block_1_38' title="bbox 228 3821 1848 3908">
    <p class='ocr_par' dir='ltr' id='par_1_38' title="bbox 228 3821 1848 3908">
     <span class='ocr_line' id='line_1_38' title="bbox 228 3821 1848 3908; baseline 0.011 -35"><span class='ocrx_word' id='word_1_301' title='bbox 228 3821 408 3894; x_wconf 78' lang='lat' dir='ltr'><strong>lujecit</strong></span> <span class='ocrx_word' id='word_1_302' title='bbox 458 3841 592 3908; x_wconf 70' lang='lat' dir='ltr'><strong>uxor</strong></span> <span class='ocrx_word' id='word_1_303' title='bbox 629 3826 825 3880; x_wconf 81' lang='lat' dir='ltr'><strong>domini</strong></span> <span class='ocrx_word' id='word_1_304' title='bbox 866 3829 946 3881; x_wconf 74' lang='lat' dir='ltr'><strong>sui</strong></span> <span class='ocrx_word' id='word_1_305' title='bbox 992 3831 1165 3884; x_wconf 79' lang='lat' dir='ltr'><strong>oculos</strong></span> <span class='ocrx_word' id='word_1_306' title='bbox 1209 3849 1329 3886; x_wconf 76' lang='lat' dir='ltr'><strong>suos</strong></span> <span class='ocrx_word' id='word_1_307' title='bbox 1366 3834 1420 3887; x_wconf 87' lang='lat' dir='ltr'><strong>in</strong></span> <span class='ocrx_word' id='word_1_308' title='bbox 1461 3832 1679 3904; x_wconf 72' lang='lat' dir='ltr'><strong>Ioseph.</strong></span> <span class='ocrx_word' id='word_1_309' title='bbox 1712 3836 1848 3891; x_wconf 80' lang='lat' dir='ltr'><strong>Vide</strong></span> 
     </span>
    </p>
   </div>
   <div class='ocr_carea' id='block_1_39' title="bbox 230 3915 1848 3985">
    <p class='ocr_par' dir='ltr' id='par_1_39' title="bbox 230 3915 1848 3985">
     <span class='ocr_line' id='line_1_39' title="bbox 230 3915 1848 3985; baseline 0.011 -18"><span class='ocrx_word' id='word_1_310' title='bbox 230 3915 694 3985; x_wconf 84' lang='lat' dir='ltr'><strong>intemperantiam</strong></span> <span class='ocrx_word' id='word_1_311' title='bbox 744 3920 955 3975; x_wconf 65' lang='lat' dir='ltr'><strong>lascivae</strong></span> <span class='ocrx_word' id='word_1_312' title='bbox 1013 3924 1278 3981; x_wconf 84' lang='lat' dir='ltr'><strong>mulieris.</strong></span> <span class='ocrx_word' id='word_1_313' title='bbox 1311 3924 1427 3980; x_wconf 83' lang='lat' dir='ltr'><strong>Non</strong></span> <span class='ocrx_word' id='word_1_314' title='bbox 1465 3928 1629 3981; x_wconf 89' lang='lat' dir='ltr'><strong>subiit</strong></span> <span class='ocrx_word' id='word_1_315' title='bbox 1669 3928 1743 3982; x_wconf 90' lang='lat' dir='ltr'><strong>illi</strong></span> <span class='ocrx_word' id='word_1_316' title='bbox 1794 3930 1848 3985; x_wconf 91' lang='lat' dir='ltr'><strong>in</strong></span> 
     </span>
    </p>
   </div>
   <div class='ocr_carea' id='block_1_40' title="bbox 229 4010 1849 4089">
    <p class='ocr_par' dir='ltr' id='par_1_40' title="bbox 229 4010 1849 4089">
     <span class='ocr_line' id='line_1_40' title="bbox 229 4010 1849 4089; baseline 0.009 -26"><span class='ocrx_word' id='word_1_317' title='bbox 229 4017 461 4064; x_wconf 87' lang='lat' dir='ltr'><strong>mentem</strong></span> <span class='ocrx_word' id='word_1_318' title='bbox 491 4025 553 4065; x_wconf 89' lang='lat' dir='ltr'><strong>se</strong></span> <span class='ocrx_word' id='word_1_319' title='bbox 584 4010 768 4067; x_wconf 86' lang='lat' dir='ltr'><strong>haberi</strong></span> <span class='ocrx_word' id='word_1_320' title='bbox 799 4013 1094 4081; x_wconf 85' lang='lat' dir='ltr'><strong>dominam,</strong></span> <span class='ocrx_word' id='word_1_321' title='bbox 1127 4032 1232 4071; x_wconf 92' lang='lat' dir='ltr'><strong>non</strong></span> <span class='ocrx_word' id='word_1_322' title='bbox 1262 4020 1512 4089; x_wconf 79' lang='lat' dir='ltr'><strong>cogitavit</strong></span> <span class='ocrx_word' id='word_1_323' title='bbox 1552 4019 1703 4075; x_wconf 91' lang='lat' dir='ltr'><strong>illum</strong></span> <span class='ocrx_word' id='word_1_324' title='bbox 1727 4037 1849 4078; x_wconf 86' lang='lat' dir='ltr'><strong>esse</strong></span> 
     </span>
    </p>
   </div>
   <div class='ocr_carea' id='block_1_41' title="bbox 231 4101 1849 4177">
    <p class='ocr_par' dir='ltr' id='par_1_41' title="bbox 231 4101 1849 4177">
     <span class='ocr_line' id='line_1_41' title="bbox 231 4101 1849 4177; baseline 0.012 -29"><span class='ocrx_word' id='word_1_325' title='bbox 231 4115 465 4165; x_wconf 76' lang='lat' dir='ltr'><strong>servum,</strong></span> <span class='ocrx_word' id='word_1_326' title='bbox 495 4101 593 4157; x_wconf 84' lang='lat' dir='ltr'><strong>sed</strong></span> <span class='ocrx_word' id='word_1_327' title='bbox 619 4118 649 4156; x_wconf 89' lang='lat' dir='ltr'><strong>a</strong></span> <span class='ocrx_word' id='word_1_328' title='bbox 682 4103 1015 4161; x_wconf 78' lang='lat' dir='ltr'><strong>formositate</strong></span> <span class='ocrx_word' id='word_1_329' title='bbox 1039 4118 1215 4177; x_wconf 86' lang='lat' dir='ltr'><strong>capta,</strong></span> <span class='ocrx_word' id='word_1_330' title='bbox 1236 4119 1292 4163; x_wconf 90' lang='lat' dir='ltr'><strong>et</strong></span> <span class='ocrx_word' id='word_1_331' title='bbox 1310 4110 1576 4167; x_wconf 80' lang='lat' dir='ltr'><strong>diabolica</strong></span> <span class='ocrx_word' id='word_1_332' title='bbox 1600 4114 1849 4168; x_wconf 87' lang='lat' dir='ltr'><strong>incendio</strong></span> 
     </span>
    </p>
   </div>
   <div class='ocr_carea' id='block_1_42' title="bbox 230 4194 1851 4269">
    <p class='ocr_par' dir='ltr' id='par_1_42' title="bbox 230 4194 1851 4269">
     <span class='ocr_line' id='line_1_42' title="bbox 230 4194 1851 4269; baseline 0.012 -26"><span class='ocrx_word' id='word_1_333' title='bbox 230 4202 505 4262; x_wconf 83' lang='lat' dir='ltr'><strong>suscepto,</strong></span> <span class='ocrx_word' id='word_1_334' title='bbox 534 4194 586 4248; x_wconf 90' lang='lat' dir='ltr'><strong>in</strong></span> <span class='ocrx_word' id='word_1_335' title='bbox 627 4194 876 4265; x_wconf 88' lang='lat' dir='ltr'><strong>juvenem</strong></span> <span class='ocrx_word' id='word_1_336' title='bbox 907 4204 1111 4269; x_wconf 87' lang='lat' dir='ltr'><strong>postea</strong></span> <span class='ocrx_word' id='word_1_337' title='bbox 1134 4200 1341 4257; x_wconf 84' lang='lat' dir='ltr'><strong>insilire</strong></span> <span class='ocrx_word' id='word_1_338' title='bbox 1383 4213 1549 4258; x_wconf 87' lang='lat' dir='ltr'><strong>tentat</strong></span> <span class='ocrx_word' id='word_1_339' title='bbox 1577 4222 1591 4259; x_wconf 88' lang='lat'>:</span> <span class='ocrx_word' id='word_1_340' title='bbox 1624 4207 1851 4261; x_wconf 86' lang='lat' dir='ltr'><strong>malam-</strong></span> 
     </span>
    </p>
   </div>
   <div class='ocr_carea' id='block_1_43' title="bbox 230 4285 1847 4369">
    <p class='ocr_par' dir='ltr' id='par_1_43' title="bbox 230 4285 1847 4369">
     <span class='ocr_line' id='line_1_43' title="bbox 230 4285 1847 4369; baseline 0.012 -33"><span class='ocrx_word' id='word_1_341' title='bbox 230 4298 329 4351; x_wconf 87' lang='lat' dir='ltr'><strong>que</strong></span> <span class='ocrx_word' id='word_1_342' title='bbox 352 4285 501 4340; x_wconf 89' lang='lat' dir='ltr'><strong>illam</strong></span> <span class='ocrx_word' id='word_1_343' title='bbox 528 4289 909 4357; x_wconf 80' lang='lat' dir='ltr'><strong>cogitationem</strong></span> <span class='ocrx_word' id='word_1_344' title='bbox 938 4293 992 4347; x_wconf 89' lang='lat' dir='ltr'><strong>in</strong></span> <span class='ocrx_word' id='word_1_345' title='bbox 1024 4304 1205 4349; x_wconf 88' lang='lat' dir='ltr'><strong>mente</strong></span> <span class='ocrx_word' id='word_1_346' title='bbox 1231 4311 1475 4365; x_wconf 85' lang='lat' dir='ltr'><strong>servans,</strong></span> <span class='ocrx_word' id='word_1_347' title='bbox 1511 4306 1724 4369; x_wconf 88' lang='lat' dir='ltr'><strong>tempus</strong></span> <span class='ocrx_word' id='word_1_348' title='bbox 1760 4303 1847 4355; x_wconf 90' lang='lat' dir='ltr'><strong>in-</strong></span> 
     </span>
    </p>
   </div>
   <div class='ocr_carea' id='block_1_44' title="bbox 232 4377 1849 4461">
    <p class='ocr_par' dir='ltr' id='par_1_44' title="bbox 232 4377 1849 4461">
     <span class='ocr_line' id='line_1_44' title="bbox 232 4377 1849 4461; baseline 0.017 -38"><span class='ocrx_word' id='word_1_349' title='bbox 232 4377 479 4443; x_wconf 85' lang='lat' dir='ltr'><strong>quirebat</strong></span> <span class='ocrx_word' id='word_1_350' title='bbox 506 4387 563 4433; x_wconf 90' lang='lat' dir='ltr'><strong>et</strong></span> <span class='ocrx_word' id='word_1_351' title='bbox 589 4380 960 4449; x_wconf 86' lang='lat' dir='ltr'><strong>solitudinem,</strong></span> <span class='ocrx_word' id='word_1_352' title='bbox 984 4401 1104 4455; x_wconf 66' lang='lat' dir='ltr'><strong>qua:</strong></span> <span class='ocrx_word' id='word_1_353' title='bbox 1147 4399 1365 4456; x_wconf 77' lang='lat' dir='ltr'><strong>possent</strong></span> <span class='ocrx_word' id='word_1_354' title='bbox 1391 4391 1439 4445; x_wconf 90' lang='lat' dir='ltr'><strong>ci</strong></span> <span class='ocrx_word' id='word_1_355' title='bbox 1469 4394 1749 4461; x_wconf 89' lang='lat' dir='ltr'><strong>cooperari</strong></span> <span class='ocrx_word' id='word_1_356' title='bbox 1782 4395 1849 4451; x_wconf 89' lang='lat' dir='ltr'><strong>ad</strong></span> 
     </span>
    </p>
   </div>
   <div class='ocr_carea' id='block_1_45' title="bbox 234 4467 1850 4556">
    <p class='ocr_par' dir='ltr' id='par_1_45' title="bbox 234 4467 1850 4556">
     <span class='ocr_line' id='line_1_45' title="bbox 234 4467 1850 4556; baseline 0.017 -41"><span class='ocrx_word' id='word_1_357' title='bbox 234 4467 470 4523; x_wconf 86' lang='lat' dir='ltr'><strong>illicitum</strong></span> <span class='ocrx_word' id='word_1_358' title='bbox 515 4484 671 4524; x_wconf 86' lang='lat' dir='ltr'><strong>suum</strong></span> <span class='ocrx_word' id='word_1_359' title='bbox 719 4485 992 4530; x_wconf 89' lang='lat' dir='ltr'><strong>conatum.</strong></span> <span class='ocrx_word' id='word_1_360' title='bbox 1056 4476 1241 4532; x_wconf 76' lang='lat' dir='ltr'><strong>Verum</strong></span> <span class='ocrx_word' id='word_1_361' title='bbox 1286 4481 1377 4535; x_wconf 87' lang='lat' dir='ltr'><strong>ille</strong></span> <span class='ocrx_word' id='word_1_362' title='bbox 1420 4484 1583 4538; x_wconf 85' lang='lat' dir='ltr'><strong>noluit</strong></span> <span class='ocrx_word' id='word_1_363' title='bbox 1612 4500 1631 4539; x_wconf 83' lang='lat'><strong>.&#39;</strong></span> <span class='ocrx_word' id='word_1_364' title='bbox 1673 4502 1850 4556; x_wconf 88' lang='lat' dir='ltr'><strong>neque</strong></span> 
     </span>
    </p>
   </div>
   <div class='ocr_carea' id='block_1_46' title="bbox 236 4565 1851 4645">
    <p class='ocr_par' dir='ltr' id='par_1_46' title="bbox 236 4565 1851 4645">
     <span class='ocr_line' id='line_1_46' title="bbox 236 4565 1851 4645; baseline 0.017 -36"><span class='ocrx_word' id='word_1_365' title='bbox 236 4565 428 4629; x_wconf 84' lang='lat' dir='ltr'><strong>paruit,</strong></span> <span class='ocrx_word' id='word_1_366' title='bbox 458 4581 635 4634; x_wconf 88' lang='lat' dir='ltr'><strong>neque</strong></span> <span class='ocrx_word' id='word_1_367' title='bbox 659 4569 821 4622; x_wconf 86' lang='lat' dir='ltr'><strong>verba</strong></span> <span class='ocrx_word' id='word_1_368' title='bbox 849 4570 991 4626; x_wconf 90' lang='lat' dir='ltr'><strong>illius</strong></span> <span class='ocrx_word' id='word_1_369' title='bbox 1021 4575 1282 4645; x_wconf 88' lang='lat' dir='ltr'><strong>suscepit.</strong></span> <span class='ocrx_word' id='word_1_370' title='bbox 1312 4574 1528 4632; x_wconf 89' lang='lat' dir='ltr'><strong>Sciebat</strong></span> <span class='ocrx_word' id='word_1_371' title='bbox 1551 4578 1696 4634; x_wconf 88' lang='lat' dir='ltr'><strong>enim</strong></span> <span class='ocrx_word' id='word_1_372' title='bbox 1726 4581 1851 4636; x_wconf 89' lang='lat' dir='ltr'><strong>hinc</strong></span> 
     </span>
    </p>
   </div>
   <div class='ocr_carea' id='block_1_47' title="bbox 233 4654 1851 4730">
    <p class='ocr_par' dir='ltr' id='par_1_47' title="bbox 233 4654 1851 4730">
     <span class='ocr_line' id='line_1_47' title="bbox 233 4654 1851 4730; baseline 0.015 -24"><span class='ocrx_word' id='word_1_373' title='bbox 233 4654 329 4709; x_wconf 84' lang='lat' dir='ltr'><strong>sibi</strong></span> <span class='ocrx_word' id='word_1_374' title='bbox 352 4672 605 4728; x_wconf 86' lang='lat' dir='ltr'><strong>magnam</strong></span> <span class='ocrx_word' id='word_1_375' title='bbox 638 4662 929 4728; x_wconf 88' lang='lat' dir='ltr'><strong>perniciem</strong></span> <span class='ocrx_word' id='word_1_376' title='bbox 958 4668 1137 4721; x_wconf 84' lang='lat' dir='ltr'><strong>enasci</strong></span> <span class='ocrx_word' id='word_1_377' title='bbox 1165 4685 1179 4721; x_wconf 91' lang='lat'><strong>:</strong></span> <span class='ocrx_word' id='word_1_378' title='bbox 1208 4678 1262 4723; x_wconf 92' lang='lat' dir='ltr'><strong>et</strong></span> <span class='ocrx_word' id='word_1_379' title='bbox 1289 4685 1392 4723; x_wconf 91' lang='lat' dir='ltr'><strong>non</strong></span> <span class='ocrx_word' id='word_1_380' title='bbox 1416 4673 1588 4726; x_wconf 89' lang='lat' dir='ltr'><strong>solum</strong></span> <span class='ocrx_word' id='word_1_381' title='bbox 1612 4687 1699 4727; x_wconf 88' lang='lat' dir='ltr'><strong>res</strong></span> <span class='ocrx_word' id='word_1_382' title='bbox 1724 4689 1851 4730; x_wconf 85' lang='lat' dir='ltr'><strong>suas</strong></span> 
     </span>
    </p>
   </div>
   <div class='ocr_carea' id='block_1_48' title="bbox 234 4749 1848 4832">
    <p class='ocr_par' dir='ltr' id='par_1_48' title="bbox 234 4749 1848 4832">
     <span class='ocr_line' id='line_1_48' title="bbox 234 4749 1848 4832; baseline 0.012 -33"><span class='ocrx_word' id='word_1_383' title='bbox 234 4749 533 4815; x_wconf 70' lang='lat' dir='ltr'><strong>spectabat,</strong></span> <span class='ocrx_word' id='word_1_384' title='bbox 580 4751 674 4806; x_wconf 89' lang='lat' dir='ltr'><strong>sed</strong></span> <span class='ocrx_word' id='word_1_385' title='bbox 724 4768 943 4821; x_wconf 89' lang='lat' dir='ltr'><strong>operam</strong></span> <span class='ocrx_word' id='word_1_386' title='bbox 973 4756 1135 4811; x_wconf 87' lang='lat' dir='ltr'><strong>dabat</strong></span> <span class='ocrx_word' id='word_1_387' title='bbox 1187 4769 1245 4811; x_wconf 86' lang='lat' dir='ltr'><strong>ut.</strong></span> <span class='ocrx_word' id='word_1_388' title='bbox 1291 4770 1344 4813; x_wconf 90' lang='lat' dir='ltr'><strong>et</strong></span> <span class='ocrx_word' id='word_1_389' title='bbox 1386 4761 1556 4827; x_wconf 88' lang='lat' dir='ltr'><strong>illam,</strong></span> <span class='ocrx_word' id='word_1_390' title='bbox 1588 4774 1848 4832; x_wconf 86' lang='lat' dir='ltr'><strong>quantum</strong></span> 
     </span>
    </p>
   </div>
   <div class='ocr_carea' id='block_1_49' title="bbox 237 4841 1849 4918">
    <p class='ocr_par' dir='ltr' id='par_1_49' title="bbox 237 4841 1849 4918">
     <span class='ocr_line' id='line_1_49' title="bbox 237 4841 1849 4918; baseline 0.013 -29"><span class='ocrx_word' id='word_1_391' title='bbox 237 4841 491 4905; x_wconf 84' lang='lat' dir='ltr'><strong>possibile</strong></span> <span class='ocrx_word' id='word_1_392' title='bbox 522 4853 660 4907; x_wconf 85' lang='lat' dir='ltr'><strong>erat,</strong></span> <span class='ocrx_word' id='word_1_393' title='bbox 692 4844 761 4898; x_wconf 90' lang='lat' dir='ltr'><strong>ab</strong></span> <span class='ocrx_word' id='word_1_394' title='bbox 791 4847 995 4901; x_wconf 84' lang='lat' dir='ltr'><strong>insania</strong></span> <span class='ocrx_word' id='word_1_395' title='bbox 1024 4847 1125 4903; x_wconf 90' lang='lat' dir='ltr'><strong>hac</strong></span> <span class='ocrx_word' id='word_1_396' title='bbox 1155 4850 1430 4918; x_wconf 85' lang='lat' dir='ltr'><strong>liberaret,</strong></span> <span class='ocrx_word' id='word_1_397' title='bbox 1462 4861 1519 4907; x_wconf 91' lang='lat' dir='ltr'><strong>et</strong></span> <span class='ocrx_word' id='word_1_398' title='bbox 1559 4854 1628 4908; x_wconf 89' lang='lat' dir='ltr'><strong>ab</strong></span> <span class='ocrx_word' id='word_1_399' title='bbox 1662 4855 1849 4910; x_wconf 89' lang='lat' dir='ltr'><strong>illicita</strong></span> 
     </span>
    </p>
   </div>
   <div class='ocr_carea' id='block_1_50' title="bbox 236 4935 1849 5018">
    <p class='ocr_par' dir='ltr' id='par_1_50' title="bbox 236 4935 1849 5018">
     <span class='ocr_line' id='line_1_50' title="bbox 236 4935 1849 5018; baseline 0.013 -33"><span class='ocrx_word' id='word_1_400' title='bbox 236 4935 331 4987; x_wconf 77' lang='lat' dir='ltr'><strong>iSla</strong></span> <span class='ocrx_word' id='word_1_401' title='bbox 362 4941 800 5006; x_wconf 85' lang='lat' dir='ltr'><strong>concupiscentia</strong></span> <span class='ocrx_word' id='word_1_402' title='bbox 835 4958 848 4992; x_wconf 65' lang='grc' dir='ltr'><em>λ</em></span> <span class='ocrx_word' id='word_1_403' title='bbox 880 4951 1043 5012; x_wconf 85' lang='lat' dir='ltr'><strong>atque</strong></span> <span class='ocrx_word' id='word_1_404' title='bbox 1083 4944 1368 4999; x_wconf 84' lang='lat' dir='ltr'><strong>consilium</strong></span> <span class='ocrx_word' id='word_1_405' title='bbox 1399 4948 1445 4999; x_wconf 90' lang='lat' dir='ltr'><strong>ei</strong></span> <span class='ocrx_word' id='word_1_406' title='bbox 1491 4948 1667 5013; x_wconf 71' lang='lat' dir='ltr'><strong>affert,</strong></span> <span class='ocrx_word' id='word_1_407' title='bbox 1706 4951 1849 5018; x_wconf 90' lang='lat' dir='ltr'><strong>quod</strong></span> 
     </span>
    </p>
   </div>
   <div class='ocr_carea' id='block_1_51' title="bbox 234 5023 1853 5108">
    <p class='ocr_par' dir='ltr' id='par_1_51' title="bbox 234 5023 1853 5108">
     <span class='ocr_line' id='line_1_51' title="bbox 234 5023 1853 5108; baseline 0.012 -33"><span class='ocrx_word' id='word_1_408' title='bbox 234 5041 271 5075; x_wconf 67' lang='lat' dir='ltr'><strong>s2</strong></span> <span class='ocrx_word' id='word_1_409' title='bbox 298 5023 537 5081; x_wconf 85' lang='lat' dir='ltr'><strong>fliciebat</strong></span> <span class='ocrx_word' id='word_1_410' title='bbox 566 5029 615 5081; x_wconf 89' lang='lat' dir='ltr'><strong>ei</strong></span> <span class='ocrx_word' id='word_1_411' title='bbox 640 5038 696 5081; x_wconf 90' lang='lat' dir='ltr'><strong>ut</strong></span> <span class='ocrx_word' id='word_1_412' title='bbox 723 5032 1040 5098; x_wconf 86' lang='lat' dir='ltr'><strong>pudelieret,</strong></span> <span class='ocrx_word' id='word_1_413' title='bbox 1067 5043 1121 5089; x_wconf 90' lang='lat' dir='ltr'><strong>et</strong></span> <span class='ocrx_word' id='word_1_414' title='bbox 1149 5035 1274 5104; x_wconf 88' lang='lat' dir='ltr'><strong>quid</strong></span> <span class='ocrx_word' id='word_1_415' title='bbox 1304 5037 1401 5090; x_wconf 90' lang='lat' dir='ltr'><strong>sibi</strong></span> <span class='ocrx_word' id='word_1_416' title='bbox 1434 5050 1577 5093; x_wconf 88' lang='lat' dir='ltr'><strong>esset</strong></span> <span class='ocrx_word' id='word_1_417' title='bbox 1611 5041 1853 5108; x_wconf 85' lang='lat' dir='ltr'><strong>profutu-</strong></span> 
     </span>
    </p>
   </div>
   <div class='ocr_carea' id='block_1_52' title="bbox 236 5122 1851 5197">
    <p class='ocr_par' dir='ltr' id='par_1_52' title="bbox 236 5122 1851 5197">
     <span class='ocr_line' id='line_1_52' title="bbox 236 5122 1851 5197; baseline 0.012 -30"><span class='ocrx_word' id='word_1_418' title='bbox 236 5129 350 5170; x_wconf 90' lang='lat' dir='ltr'><strong>rum</strong></span> <span class='ocrx_word' id='word_1_419' title='bbox 385 5131 763 5185; x_wconf 81' lang='lat' dir='ltr'><strong>cognosceret.</strong></span> <span class='ocrx_word' id='word_1_420' title='bbox 793 5123 844 5176; x_wconf 91' lang='lat'><strong>8.</strong></span> <span class='ocrx_word' id='word_1_421' title='bbox 887 5122 1032 5176; x_wconf 70' lang='lat' dir='ltr'><strong>Dixit</strong></span> <span class='ocrx_word' id='word_1_422' title='bbox 1071 5127 1227 5192; x_wconf 86' lang='lat' dir='ltr'><strong>enim,</strong></span> <span class='ocrx_word' id='word_1_423' title='bbox 1266 5126 1455 5197; x_wconf 87' lang='lat' dir='ltr'><strong>inquit,</strong></span> <span class='ocrx_word' id='word_1_424' title='bbox 1488 5132 1638 5185; x_wconf 70' lang='lat' dir='ltr'><strong>uxori</strong></span> <span class='ocrx_word' id='word_1_425' title='bbox 1660 5132 1851 5187; x_wconf 84' lang='lat' dir='ltr'><strong>domini</strong></span> 
     </span>
    </p>
   </div>
   <div class='ocr_carea' id='block_1_53' title="bbox 235 5212 1850 5289">
    <p class='ocr_par' dir='ltr' id='par_1_53' title="bbox 235 5212 1850 5289">
     <span class='ocr_line' id='line_1_53' title="bbox 235 5212 1850 5289; baseline 0.012 -31"><span class='ocrx_word' id='word_1_426' title='bbox 235 5212 308 5259; x_wconf 68' lang='lat' dir='ltr'><strong>sui</strong></span> <span class='ocrx_word' id='word_1_427' title='bbox 342 5212 583 5276; x_wconf 76' lang='lat' dir='ltr'><strong>(domina</strong></span> <span class='ocrx_word' id='word_1_428' title='bbox 627 5228 656 5265; x_wconf 91' lang='lat' dir='ltr'><strong>a</strong></span> <span class='ocrx_word' id='word_1_429' title='bbox 702 5230 858 5267; x_wconf 87' lang='lat' dir='ltr'><strong>servo</strong></span> <span class='ocrx_word' id='word_1_430' title='bbox 898 5216 1182 5270; x_wconf 85' lang='lat' dir='ltr'><strong>consilium</strong></span> <span class='ocrx_word' id='word_1_431' title='bbox 1210 5220 1437 5289; x_wconf 68' lang='lat' dir='ltr'><strong>accepit)</strong></span> <span class='ocrx_word' id='word_1_432' title='bbox 1465 5238 1478 5274; x_wconf 87' lang='lat'>:</span> <span class='ocrx_word' id='word_1_433' title='bbox 1510 5222 1570 5276; x_wconf 89' lang='lat' dir='ltr'><strong>Si</strong></span> <span class='ocrx_word' id='word_1_434' title='bbox 1613 5225 1850 5279; x_wconf 77' lang='lat' dir='ltr'><strong>dominus</strong></span> 
     </span>
    </p>
   </div>
   <div class='ocr_carea' id='block_1_54' title="bbox 241 5305 1852 5387">
    <p class='ocr_par' dir='ltr' id='par_1_54' title="bbox 241 5305 1852 5387">
     <span class='ocr_line' id='line_1_54' title="bbox 241 5305 1852 5387; baseline 0.015 -41"><span class='ocrx_word' id='word_1_435' title='bbox 241 5315 375 5351; x_wconf 70' lang='lat' dir='ltr'><strong>uicus</strong></span> <span class='ocrx_word' id='word_1_436' title='bbox 399 5311 609 5369; x_wconf 77' lang='lat' dir='ltr'><strong>propter</strong></span> <span class='ocrx_word' id='word_1_437' title='bbox 634 5320 711 5355; x_wconf 86' lang='lat' dir='ltr'><strong>me</strong></span> <span class='ocrx_word' id='word_1_438' title='bbox 734 5305 861 5358; x_wconf 81' lang='lat' dir='ltr'><strong>nihil</strong></span> <span class='ocrx_word' id='word_1_439' title='bbox 888 5308 979 5360; x_wconf 73' lang='lat' dir='ltr'><strong>scit</strong></span> <span class='ocrx_word' id='word_1_440' title='bbox 1006 5308 1057 5359; x_wconf 80' lang='lat' dir='ltr'><strong>in</strong></span> <span class='ocrx_word' id='word_1_441' title='bbox 1086 5310 1236 5361; x_wconf 88' lang='lat' dir='ltr'><strong>domo</strong></span> <span class='ocrx_word' id='word_1_442' title='bbox 1258 5327 1371 5371; x_wconf 82' lang='lat' dir='ltr'><strong>sua,</strong></span> <span class='ocrx_word' id='word_1_443' title='bbox 1406 5312 1495 5365; x_wconf 81' lang='lat' dir='ltr'><strong>sed</strong></span> <span class='ocrx_word' id='word_1_444' title='bbox 1517 5316 1687 5367; x_wconf 75' lang='lat' dir='ltr'><strong>omnia</strong></span> <span class='ocrx_word' id='word_1_445' title='bbox 1713 5334 1852 5387; x_wconf 64' lang='lat' dir='ltr'><strong>quae-</strong></span> 
     </span>
    </p>
   </div>
   <div class='ocr_carea' id='block_1_55' title="bbox 238 5394 1854 5471">
    <p class='ocr_par' dir='ltr' id='par_1_55' title="bbox 238 5394 1854 5471">
     <span class='ocr_line' id='line_1_55' title="bbox 238 5394 1854 5471; baseline 0.014 -32"><span class='ocrx_word' id='word_1_446' title='bbox 238 5405 448 5455; x_wconf 81' lang='lat' dir='ltr'><strong>cumque</strong></span> <span class='ocrx_word' id='word_1_447' title='bbox 474 5394 643 5458; x_wconf 79' lang='lat' dir='ltr'><strong>habet,</strong></span> <span class='ocrx_word' id='word_1_448' title='bbox 673 5396 807 5448; x_wconf 82' lang='lat' dir='ltr'><strong>dedit</strong></span> <span class='ocrx_word' id='word_1_449' title='bbox 835 5398 885 5451; x_wconf 81' lang='lat' dir='ltr'><strong>in</strong></span> <span class='ocrx_word' id='word_1_450' title='bbox 912 5416 1092 5453; x_wconf 80' lang='lat' dir='ltr'><strong>nmmts</strong></span> <span class='ocrx_word' id='word_1_451' title='bbox 1121 5418 1277 5455; x_wconf 76' lang='lat' dir='ltr'><strong>uteas.</strong></span> <span class='ocrx_word' id='word_1_452' title='bbox 1302 5401 1346 5455; x_wconf 92' lang='grc' dir='ltr'>Ο</span> <span class='ocrx_word' id='word_1_453' title='bbox 1373 5415 1581 5471; x_wconf 77' lang='lat' dir='ltr'><strong>gratum</strong></span> <span class='ocrx_word' id='word_1_454' title='bbox 1613 5407 1707 5459; x_wconf 82' lang='lat' dir='ltr'><strong>viri</strong></span> <span class='ocrx_word' id='word_1_455' title='bbox 1738 5410 1854 5460; x_wconf 83' lang='lat' dir='ltr'><strong>atti-</strong></span> 
     </span>
    </p>
   </div>
   <div class='ocr_carea' id='block_1_56' title="bbox 239 5484 1853 5563">
    <p class='ocr_par' dir='ltr' id='par_1_56' title="bbox 239 5484 1853 5563">
     <span class='ocr_line' id='line_1_56' title="bbox 239 5484 1853 5563; baseline 0.014 -30"><span class='ocrx_word' id='word_1_456' title='bbox 239 5496 379 5535; x_wconf 88' lang='lat' dir='ltr'><strong>mum</strong></span> <span class='ocrx_word' id='word_1_457' title='bbox 406 5484 419 5535; x_wconf 89' lang='lat'><strong>!</strong></span> <span class='ocrx_word' id='word_1_458' title='bbox 454 5484 585 5539; x_wconf 77' lang='lat' dir='ltr'><strong>Vide</strong></span> <span class='ocrx_word' id='word_1_459' title='bbox 625 5490 895 5555; x_wconf 87' lang='lat' dir='ltr'><strong>quomodo</strong></span> <span class='ocrx_word' id='word_1_460' title='bbox 935 5506 1215 5549; x_wconf 86' lang='lat' dir='ltr'><strong>enumerat</strong></span> <span class='ocrx_word' id='word_1_461' title='bbox 1248 5497 1505 5551; x_wconf 78' lang='lat' dir='ltr'><strong>beneﬁcia</strong></span> <span class='ocrx_word' id='word_1_462' title='bbox 1535 5500 1760 5563; x_wconf 84' lang='lat' dir='ltr'><strong>domini,</strong></span> <span class='ocrx_word' id='word_1_463' title='bbox 1793 5512 1853 5556; x_wconf 75' lang='lat' dir='ltr'><strong>ut</strong></span> 
     </span>
    </p>
   </div>
   <div class='ocr_carea' id='block_1_57' title="bbox 240 5570 1850 5659">
    <p class='ocr_par' dir='ltr' id='par_1_57' title="bbox 240 5570 1850 5659">
     <span class='ocr_line' id='line_1_57' title="bbox 240 5570 1850 5659; baseline 0.015 -35"><span class='ocrx_word' id='word_1_464' title='bbox 240 5570 427 5627; x_wconf 78' lang='lat' dir='ltr'><strong>doceat</strong></span> <span class='ocrx_word' id='word_1_465' title='bbox 454 5587 712 5644; x_wconf 85' lang='lat' dir='ltr'><strong>quantum</strong></span> <span class='ocrx_word' id='word_1_466' title='bbox 745 5580 831 5633; x_wconf 83' lang='lat' dir='ltr'><strong>illa</strong></span> <span class='ocrx_word' id='word_1_467' title='bbox 856 5596 914 5636; x_wconf 88' lang='lat' dir='ltr'><strong>se</strong></span> <span class='ocrx_word' id='word_1_468' title='bbox 936 5583 1197 5653; x_wconf 77' lang='lat' dir='ltr'><strong>ingratam</strong></span> <span class='ocrx_word' id='word_1_469' title='bbox 1221 5604 1345 5657; x_wconf 81' lang='lat' dir='ltr'><strong>erga</strong></span> <span class='ocrx_word' id='word_1_470' title='bbox 1370 5591 1649 5659; x_wconf 76' lang='lat' dir='ltr'><strong>conjugem</strong></span> <span class='ocrx_word' id='word_1_471' title='bbox 1670 5603 1850 5649; x_wconf 85' lang='lat' dir='ltr'><strong>osten—</strong></span> 
     </span>
    </p>
   </div>
   <div class='ocr_carea' id='block_1_58' title="bbox 243 5664 1849 5755">
    <p class='ocr_par' dir='ltr' id='par_1_58' title="bbox 243 5664 1849 5755">
     <span class='ocr_line' id='line_1_58' title="bbox 243 5664 1849 5755; baseline 0.017 -43"><span class='ocrx_word' id='word_1_472' title='bbox 243 5666 344 5716; x_wconf 84' lang='lat' dir='ltr'><strong>dat.</strong></span> <span class='ocrx_word' id='word_1_473' title='bbox 375 5664 431 5719; x_wconf 84' lang='lat' dir='ltr'><strong>Si</strong></span> <span class='ocrx_word' id='word_1_474' title='bbox 460 5670 605 5721; x_wconf 89' lang='lat' dir='ltr'><strong>enim</strong></span> <span class='ocrx_word' id='word_1_475' title='bbox 633 5684 754 5739; x_wconf 82' lang='lat' dir='ltr'><strong>ego.</strong></span> <span class='ocrx_word' id='word_1_476' title='bbox 789 5672 958 5742; x_wconf 89' lang='lat' dir='ltr'><strong>inquit</strong></span> <span class='ocrx_word' id='word_1_477' title='bbox 982 5717 992 5739; x_wconf 88' lang='lat'><strong>,</strong></span> <span class='ocrx_word' id='word_1_478' title='bbox 1019 5680 1107 5744; x_wconf 79' lang='lat' dir='ltr'><strong>qui</strong></span> <span class='ocrx_word' id='word_1_479' title='bbox 1146 5678 1372 5733; x_wconf 84' lang='lat' dir='ltr'><strong>famulus</strong></span> <span class='ocrx_word' id='word_1_480' title='bbox 1402 5697 1560 5749; x_wconf 87' lang='lat' dir='ltr'><strong>sum,</strong></span> <span class='ocrx_word' id='word_1_481' title='bbox 1592 5686 1680 5753; x_wconf 91' lang='lat' dir='ltr'><strong>qui</strong></span> <span class='ocrx_word' id='word_1_482' title='bbox 1726 5703 1849 5755; x_wconf 74' lang='lat' dir='ltr'><strong>per-</strong></span> 
     </span>
    </p>
   </div>
   <div class='ocr_carea' id='block_1_59' title="bbox 243 5760 1846 5843">
    <p class='ocr_par' dir='ltr' id='par_1_59' title="bbox 243 5760 1846 5843">
     <span class='ocr_line' id='line_1_59' title="bbox 243 5760 1846 5843; baseline 0.018 -39"><span class='ocrx_word' id='word_1_483' title='bbox 243 5760 474 5820; x_wconf 67' lang='lat' dir='ltr'><strong>egrinus.</strong></span> <span class='ocrx_word' id='word_1_484' title='bbox 509 5760 599 5828; x_wconf 85' lang='lat' dir='ltr'><strong>qui</strong></span> <span class='ocrx_word' id='word_1_485' title='bbox 626 5763 889 5829; x_wconf 86' lang='lat' dir='ltr'><strong>captivus,</strong></span> <span class='ocrx_word' id='word_1_486' title='bbox 917 5776 1061 5821; x_wconf 86' lang='lat' dir='ltr'><strong>tanta</strong></span> <span class='ocrx_word' id='word_1_487' title='bbox 1091 5768 1236 5823; x_wconf 78' lang='lat' dir='ltr'><strong>lrnor</strong></span> <span class='ocrx_word' id='word_1_488' title='bbox 1258 5772 1393 5838; x_wconf 83' lang='lat' dir='ltr'><strong>apud</strong></span> <span class='ocrx_word' id='word_1_489' title='bbox 1425 5789 1546 5827; x_wconf 88' lang='lat' dir='ltr'><strong>eum</strong></span> <span class='ocrx_word' id='word_1_490' title='bbox 1580 5776 1846 5843; x_wconf 81' lang='lat' dir='ltr'><strong>libertate,</strong></span> 
     </span>
    </p>
   </div>
   <div class='ocr_carea' id='block_1_60' title="bbox 245 5848 1846 5926">
    <p class='ocr_par' dir='ltr' id='par_1_60' title="bbox 245 5848 1846 5926">
     <span class='ocr_line' id='line_1_60' title="bbox 245 5848 1846 5926; baseline 0.017 -28"><span class='ocrx_word' id='word_1_491' title='bbox 245 5857 293 5898; x_wconf 89' lang='lat' dir='ltr'><strong>ut</strong></span> <span class='ocrx_word' id='word_1_492' title='bbox 321 5848 500 5905; x_wconf 80' lang='lat' dir='ltr'><strong>omnia</strong></span> <span class='ocrx_word' id='word_1_493' title='bbox 541 5864 639 5907; x_wconf 78' lang='lat' dir='ltr'><strong>sua</strong></span> <span class='ocrx_word' id='word_1_494' title='bbox 678 5851 780 5908; x_wconf 86' lang='lat' dir='ltr'><strong>sub</strong></span> <span class='ocrx_word' id='word_1_495' title='bbox 820 5872 981 5913; x_wconf 87' lang='lat' dir='ltr'><strong>ntanu</strong></span> <span class='ocrx_word' id='word_1_496' title='bbox 1013 5877 1128 5915; x_wconf 81' lang='lat' dir='ltr'><strong>mea</strong></span> <span class='ocrx_word' id='word_1_497' title='bbox 1165 5864 1443 5919; x_wconf 84' lang='lat' dir='ltr'><strong>tradiderit</strong></span> <span class='ocrx_word' id='word_1_498' title='bbox 1476 5883 1487 5893; x_wconf 86' lang='grc'>·</span> <span class='ocrx_word' id='word_1_499' title='bbox 1523 5876 1575 5921; x_wconf 80' lang='lat' dir='ltr'><strong>et</strong></span> <span class='ocrx_word' id='word_1_500' title='bbox 1603 5869 1732 5924; x_wconf 85' lang='lat' dir='ltr'><strong>nihil</strong></span> <span class='ocrx_word' id='word_1_501' title='bbox 1765 5882 1846 5926; x_wconf 85' lang='lat' dir='ltr'><strong>cst</strong></span> 
     </span>
    </p>
   </div>
   <div class='ocr_carea' id='block_1_61' title="bbox 3469 404 3573 462">
    <p class='ocr_par' dir='ltr' id='par_1_61' title="bbox 3469 404 3573 462">
     <span class='ocr_line' id='line_1_61' title="bbox 3469 404 3573 462; baseline 0.01 -2"><span class='ocrx_word' id='word_1_502' title='bbox 3469 404 3573 462; x_wconf 73' lang='lat'><strong>558</strong></span> 
     </span>
    </p>
   </div>
   <div class='ocr_carea' id='block_1_62' title="bbox 1952 521 3577 596">
    <p class='ocr_par' dir='ltr' id='par_1_62' title="bbox 1952 521 3577 596">
     <span class='ocr_line' id='line_1_62' title="bbox 1952 521 3577 596; baseline -0.002 -18"><span class='ocrx_word' id='word_1_503' title='bbox 1952 523 2095 593; x_wconf 87' lang='lat' dir='ltr'><strong>quod</strong></span> <span class='ocrx_word' id='word_1_504' title='bbox 2128 525 2340 596; x_wconf 76' lang='lat' dir='ltr'><strong>excepit</strong></span> <span class='ocrx_word' id='word_1_505' title='bbox 2368 525 2437 581; x_wconf 90' lang='lat' dir='ltr'><strong>de</strong></span> <span class='ocrx_word' id='word_1_506' title='bbox 2465 539 2627 579; x_wconf 85' lang='lat' dir='ltr'><strong>manu</strong></span> <span class='ocrx_word' id='word_1_507' title='bbox 2666 538 2809 589; x_wconf 87' lang='lat' dir='ltr'><strong>mea,</strong></span> <span class='ocrx_word' id='word_1_508' title='bbox 2852 530 3052 595; x_wconf 73' lang='lat' dir='ltr'><strong>pra-ter</strong></span> <span class='ocrx_word' id='word_1_509' title='bbox 3092 529 3146 576; x_wconf 85' lang='lat' dir='ltr'><strong>te</strong></span> <span class='ocrx_word' id='word_1_510' title='bbox 3186 527 3286 576; x_wconf 84' lang='lat' dir='ltr'><strong>:et</strong></span> <span class='ocrx_word' id='word_1_511' title='bbox 3323 521 3577 575; x_wconf 83' lang='lat' dir='ltr'><strong>oninibos</strong></span> 
     </span>
    </p>
   </div>
   <div class='ocr_carea' id='block_1_63' title="bbox 1952 613 3577 687">
    <p class='ocr_par' dir='ltr' id='par_1_63' title="bbox 1952 613 3577 687">
     <span class='ocr_line' id='line_1_63' title="bbox 1952 613 3577 687; baseline -0.003 -17"><span class='ocrx_word' id='word_1_512' title='bbox 1952 616 2072 670; x_wconf 87' lang='lat' dir='ltr'><strong>aliis</strong></span> <span class='ocrx_word' id='word_1_513' title='bbox 2098 631 2200 687; x_wconf 83' lang='lat' dir='ltr'><strong>ego</strong></span> <span class='ocrx_word' id='word_1_514' title='bbox 2229 631 2480 686; x_wconf 70' lang='lat' dir='ltr'><strong>praesum,</strong></span> <span class='ocrx_word' id='word_1_515' title='bbox 2514 616 2617 671; x_wconf 89' lang='lat' dir='ltr'><strong>soli</strong></span> <span class='ocrx_word' id='word_1_516' title='bbox 2648 624 2828 669; x_wconf 86' lang='lat' dir='ltr'><strong>autem</strong></span> <span class='ocrx_word' id='word_1_517' title='bbox 2866 613 2957 667; x_wconf 88' lang='lat' dir='ltr'><strong>tibi</strong></span> <span class='ocrx_word' id='word_1_518' title='bbox 2986 613 3264 681; x_wconf 87' lang='lat' dir='ltr'><strong>subjicior,</strong></span> <span class='ocrx_word' id='word_1_519' title='bbox 3288 627 3456 683; x_wconf 86' lang='lat' dir='ltr'><strong>esque</strong></span> <span class='ocrx_word' id='word_1_520' title='bbox 3482 627 3577 666; x_wconf 76' lang='lat' dir='ltr'><strong>ex-</strong></span> 
     </span>
    </p>
   </div>
   <div class='ocr_carea' id='block_1_64' title="bbox 1955 702 3575 778">
    <p class='ocr_par' dir='ltr' id='par_1_64' title="bbox 1955 702 3575 778">
     <span class='ocr_line' id='line_1_64' title="bbox 1955 702 3575 778; baseline -0.002 -18"><span class='ocrx_word' id='word_1_521' title='bbox 1955 712 2034 765; x_wconf 75' lang='lat' dir='ltr'><strong>tra</strong></span> <span class='ocrx_word' id='word_1_522' title='bbox 2066 722 2241 761; x_wconf 82' lang='lat' dir='ltr'><strong>meam</strong></span> <span class='ocrx_word' id='word_1_523' title='bbox 2273 716 2618 778; x_wconf 88' lang='lat' dir='ltr'><strong>potestatem.</strong></span> <span class='ocrx_word' id='word_1_524' title='bbox 2673 704 2879 761; x_wconf 87' lang='lat' dir='ltr'><strong>Deinde</strong></span> <span class='ocrx_word' id='word_1_525' title='bbox 2911 713 2972 759; x_wconf 92' lang='lat' dir='ltr'><strong>ut</strong></span> <span class='ocrx_word' id='word_1_526' title='bbox 3010 704 3225 759; x_wconf 87' lang='lat' dir='ltr'><strong>letalem</strong></span> <span class='ocrx_word' id='word_1_527' title='bbox 3268 703 3318 758; x_wconf 90' lang='lat' dir='ltr'><strong>ei</strong></span> <span class='ocrx_word' id='word_1_528' title='bbox 3361 702 3575 772; x_wconf 76' lang='lat' dir='ltr'><strong>plagam</strong></span> 
     </span>
    </p>
   </div>
   <div class='ocr_carea' id='block_1_65' title="bbox 1952 794 3573 866">
    <p class='ocr_par' dir='ltr' id='par_1_65' title="bbox 1952 794 3573 866">
     <span class='ocr_line' id='line_1_65' title="bbox 1952 794 3573 866; baseline -0.007 -11"><span class='ocrx_word' id='word_1_529' title='bbox 1952 799 2127 866; x_wconf 87' lang='lat' dir='ltr'><strong>daret,</strong></span> <span class='ocrx_word' id='word_1_530' title='bbox 2174 810 2230 855; x_wconf 88' lang='lat' dir='ltr'><strong>et</strong></span> <span class='ocrx_word' id='word_1_531' title='bbox 2282 802 2333 855; x_wconf 92' lang='lat' dir='ltr'><strong>in</strong></span> <span class='ocrx_word' id='word_1_532' title='bbox 2382 809 2619 855; x_wconf 90' lang='lat' dir='ltr'><strong>mentem</strong></span> <span class='ocrx_word' id='word_1_533' title='bbox 2661 809 2945 853; x_wconf 82' lang='lat' dir='ltr'><strong>revocaret</strong></span> <span class='ocrx_word' id='word_1_534' title='bbox 2974 796 3069 852; x_wconf 69' lang='lat' dir='ltr'><strong>viri</strong></span> <span class='ocrx_word' id='word_1_535' title='bbox 3116 794 3573 854; x_wconf 83' lang='lat' dir='ltr'><strong>benevolentiam,</strong></span> 
     </span>
    </p>
   </div>
   <div class='ocr_carea' id='block_1_66' title="bbox 1956 884 3576 962">
    <p class='ocr_par' dir='ltr' id='par_1_66' title="bbox 1956 884 3576 962">
     <span class='ocr_line' id='line_1_66' title="bbox 1956 884 3576 962; baseline -0.006 -16"><span class='ocrx_word' id='word_1_536' title='bbox 1956 891 2414 962; x_wconf 88' lang='lat' dir='ltr'><strong>persuaderetque</strong></span> <span class='ocrx_word' id='word_1_537' title='bbox 2439 892 2489 947; x_wconf 91' lang='lat' dir='ltr'><strong>ei</strong></span> <span class='ocrx_word' id='word_1_538' title='bbox 2522 908 2590 945; x_wconf 91' lang='lat' dir='ltr'><strong>ne</strong></span> <span class='ocrx_word' id='word_1_539' title='bbox 2622 901 2727 946; x_wconf 89' lang='lat' dir='ltr'><strong>tam</strong></span> <span class='ocrx_word' id='word_1_540' title='bbox 2752 891 2957 960; x_wconf 88' lang='lat' dir='ltr'><strong>ingrata</strong></span> <span class='ocrx_word' id='word_1_541' title='bbox 2976 896 3121 943; x_wconf 90' lang='lat' dir='ltr'><strong>esset</strong></span> <span class='ocrx_word' id='word_1_542' title='bbox 3136 901 3262 955; x_wconf 84' lang='lat' dir='ltr'><strong>erga</strong></span> <span class='ocrx_word' id='word_1_543' title='bbox 3288 884 3576 954; x_wconf 90' lang='lat' dir='ltr'><strong>conjugem</strong></span> 
     </span>
    </p>
   </div>
   <div class='ocr_carea' id='block_1_67' title="bbox 1952 984 3576 1053">
    <p class='ocr_par' dir='ltr' id='par_1_67' title="bbox 1952 984 3576 1053">
     <span class='ocr_line' id='line_1_67' title="bbox 1952 984 3576 1053; baseline -0.005 -16"><span class='ocrx_word' id='word_1_544' title='bbox 1952 998 2132 1049; x_wconf 90' lang='lat' dir='ltr'><strong>suum,</strong></span> <span class='ocrx_word' id='word_1_545' title='bbox 2162 984 2333 1053; x_wconf 87' lang='lat' dir='ltr'><strong>inquit</strong></span> <span class='ocrx_word' id='word_1_546' title='bbox 2357 1000 2369 1035; x_wconf 91' lang='lat'>:</span> <span class='ocrx_word' id='word_1_547' title='bbox 2398 984 2463 1037; x_wconf 84' lang='lat' dir='ltr'><strong>Et</strong></span> <span class='ocrx_word' id='word_1_548' title='bbox 2493 992 2546 1036; x_wconf 92' lang='lat' dir='ltr'><strong>tu</strong></span> <span class='ocrx_word' id='word_1_549' title='bbox 2570 992 2855 1051; x_wconf 88' lang='lat' dir='ltr'><strong>propterea</strong></span> <span class='ocrx_word' id='word_1_550' title='bbox 2877 993 3026 1035; x_wconf 80' lang='lat' dir='ltr'><strong>extra</strong></span> <span class='ocrx_word' id='word_1_551' title='bbox 3053 987 3375 1049; x_wconf 87' lang='lat' dir='ltr'><strong>potestatem</strong></span> <span class='ocrx_word' id='word_1_552' title='bbox 3398 990 3576 1031; x_wconf 78' lang='lat' dir='ltr'><strong>meam</strong></span> 
     </span>
    </p>
   </div>
   <div class='ocr_carea' id='block_1_68' title="bbox 1952 1068 3579 1143">
    <p class='ocr_par' dir='ltr' id='par_1_68' title="bbox 1952 1068 3579 1143">
     <span class='ocr_line' id='line_1_68' title="bbox 1952 1068 3579 1143; baseline -0.006 -14"><span class='ocrx_word' id='word_1_553' title='bbox 1952 1090 2011 1129; x_wconf 89' lang='lat' dir='ltr'><strong>cs</strong></span> <span class='ocrx_word' id='word_1_554' title='bbox 2039 1115 2056 1140; x_wconf 93' lang='lat'><strong>,</strong></span> <span class='ocrx_word' id='word_1_555' title='bbox 2087 1090 2153 1130; x_wconf 90' lang='lat' dir='ltr'><strong>eo</strong></span> <span class='ocrx_word' id='word_1_556' title='bbox 2180 1074 2231 1129; x_wconf 88' lang='lat'><strong>9.</strong></span> <span class='ocrx_word' id='word_1_557' title='bbox 2264 1073 2415 1140; x_wconf 80' lang='lat' dir='ltr'><strong>Quod</strong></span> <span class='ocrx_word' id='word_1_558' title='bbox 2439 1083 2493 1126; x_wconf 84' lang='lat' dir='ltr'><strong>tu</strong></span> <span class='ocrx_word' id='word_1_559' title='bbox 2521 1089 2655 1126; x_wconf 68' lang='lat' dir='ltr'><strong>uxor</strong></span> <span class='ocrx_word' id='word_1_560' title='bbox 2682 1074 2794 1143; x_wconf 74' lang='lat' dir='ltr'><strong>ejus</strong></span> <span class='ocrx_word' id='word_1_561' title='bbox 2823 1072 2911 1125; x_wconf 77' lang='lat' dir='ltr'><strong>sis.</strong></span> <span class='ocrx_word' id='word_1_562' title='bbox 2947 1069 3081 1125; x_wconf 89' lang='lat' dir='ltr'><strong>Cum</strong></span> <span class='ocrx_word' id='word_1_563' title='bbox 3114 1069 3273 1139; x_wconf 84' lang='lat' dir='ltr'><strong>igitur</strong></span> <span class='ocrx_word' id='word_1_564' title='bbox 3298 1082 3433 1122; x_wconf 83' lang='lat' dir='ltr'><strong>uxor</strong></span> <span class='ocrx_word' id='word_1_565' title='bbox 3458 1068 3579 1135; x_wconf 81' lang='lat' dir='ltr'><strong>ejus</strong></span> 
     </span>
    </p>
   </div>
   <div class='ocr_carea' id='block_1_69' title="bbox 1952 1157 3579 1235">
    <p class='ocr_par' dir='ltr' id='par_1_69' title="bbox 1952 1157 3579 1235">
     <span class='ocr_line' id='line_1_69' title="bbox 1952 1157 3579 1235; baseline -0.002 -17"><span class='ocrx_word' id='word_1_566' title='bbox 1952 1166 2048 1229; x_wconf 89' lang='lat' dir='ltr'><strong>sis,</strong></span> <span class='ocrx_word' id='word_1_567' title='bbox 2082 1165 2352 1229; x_wconf 85' lang='lat' dir='ltr'><strong>Quomodo</strong></span> <span class='ocrx_word' id='word_1_568' title='bbox 2391 1164 2582 1235; x_wconf 80' lang='lat' dir='ltr'><strong>faciam</strong></span> <span class='ocrx_word' id='word_1_569' title='bbox 2629 1164 2726 1215; x_wconf 79' lang='lat' dir='ltr'><strong>hoc</strong></span> <span class='ocrx_word' id='word_1_570' title='bbox 2774 1161 2965 1216; x_wconf 85' lang='lat' dir='ltr'><strong>malum</strong></span> <span class='ocrx_word' id='word_1_571' title='bbox 3011 1160 3239 1227; x_wconf 78' lang='lat' dir='ltr'><strong>verbum,</strong></span> <span class='ocrx_word' id='word_1_572' title='bbox 3269 1170 3318 1213; x_wconf 86' lang='lat' dir='ltr'><strong>et</strong></span> <span class='ocrx_word' id='word_1_573' title='bbox 3360 1157 3579 1230; x_wconf 76' lang='lat' dir='ltr'><strong>peccubo</strong></span> 
     </span>
    </p>
   </div>
   <div class='ocr_carea' id='block_1_70' title="bbox 1952 1240 3576 1322">
    <p class='ocr_par' dir='ltr' id='par_1_70' title="bbox 1952 1240 3576 1322">
     <span class='ocr_line' id='line_1_70' title="bbox 1952 1240 3576 1322; baseline -0.006 -10"><span class='ocrx_word' id='word_1_574' title='bbox 1952 1274 2125 1312; x_wconf 87' lang='lat' dir='ltr'><strong>coram</strong></span> <span class='ocrx_word' id='word_1_575' title='bbox 2162 1255 2273 1311; x_wconf 86' lang='lat' dir='ltr'><strong>Deo</strong></span> <span class='ocrx_word' id='word_1_576' title='bbox 2293 1256 2321 1310; x_wconf 77' lang='lat'><strong><em>?</em></strong></span> <span class='ocrx_word' id='word_1_577' title='bbox 2345 1255 2609 1322; x_wconf 89' lang='lat' dir='ltr'><strong>Quoniam</strong></span> <span class='ocrx_word' id='word_1_578' title='bbox 2633 1254 2775 1308; x_wconf 89' lang='lat' dir='ltr'><strong>enim</strong></span> <span class='ocrx_word' id='word_1_579' title='bbox 2810 1253 2898 1308; x_wconf 90' lang='lat' dir='ltr'><strong>illa</strong></span> <span class='ocrx_word' id='word_1_580' title='bbox 2927 1252 3275 1306; x_wconf 89' lang='lat' dir='ltr'><strong>solitudinem</strong></span> <span class='ocrx_word' id='word_1_581' title='bbox 3305 1240 3576 1306; x_wconf 10' lang='lat' dir='ltr'><strong>observav-</strong></span> 
     </span>
    </p>
   </div>
   <div class='ocr_carea' id='block_1_71' title="bbox 1954 1342 3573 1419">
    <p class='ocr_par' dir='ltr' id='par_1_71' title="bbox 1954 1342 3573 1419">
     <span class='ocr_line' id='line_1_71' title="bbox 1954 1342 3573 1419; baseline -0.007 -15"><span class='ocrx_word' id='word_1_582' title='bbox 1954 1353 2065 1415; x_wconf 87' lang='lat' dir='ltr'><strong>bat,</strong></span> <span class='ocrx_word' id='word_1_583' title='bbox 2098 1358 2154 1405; x_wconf 90' lang='lat' dir='ltr'><strong>et</strong></span> <span class='ocrx_word' id='word_1_584' title='bbox 2181 1360 2394 1419; x_wconf 87' lang='lat' dir='ltr'><strong>tempus</strong></span> <span class='ocrx_word' id='word_1_585' title='bbox 2424 1348 2772 1419; x_wconf 83' lang='lat' dir='ltr'><strong>exspectabat</strong></span> <span class='ocrx_word' id='word_1_586' title='bbox 2806 1360 2915 1417; x_wconf 90' lang='lat' dir='ltr'><strong>quo</strong></span> <span class='ocrx_word' id='word_1_587' title='bbox 2952 1344 3119 1399; x_wconf 88' lang='lat' dir='ltr'><strong>latere</strong></span> <span class='ocrx_word' id='word_1_588' title='bbox 3166 1352 3349 1412; x_wconf 86' lang='lat' dir='ltr'><strong>posset</strong></span> <span class='ocrx_word' id='word_1_589' title='bbox 3374 1342 3573 1407; x_wconf 90' lang='lat' dir='ltr'><strong>virum,</strong></span> 
     </span>
    </p>
   </div>
   <div class='ocr_carea' id='block_1_72' title="bbox 1952 1434 3585 1511">
    <p class='ocr_par' dir='ltr' id='par_1_72' title="bbox 1952 1434 3585 1511">
     <span class='ocr_line' id='line_1_72' title="bbox 1952 1434 3585 1511; baseline -0.006 -14"><span class='ocrx_word' id='word_1_590' title='bbox 1952 1452 2007 1497; x_wconf 84' lang='lat' dir='ltr'><strong>et</strong></span> <span class='ocrx_word' id='word_1_591' title='bbox 2037 1457 2226 1497; x_wconf 90' lang='lat' dir='ltr'><strong>omnes</strong></span> <span class='ocrx_word' id='word_1_592' title='bbox 2256 1442 2344 1511; x_wconf 88' lang='lat' dir='ltr'><strong>qui</strong></span> <span class='ocrx_word' id='word_1_593' title='bbox 2391 1442 2444 1495; x_wconf 93' lang='lat' dir='ltr'><strong>in</strong></span> <span class='ocrx_word' id='word_1_594' title='bbox 2490 1441 2653 1494; x_wconf 91' lang='lat' dir='ltr'><strong>domo</strong></span> <span class='ocrx_word' id='word_1_595' title='bbox 2692 1447 2869 1506; x_wconf 87' lang='lat' dir='ltr'><strong>erant,</strong></span> <span class='ocrx_word' id='word_1_596' title='bbox 2900 1436 3033 1493; x_wconf 90' lang='lat' dir='ltr'><strong>dicit</strong></span> <span class='ocrx_word' id='word_1_597' title='bbox 3062 1454 3075 1490; x_wconf 91' lang='lat'><strong>:</strong></span> <span class='ocrx_word' id='word_1_598' title='bbox 3104 1434 3372 1502; x_wconf 82' lang='lat' dir='ltr'><strong>Quomodo</strong></span> <span class='ocrx_word' id='word_1_599' title='bbox 3399 1449 3585 1505; x_wconf 73' lang='lat' dir='ltr'><strong>potero</strong></span> 
     </span>
    </p>
   </div>
   <div class='ocr_carea' id='block_1_73' title="bbox 1953 1524 3577 1606">
    <p class='ocr_par' dir='ltr' id='par_1_73' title="bbox 1953 1524 3577 1606">
     <span class='ocr_line' id='line_1_73' title="bbox 1953 1524 3577 1606; baseline -0.006 -19"><span class='ocrx_word' id='word_1_600' title='bbox 1953 1540 2123 1606; x_wconf 75' lang='lat' dir='ltr'><strong>facere</strong></span> <span class='ocrx_word' id='word_1_601' title='bbox 2153 1536 2347 1588; x_wconf 85' lang='lat' dir='ltr'><strong>malmu</strong></span> <span class='ocrx_word' id='word_1_602' title='bbox 2390 1534 2507 1599; x_wconf 84' lang='lat' dir='ltr'><strong>hoc,</strong></span> <span class='ocrx_word' id='word_1_603' title='bbox 2538 1542 2586 1586; x_wconf 80' lang='lat' dir='ltr'><strong>et</strong></span> <span class='ocrx_word' id='word_1_604' title='bbox 2618 1532 2834 1600; x_wconf 85' lang='lat' dir='ltr'><strong>peccabo</strong></span> <span class='ocrx_word' id='word_1_605' title='bbox 2858 1546 3032 1584; x_wconf 87' lang='lat' dir='ltr'><strong>coram</strong></span> <span class='ocrx_word' id='word_1_606' title='bbox 3064 1528 3173 1582; x_wconf 88' lang='lat' dir='ltr'><strong>Deo</strong></span> <span class='ocrx_word' id='word_1_607' title='bbox 3192 1526 3219 1580; x_wconf 84' lang='lat'><strong>.’</strong></span> <span class='ocrx_word' id='word_1_608' title='bbox 3246 1526 3385 1594; x_wconf 88' lang='lat' dir='ltr'><strong>Quid</strong></span> <span class='ocrx_word' id='word_1_609' title='bbox 3430 1524 3577 1580; x_wconf 87' lang='lat' dir='ltr'><strong>enim</strong></span> 
     </span>
    </p>
   </div>
   <div class='ocr_carea' id='block_1_74' title="bbox 1956 1619 3577 1700">
    <p class='ocr_par' dir='ltr' id='par_1_74' title="bbox 1956 1619 3577 1700">
     <span class='ocr_line' id='line_1_74' title="bbox 1956 1619 3577 1700; baseline -0.007 -17"><span class='ocrx_word' id='word_1_610' title='bbox 1956 1630 2151 1700; x_wconf 80' lang='lat' dir='ltr'><strong>putas?</strong></span> <span class='ocrx_word' id='word_1_611' title='bbox 2184 1629 2405 1683; x_wconf 81' lang='lat' dir='ltr'><strong>Etiamsi</strong></span> <span class='ocrx_word' id='word_1_612' title='bbox 2460 1626 2749 1682; x_wconf 80' lang='lat' dir='ltr'><strong>fecerimus</strong></span> <span class='ocrx_word' id='word_1_613' title='bbox 2801 1633 2860 1679; x_wconf 92' lang='lat' dir='ltr'><strong>ut</strong></span> <span class='ocrx_word' id='word_1_614' title='bbox 2912 1638 2999 1678; x_wconf 85' lang='lat' dir='ltr'><strong>res</strong></span> <span class='ocrx_word' id='word_1_615' title='bbox 3036 1622 3174 1676; x_wconf 86' lang='lat' dir='ltr'><strong>clam</strong></span> <span class='ocrx_word' id='word_1_616' title='bbox 3206 1621 3277 1676; x_wconf 89' lang='lat' dir='ltr'><strong>sit</strong></span> <span class='ocrx_word' id='word_1_617' title='bbox 3303 1619 3577 1681; x_wconf 88' lang='lat' dir='ltr'><strong>omnibus,</strong></span> 
     </span>
    </p>
   </div>
   <div class='ocr_carea' id='block_1_75' title="bbox 1950 1713 3578 1789">
    <p class='ocr_par' dir='ltr' id='par_1_75' title="bbox 1950 1713 3578 1789">
     <span class='ocr_line' id='line_1_75' title="bbox 1950 1713 3578 1789; baseline -0.007 -12"><span class='ocrx_word' id='word_1_618' title='bbox 1950 1723 2173 1778; x_wconf 86' lang='lat' dir='ltr'><strong>oculum</strong></span> <span class='ocrx_word' id='word_1_619' title='bbox 2200 1731 2377 1777; x_wconf 88' lang='lat' dir='ltr'><strong>tamen</strong></span> <span class='ocrx_word' id='word_1_620' title='bbox 2404 1720 2575 1786; x_wconf 90' lang='lat' dir='ltr'><strong>illum,</strong></span> <span class='ocrx_word' id='word_1_621' title='bbox 2605 1719 2695 1789; x_wconf 89' lang='lat' dir='ltr'><strong>qni</strong></span> <span class='ocrx_word' id='word_1_622' title='bbox 2715 1717 3009 1773; x_wconf 88' lang='lat' dir='ltr'><strong>dormitare</strong></span> <span class='ocrx_word' id='word_1_623' title='bbox 3036 1715 3240 1785; x_wconf 88' lang='lat' dir='ltr'><strong>nequit,</strong></span> <span class='ocrx_word' id='word_1_624' title='bbox 3270 1713 3439 1767; x_wconf 89' lang='lat' dir='ltr'><strong>latere</strong></span> <span class='ocrx_word' id='word_1_625' title='bbox 3468 1726 3578 1765; x_wconf 85' lang='lat' dir='ltr'><strong>non</strong></span> 
     </span>
    </p>
   </div>
   <div class='ocr_carea' id='block_1_76' title="bbox 1955 1809 3579 1886">
    <p class='ocr_par' dir='ltr' id='par_1_76' title="bbox 1955 1809 3579 1886">
     <span class='ocr_line' id='line_1_76' title="bbox 1955 1809 3579 1886; baseline -0.008 -17"><span class='ocrx_word' id='word_1_626' title='bbox 1955 1815 2253 1886; x_wconf 86' lang='lat' dir='ltr'><strong>poterimus</strong></span> <span class='ocrx_word' id='word_1_627' title='bbox 2286 1832 2300 1866; x_wconf 87' lang='lat'><strong>:</strong></span> <span class='ocrx_word' id='word_1_628' title='bbox 2335 1813 2489 1867; x_wconf 86' lang='lat' dir='ltr'><strong>illum</strong></span> <span class='ocrx_word' id='word_1_629' title='bbox 2516 1812 2694 1865; x_wconf 91' lang='lat' dir='ltr'><strong>solum</strong></span> <span class='ocrx_word' id='word_1_630' title='bbox 2738 1809 2930 1863; x_wconf 88' lang='lat' dir='ltr'><strong>timere</strong></span> <span class='ocrx_word' id='word_1_631' title='bbox 2970 1815 3207 1879; x_wconf 78' lang='lat' dir='ltr'><strong>oportet,</strong></span> <span class='ocrx_word' id='word_1_632' title='bbox 3258 1814 3313 1859; x_wconf 91' lang='lat' dir='ltr'><strong>et</strong></span> <span class='ocrx_word' id='word_1_633' title='bbox 3345 1812 3579 1857; x_wconf 84' lang='lat' dir='ltr'><strong>tremere</strong></span> 
     </span>
    </p>
   </div>
   <div class='ocr_carea' id='block_1_77' title="bbox 1953 1892 3576 1977">
    <p class='ocr_par' dir='ltr' id='par_1_77' title="bbox 1953 1892 3576 1977">
     <span class='ocr_line' id='line_1_77' title="bbox 1953 1892 3576 1977; baseline -0.012 -15"><span class='ocrx_word' id='word_1_634' title='bbox 1953 1923 2017 1962; x_wconf 82' lang='lat' dir='ltr'><strong>ac</strong></span> <span class='ocrx_word' id='word_1_635' title='bbox 2044 1922 2260 1977; x_wconf 73' lang='lat' dir='ltr'><strong>pavere,</strong></span> <span class='ocrx_word' id='word_1_636' title='bbox 2295 1914 2353 1958; x_wconf 89' lang='lat' dir='ltr'><strong>ut</strong></span> <span class='ocrx_word' id='word_1_637' title='bbox 2378 1920 2447 1959; x_wconf 90' lang='lat' dir='ltr'><strong>ne</strong></span> <span class='ocrx_word' id='word_1_638' title='bbox 2475 1905 2527 1957; x_wconf 90' lang='lat' dir='ltr'><strong>in</strong></span> <span class='ocrx_word' id='word_1_639' title='bbox 2554 1911 2852 1971; x_wconf 90' lang='lat' dir='ltr'><strong>conspectu</strong></span> <span class='ocrx_word' id='word_1_640' title='bbox 2894 1900 3011 1968; x_wconf 84' lang='lat' dir='ltr'><strong>ejus</strong></span> <span class='ocrx_word' id='word_1_641' title='bbox 3043 1897 3165 1950; x_wconf 86' lang='lat' dir='ltr'><strong>mali</strong></span> <span class='ocrx_word' id='word_1_642' title='bbox 3194 1894 3467 1966; x_wconf 86' lang='lat' dir='ltr'><strong>quidpiam</strong></span> <span class='ocrx_word' id='word_1_643' title='bbox 3497 1892 3576 1944; x_wconf 83' lang='lat' dir='ltr'><strong>fa-</strong></span> 
     </span>
    </p>
   </div>
   <div class='ocr_carea' id='block_1_78' title="bbox 1954 1989 3580 2064">
    <p class='ocr_par' dir='ltr' id='par_1_78' title="bbox 1954 1989 3580 2064">
     <span class='ocr_line' id='line_1_78' title="bbox 1954 1989 3580 2064; baseline -0.01 -9"><span class='ocrx_word' id='word_1_644' title='bbox 1954 2001 2186 2055; x_wconf 86' lang='lat' dir='ltr'><strong>ciamus.</strong></span> <span class='ocrx_word' id='word_1_645' title='bbox 2216 1999 2279 2053; x_wconf 87' lang='lat' dir='ltr'><strong>Et</strong></span> <span class='ocrx_word' id='word_1_646' title='bbox 2307 2006 2366 2052; x_wconf 90' lang='lat' dir='ltr'><strong>ut</strong></span> <span class='ocrx_word' id='word_1_647' title='bbox 2386 1997 2658 2050; x_wconf 81' lang='lat' dir='ltr'><strong>discamus</strong></span> <span class='ocrx_word' id='word_1_648' title='bbox 2677 1994 2807 2064; x_wconf 89' lang='lat' dir='ltr'><strong>justi</strong></span> <span class='ocrx_word' id='word_1_649' title='bbox 2830 1991 3187 2047; x_wconf 79' lang='lat' dir='ltr'><strong>excellentem</strong></span> <span class='ocrx_word' id='word_1_650' title='bbox 3210 1989 3491 2050; x_wconf 87' lang='lat' dir='ltr'><strong>virtutem,</strong></span> <span class='ocrx_word' id='word_1_651' title='bbox 3523 1993 3580 2040; x_wconf 87' lang='lat' dir='ltr'><strong>et</strong></span> 
     </span>
    </p>
   </div>
   <div class='ocr_carea' id='block_1_79' title="bbox 1954 2083 3577 2159">
    <p class='ocr_par' dir='ltr' id='par_1_79' title="bbox 1954 2083 3577 2159">
     <span class='ocr_line' id='line_1_79' title="bbox 1954 2083 3577 2159; baseline -0.012 -9"><span class='ocrx_word' id='word_1_652' title='bbox 1954 2110 2080 2150; x_wconf 92' lang='lat' dir='ltr'><strong>eum</strong></span> <span class='ocrx_word' id='word_1_653' title='bbox 2110 2108 2215 2147; x_wconf 91' lang='lat' dir='ltr'><strong>non</strong></span> <span class='ocrx_word' id='word_1_654' title='bbox 2253 2092 2424 2146; x_wconf 87' lang='lat' dir='ltr'><strong>semel</strong></span> <span class='ocrx_word' id='word_1_655' title='bbox 2466 2105 2641 2159; x_wconf 89' lang='lat' dir='ltr'><strong>neque</strong></span> <span class='ocrx_word' id='word_1_656' title='bbox 2687 2089 2790 2153; x_wconf 82' lang='lat' dir='ltr'><strong>bis,</strong></span> <span class='ocrx_word' id='word_1_657' title='bbox 2836 2086 2933 2141; x_wconf 86' lang='lat' dir='ltr'><strong>sed</strong></span> <span class='ocrx_word' id='word_1_658' title='bbox 2974 2094 3030 2141; x_wconf 92' lang='lat' dir='ltr'><strong>et</strong></span> <span class='ocrx_word' id='word_1_659' title='bbox 3072 2083 3271 2153; x_wconf 71' lang='lat' dir='ltr'><strong>saepius</strong></span> <span class='ocrx_word' id='word_1_660' title='bbox 3300 2090 3577 2137; x_wconf 86' lang='lat' dir='ltr'><strong>certamen</strong></span> 
     </span>
    </p>
   </div>
   <div class='ocr_carea' id='block_1_80' title="bbox 1954 2172 3581 2249">
    <p class='ocr_par' dir='ltr' id='par_1_80' title="bbox 1954 2172 3581 2249">
     <span class='ocr_line' id='line_1_80' title="bbox 1954 2172 3581 2249; baseline -0.01 -8"><span class='ocrx_word' id='word_1_661' title='bbox 1954 2187 2058 2241; x_wconf 90' lang='lat' dir='ltr'><strong>hoc</strong></span> <span class='ocrx_word' id='word_1_662' title='bbox 2078 2185 2419 2246; x_wconf 70' lang='lat' dir='ltr'><strong>sustinuisse,</strong></span> <span class='ocrx_word' id='word_1_663' title='bbox 2451 2194 2506 2237; x_wconf 92' lang='lat' dir='ltr'><strong>et</strong></span> <span class='ocrx_word' id='word_1_664' title='bbox 2529 2182 2859 2249; x_wconf 85' lang='lat' dir='ltr'><strong>colloquium</strong></span> <span class='ocrx_word' id='word_1_665' title='bbox 2892 2178 2994 2233; x_wconf 91' lang='lat' dir='ltr'><strong>hoc</strong></span> <span class='ocrx_word' id='word_1_666' title='bbox 3026 2177 3235 2239; x_wconf 84' lang='lat' dir='ltr'><strong>tulisse,</strong></span> <span class='ocrx_word' id='word_1_667' title='bbox 3265 2172 3581 2228; x_wconf 88' lang='lat' dir='ltr'><strong>consulere-</strong></span> 
     </span>
    </p>
   </div>
   <div class='ocr_carea' id='block_1_81' title="bbox 1954 2265 3581 2348">
    <p class='ocr_par' dir='ltr' id='par_1_81' title="bbox 1954 2265 3581 2348">
     <span class='ocr_line' id='line_1_81' title="bbox 1954 2265 3581 2348; baseline -0.011 -15"><span class='ocrx_word' id='word_1_668' title='bbox 1954 2294 2061 2348; x_wconf 91' lang='lat' dir='ltr'><strong>que</strong></span> <span class='ocrx_word' id='word_1_669' title='bbox 2091 2294 2196 2331; x_wconf 84' lang='lat' dir='ltr'><strong>nou</strong></span> <span class='ocrx_word' id='word_1_670' title='bbox 2219 2276 2545 2337; x_wconf 80' lang='lat' dir='ltr'><strong>cessavisse,</strong></span> <span class='ocrx_word' id='word_1_671' title='bbox 2576 2272 2754 2329; x_wconf 87' lang='lat' dir='ltr'><strong>subdit</strong></span> <span class='ocrx_word' id='word_1_672' title='bbox 2783 2271 3060 2340; x_wconf 85' lang='lat' dir='ltr'><strong>Scriptura</strong></span> <span class='ocrx_word' id='word_1_673' title='bbox 3088 2287 3101 2325; x_wconf 89' lang='lat'><strong>:</strong></span> <span class='ocrx_word' id='word_1_674' title='bbox 3131 2268 3219 2323; x_wconf 73' lang='lat'><strong>10.</strong></span> <span class='ocrx_word' id='word_1_675' title='bbox 3252 2265 3381 2320; x_wconf 85' lang='lat' dir='ltr'><strong>Cum</strong></span> <span class='ocrx_word' id='word_1_676' title='bbox 3410 2272 3581 2317; x_wconf 63' lang='lat' dir='ltr'><strong>autem</strong></span> 
     </span>
    </p>
   </div>
   <div class='ocr_carea' id='block_1_82' title="bbox 1955 2355 3579 2439">
    <p class='ocr_par' dir='ltr' id='par_1_82' title="bbox 1955 2355 3579 2439">
     <span class='ocr_line' id='line_1_82' title="bbox 1955 2355 3579 2439; baseline -0.01 -16"><span class='ocrx_word' id='word_1_677' title='bbox 1955 2368 2241 2439; x_wconf 71' lang='lat' dir='ltr'><strong>loqueretur</strong></span> <span class='ocrx_word' id='word_1_678' title='bbox 2265 2368 2329 2422; x_wconf 88' lang='lat' dir='ltr'><strong>de</strong></span> <span class='ocrx_word' id='word_1_679' title='bbox 2346 2368 2429 2421; x_wconf 88' lang='lat' dir='ltr'><strong>die</strong></span> <span class='ocrx_word' id='word_1_680' title='bbox 2446 2368 2501 2420; x_wconf 86' lang='lat' dir='ltr'><strong>iu</strong></span> <span class='ocrx_word' id='word_1_681' title='bbox 2522 2367 2675 2431; x_wconf 77' lang='lat' dir='ltr'><strong>diem,</strong></span> <span class='ocrx_word' id='word_1_682' title='bbox 2705 2375 2750 2418; x_wconf 88' lang='lat' dir='ltr'><strong>et</strong></span> <span class='ocrx_word' id='word_1_683' title='bbox 2778 2380 2880 2417; x_wconf 83' lang='lat' dir='ltr'><strong>non</strong></span> <span class='ocrx_word' id='word_1_684' title='bbox 2902 2361 3129 2416; x_wconf 84' lang='lat' dir='ltr'><strong>obediret</strong></span> <span class='ocrx_word' id='word_1_685' title='bbox 3156 2359 3201 2413; x_wconf 84' lang='lat' dir='ltr'><strong>ei</strong></span> <span class='ocrx_word' id='word_1_686' title='bbox 3229 2375 3247 2412; x_wconf 87' lang='lat'><strong><em>:</em></strong></span> <span class='ocrx_word' id='word_1_687' title='bbox 3270 2357 3359 2412; x_wconf 89' lang='lat' dir='ltr'><strong>ubi</strong></span> <span class='ocrx_word' id='word_1_688' title='bbox 3390 2355 3579 2412; x_wconf 81' lang='lat' dir='ltr'><strong>obser-</strong></span> 
     </span>
    </p>
   </div>
   <div class='ocr_carea' id='block_1_83' title="bbox 1954 2450 3578 2525">
    <p class='ocr_par' dir='ltr' id='par_1_83' title="bbox 1954 2450 3578 2525">
     <span class='ocr_line' id='line_1_83' title="bbox 1954 2450 3578 2525; baseline -0.01 -11"><span class='ocrx_word' id='word_1_689' title='bbox 1954 2462 2100 2517; x_wconf 87' lang='lat' dir='ltr'><strong>vavit</strong></span> <span class='ocrx_word' id='word_1_690' title='bbox 2122 2463 2175 2516; x_wconf 89' lang='lat' dir='ltr'><strong>in</strong></span> <span class='ocrx_word' id='word_1_691' title='bbox 2208 2461 2373 2514; x_wconf 90' lang='lat' dir='ltr'><strong>domo</strong></span> <span class='ocrx_word' id='word_1_692' title='bbox 2405 2458 2692 2512; x_wconf 87' lang='lat' dir='ltr'><strong>facientem</strong></span> <span class='ocrx_word' id='word_1_693' title='bbox 2719 2454 2943 2525; x_wconf 89' lang='lat' dir='ltr'><strong>aliquid,</strong></span> <span class='ocrx_word' id='word_1_694' title='bbox 2972 2452 3169 2507; x_wconf 77' lang='lat' dir='ltr'><strong>assiliit</strong></span> <span class='ocrx_word' id='word_1_695' title='bbox 3215 2450 3270 2504; x_wconf 92' lang='lat' dir='ltr'><strong>in</strong></span> <span class='ocrx_word' id='word_1_696' title='bbox 3296 2452 3578 2516; x_wconf 82' lang='lat' dir='ltr'><strong>juvenem,</strong></span> 
     </span>
    </p>
   </div>
   <div class='ocr_carea' id='block_1_84' title="bbox 1954 2536 3579 2614">
    <p class='ocr_par' dir='ltr' id='par_1_84' title="bbox 1954 2536 3579 2614">
     <span class='ocr_line' id='line_1_84' title="bbox 1954 2536 3579 2614; baseline -0.01 -7"><span class='ocrx_word' id='word_1_697' title='bbox 1954 2554 2096 2608; x_wconf 91' lang='lat' dir='ltr'><strong>sicut</strong></span> <span class='ocrx_word' id='word_1_698' title='bbox 2150 2552 2262 2607; x_wconf 88' lang='lat' dir='ltr'><strong>fera</strong></span> <span class='ocrx_word' id='word_1_699' title='bbox 2305 2551 2559 2606; x_wconf 87' lang='lat' dir='ltr'><strong>dentibus</strong></span> <span class='ocrx_word' id='word_1_700' title='bbox 2604 2546 2881 2610; x_wconf 79' lang='lat' dir='ltr'><strong>frendens,</strong></span> <span class='ocrx_word' id='word_1_701' title='bbox 2923 2552 2980 2600; x_wconf 91' lang='lat' dir='ltr'><strong>et</strong></span> <span class='ocrx_word' id='word_1_702' title='bbox 3020 2540 3376 2614; x_wconf 80' lang='lat' dir='ltr'><strong>apprehensis</strong></span> <span class='ocrx_word' id='word_1_703' title='bbox 3411 2536 3579 2592; x_wconf 87' lang='lat' dir='ltr'><strong>vesti-</strong></span> 
     </span>
    </p>
   </div>
   <div class='ocr_carea' id='block_1_85' title="bbox 1955 2636 3579 2709">
    <p class='ocr_par' dir='ltr' id='par_1_85' title="bbox 1955 2636 3579 2709">
     <span class='ocr_line' id='line_1_85' title="bbox 1955 2636 3579 2709; baseline -0.011 -8"><span class='ocrx_word' id='word_1_704' title='bbox 1955 2646 2152 2702; x_wconf 89' lang='lat' dir='ltr'><strong>mentis</strong></span> <span class='ocrx_word' id='word_1_705' title='bbox 2202 2645 2376 2699; x_wconf 88' lang='lat' dir='ltr'><strong>tenuit</strong></span> <span class='ocrx_word' id='word_1_706' title='bbox 2404 2660 2549 2698; x_wconf 89' lang='lat' dir='ltr'><strong>cum.</strong></span> <span class='ocrx_word' id='word_1_707' title='bbox 2583 2641 2701 2697; x_wconf 80' lang='lat' dir='ltr'><strong>Non</strong></span> <span class='ocrx_word' id='word_1_708' title='bbox 2755 2638 3076 2709; x_wconf 83' lang='lat' dir='ltr'><strong>simpliciter</strong></span> <span class='ocrx_word' id='word_1_709' title='bbox 3129 2636 3235 2691; x_wconf 86' lang='lat' dir='ltr'><strong>hoc</strong></span> <span class='ocrx_word' id='word_1_710' title='bbox 3284 2640 3579 2704; x_wconf 71' lang='lat' dir='ltr'><strong>prteterea-</strong></span> 
     </span>
    </p>
   </div>
   <div class='ocr_carea' id='block_1_86' title="bbox 1957 2723 3583 2807">
    <p class='ocr_par' dir='ltr' id='par_1_86' title="bbox 1957 2723 3583 2807">
     <span class='ocr_line' id='line_1_86' title="bbox 1957 2723 3583 2807; baseline -0.011 -13"><span class='ocrx_word' id='word_1_711' title='bbox 1957 2754 2098 2805; x_wconf 90' lang='lat' dir='ltr'><strong>mus,</strong></span> <span class='ocrx_word' id='word_1_712' title='bbox 2148 2738 2245 2794; x_wconf 85' lang='lat' dir='ltr'><strong>sed</strong></span> <span class='ocrx_word' id='word_1_713' title='bbox 2288 2736 2589 2807; x_wconf 79' lang='lat' dir='ltr'><strong>cogitemus</strong></span> <span class='ocrx_word' id='word_1_714' title='bbox 2635 2742 2894 2805; x_wconf 87' lang='lat' dir='ltr'><strong>quantum</strong></span> <span class='ocrx_word' id='word_1_715' title='bbox 2938 2741 3216 2785; x_wconf 87' lang='lat' dir='ltr'><strong>certamen</strong></span> <span class='ocrx_word' id='word_1_716' title='bbox 3264 2723 3583 2780; x_wconf 86' lang='lat' dir='ltr'><strong>sustinuerit</strong></span> 
     </span>
    </p>
   </div>
   <div class='ocr_carea' id='block_1_87' title="bbox 1950 2814 3579 2904">
    <p class='ocr_par' dir='ltr' id='par_1_87' title="bbox 1950 2814 3579 2904">
     <span class='ocr_line' id='line_1_87' title="bbox 1950 2814 3579 2904; baseline -0.011 -18"><span class='ocrx_word' id='word_1_717' title='bbox 1950 2837 2131 2904; x_wconf 86' lang='lat' dir='ltr'><strong>justus</strong></span> <span class='ocrx_word' id='word_1_718' title='bbox 2161 2834 2270 2888; x_wconf 90' lang='lat' dir='ltr'><strong>ille.</strong></span> <span class='ocrx_word' id='word_1_719' title='bbox 2319 2831 2436 2885; x_wconf 85' lang='lat' dir='ltr'><strong>Non</strong></span> <span class='ocrx_word' id='word_1_720' title='bbox 2477 2830 2622 2883; x_wconf 89' lang='lat' dir='ltr'><strong>enim</strong></span> <span class='ocrx_word' id='word_1_721' title='bbox 2649 2836 2767 2882; x_wconf 88' lang='lat' dir='ltr'><strong>erat</strong></span> <span class='ocrx_word' id='word_1_722' title='bbox 2808 2835 2917 2880; x_wconf 89' lang='lat' dir='ltr'><strong>tam</strong></span> <span class='ocrx_word' id='word_1_723' title='bbox 2966 2819 3309 2885; x_wconf 79' lang='lat' dir='ltr'><strong>admirabile,</strong></span> <span class='ocrx_word' id='word_1_724' title='bbox 3353 2825 3411 2871; x_wconf 90' lang='lat' dir='ltr'><strong>ut</strong></span> <span class='ocrx_word' id='word_1_725' title='bbox 3447 2814 3579 2871; x_wconf 79' lang='lat' dir='ltr'><strong>milii</strong></span> 
     </span>
    </p>
   </div>
   <div class='ocr_carea' id='block_1_88' title="bbox 1954 2916 3583 2994">
    <p class='ocr_par' dir='ltr' id='par_1_88' title="bbox 1954 2916 3583 2994">
     <span class='ocr_line' id='line_1_88' title="bbox 1954 2916 3583 2994; baseline -0.012 -12"><span class='ocrx_word' id='word_1_726' title='bbox 1954 2928 2190 2994; x_wconf 89' lang='lat' dir='ltr'><strong>videtur,</strong></span> <span class='ocrx_word' id='word_1_727' title='bbox 2220 2926 2272 2979; x_wconf 90' lang='lat' dir='ltr'><strong>in</strong></span> <span class='ocrx_word' id='word_1_728' title='bbox 2306 2925 2521 2978; x_wconf 84' lang='lat' dir='ltr'><strong>fornace</strong></span> <span class='ocrx_word' id='word_1_729' title='bbox 2572 2919 2863 2992; x_wconf 84' lang='lat' dir='ltr'><strong>Babylonis</strong></span> <span class='ocrx_word' id='word_1_730' title='bbox 2910 2916 3113 2972; x_wconf 87' lang='lat' dir='ltr'><strong>versari</strong></span> <span class='ocrx_word' id='word_1_731' title='bbox 3160 2925 3270 2968; x_wconf 91' lang='lat' dir='ltr'><strong>tres</strong></span> <span class='ocrx_word' id='word_1_732' title='bbox 3300 2926 3496 2981; x_wconf 86' lang='lat' dir='ltr'><strong>pueros</strong></span> <span class='ocrx_word' id='word_1_733' title='bbox 3525 2918 3583 2963; x_wconf 86' lang='lat' dir='ltr'><strong>et.</strong></span> 
     </span>
    </p>
   </div>
   <div class='ocr_carea' id='block_1_89' title="bbox 1956 3000 3581 3087">
    <p class='ocr_par' dir='ltr' id='par_1_89' title="bbox 1956 3000 3581 3087">
     <span class='ocr_line' id='line_1_89' title="bbox 1956 3000 3581 3087; baseline -0.012 -14"><span class='ocrx_word' id='word_1_734' title='bbox 1956 3020 2151 3074; x_wconf 63' lang='lat' dir='ltr'><strong>illaasos</strong></span> <span class='ocrx_word' id='word_1_735' title='bbox 2184 3031 2522 3087; x_wconf 85' lang='lat' dir='ltr'><strong>permanere,</strong></span> <span class='ocrx_word' id='word_1_736' title='bbox 2568 3013 2812 3083; x_wconf 88' lang='lat' dir='ltr'><strong>nihilque</strong></span> <span class='ocrx_word' id='word_1_737' title='bbox 2839 3010 2908 3065; x_wconf 90' lang='lat' dir='ltr'><strong>ab</strong></span> <span class='ocrx_word' id='word_1_738' title='bbox 2933 3010 3055 3080; x_wconf 85' lang='lat' dir='ltr'><strong>igne</strong></span> <span class='ocrx_word' id='word_1_739' title='bbox 3078 3006 3186 3077; x_wconf 86' lang='lat' dir='ltr'><strong>pati</strong></span> <span class='ocrx_word' id='word_1_740' title='bbox 3216 3005 3381 3077; x_wconf 83' lang='lat' dir='ltr'><strong>(Dutt.</strong></span> <span class='ocrx_word' id='word_1_741' title='bbox 3404 3000 3485 3074; x_wconf 74' lang='lat'><strong>5),</strong></span> <span class='ocrx_word' id='word_1_742' title='bbox 3520 3009 3581 3055; x_wconf 89' lang='lat' dir='ltr'><strong>ut</strong></span> 
     </span>
    </p>
   </div>
   <div class='ocr_carea' id='block_1_90' title="bbox 1953 3093 3579 3171">
    <p class='ocr_par' dir='ltr' id='par_1_90' title="bbox 1953 3093 3579 3171">
     <span class='ocr_line' id='line_1_90' title="bbox 1953 3093 3579 3171; baseline -0.015 -4"><span class='ocrx_word' id='word_1_743' title='bbox 1953 3111 2271 3167; x_wconf 89' lang='lat' dir='ltr'><strong>admirabile</strong></span> <span class='ocrx_word' id='word_1_744' title='bbox 2302 3108 2404 3162; x_wconf 89' lang='lat' dir='ltr'><strong>hoc</strong></span> <span class='ocrx_word' id='word_1_745' title='bbox 2432 3116 2486 3161; x_wconf 91' lang='lat' dir='ltr'><strong>et</strong></span> <span class='ocrx_word' id='word_1_746' title='bbox 2530 3120 2739 3170; x_wconf 86' lang='lat' dir='ltr'><strong>rarum,</strong></span> <span class='ocrx_word' id='word_1_747' title='bbox 2780 3117 2976 3171; x_wconf 88' lang='lat' dir='ltr'><strong>nempe</strong></span> <span class='ocrx_word' id='word_1_748' title='bbox 3014 3097 3390 3154; x_wconf 87' lang='lat' dir='ltr'><strong>admirandum</strong></span> <span class='ocrx_word' id='word_1_749' title='bbox 3428 3093 3579 3146; x_wconf 88' lang='lat' dir='ltr'><strong>illum</strong></span> 
     </span>
    </p>
   </div>
   <div class='ocr_carea' id='block_1_91' title="bbox 1950 3184 3579 3272">
    <p class='ocr_par' dir='ltr' id='par_1_91' title="bbox 1950 3184 3579 3272">
     <span class='ocr_line' id='line_1_91' title="bbox 1950 3184 3579 3272; baseline -0.013 -17"><span class='ocrx_word' id='word_1_750' title='bbox 1950 3203 2203 3272; x_wconf 86' lang='lat' dir='ltr'><strong>juvenem</strong></span> <span class='ocrx_word' id='word_1_751' title='bbox 2233 3198 2456 3254; x_wconf 78' lang='lat' dir='ltr'><strong>retineri</strong></span> <span class='ocrx_word' id='word_1_752' title='bbox 2483 3193 2822 3250; x_wconf 85' lang='lat' dir='ltr'><strong>vestimentis</strong></span> <span class='ocrx_word' id='word_1_753' title='bbox 2847 3207 2877 3245; x_wconf 88' lang='lat' dir='ltr'><strong>a</strong></span> <span class='ocrx_word' id='word_1_754' title='bbox 2902 3190 3133 3246; x_wconf 88' lang='lat' dir='ltr'><strong>scelesta</strong></span> <span class='ocrx_word' id='word_1_755' title='bbox 3164 3188 3251 3242; x_wconf 89' lang='lat' dir='ltr'><strong>illa</strong></span> <span class='ocrx_word' id='word_1_756' title='bbox 3275 3196 3330 3239; x_wconf 92' lang='lat' dir='ltr'><strong>et</strong></span> <span class='ocrx_word' id='word_1_757' title='bbox 3357 3184 3579 3248; x_wconf 77' lang='lat' dir='ltr'><strong>lasciva,</strong></span> 
     </span>
    </p>
   </div>
   <div class='ocr_carea' id='block_1_92' title="bbox 1957 3276 3579 3351">
    <p class='ocr_par' dir='ltr' id='par_1_92' title="bbox 1957 3276 3579 3351">
     <span class='ocr_line' id='line_1_92' title="bbox 1957 3276 3579 3351; baseline -0.013 -1"><span class='ocrx_word' id='word_1_758' title='bbox 1957 3311 2057 3350; x_wconf 88' lang='lat' dir='ltr'><strong>nee</strong></span> <span class='ocrx_word' id='word_1_759' title='bbox 2085 3304 2264 3349; x_wconf 91' lang='lat' dir='ltr'><strong>tamen</strong></span> <span class='ocrx_word' id='word_1_760' title='bbox 2295 3292 2370 3346; x_wconf 91' lang='lat' dir='ltr'><strong>illi</strong></span> <span class='ocrx_word' id='word_1_761' title='bbox 2403 3290 2619 3351; x_wconf 84' lang='lat' dir='ltr'><strong>cedere,</strong></span> <span class='ocrx_word' id='word_1_762' title='bbox 2662 3286 2760 3342; x_wconf 89' lang='lat' dir='ltr'><strong>sed</strong></span> <span class='ocrx_word' id='word_1_763' title='bbox 2789 3293 2844 3340; x_wconf 90' lang='lat' dir='ltr'><strong>et</strong></span> <span class='ocrx_word' id='word_1_764' title='bbox 2870 3282 3116 3340; x_wconf 76' lang='lat' dir='ltr'><strong>vesﬁbus</strong></span> <span class='ocrx_word' id='word_1_765' title='bbox 3142 3279 3346 3335; x_wconf 90' lang='lat' dir='ltr'><strong>relictis</strong></span> <span class='ocrx_word' id='word_1_766' title='bbox 3376 3276 3429 3331; x_wconf 94' lang='lat' dir='ltr'><strong>in</strong></span> <span class='ocrx_word' id='word_1_767' title='bbox 3462 3290 3579 3330; x_wconf 84' lang='lat' dir='ltr'><strong>ma-</strong></span> 
     </span>
    </p>
   </div>
   <div class='ocr_carea' id='block_1_93' title="bbox 1958 3373 3578 3445">
    <p class='ocr_par' dir='ltr' id='par_1_93' title="bbox 1958 3373 3578 3445">
     <span class='ocr_line' id='line_1_93' title="bbox 1958 3373 3578 3445; baseline -0.012 -4"><span class='ocrx_word' id='word_1_768' title='bbox 1958 3387 2115 3442; x_wconf 86' lang='lat' dir='ltr'><strong>nibus</strong></span> <span class='ocrx_word' id='word_1_769' title='bbox 2144 3386 2289 3439; x_wconf 90' lang='lat' dir='ltr'><strong>illius</strong></span> <span class='ocrx_word' id='word_1_770' title='bbox 2321 3384 2550 3437; x_wconf 89' lang='lat' dir='ltr'><strong>resilire.</strong></span> <span class='ocrx_word' id='word_1_771' title='bbox 2581 3380 2733 3436; x_wconf 90' lang='lat' dir='ltr'><strong>Sicut</strong></span> <span class='ocrx_word' id='word_1_772' title='bbox 2752 3379 2897 3433; x_wconf 90' lang='lat' dir='ltr'><strong>enim</strong></span> <span class='ocrx_word' id='word_1_773' title='bbox 2926 3387 3037 3432; x_wconf 89' lang='lat' dir='ltr'><strong>tres</strong></span> <span class='ocrx_word' id='word_1_774' title='bbox 3068 3374 3218 3445; x_wconf 90' lang='lat' dir='ltr'><strong>pueri</strong></span> <span class='ocrx_word' id='word_1_775' title='bbox 3256 3373 3327 3427; x_wconf 89' lang='lat' dir='ltr'><strong>illi</strong></span> <span class='ocrx_word' id='word_1_776' title='bbox 3360 3380 3578 3442; x_wconf 83' lang='lat' dir='ltr'><strong>propter</strong></span> 
     </span>
    </p>
   </div>
   <div class='ocr_carea' id='block_1_94' title="bbox 1954 3461 3576 3542">
    <p class='ocr_par' dir='ltr' id='par_1_94' title="bbox 1954 3461 3576 3542">
     <span class='ocr_line' id='line_1_94' title="bbox 1954 3461 3576 3542; baseline -0.011 -10"><span class='ocrx_word' id='word_1_777' title='bbox 1954 3493 2108 3532; x_wconf 88' lang='lat' dir='ltr'><strong>suam</strong></span> <span class='ocrx_word' id='word_1_778' title='bbox 2140 3478 2393 3529; x_wconf 87' lang='lat' dir='ltr'><strong>virtutem</strong></span> <span class='ocrx_word' id='word_1_779' title='bbox 2421 3486 2657 3542; x_wconf 88' lang='lat' dir='ltr'><strong>superno</strong></span> <span class='ocrx_word' id='word_1_780' title='bbox 2683 3468 2805 3525; x_wconf 90' lang='lat' dir='ltr'><strong>freti</strong></span> <span class='ocrx_word' id='word_1_781' title='bbox 2831 3468 3053 3533; x_wconf 85' lang='lat' dir='ltr'><strong>auxilio,</strong></span> <span class='ocrx_word' id='word_1_782' title='bbox 3084 3469 3206 3537; x_wconf 87' lang='lat' dir='ltr'><strong>igne</strong></span> <span class='ocrx_word' id='word_1_783' title='bbox 3241 3461 3576 3536; x_wconf 71' lang='lat' dir='ltr'><strong>prmstantio-</strong></span> 
     </span>
    </p>
   </div>
   <div class='ocr_carea' id='block_1_95' title="bbox 1955 3554 3581 3634">
    <p class='ocr_par' dir='ltr' id='par_1_95' title="bbox 1955 3554 3581 3634">
     <span class='ocr_line' id='line_1_95' title="bbox 1955 3554 3581 3634; baseline -0.01 -9"><span class='ocrx_word' id='word_1_784' title='bbox 1955 3583 2045 3625; x_wconf 87' lang='lat' dir='ltr'><strong>res</strong></span> <span class='ocrx_word' id='word_1_785' title='bbox 2079 3568 2180 3625; x_wconf 90' lang='lat' dir='ltr'><strong>visi</strong></span> <span class='ocrx_word' id='word_1_786' title='bbox 2206 3576 2334 3623; x_wconf 91' lang='lat' dir='ltr'><strong>sunt</strong></span> <span class='ocrx_word' id='word_1_787' title='bbox 2364 3585 2378 3621; x_wconf 91' lang='lat'><strong>:</strong></span> <span class='ocrx_word' id='word_1_788' title='bbox 2411 3567 2482 3620; x_wconf 88' lang='lat' dir='ltr'><strong>ita</strong></span> <span class='ocrx_word' id='word_1_789' title='bbox 2511 3574 2568 3622; x_wconf 90' lang='lat' dir='ltr'><strong>et</strong></span> <span class='ocrx_word' id='word_1_790' title='bbox 2597 3564 2708 3629; x_wconf 89' lang='lat' dir='ltr'><strong>ille,</strong></span> <span class='ocrx_word' id='word_1_791' title='bbox 2732 3563 2857 3634; x_wconf 90' lang='lat' dir='ltr'><strong>quia</strong></span> <span class='ocrx_word' id='word_1_792' title='bbox 2886 3560 3031 3632; x_wconf 91' lang='lat' dir='ltr'><strong>quod</strong></span> <span class='ocrx_word' id='word_1_793' title='bbox 3072 3560 3125 3614; x_wconf 91' lang='lat' dir='ltr'><strong>in</strong></span> <span class='ocrx_word' id='word_1_794' title='bbox 3162 3573 3223 3614; x_wconf 84' lang='lat' dir='ltr'><strong>se</strong></span> <span class='ocrx_word' id='word_1_795' title='bbox 3243 3565 3361 3613; x_wconf 89' lang='lat' dir='ltr'><strong>erat</strong></span> <span class='ocrx_word' id='word_1_796' title='bbox 3389 3554 3581 3610; x_wconf 82' lang='lat' dir='ltr'><strong>aﬂ&#39;ere-</strong></span> 
     </span>
    </p>
   </div>
   <div class='ocr_carea' id='block_1_96' title="bbox 1957 3646 3581 3724">
    <p class='ocr_par' dir='ltr' id='par_1_96' title="bbox 1957 3646 3581 3724">
     <span class='ocr_line' id='line_1_96' title="bbox 1957 3646 3581 3724; baseline -0.009 -8"><span class='ocrx_word' id='word_1_797' title='bbox 1957 3662 2068 3724; x_wconf 87' lang='lat' dir='ltr'><strong>bat,</strong></span> <span class='ocrx_word' id='word_1_798' title='bbox 2100 3670 2155 3715; x_wconf 90' lang='lat' dir='ltr'><strong>et</strong></span> <span class='ocrx_word' id='word_1_799' title='bbox 2184 3658 2534 3715; x_wconf 71' lang='lat' dir='ltr'><strong>continentiae</strong></span> <span class='ocrx_word' id='word_1_800' title='bbox 2570 3655 2869 3711; x_wconf 88' lang='lat' dir='ltr'><strong>certamina</strong></span> <span class='ocrx_word' id='word_1_801' title='bbox 2898 3668 3021 3708; x_wconf 85' lang='lat' dir='ltr'><strong>cum</strong></span> <span class='ocrx_word' id='word_1_802' title='bbox 3058 3665 3252 3721; x_wconf 83' lang='lat' dir='ltr'><strong>magna</strong></span> <span class='ocrx_word' id='word_1_803' title='bbox 3288 3646 3581 3702; x_wconf 77' lang='lat' dir='ltr'><strong>exhibebat</strong></span> 
     </span>
    </p>
   </div>
   <div class='ocr_carea' id='block_1_97' title="bbox 1955 3739 3579 3819">
    <p class='ocr_par' dir='ltr' id='par_1_97' title="bbox 1955 3739 3579 3819">
     <span class='ocr_line' id='line_1_97' title="bbox 1955 3739 3579 3819; baseline -0.01 -12"><span class='ocrx_word' id='word_1_804' title='bbox 1955 3752 2283 3818; x_wconf 87' lang='lat' dir='ltr'><strong>constantia,</strong></span> <span class='ocrx_word' id='word_1_805' title='bbox 2330 3763 2526 3819; x_wconf 84' lang='lat' dir='ltr'><strong>magno</strong></span> <span class='ocrx_word' id='word_1_806' title='bbox 2555 3759 2902 3817; x_wconf 87' lang='lat' dir='ltr'><strong>supernoque</strong></span> <span class='ocrx_word' id='word_1_807' title='bbox 2932 3742 3184 3813; x_wconf 83' lang='lat' dir='ltr'><strong>pr:csidio</strong></span> <span class='ocrx_word' id='word_1_808' title='bbox 3215 3739 3579 3794; x_wconf 86' lang='lat' dir='ltr'><strong>muniebatur.</strong></span> 
     </span>
    </p>
   </div>
   <div class='ocr_carea' id='block_1_98' title="bbox 1955 3834 3583 3915">
    <p class='ocr_par' dir='ltr' id='par_1_98' title="bbox 1955 3834 3583 3915">
     <span class='ocr_line' id='line_1_98' title="bbox 1955 3834 3583 3915; baseline -0.011 -15"><span class='ocrx_word' id='word_1_809' title='bbox 1955 3844 2142 3915; x_wconf 87' lang='lat' dir='ltr'><strong>Neque</strong></span> <span class='ocrx_word' id='word_1_810' title='bbox 2167 3844 2313 3898; x_wconf 90' lang='lat' dir='ltr'><strong>enim</strong></span> <span class='ocrx_word' id='word_1_811' title='bbox 2364 3840 2649 3909; x_wconf 82' lang='lat' dir='ltr'><strong>potuisset,</strong></span> <span class='ocrx_word' id='word_1_812' title='bbox 2698 3837 2921 3894; x_wconf 82' lang='lat' dir='ltr'><strong>dextera</strong></span> <span class='ocrx_word' id='word_1_813' title='bbox 2971 3834 3065 3889; x_wconf 91' lang='lat' dir='ltr'><strong>Dei</strong></span> <span class='ocrx_word' id='word_1_814' title='bbox 3113 3850 3222 3888; x_wconf 90' lang='lat' dir='ltr'><strong>non</strong></span> <span class='ocrx_word' id='word_1_815' title='bbox 3252 3838 3583 3900; x_wconf 83' lang='lat' dir='ltr'><strong>cooperante</strong></span> 
     </span>
    </p>
   </div>
   <div class='ocr_carea' id='block_1_99' title="bbox 1954 3920 3584 4001">
    <p class='ocr_par' dir='ltr' id='par_1_99' title="bbox 1954 3920 3584 4001">
     <span class='ocr_line' id='line_1_99' title="bbox 1954 3920 3584 4001; baseline -0.01 -10"><span class='ocrx_word' id='word_1_816' title='bbox 1954 3936 2027 4001; x_wconf 91' lang='lat' dir='ltr'><strong>ei,</strong></span> <span class='ocrx_word' id='word_1_817' title='bbox 2056 3942 2264 3990; x_wconf 87' lang='lat' dir='ltr'><strong>tantum</strong></span> <span class='ocrx_word' id='word_1_818' title='bbox 2287 3944 2563 3988; x_wconf 86' lang='lat' dir='ltr'><strong>certamen</strong></span> <span class='ocrx_word' id='word_1_819' title='bbox 2585 3939 2819 3997; x_wconf 86' lang='lat' dir='ltr'><strong>certare,</strong></span> <span class='ocrx_word' id='word_1_820' title='bbox 2855 3936 2913 3985; x_wconf 87' lang='lat' dir='ltr'><strong>et</strong></span> <span class='ocrx_word' id='word_1_821' title='bbox 2942 3944 2971 3982; x_wconf 89' lang='lat' dir='ltr'><strong>a</strong></span> <span class='ocrx_word' id='word_1_822' title='bbox 2996 3926 3201 3982; x_wconf 86' lang='lat' dir='ltr'><strong>retibus</strong></span> <span class='ocrx_word' id='word_1_823' title='bbox 3230 3924 3372 3979; x_wconf 90' lang='lat' dir='ltr'><strong>illius</strong></span> <span class='ocrx_word' id='word_1_824' title='bbox 3404 3920 3584 3977; x_wconf 81' lang='lat' dir='ltr'><strong>libidi-</strong></span> 
     </span>
    </p>
   </div>
   <div class='ocr_carea' id='block_1_100' title="bbox 1957 4013 3581 4094">
    <p class='ocr_par' dir='ltr' id='par_1_100' title="bbox 1957 4013 3581 4094">
     <span class='ocr_line' id='line_1_100' title="bbox 1957 4013 3581 4094; baseline -0.009 -13"><span class='ocrx_word' id='word_1_825' title='bbox 1957 4041 2104 4082; x_wconf 72' lang='lat' dir='ltr'><strong>nosa:</strong></span> <span class='ocrx_word' id='word_1_826' title='bbox 2132 4026 2377 4081; x_wconf 89' lang='lat' dir='ltr'><strong>mulieris</strong></span> <span class='ocrx_word' id='word_1_827' title='bbox 2415 4024 2693 4094; x_wconf 74' lang='lat' dir='ltr'><strong>aufugere.</strong></span> <span class='ocrx_word' id='word_1_828' title='bbox 2727 4022 2795 4076; x_wconf 85' lang='lat' dir='ltr'><strong>Et</strong></span> <span class='ocrx_word' id='word_1_829' title='bbox 2828 4019 3024 4076; x_wconf 85' lang='lat' dir='ltr'><strong>licebat</strong></span> <span class='ocrx_word' id='word_1_830' title='bbox 3054 4027 3242 4088; x_wconf 86' lang='lat' dir='ltr'><strong>postea</strong></span> <span class='ocrx_word' id='word_1_831' title='bbox 3271 4016 3456 4071; x_wconf 85' lang='lat' dir='ltr'><strong>videre</strong></span> <span class='ocrx_word' id='word_1_832' title='bbox 3480 4013 3581 4068; x_wconf 87' lang='lat' dir='ltr'><strong>ad-</strong></span> 
     </span>
    </p>
   </div>
   <div class='ocr_carea' id='block_1_101' title="bbox 1957 4111 3581 4188">
    <p class='ocr_par' dir='ltr' id='par_1_101' title="bbox 1957 4111 3581 4188">
     <span class='ocr_line' id='line_1_101' title="bbox 1957 4111 3581 4188; baseline -0.007 -14"><span class='ocrx_word' id='word_1_833' title='bbox 1957 4121 2261 4175; x_wconf 77' lang='lat' dir='ltr'><strong>mirabilem</strong></span> <span class='ocrx_word' id='word_1_834' title='bbox 2287 4120 2459 4183; x_wconf 86' lang='lat' dir='ltr'><strong>illum,</strong></span> <span class='ocrx_word' id='word_1_835' title='bbox 2489 4118 2693 4175; x_wconf 90' lang='lat' dir='ltr'><strong>nudum</strong></span> <span class='ocrx_word' id='word_1_836' title='bbox 2712 4116 2931 4188; x_wconf 87' lang='lat' dir='ltr'><strong>quidem</strong></span> <span class='ocrx_word' id='word_1_837' title='bbox 2954 4115 3191 4171; x_wconf 85' lang='lat' dir='ltr'><strong>vestibus</strong></span> <span class='ocrx_word' id='word_1_838' title='bbox 3220 4116 3389 4175; x_wconf 84' lang='lat' dir='ltr'><strong>exire,</strong></span> <span class='ocrx_word' id='word_1_839' title='bbox 3422 4111 3581 4165; x_wconf 57' lang='lat' dir='ltr'><strong>indu-</strong></span> 
     </span>
    </p>
   </div>
   <div class='ocr_carea' id='block_1_102' title="bbox 1958 4204 3580 4276">
    <p class='ocr_par' dir='ltr' id='par_1_102' title="bbox 1958 4204 3580 4276">
     <span class='ocr_line' id='line_1_102' title="bbox 1958 4204 3580 4276; baseline -0.007 -9"><span class='ocrx_word' id='word_1_840' title='bbox 1958 4221 2069 4267; x_wconf 91' lang='lat' dir='ltr'><strong>tum</strong></span> <span class='ocrx_word' id='word_1_841' title='bbox 2100 4223 2279 4267; x_wconf 88' lang='lat' dir='ltr'><strong>autem</strong></span> <span class='ocrx_word' id='word_1_842' title='bbox 2324 4212 2675 4268; x_wconf 61' lang='lat' dir='ltr'><strong>continentiae</strong></span> <span class='ocrx_word' id='word_1_843' title='bbox 2706 4209 3062 4272; x_wconf 89' lang='lat' dir='ltr'><strong>vestimentis,</strong></span> <span class='ocrx_word' id='word_1_844' title='bbox 3108 4217 3163 4262; x_wconf 90' lang='lat' dir='ltr'><strong>et</strong></span> <span class='ocrx_word' id='word_1_845' title='bbox 3203 4206 3357 4276; x_wconf 87' lang='lat' dir='ltr'><strong>quasi</strong></span> <span class='ocrx_word' id='word_1_846' title='bbox 3395 4204 3465 4260; x_wconf 88' lang='lat' dir='ltr'><strong>ab</strong></span> <span class='ocrx_word' id='word_1_847' title='bbox 3494 4204 3580 4258; x_wconf 88' lang='lat' dir='ltr'><strong>in-</strong></span> 
     </span>
    </p>
   </div>
   <div class='ocr_carea' id='block_1_103' title="bbox 1956 4296 3582 4371">
    <p class='ocr_par' dir='ltr' id='par_1_103' title="bbox 1956 4296 3582 4371">
     <span class='ocr_line' id='line_1_103' title="bbox 1956 4296 3582 4371; baseline -0.006 -12"><span class='ocrx_word' id='word_1_848' title='bbox 1956 4304 2150 4359; x_wconf 91' lang='lat' dir='ltr'><strong>cendio</strong></span> <span class='ocrx_word' id='word_1_849' title='bbox 2192 4314 2247 4358; x_wconf 93' lang='lat' dir='ltr'><strong>et</strong></span> <span class='ocrx_word' id='word_1_850' title='bbox 2294 4304 2513 4358; x_wconf 87' lang='lat' dir='ltr'><strong>fornace</strong></span> <span class='ocrx_word' id='word_1_851' title='bbox 2543 4302 2769 4357; x_wconf 61' lang='lat' dir='ltr'><strong>illaesum</strong></span> <span class='ocrx_word' id='word_1_852' title='bbox 2810 4300 3091 4371; x_wconf 74' lang='lat' dir='ltr'><strong>ellugere:</strong></span> <span class='ocrx_word' id='word_1_853' title='bbox 3141 4314 3204 4353; x_wconf 90' lang='lat' dir='ltr'><strong>ac</strong></span> <span class='ocrx_word' id='word_1_854' title='bbox 3252 4312 3359 4351; x_wconf 90' lang='lat' dir='ltr'><strong>non</strong></span> <span class='ocrx_word' id='word_1_855' title='bbox 3404 4296 3582 4350; x_wconf 88' lang='lat' dir='ltr'><strong>solmu</strong></span> 
     </span>
    </p>
   </div>
   <div class='ocr_carea' id='block_1_104' title="bbox 1956 4390 3583 4465">
    <p class='ocr_par' dir='ltr' id='par_1_104' title="bbox 1956 4390 3583 4465">
     <span class='ocr_line' id='line_1_104' title="bbox 1956 4390 3583 4465; baseline -0.006 -13"><span class='ocrx_word' id='word_1_856' title='bbox 1956 4414 2065 4452; x_wconf 90' lang='lat' dir='ltr'><strong>non</strong></span> <span class='ocrx_word' id='word_1_857' title='bbox 2102 4396 2374 4464; x_wconf 87' lang='lat' dir='ltr'><strong>adustum,</strong></span> <span class='ocrx_word' id='word_1_858' title='bbox 2404 4397 2499 4452; x_wconf 90' lang='lat' dir='ltr'><strong>sed</strong></span> <span class='ocrx_word' id='word_1_859' title='bbox 2530 4406 2587 4451; x_wconf 91' lang='lat' dir='ltr'><strong>et</strong></span> <span class='ocrx_word' id='word_1_860' title='bbox 2614 4395 2786 4451; x_wconf 89' lang='lat' dir='ltr'><strong>multo</strong></span> <span class='ocrx_word' id='word_1_861' title='bbox 2811 4392 3152 4465; x_wconf 80' lang='lat' dir='ltr'><strong>fulgidiorem</strong></span> <span class='ocrx_word' id='word_1_862' title='bbox 3198 4401 3253 4448; x_wconf 89' lang='lat' dir='ltr'><strong>et</strong></span> <span class='ocrx_word' id='word_1_863' title='bbox 3291 4390 3583 4446; x_wconf 88' lang='lat' dir='ltr'><strong>clariorem</strong></span> 
     </span>
    </p>
   </div>
   <div class='ocr_carea' id='block_1_105' title="bbox 1957 4491 2177 4545">
    <p class='ocr_par' dir='ltr' id='par_1_105' title="bbox 1957 4491 2177 4545">
     <span class='ocr_line' id='line_1_105' title="bbox 1957 4491 2177 4545; baseline 0 0"><span class='ocrx_word' id='word_1_864' title='bbox 1957 4491 2177 4545; x_wconf 76' lang='lat' dir='ltr'><strong>factum.</strong></span> 
     </span>
    </p>
   </div>
   <div class='ocr_carea' id='block_1_106' title="bbox 2030 4581 3580 4653">
    <p class='ocr_par' dir='ltr' id='par_1_106' title="bbox 2030 4581 3580 4653">
     <span class='ocr_line' id='line_1_106' title="bbox 2030 4581 3580 4653; baseline -0.005 -16"><span class='ocrx_word' id='word_1_865' title='bbox 2030 4586 2082 4637; x_wconf 85' lang='lat'><strong>5.</strong></span> <span class='ocrx_word' id='word_1_866' title='bbox 2114 4583 2220 4638; x_wconf 89' lang='lat' dir='ltr'><strong>Sed</strong></span> <span class='ocrx_word' id='word_1_867' title='bbox 2253 4582 2372 4638; x_wconf 84' lang='lat' dir='ltr'><strong>vide</strong></span> <span class='ocrx_word' id='word_1_868' title='bbox 2403 4590 2524 4653; x_wconf 90' lang='lat' dir='ltr'><strong>post</strong></span> <span class='ocrx_word' id='word_1_869' title='bbox 2552 4590 2754 4637; x_wconf 88' lang='lat' dir='ltr'><strong>tantam</strong></span> <span class='ocrx_word' id='word_1_870' title='bbox 2780 4581 3084 4643; x_wconf 88' lang='lat' dir='ltr'><strong>victoriam,</strong></span> <span class='ocrx_word' id='word_1_871' title='bbox 3120 4586 3346 4647; x_wconf 87' lang='lat' dir='ltr'><strong>postque</strong></span> <span class='ocrx_word' id='word_1_872' title='bbox 3375 4584 3580 4631; x_wconf 84' lang='lat' dir='ltr'><strong>tantam</strong></span> 
     </span>
    </p>
   </div>
   <div class='ocr_carea' id='block_1_107' title="bbox 1956 4670 3581 4744">
    <p class='ocr_par' dir='ltr' id='par_1_107' title="bbox 1956 4670 3581 4744">
     <span class='ocr_line' id='line_1_107' title="bbox 1956 4670 3581 4744; baseline -0.004 -16"><span class='ocrx_word' id='word_1_873' title='bbox 1956 4675 2348 4739; x_wconf 88' lang='lat' dir='ltr'><strong>fortitudinem,</strong></span> <span class='ocrx_word' id='word_1_874' title='bbox 2396 4676 2552 4744; x_wconf 85' lang='lat' dir='ltr'><strong>cujus</strong></span> <span class='ocrx_word' id='word_1_875' title='bbox 2594 4688 2756 4728; x_wconf 87' lang='lat' dir='ltr'><strong>causa</strong></span> <span class='ocrx_word' id='word_1_876' title='bbox 2800 4673 2950 4726; x_wconf 89' lang='lat' dir='ltr'><strong>illum</strong></span> <span class='ocrx_word' id='word_1_877' title='bbox 2989 4670 3273 4741; x_wconf 85' lang='lat' dir='ltr'><strong>oportebat</strong></span> <span class='ocrx_word' id='word_1_878' title='bbox 3306 4670 3581 4735; x_wconf 88' lang='lat' dir='ltr'><strong>coronari,</strong></span> 
     </span>
    </p>
   </div>
   <div class='ocr_carea' id='block_1_108' title="bbox 1957 4762 3583 4838">
    <p class='ocr_par' dir='ltr' id='par_1_108' title="bbox 1957 4762 3583 4838">
     <span class='ocr_line' id='line_1_108' title="bbox 1957 4762 3583 4838; baseline -0.003 -15"><span class='ocrx_word' id='word_1_879' title='bbox 1957 4778 2012 4823; x_wconf 86' lang='lat' dir='ltr'><strong>et</strong></span> <span class='ocrx_word' id='word_1_880' title='bbox 2058 4768 2216 4837; x_wconf 88' lang='lat' dir='ltr'><strong>cujus</strong></span> <span class='ocrx_word' id='word_1_881' title='bbox 2263 4782 2425 4822; x_wconf 83' lang='lat' dir='ltr'><strong>causa</strong></span> <span class='ocrx_word' id='word_1_882' title='bbox 2482 4765 2769 4838; x_wconf 77' lang='lat' dir='ltr'><strong>oportebat</strong></span> <span class='ocrx_word' id='word_1_883' title='bbox 2825 4765 2977 4819; x_wconf 89' lang='lat' dir='ltr'><strong>illum</strong></span> <span class='ocrx_word' id='word_1_884' title='bbox 3030 4763 3333 4833; x_wconf 67' lang='lat' dir='ltr'><strong>praedicari,</strong></span> <span class='ocrx_word' id='word_1_885' title='bbox 3384 4762 3583 4818; x_wconf 87' lang='lat' dir='ltr'><strong>iterum</strong></span> 
     </span>
    </p>
   </div>
   <div class='ocr_carea' id='block_1_109' title="bbox 1958 4856 3580 4931">
    <p class='ocr_par' dir='ltr' id='par_1_109' title="bbox 1958 4856 3580 4931">
     <span class='ocr_line' id='line_1_109' title="bbox 1958 4856 3580 4931; baseline -0.001 -18"><span class='ocrx_word' id='word_1_886' title='bbox 1958 4863 2110 4931; x_wconf 88' lang='lat' dir='ltr'><strong>quasi</strong></span> <span class='ocrx_word' id='word_1_887' title='bbox 2135 4878 2291 4919; x_wconf 89' lang='lat' dir='ltr'><strong>reum</strong></span> <span class='ocrx_word' id='word_1_888' title='bbox 2312 4873 2364 4917; x_wconf 90' lang='lat' dir='ltr'><strong>et</strong></span> <span class='ocrx_word' id='word_1_889' title='bbox 2390 4862 2683 4916; x_wconf 81' lang='lat' dir='ltr'><strong>obnoxium</strong></span> <span class='ocrx_word' id='word_1_890' title='bbox 2714 4861 2999 4914; x_wconf 90' lang='lat' dir='ltr'><strong>innumera</strong></span> <span class='ocrx_word' id='word_1_891' title='bbox 3028 4858 3384 4912; x_wconf 87' lang='lat' dir='ltr'><strong>sustinentem</strong></span> <span class='ocrx_word' id='word_1_892' title='bbox 3414 4856 3580 4912; x_wconf 76' lang='lat' dir='ltr'><strong>mala.</strong></span> 
     </span>
    </p>
   </div>
   <div class='ocr_carea' id='block_1_110' title="bbox 1957 4949 3581 5025">
    <p class='ocr_par' dir='ltr' id='par_1_110' title="bbox 1957 4949 3581 5025">
     <span class='ocr_line' id='line_1_110' title="bbox 1957 4949 3581 5025; baseline -0.004 -17"><span class='ocrx_word' id='word_1_893' title='bbox 1957 4954 2091 5008; x_wconf 78' lang='lat' dir='ltr'><strong>Nam</strong></span> <span class='ocrx_word' id='word_1_894' title='bbox 2118 4953 2366 5025; x_wconf 66' lang='lat' dir='ltr'><strong>Egyptia</strong></span> <span class='ocrx_word' id='word_1_895' title='bbox 2392 4954 2483 5008; x_wconf 87' lang='lat' dir='ltr'><strong>illa</strong></span> <span class='ocrx_word' id='word_1_896' title='bbox 2514 4970 2621 5007; x_wconf 91' lang='lat' dir='ltr'><strong>non</strong></span> <span class='ocrx_word' id='word_1_897' title='bbox 2650 4953 2829 5008; x_wconf 89' lang='lat' dir='ltr'><strong>ferens</strong></span> <span class='ocrx_word' id='word_1_898' title='bbox 2854 4952 3113 5023; x_wconf 77' lang='lat' dir='ltr'><strong>pudorem</strong></span> <span class='ocrx_word' id='word_1_899' title='bbox 3136 4949 3581 5020; x_wconf 87' lang='lat' dir='ltr'><strong>etopprobriurn,</strong></span> 
     </span>
    </p>
   </div>
   <div class='ocr_carea' id='block_1_111' title="bbox 1960 5043 3587 5117">
    <p class='ocr_par' dir='ltr' id='par_1_111' title="bbox 1960 5043 3587 5117">
     <span class='ocr_line' id='line_1_111' title="bbox 1960 5043 3587 5117; baseline -0.002 -17"><span class='ocrx_word' id='word_1_900' title='bbox 1960 5048 2011 5100; x_wconf 91' lang='lat' dir='ltr'><strong>in</strong></span> <span class='ocrx_word' id='word_1_901' title='bbox 2044 5064 2163 5117; x_wconf 84' lang='lat' dir='ltr'><strong>qua:</strong></span> <span class='ocrx_word' id='word_1_902' title='bbox 2201 5047 2437 5115; x_wconf 80' lang='lat' dir='ltr'><strong>seipsam</strong></span> <span class='ocrx_word' id='word_1_903' title='bbox 2476 5046 2738 5116; x_wconf 85' lang='lat' dir='ltr'><strong>injecerat</strong></span> <span class='ocrx_word' id='word_1_904' title='bbox 2770 5044 3122 5114; x_wconf 85' lang='lat' dir='ltr'><strong>impossibilia</strong></span> <span class='ocrx_word' id='word_1_905' title='bbox 3150 5052 3445 5109; x_wconf 84' lang='lat' dir='ltr'><strong>attentans,</strong></span> <span class='ocrx_word' id='word_1_906' title='bbox 3473 5043 3587 5112; x_wconf 85' lang='lat' dir='ltr'><strong>pri-</strong></span> 
     </span>
    </p>
   </div>
   <div class='ocr_carea' id='block_1_112' title="bbox 1958 5136 3583 5209">
    <p class='ocr_par' dir='ltr' id='par_1_112' title="bbox 1958 5136 3583 5209">
     <span class='ocr_line' id='line_1_112' title="bbox 1958 5136 3583 5209; baseline -0.002 -18"><span class='ocrx_word' id='word_1_907' title='bbox 1958 5156 2106 5193; x_wconf 89' lang='lat' dir='ltr'><strong>mum</strong></span> <span class='ocrx_word' id='word_1_908' title='bbox 2135 5139 2352 5209; x_wconf 90' lang='lat' dir='ltr'><strong>quidem</strong></span> <span class='ocrx_word' id='word_1_909' title='bbox 2380 5139 2698 5193; x_wconf 89' lang='lat' dir='ltr'><strong>convocavit</strong></span> <span class='ocrx_word' id='word_1_910' title='bbox 2722 5152 2817 5193; x_wconf 89' lang='lat' dir='ltr'><strong>eos</strong></span> <span class='ocrx_word' id='word_1_911' title='bbox 2841 5137 2928 5208; x_wconf 93' lang='lat' dir='ltr'><strong>qui</strong></span> <span class='ocrx_word' id='word_1_912' title='bbox 2958 5136 3011 5191; x_wconf 90' lang='lat' dir='ltr'><strong>in</strong></span> <span class='ocrx_word' id='word_1_913' title='bbox 3043 5136 3207 5191; x_wconf 90' lang='lat' dir='ltr'><strong>domo</strong></span> <span class='ocrx_word' id='word_1_914' title='bbox 3230 5144 3405 5202; x_wconf 87' lang='lat' dir='ltr'><strong>erant,</strong></span> <span class='ocrx_word' id='word_1_915' title='bbox 3429 5151 3583 5191; x_wconf 86' lang='lat' dir='ltr'><strong>accn-</strong></span> 
     </span>
    </p>
   </div>
   <div class='ocr_carea' id='block_1_113' title="bbox 1958 5227 3583 5298">
    <p class='ocr_par' dir='ltr' id='par_1_113' title="bbox 1958 5227 3583 5298">
     <span class='ocr_line' id='line_1_113' title="bbox 1958 5227 3583 5298; baseline -0.001 -15"><span class='ocrx_word' id='word_1_916' title='bbox 1958 5243 2086 5283; x_wconf 79' lang='lat' dir='ltr'><strong>Sans</strong></span> <span class='ocrx_word' id='word_1_917' title='bbox 2125 5229 2524 5284; x_wconf 88' lang='lat' dir='ltr'><strong>adolescentem</strong></span> <span class='ocrx_word' id='word_1_918' title='bbox 2570 5249 2581 5282; x_wconf 86' lang='lat'><strong>:</strong></span> <span class='ocrx_word' id='word_1_919' title='bbox 2631 5229 3057 5298; x_wconf 82' lang='lat' dir='ltr'><strong>testilicaturque</strong></span> <span class='ocrx_word' id='word_1_920' title='bbox 3086 5228 3234 5282; x_wconf 90' lang='lat' dir='ltr'><strong>illum</strong></span> <span class='ocrx_word' id='word_1_921' title='bbox 3265 5227 3469 5281; x_wconf 78' lang='lat' dir='ltr'><strong>dixisse</strong></span> <span class='ocrx_word' id='word_1_922' title='bbox 3517 5242 3583 5282; x_wconf 87' lang='lat' dir='ltr'><strong>ca</strong></span> 
     </span>
    </p>
   </div>
   <div class='ocr_carea' id='block_1_114' title="bbox 1957 5322 3584 5393">
    <p class='ocr_par' dir='ltr' id='par_1_114' title="bbox 1957 5322 3584 5393">
     <span class='ocr_line' id='line_1_114' title="bbox 1957 5322 3584 5393; baseline 0.001 -20"><span class='ocrx_word' id='word_1_923' title='bbox 1957 5338 2077 5391; x_wconf 77' lang='lat' dir='ltr'><strong>quae</strong></span> <span class='ocrx_word' id='word_1_924' title='bbox 2107 5323 2175 5375; x_wconf 88' lang='lat' dir='ltr'><strong>ab</strong></span> <span class='ocrx_word' id='word_1_925' title='bbox 2202 5323 2312 5391; x_wconf 83' lang='lat' dir='ltr'><strong>ipsa</strong></span> <span class='ocrx_word' id='word_1_926' title='bbox 2335 5338 2532 5393; x_wconf 86' lang='lat' dir='ltr'><strong>magno</strong></span> <span class='ocrx_word' id='word_1_927' title='bbox 2560 5324 2739 5377; x_wconf 86' lang='lat' dir='ltr'><strong>furore</strong></span> <span class='ocrx_word' id='word_1_928' title='bbox 2770 5324 3041 5392; x_wconf 90' lang='lat' dir='ltr'><strong>proposita</strong></span> <span class='ocrx_word' id='word_1_929' title='bbox 3070 5323 3302 5387; x_wconf 87' lang='lat' dir='ltr'><strong>fuerant,</strong></span> <span class='ocrx_word' id='word_1_930' title='bbox 3328 5332 3488 5392; x_wconf 87' lang='lat' dir='ltr'><strong>atque</strong></span> <span class='ocrx_word' id='word_1_931' title='bbox 3510 5322 3584 5377; x_wconf 84' lang='lat' dir='ltr'><strong>ita</strong></span> 
     </span>
    </p>
   </div>
   <div class='ocr_carea' id='block_1_115' title="bbox 1959 5413 3579 5499">
    <p class='ocr_par' dir='ltr' id='par_1_115' title="bbox 1959 5413 3579 5499">
     <span class='ocr_line' id='line_1_115' title="bbox 1959 5413 3579 5499; baseline 0.002 -34"><span class='ocrx_word' id='word_1_932' title='bbox 1959 5428 2149 5467; x_wconf 86' lang='lat' dir='ltr'><strong>omnes</strong></span> <span class='ocrx_word' id='word_1_933' title='bbox 2192 5413 2443 5484; x_wconf 84' lang='lat' dir='ltr'><strong>decipere</strong></span> <span class='ocrx_word' id='word_1_934' title='bbox 2483 5422 2671 5469; x_wconf 89' lang='lat' dir='ltr'><strong>tentat.</strong></span> <span class='ocrx_word' id='word_1_935' title='bbox 2721 5414 2819 5470; x_wconf 89' lang='lat' dir='ltr'><strong>Hic</strong></span> <span class='ocrx_word' id='word_1_936' title='bbox 2838 5416 2990 5499; x_wconf 66' lang='lat' dir='ltr'><strong>enim</strong></span> <span class='ocrx_word' id='word_1_937' title='bbox 3036 5430 3156 5471; x_wconf 89' lang='lat' dir='ltr'><strong>mos</strong></span> <span class='ocrx_word' id='word_1_938' title='bbox 3203 5424 3289 5471; x_wconf 88' lang='lat' dir='ltr'><strong>est</strong></span> <span class='ocrx_word' id='word_1_939' title='bbox 3338 5415 3579 5479; x_wconf 72' lang='lat' dir='ltr'><strong>malitiae,</strong></span> 
     </span>
    </p>
   </div>
   <div class='ocr_carea' id='block_1_116' title="bbox 1959 5510 3582 5579">
    <p class='ocr_par' dir='ltr' id='par_1_116' title="bbox 1959 5510 3582 5579">
     <span class='ocr_line' id='line_1_116' title="bbox 1959 5510 3582 5579; baseline 0.003 -22"><span class='ocrx_word' id='word_1_940' title='bbox 1959 5520 2173 5575; x_wconf 84' lang='lat' dir='ltr'><strong>semper</strong></span> <span class='ocrx_word' id='word_1_941' title='bbox 2217 5516 2403 5560; x_wconf 87' lang='lat' dir='ltr'><strong>contra</strong></span> <span class='ocrx_word' id='word_1_942' title='bbox 2453 5510 2710 5562; x_wconf 89' lang='lat' dir='ltr'><strong>virtutem</strong></span> <span class='ocrx_word' id='word_1_943' title='bbox 2760 5518 2981 5578; x_wconf 79' lang='lat' dir='ltr'><strong>pugnat,</strong></span> <span class='ocrx_word' id='word_1_944' title='bbox 3026 5521 3082 5563; x_wconf 90' lang='lat' dir='ltr'><strong>et</strong></span> <span class='ocrx_word' id='word_1_945' title='bbox 3126 5510 3174 5564; x_wconf 91' lang='lat' dir='ltr'><strong>ei</strong></span> <span class='ocrx_word' id='word_1_946' title='bbox 3221 5525 3315 5562; x_wconf 85' lang='lat' dir='ltr'><strong>sua</strong></span> <span class='ocrx_word' id='word_1_947' title='bbox 3362 5519 3582 5579; x_wconf 74' lang='lat' dir='ltr'><strong>pet-cata</strong></span> 
     </span>
    </p>
   </div>
   <div class='ocr_carea' id='block_1_117' title="bbox 1958 5596 3583 5670">
    <p class='ocr_par' dir='ltr' id='par_1_117' title="bbox 1958 5596 3583 5670">
     <span class='ocr_line' id='line_1_117' title="bbox 1958 5596 3583 5670; baseline 0.004 -23"><span class='ocrx_word' id='word_1_948' title='bbox 1958 5596 2267 5651; x_wconf 86' lang='lat' dir='ltr'><strong>adscribere</strong></span> <span class='ocrx_word' id='word_1_949' title='bbox 2298 5602 2533 5669; x_wconf 84' lang='lat' dir='ltr'><strong>satagit:</strong></span> <span class='ocrx_word' id='word_1_950' title='bbox 2570 5600 2620 5653; x_wconf 90' lang='lat' dir='ltr'><strong>id</strong></span> <span class='ocrx_word' id='word_1_951' title='bbox 2647 5601 2790 5670; x_wconf 88' lang='lat' dir='ltr'><strong>quod</strong></span> <span class='ocrx_word' id='word_1_952' title='bbox 2832 5611 2881 5655; x_wconf 86' lang='lat' dir='ltr'><strong>et</strong></span> <span class='ocrx_word' id='word_1_953' title='bbox 2927 5601 3044 5655; x_wconf 64' lang='lat' dir='ltr'><strong>hinc</strong></span> <span class='ocrx_word' id='word_1_954' title='bbox 3082 5600 3332 5665; x_wconf 83' lang='lat' dir='ltr'><strong>faciebat,</strong></span> <span class='ocrx_word' id='word_1_955' title='bbox 3392 5600 3583 5655; x_wconf 80' lang='lat' dir='ltr'><strong>adole-</strong></span> 
     </span>
    </p>
   </div>
   <div class='ocr_carea' id='block_1_118' title="bbox 1961 5693 3582 5761">
    <p class='ocr_par' dir='ltr' id='par_1_118' title="bbox 1961 5693 3582 5761">
     <span class='ocr_line' id='line_1_118' title="bbox 1961 5693 3582 5761; baseline 0.003 -19"><span class='ocrx_word' id='word_1_956' title='bbox 1961 5700 2206 5744; x_wconf 85' lang='lat' dir='ltr'><strong>scentem</strong></span> <span class='ocrx_word' id='word_1_957' title='bbox 2232 5693 2382 5759; x_wconf 86' lang='lat' dir='ltr'><strong>quasi</strong></span> <span class='ocrx_word' id='word_1_958' title='bbox 2411 5693 2859 5761; x_wconf 84' lang='lat' dir='ltr'><strong>intemperantem</strong></span> <span class='ocrx_word' id='word_1_959' title='bbox 2892 5695 3184 5748; x_wconf 84' lang='lat' dir='ltr'><strong>criminans</strong></span> <span class='ocrx_word' id='word_1_960' title='bbox 3216 5705 3270 5748; x_wconf 92' lang='lat' dir='ltr'><strong>et</strong></span> <span class='ocrx_word' id='word_1_961' title='bbox 3318 5708 3377 5747; x_wconf 91' lang='lat' dir='ltr'><strong>se</strong></span> <span class='ocrx_word' id='word_1_962' title='bbox 3404 5693 3582 5749; x_wconf 85' lang='lat' dir='ltr'><strong>couti-</strong></span> 
     </span>
    </p>
   </div>
   <div class='ocr_carea' id='block_1_119' title="bbox 1961 5783 3581 5855">
    <p class='ocr_par' dir='ltr' id='par_1_119' title="bbox 1961 5783 3581 5855">
     <span class='ocr_line' id='line_1_119' title="bbox 1961 5783 3581 5855; baseline 0.004 -22"><span class='ocrx_word' id='word_1_963' title='bbox 1961 5791 2156 5835; x_wconf 72' lang='lat' dir='ltr'><strong>notitia:</strong></span> <span class='ocrx_word' id='word_1_964' title='bbox 2189 5783 2334 5836; x_wconf 89' lang='lat' dir='ltr'><strong>larva</strong></span> <span class='ocrx_word' id='word_1_965' title='bbox 2379 5793 2583 5854; x_wconf 80' lang='lat' dir='ltr'><strong>tegens,</strong></span> <span class='ocrx_word' id='word_1_966' title='bbox 2619 5785 2913 5855; x_wconf 87' lang='lat' dir='ltr'><strong>dicensque</strong></span> <span class='ocrx_word' id='word_1_967' title='bbox 2945 5796 3166 5855; x_wconf 87' lang='lat' dir='ltr'><strong>propter</strong></span> <span class='ocrx_word' id='word_1_968' title='bbox 3199 5786 3299 5839; x_wconf 88' lang='lat' dir='ltr'><strong>hoc</strong></span> <span class='ocrx_word' id='word_1_969' title='bbox 3329 5795 3385 5839; x_wconf 92' lang='lat' dir='ltr'><strong>et</strong></span> <span class='ocrx_word' id='word_1_970' title='bbox 3430 5785 3581 5839; x_wconf 88' lang='lat' dir='ltr'><strong>illum</strong></span> 
     </span>
    </p>
   </div>
   <div class='ocr_carea' id='block_1_120' title="bbox 1963 5875 3578 5949">
    <p class='ocr_par' dir='ltr' id='par_1_120' title="bbox 1963 5875 3578 5949">
     <span class='ocr_line' id='line_1_120' title="bbox 1963 5875 3578 5949; baseline 0.002 -23"><span class='ocrx_word' id='word_1_971' title='bbox 1963 5882 2139 5929; x_wconf 84' lang='lat' dir='ltr'><strong>vestes</strong></span> <span class='ocrx_word' id='word_1_972' title='bbox 2166 5875 2470 5947; x_wconf 83' lang='lat' dir='ltr'><strong>reliquisse,</strong></span> <span class='ocrx_word' id='word_1_973' title='bbox 2500 5889 2555 5935; x_wconf 82' lang='lat' dir='ltr'><strong>et</strong></span> <span class='ocrx_word' id='word_1_974' title='bbox 2582 5896 2639 5936; x_wconf 72' lang='lat' dir='ltr'><strong>se</strong></span> <span class='ocrx_word' id='word_1_975' title='bbox 2665 5878 2953 5935; x_wconf 80' lang='lat' dir='ltr'><strong>retinuisse</strong></span> <span class='ocrx_word' id='word_1_976' title='bbox 2979 5878 3119 5936; x_wconf 82' lang='lat' dir='ltr'><strong>illas.</strong></span> <span class='ocrx_word' id='word_1_977' title='bbox 3158 5877 3425 5949; x_wconf 73' lang='lat' dir='ltr'><strong>Bcnignus</strong></span> <span class='ocrx_word' id='word_1_978' title='bbox 3446 5888 3578 5929; x_wconf 79' lang='lat' dir='ltr'><strong>vero</strong></span> 
     </span>
    </p>
   </div>
  </div>
