4182 6322
635 379 739 439 559

638 494 779 549 Deus
810 495 922 549 lucc
951 494 1060 548 fieri
1093 493 1364 563 permittit,
1390 502 1444 546 ut
1477 508 1569 561 per
1590 493 1763 546 omnia
1791 489 2043 546 famulum
2059 503 2212 544 suum

636 586 916 640 clariorem
951 583 1167 650 efficiat.
1196 583 1326 637 Nam
1359 583 1472 637 haec
1495 583 1670 637 omnia
1701 582 1929 637 venienti
1952 584 2068 635 viro
2094 596 2213 635 cum

637 690 827 743 magna
855 673 1051 727 malitia
1081 673 1246 736 dixit,
1297 684 1351 728 ct
1375 673 1768 728 adolescentem
1796 675 2062 727 accusavit
2088 710 2101 733 ,
2129 669 2214 723 di-

636 777 764 816 cens
799 781 812 815 :
844 763 929 816 I7.
963 761 1177 816 Intrauit
1201 764 1267 816 ad
1296 780 1374 817 nte
1403 781 1526 833 puer
1552 763 1817 826 Hebrtetts,
1845 779 1992 832 quem
2026 759 2215 815 duxisti

636 851 704 903 ad
724 867 834 915 nos,
867 861 920 904 ut
948 853 1180 905 itluderet
1206 855 1346 906 milii.
1370 854 1414 907 Ο
1441 855 1630 908 misera
1661 862 1714 906 et
1734 851 2069 905 calamitosa!
2097 849 2214 904 Non

639 943 750 1011 ipse
781 945 1089 1008 introduxit,
1123 955 1180 999 ut
1221 945 1465 999 illudcret
1491 944 1582 997 tibi
1617 961 1631 995 :
1663 943 1757 996 sed
1783 942 2021 997 diabolus
2052 950 2103 994 te
2132 941 2218 992 ina

635 1032 806 1096 duxit,
836 1043 1019 1089 utnon
1044 1036 1217 1090 solum
1255 1035 1492 1089 adultera
1536 1035 1709 1098 fieres,
1741 1031 1834 1085 scd
1861 1041 1914 1085 et
1943 1042 2018 1094 ut,
2051 1045 2218 1098 quan-

639 1133 750 1177 tum
782 1125 832 1178 in
863 1134 914 1180 te
953 1126 1067 1191 fuit,
1103 1126 1444 1180 homicidium
1473 1134 1726 1193 patrares.
1763 1123 1828 1176 Et
1852 1122 2084 1177 ostendit
2123 1135 2219 1189 po-

637 1224 752 1270 stea
778 1215 843 1268 ad
867 1216 1351 1286 eomprobationem
1379 1232 1562 1270 eorum
1593 1231 1712 1285 qua:
1737 1214 1877 1270 dicta
1907 1221 2061 1269 erant
2085 1210 2211 1266 ado-

641 1303 890 1357 lescentis
911 1313 1104 1359 vestes.

713 1391 809 1446 Dei
835 1393 1144 1461 providentia
1162 1411 1281 1465 erga
1307 1394 1608 1462 Josepltum.
1631 1424 1700 1433 —
1720 1391 2030 1456 Considera,
2057 1389 2212 1444 obse-

638 1498 752 1548 cro,
809 1482 893 1536 hic
939 1485 1234 1538 communis
1280 1489 1516 1538 omnium
1572 1483 1776 1536 Domini
1827 1481 2212 1535 clementiam:

641 1573 779 1626 sicut
808 1575 946 1628 enim
981 1589 1009 1626 a
1037 1575 1285 1628 fratribus
1328 1575 1471 1628 illum
1516 1575 1729 1642 eripuit,
1771 1573 2067 1626 volentibus
2094 1587 2214 1625 cum

642 1663 938 1718 interficere
975 1682 988 1717 :
1038 1673 1090 1719 et
1131 1665 1307 1719 ell'ecit
1342 1666 1567 1733 primum
1597 1665 1810 1734 quidem
1843 1673 1898 1719 ut
1924 1661 2217 1716 secundum

640 1756 916 1808 consilium
941 1756 1121 1809 Ruben
1151 1757 1199 1809 in
1223 1757 1504 1811 cisternam
1531 1757 1922 1820 immitteretur,
1955 1764 2009 1809 et
2033 1764 2216 1823 postea

642 1845 829 1898 iterum
860 1845 1147 1900 secundum
1171 1847 1447 1899 consilium
1477 1845 1625 1900 Judte
1648 1844 2060 1914 negotiatoribus
2088 1859 2218 1897 ven-

641 1935 873 2000 deretur,
907 1942 964 1988 ut
987 1937 1316 1990 somniorum
1341 1952 1558 1992 eventus
1585 1937 1993 2005 complerentur,
2027 1933 2215 1989 fidem-

642 2033 745 2094 que
793 2027 1026 2082 facerent
1057 2027 1222 2096 justo,
1272 2044 1374 2083 non
1422 2031 1611 2083 frustra
1660 2043 1831 2098 neque
1870 2038 2068 2082 temere
2105 2027 2220 2080 hinc

644 2120 953 2187 prmsignata
985 2118 1148 2174 fuisse
1185 2138 1198 2174 :
1230 2121 1297 2174 ita
1324 2130 1378 2176 et
1417 2137 1557 2177 nunc
1593 2137 1822 2191 superna
1871 2135 2060 2175 manus
2101 2127 2220 2174 erat

641 2224 758 2277 qum
789 2210 1069 2265 barbarum
1102 2212 1346 2280 detinuit,
1377 2224 1561 2268 etnon
1598 2215 1834 2284 permisit
1868 2224 1924 2268 ut
1951 2213 2128 2268 statim
2152 2213 2219 2268 ad

641 2299 840 2354 caedem
865 2301 989 2370 justi
1020 2303 1311 2358 festinaret.
1348 2304 1482 2370 Quid
1529 2305 1668 2360 enim
1716 2305 2070 2375 prohibuisset
2095 2320 2218 2359 eum

643 2394 743 2449 hoc
773 2393 962 2458 facere,
1008 2412 1128 2450 cum
1178 2397 1493 2465 intelligeret
1536 2398 1681 2452 illum
1714 2399 1908 2453 violare
1952 2413 2104 2452 suum
2135 2397 2216 2452 lc-

641 2495 784 2537 ctum
813 2486 1140 2540 tentavisse?
1185 2487 1379 2541 Verum
1424 2488 1672 2556 providus
1707 2489 1845 2543 Deus
1872 2488 1992 2544 ideo
2018 2497 2216 2543 tantam

641 2575 841 2627 curavit
883 2575 950 2628 ab
1005 2576 1095 2630 illo
1133 2577 1369 2631 exhiberi
1412 2577 1770 2641 clementiam,
1817 2587 1873 2631 ut
1911 2578 2134 2646 injectus
2165 2578 2217 2630 in

640 2671 926 2723 circcrem,
958 2660 1116 2713 etiam
1148 2660 1257 2714 illic
1283 2676 1433 2715 suam
1459 2660 1751 2716 declararet
1775 2662 2040 2727 virtutem,
2067 2673 2121 2718 et
2142 2663 2221 2716 sic

641 2746 706 2799 ad
736 2747 1081 2817 principatum
1109 2750 1254 2820 regni
1285 2752 1602 2820 perveniret.
1630 2752 1717 2807 I9.
1743 2753 2040 2809 Surcensuit
2061 2757 2215 2823 enim,

644 2837 829 2905 inquit,
860 2838 1092 2893 dominus
1117 2843 1244 2911 ejus,
1286 2841 1374 2896 20.
1420 2851 1468 2896 et
1503 2843 1637 2897 misit
1663 2859 1776 2896 eum
1822 2845 1874 2896 in
1913 2845 2215 2913 custodiam,

643 2925 726 2979 ubi
748 2929 898 2980 vincti
923 2930 1054 2999 regis
1098 2925 1466 2986 detinebantur.
1510 2931 1614 2986 Sed
1660 2933 1706 2988 si
1733 2933 1948 3002 quidem
1976 2951 2080 2989 non
2101 2950 2218 2990 cre-

640 3015 818 3082 debat,
847 3034 948 3072 non
975 3021 1250 3088 oportebat
1279 3036 1399 3076 eum
1432 3022 1482 3075 in
1504 3037 1772 3077 carcerem
1802 3024 2104 3093 conjicere:
2134 3026 2216 3080 sin

639 3108 888 3164 credebat
906 3125 1090 3165 verum
1109 3125 1228 3165 esse
1256 3112 1394 3181 quod
1416 3111 1661 3184 Egyptia
1695 3112 1938 3180 ﬁnxerat,
1967 3123 2093 3169 tunc
2119 3131 2216 3170 ne-

640 3213 744 3265 que
777 3213 989 3253 carcere
1028 3199 1218 3269 dignus
1247 3210 1379 3266 erat,
1423 3202 1516 3256 sed
1557 3202 1712 3271 plecti
1735 3203 1907 3271 capite
1943 3212 1998 3258 et
2035 3213 2218 3260 extre-

643 3304 782 3342 mam
830 3304 1038 3358 poenam
1088 3290 1192 3358 pati
1246 3290 1489 3346 debebat.
1550 3292 1744 3346 Verum
1801 3293 2014 3362 quando
2061 3308 2218 3350 suum

640 3379 888 3431 auxilium
920 3380 1104 3433 dextra
1135 3395 1364 3450 superna
1391 3382 1644 3446 ostendit,
1672 3384 1850 3438 omnia
1888 3384 2027 3438 levia
2056 3394 2112 3440 et
2135 3385 2212 3440 fa-

638 3469 757 3522 cilia
788 3469 948 3534 llunt;
980 3480 1034 3524 et
1056 3470 1259 3525 feroces
1286 3474 1670 3528 mansuetiores
1690 3487 1747 3528 se
1768 3483 2038 3543 przestant.
2067 3475 2216 3530 Tunc

639 3569 816 3616 autem
861 3575 1145 3631 supernum
1193 3563 1490 3630 prmsidium
1531 3565 1754 3620 ubertim
1795 3566 1948 3621 nobis
1994 3569 2212 3632 assistit,

637 3651 849 3716 quando
892 3651 1108 3705 multam
1139 3661 1192 3706 et
1221 3668 1317 3706 nos
1355 3655 1746 3712 ostenderimus
1771 3658 2039 3715 virtutem.
2082 3660 2215 3714 Nam

639 3739 723 3794 hic
751 3742 997 3809 qttoniam
1042 3743 1261 3797 multum
1291 3746 1532 3811 certavit,
1573 3757 1850 3817 propterea
1894 3750 2055 3805 etiam
2099 3765 2216 3804 ma-

637 3845 765 3897 gnas
795 3831 1165 3886 retributiones
1191 3837 1551 3905 consequitur.
1584 3837 1650 3890 Et
1680 3847 1798 3906 post
1827 3847 2025 3892 tantam
2059 3841 2212 3894 forti-

640 3919 869 3973 tudinem
898 3921 1174 3976 abdncitur
1215 3924 1268 3976 in
1298 3939 1589 3988 carcerem,
1609 3935 1680 3980 .et
1714 3927 1934 3983 silenter
1968 3929 2070 3984 fert
2096 3946 2214 3984 om-

638 4009 744 4061 nia.
775 4009 934 4065 Scitis
954 4011 1094 4065 enim
1122 4023 1316 4081 quanta
1360 4015 1396 4068 ii
1429 4015 1530 4084 qui~
1562 4031 1665 4070 non
1709 4027 1833 4071 sunt
1877 4019 1977 4074 sibi
2015 4021 2214 4075 conscii

640 4097 890 4164 malitiae,
942 4101 1154 4170 quando
1202 4104 1337 4158 sicut
1383 4104 1457 4158 rei
1510 4105 1947 4173 condemnantur,
2003 4118 2217 4165 utantur

638 4204 781 4258 saepe
829 4192 1041 4258 fiducia,
1089 4193 1403 4263 dicendique
1446 4197 1686 4252 libertate
1737 4199 1974 4254 instructi
2014 4202 2211 4270 ingenti

637 4278 816 4333 animo
857 4278 1131 4350 insurgant
1173 4293 1356 4338 contra
1401 4301 1494 4341 eos
1541 4288 1630 4357 qui
1677 4288 1972 4345 insontibus
2009 4295 2213 4348 crimen

638 4368 916 4423 intentant.
961 4369 1157 4426 Verum
1204 4373 1292 4428 ille
1343 4389 1448 4430 non
1487 4377 1608 4431 sic:
1650 4379 1742 4432 sed
1785 4380 1925 4445 silet,
1954 4391 2007 4435 et
2034 4383 2210 4437 omnia

637 4470 909 4533 niansuetc
952 4459 1072 4527 fert,
1105 4472 1156 4516 et
1186 4478 1370 4533 magna
1397 4479 1518 4519 cum
1549 4467 1798 4535 patientia
1831 4469 1919 4524 Dei
1941 4480 2212 4540 exspectat

636 4551 950 4606 subsidium.
978 4552 1107 4608 Vide
1134 4555 1274 4608 enim
1304 4557 1571 4625 quomodo
1600 4567 1655 4613 et
1696 4560 1747 4612 in
1774 4576 1988 4616 carcere
2019 4564 2212 4630 princi-

638 4651 818 4707 patum
846 4658 1058 4696 oinnem
1083 4646 1303 4713 accipi-it
1327 4661 1354 4698 a
1380 4647 1599 4703 custode
1624 4652 1873 4716 carceris,
1907 4651 2063 4720 idque
2092 4670 2206 4708 me-

638 4730 741 4782 rito
773 4746 785 4780 :
813 4729 902 4783 2|.
945 4729 1072 4783 Erat
1096 4733 1236 4786 enim
1265 4733 1513 4790 Dominus
1539 4754 1652 4790 cum
1695 4738 1906 4806 Ioseph,
1946 4742 2131 4810 inquit,
2163 4753 2209 4797 et

636 4819 920 4884 effundebat
946 4823 991 4875 ei
1023 4837 1167 4876 suam
1190 4826 1601 4882 misericordiam.
1657 4828 1790 4894 Quid
1814 4839 1913 4892 est,
1957 4829 2208 4896 Effunde-

635 4911 718 4962 bat
742 4911 784 4962 ei
810 4927 953 4963 suam
981 4913 1415 4967 misericordiam?
1439 4915 1517 4968 Ad
1550 4917 1943 4973 miserationem
1975 4920 2209 4975 inflecte-

637 5000 723 5053 bat
754 5001 1057 5069 praefectum
1093 5006 1344 5070 carceris,
1379 5016 1432 5060 et
1469 5008 1601 5062 mire
1641 5025 1765 5079 erga
1796 5010 1942 5065 illum
1975 5011 2208 5069 benevo-

636 5091 853 5143 lentiam
880 5106 1027 5145 suam
1059 5093 1310 5147 declarari
1342 5096 1558 5149 curabat
1600 5117 1613 5151 :
1658 5098 1808 5152 Dedit
1846 5103 1986 5154 enim
2019 5104 2063 5156 ei
2091 5120 2210 5173 gra-

632 5183 753 5233 tiam
774 5183 1068 5235 committo.
1094 5181 1228 5238 Vere
1255 5185 1384 5238 nihil
1414 5187 1615 5240 beatius
1639 5203 1702 5241 eo
1722 5191 1810 5258 qui
1847 5190 1941 5243 Dei
1972 5191 2207 5247 benevo-

633 5272 790 5324 lentia
819 5272 1024 5326 fruitur.
1052 5271 1142 5329 2‘2.
1179 5273 1322 5328 Dedit
1361 5277 1522 5340 enim,
1569 5277 1754 5345 inquit,
1803 5281 2066 5349 prwfcctus
2089 5299 2206 5335 car-

630 5365 757 5415 ceris
779 5380 1023 5417 carcerem
1045 5367 1095 5418 in
1120 5383 1322 5419 manum
1343 5367 1554 5436 Joseth.
1578 5368 1709 5423 Vide
1730 5373 1995 5440 quomodo
2025 5383 2205 5439 custos

633 5455 860 5507 carceris
900 5457 1094 5526 aliquid
1145 5458 1362 5513 honoris
1401 5460 1451 5513 ei
1494 5461 1684 5527 defert,
1732 5466 2202 5537 auctoritatemque

632 5546 680 5598 ci
705 5548 974 5614 permittit,
1005 5560 1160 5620 atque
1198 5567 1383 5606 omnes
1414 5552 1502 5622 qui
1554 5553 1604 5606 in
1653 5569 1864 5609 carcere
1889 5565 2059 5623 erant,
2084 5573 2204 5613 esse

628 5637 777 5708 jubet
822 5641 920 5695 sub
969 5652 1223 5708 potestate
1261 5645 1393 5712 ejus.
1441 5645 1526 5699 25.
1577 5644 1644 5698 Et
1668 5647 1910 5700 nesciebat
1938 5652 2202 5716 prie/“actus

631 5733 842 5786 carceris
866 5736 1058 5805 aliquid
1084 5751 1102 5790 :
1131 5738 1297 5791 omnia
1326 5738 1452 5790 enim
1477 5751 1616 5792 erant
1643 5756 1693 5792 in
1723 5756 1872 5792 manu
1897 5728 2109 5810 Ioseph,
2141 5757 2197 5795 eo

1339 376 1392 432 S.
1432 375 1706 432 JOANNIS
1741 371 2213 431 CIIRYSOSTOMI
2253 369 2568 426 ARCIIIEP.
2609 369 3144 427 CONSTANTINOI’.

3805 368 3922 426 διο

2324 487 2462 557 quod
2491 485 2738 541 Dominus
2767 496 2871 539 erat
2895 503 3008 538 cum
3031 503 3109 548 eo,
3141 495 3188 538 ct
3216 486 3386 538 omnia
3410 501 3524 554 qua
3547 487 3654 554 ipse
3674 487 3917 554 fat-iebat,

2325 575 2572 630 Dominus
2596 591 2893 645 prosperare
2910 576 3125 646 faciebat
3147 574 3201 630 in
3225 575 3457 629 manibus
3476 576 3604 645 ejus.
3635 575 3921 646 Viduquo-

2289 666 2484 721 .modo
2523 665 2876 720 comitabatur
2905 680 3029 720 eum
3068 676 3326 736 perpetuo
3367 680 3598 735 superna
3640 667 3834 735 gratia,
3860 676 3921 721 et

2322 757 2497 810 Omnia
2525 770 2644 824 quas
2667 753 2909 821 faciebat,
2938 764 3091 810 erant
3119 755 3272 824 plena
3292 755 3480 824 gratia.

2397 845 2449 897 Μ
2458 847 2608 900 oratis
2635 846 2881 915 epilogus.
2902 844 2997 898 Dei
3016 846 3181 914 gratia
3206 846 3350 914 efﬁcit
3379 854 3434 898 ut
3457 846 3626 898 omnia
3646 844 3770 898 bene
3794 863 3919 897 suc—

2323 936 2602 990 cedant.—-
2623 935 2735 988 Hoc
2766 935 2922 1002 igitur
2947 943 3002 988 et
3029 950 3127 988 nos
3167 935 3498 1001 studeamus,
3537 946 3593 989 ut
3634 935 3917 989 nobiscum

2323 1038 2534 1091 semper
2559 1024 2845 1078 habeamus
2876 1024 3176 1087 Dominum,
3204 1035 3260 1080 et
3288 1035 3345 1079 ut
3371 1041 3491 1094 qua:
3513 1041 3544 1080 a
3575 1026 3728 1081 nobis
3756 1026 3918 1088 finiit,

2322 1113 2390 1166 ab
2421 1115 2510 1167 illo
2549 1123 2945 1183 prosperentur.
2989 1113 3122 1168 Nam
3148 1115 3239 1184 qui
3284 1115 3426 1170 illius
3464 1116 3719 1169 auxilium
3761 1130 3919 1170 asse-

2322 1205 2522 1273 quitur,
2571 1206 2730 1259 etiam
2780 1206 2834 1258 in
2877 1205 3067 1260 mediis
3112 1206 3264 1260 malis
3305 1191 3572 1262 exsistens
3599 1207 3818 1274 ridebit,
3850 1221 3918 1264 ac

2322 1294 2472 1347 nihili
2503 1294 2706 1362 putabit
2729 1296 2930 1358 omnia,
2962 1296 3188 1350 Domino
3208 1297 3446 1350 omnium
3478 1296 3705 1352 faciente
3721 1307 3779 1354 et
3805 1299 3919 1355 dis-

2325 1393 2557 1452 ponente
2585 1392 2796 1445 cnncta,
2827 1393 2883 1438 ut
2914 1400 3168 1455 prospere
3206 1385 3496 1440 succedant
3515 1388 3711 1451 omnia,
3756 1398 3918 1458 atque

2322 1474 2486 1527 ardua
2533 1474 2704 1528 facilia
2750 1475 3026 1530 reddente.
3072 1478 3356 1542 Quomodo
3402 1488 3580 1532 autem
3619 1481 3919 1548 poterimus

2323 1566 2600 1619 nobiscum
2651 1567 2850 1622 habere
2901 1568 3214 1634 Dominum,
3263 1570 3332 1622 ita
3381 1578 3440 1623 ut
3491 1569 3606 1637 ipso
3651 1571 3922 1640 dirigente

2323 1668 2580 1724 prospere
2610 1671 2829 1724 agamus
2857 1657 2908 1709 in
2940 1658 3228 1711 omnibus?
3255 1657 3310 1713 Si
3339 1659 3502 1713 sobrii
3529 1661 3921 1730 vigilantesth

2326 1743 2600 1811 fuerimus,
2630 1755 2686 1799 et
2715 1746 2905 1800 imitati
2937 1746 3194 1803 fuerimus
3224 1749 3437 1819 juvenis
3476 1750 3614 1805 illius
3642 1752 3925 1806 contineri.

2324 1836 2449 1889 tiam
2480 1845 2532 1889 et
2559 1837 2692 1891 alias
2715 1838 2958 1903 virtutes,
2988 1840 3331 1910 animumque
3368 1856 3711 1916 generosum,
3737 1858 3803 1897 ac
3833 1845 3920 1897 vi-

2322 1927 2559 1984 derimus
2587 1929 2663 1983 sic
2692 1932 2867 1984 omnia
2918 1931 3030 1985 fieri
3061 1932 3342 2001 diligenter
3379 1943 3648 2004 oportere,
3678 1944 3734 1987 ut
3763 1950 3922 1990 num-

2322 2034 2480 2087 quam
2508 2036 2536 2072 a
2569 2021 2789 2074 Domino
2807 2024 3262 2089 condemnemur;
3291 2022 3385 2079 sed
3411 2024 3640 2078 sciamus
3659 2025 3923 2095 possibile

2325 2123 2428 2162 non
2456 2124 2594 2176 esse,
2629 2119 2684 2164 ut
2712 2112 3002 2166 occultetur
3030 2113 3228 2182 aliquid
3268 2114 3335 2168 ab
3363 2115 3519 2168 oculo
3550 2115 3641 2170 illo
3667 2119 3758 2186 qui
3784 2117 3923 2172 dor-

2323 2198 2512 2254 mitare
2541 2199 2744 2268 nequit,
2773 2215 2956 2254 verum
2988 2216 3207 2256 necesse
3231 2203 3449 2257 omnino
3473 2217 3615 2270 esse,
3646 2214 3703 2258 ut
3745 2204 3793 2258 is
3827 2204 3926 2273 qui

2325 2297 2525 2356 peccat,
2561 2291 2833 2358 suppliciis
2865 2290 3131 2347 obnoxius
3157 2292 3267 2346 ﬁat.
3297 2293 3478 2363 Neque
3505 2295 3723 2364 majoris
3753 2296 3919 2352 facia-

2323 2395 2441 2433 mus
2481 2380 2725 2435 timorem
2781 2381 3076 2449 hominum,
3125 2399 3284 2454 quam
3333 2385 3749 2456 indignationem
3800 2388 3918 2450 Dei,

2322 2468 2415 2523 sed
2445 2485 2712 2524 memores
2739 2473 2908 2526 simus
2935 2488 3148 2542 semper
3168 2473 3453 2529 verborum
3492 2475 3690 2544 Joseph
3725 2477 3920 2531 dicen-

2325 2561 2392 2614 tis
2422 2577 2435 2614 :
2468 2560 2732 2625 Quomodo
2771 2563 2958 2630 faciam
2985 2566 3187 2619 verbum
3232 2567 3327 2620 hoc
3362 2567 3573 2630 malum,
3607 2579 3653 2623 et
3698 2572 3921 2636 peccabo

2325 2670 2496 2707 coram
2527 2654 2678 2708 Deo?
2707 2655 2872 2725 Igitur
2900 2657 3113 2726 quando
3155 2673 3254 2713 nos
3297 2659 3470 2728 aliqua
3501 2659 3752 2729 cogitatio
3792 2675 3919 2730 per-

2326 2745 2522 2812 turbat,
2553 2747 2652 2802 hoc
2679 2747 2731 2801 in
2756 2756 2936 2803 mente
2975 2764 3247 2804 versemus
3272 2749 3513 2817 verbum,
3545 2759 3600 2805 et
3625 2752 3816 2805 statim
3844 2750 3924 2806 ef-

2323 2839 2486 2908 fugiet
2510 2840 2682 2892 omnis
2724 2839 2901 2894 illicita
2932 2841 3379 2912 concupiscentia.
3415 2841 3595 2912 Itaque
3641 2844 3757 2898 sive
3801 2845 3922 2912 quis

2321 2942 2604 2997 corporum
2647 2930 3072 2999 concupiscentia
3116 2933 3375 3001 capiatur,
3412 2933 3523 2987 sive
3566 2934 3922 3001 pecuniarum

2322 3031 2525 3085 amore,
2555 3018 2668 3075 sive
2711 3019 2814 3074 alia
2855 3021 3081 3091 quadam
3126 3021 3352 3076 absurda
3399 3023 3692 3091 voluptate.
3734 3025 3922 3080 statim

2324 3106 2426 3163 hoc
2450 3109 2668 3179 cogitet,
2699 3111 2848 3166 illum
2886 3127 3076 3183 nempe
3103 3128 3222 3167 esse
3250 3115 3340 3183 qui
3383 3130 3480 3169 nos
3509 3115 3858 3181 condemnet,
3891 3134 3920 3172 a

2323 3215 2426 3270 quo
2452 3214 2558 3255 non
2587 3209 2670 3255 est
2689 3201 2940 3269 possibile
2960 3203 3229 3258 occultare
3253 3204 3412 3258 etiam
3433 3219 3494 3259 ea
3517 3221 3635 3274 qua
3653 3206 3705 3260 in
3735 3217 3923 3262 mento

2323 3301 2503 3345 nostra
2536 3301 2815 3346 versantur
2846 3311 2860 3346 :
2889 3302 2942 3346 et
2966 3294 3186 3347 omnino
3206 3293 3519 3364 eﬂ‘ugiemus
3540 3296 3700 3350 etiam
3726 3296 3922 3351 diabov

2323 3381 2450 3435 Iicas
2480 3383 2914 3447 machinationes,
2948 3400 3246 3456 magnoque
3273 3386 3537 3456 adjutorio
3560 3401 3803 3456 superno
3827 3391 3922 3458 ju-

2322 3473 2591 3539 vabimur;
2620 3490 2726 3543 quo
2747 3475 2897 3529 nobis
2921 3475 3020 3529 frui
3050 3477 3322 3546 contingat
3351 3479 3598 3531 omnibus
3626 3483 3795 3548 gratia
3861 3490 3919 3534 et

2323 3564 2646 3635 benignitate
2670 3566 2877 3620 Domini
2905 3568 3070 3622 nostri
3095 3567 3449 3634 JesuChristi,
3481 3568 3564 3622 cui
3605 3584 3728 3623 cum
3754 3569 3921 3626 Patro

2320 3667 2373 3711 et
2401 3669 2584 3712 sancto
2605 3658 2800 3727 Spiritu
2827 3660 2894 3712 sit
2923 3660 3111 3729 gloria,
3145 3662 3446 3730 imperium,
3474 3662 3664 3728 honor,
3690 3677 3836 3717 nunc
3861 3672 3923 3720 et

2322 3763 2553 3820 semper,
2580 3751 2707 3806 etin
2733 3751 2924 3806 sarcula
2951 3752 3287 3806 smculorum.
3320 3754 3511 3808 Amen.

2873 3878 3147 3935 HOMILIA
3180 3881 3363 3935 LXIII.

2321 3988 2390 4044 Et
2418 3991 2663 4044 nesciebat
2701 3989 2896 4059 aliquid
2938 3994 3206 4062 praefectus
3230 3993 3445 4046 carceris
3472 4002 3677 4062 propter
3708 3996 3912 4068 Ioseph

2924 4081 3078 4154 (Cen.
3105 4083 3195 4140 59.
3222 4082 3337 4152 25).

2391 4194 2442 4248 t.
2477 4193 2749 4264 Reliquias
2781 4209 2969 4249 eorum
2998 4210 3119 4264 qua:
3146 4209 3175 4249 a
3218 4194 3376 4250 nobis
3414 4195 3528 4250 lteri
3570 4195 3708 4251 dicta
3734 4205 3864 4252 sunt
3891 4241 3910 4265 ,

2317 4284 2560 4337 volumus
2605 4283 2764 4339 hodie
2808 4284 3032 4340 reddere
3073 4286 3280 4341 caritati
3335 4296 3529 4342 vestrae
3556 4327 3571 4350 ,
3604 4295 3659 4342 et
3708 4288 3911 4345 iterum

2317 4377 2577 4445 attingere
2609 4374 2883 4430 historiam
2905 4375 3148 4446 Josephi.
3178 4379 3337 4433 Scitis
3355 4380 3499 4432 enim
3521 4380 3774 4435 hesterno
3792 4397 3910 4437 ser-

2319 4479 2476 4518 mone
2522 4467 2773 4533 prolixins
2813 4476 3077 4533 extenso,
3110 4483 3208 4522 nos
3251 4483 3358 4523 non
3405 4470 3643 4540 potuisse
3679 4471 3912 4528 ulterius

2317 4558 2584 4625 progredi,
2617 4556 2710 4611 sed
2733 4558 2967 4611 sermoni
2993 4557 3148 4612 finem
3168 4559 3514 4632 imposuisse,
3531 4561 3749 4632 quando
3778 4578 3907 4630 pro-

2316 4657 2433 4716 pter
2463 4647 2726 4718 Egyptiie
2750 4649 3070 4703 calumniam
3096 4653 3163 4704 ab
3181 4651 3531 4720 archimagiro
3556 4651 3608 4704 in
3628 4667 3906 4710 carcetcm

2315 4748 2395 4791 est
2418 4739 2708 4805 conjectus.
2733 4737 2856 4792 Ideo
2877 4738 3033 4793 hodie
3061 4754 3239 4808 opera:
3269 4741 3494 4808 pretium
3525 4740 3680 4794 fuerit
3704 4742 3909 4799 dooere

2315 4837 2543 4880 vestram
2570 4828 2866 4893 caritatem,
2893 4843 3012 4897 qua:
3040 4828 3092 4882 in
3123 4844 3338 4883 carcere
3357 4829 3404 4883 ei
3433 4830 3746 4885 acciderint.
3770 4831 3906 4887 Nam

2318 4924 2592 4984 postquam
2616 4917 2666 4969 in
2694 4931 2963 4971 carcerem
2988 4927 3074 4971 est
3097 4918 3390 4986 conjecttts,
3419 4929 3472 4972 et
3502 4920 3729 4974 traditus
3761 4936 3906 4989 pra:-

2317 5008 2452 5060 fecto
2478 5007 2727 5074 carceris,
2751 5008 2908 5062 etiam
2937 5009 3044 5062 illic
3075 5019 3275 5062 tantum
3303 5009 3394 5064 Dei
3425 5011 3720 5064 subsidium
3751 5027 3908 5068 asse-

2313 5107 2510 5166 quutns
2535 5107 2619 5151 est
2641 5139 2654 5160 ,
2691 5105 2746 5151 ut
2775 5098 2936 5152 totius
2962 5099 3189 5153 carceris
3228 5101 3555 5170 principatus
3588 5117 3615 5153 a
3647 5102 3906 5167 praefecto

2313 5195 2544 5246 cari-eris
2569 5191 2667 5261 ipsi
2693 5191 3093 5247 concederetur.
3125 5192 3191 5245 Et
3219 5193 3462 5246 nesciebat
3491 5195 3685 5260 aliquid
3719 5200 3905 5265 pra-{a-

2311 5291 2418 5335 ctus
2441 5282 2656 5335 carceris
2685 5293 2890 5350 prapter
2915 5281 3127 5351 Joseplt.
3157 5280 3348 5337 Vidisti
3385 5281 3653 5352 quomodo
3685 5285 3736 5336 in
3771 5284 3906 5353 ipsis

2312 5372 2564 5426 aerumnis
2589 5386 2808 5426 versans
2827 5414 2842 5437 ,
2874 5372 3248 5426 adversitatem
3277 5387 3344 5427 ne
3387 5373 3618 5426 senserit
3639 5373 3857 5440 quidem
3885 5415 3900 5440 ,

2311 5463 2402 5517 sed
2453 5464 2671 5531 provida
2711 5464 2969 5531 sapientia
3010 5464 3098 5516 Dei
3142 5463 3318 5516 onmia
3362 5477 3548 5530 aspera
3592 5463 3815 5517 verterit
3846 5465 3901 5518 in

2305 5553 2554 5622 jucunda.
2589 5554 2652 5607 Et
2693 5555 2828 5607 sient
2869 5555 2990 5607 licet
3016 5553 3133 5621 quis
3175 5552 3512 5620 margaritam
3548 5551 3658 5605 luto
3683 5553 3895 5617 obruat,

2310 5645 2652 5699 nihilominus
2693 5646 2918 5698 nativam
2971 5648 3162 5700 ietinet
3207 5643 3654 5713 pulchritudinem
3687 5686 3702 5698 .
3736 5646 3815 5699 sic
3846 5660 3899 5700 ct

2311 5739 2495 5802 virtus,
2527 5753 2858 5810 quocumque
2884 5754 2997 5792 eam
3022 5737 3333 5807 prnjcceris,
3361 5749 3509 5791 suam
3539 5735 3646 5790 vim
3673 5738 3896 5801 exserit,
