4182 6322
249 397 360 452 57-0

248 514 353 568 καὶ
398 506 665 584 ἠνείχετο,
713 506 802 567 ἵνα
853 509 941 563 διὰ
985 508 1206 563 πάντων
1251 508 1344 561 τὸν
1385 506 1581 562 ἐαυτοῦ
1628 505 1849 575 οἰκέτην

246 595 646 668 λαμπρότερον
693 595 976 665 ἀποφήνῃ.
1031 591 1218 646 Ταῦτα
1248 590 1359 663 7&9
1395 590 1614 645 ἅπαντα
1644 587 1853 646 ἐλθόντι

245 679 337 750 τῷ
367 678 522 750 ἀνδρί
552 675 692 749 μετά
721 674 926 746 πολλῆς
961 675 1062 746 τῆς
1115 673 1459 745 κακουργίας
1487 671 1721 727 εἰποῦσα
1761 669 1854 723 καὶ

249 764 691 835 κατηγορήσασα
726 759 818 814 τοῦ
846 761 1132 814 νεανίσκου
1155 759 1343 828 ἔλεγεν
1366 774 1380 789 ”
1403 756 1674 828 Εισῆλθε
1701 757 1852 826 πρός

242 866 333 920 με
363 853 396 904 ό
425 848 566 914 παῖς
605 851 638 901 ό
678 845 948 914 Ἐϐραῖος
968 889 982 912 ,
1017 845 1090 899 ὃν
1116 845 1441 916 εἰσήγαγες
1467 845 1621 913 πρὸς
1655 842 1814 911 ἡμᾶς
1835 880 1850 904 ,

244 930 542 998 ἐμπαῖξαι
575 945 700 998 μοι.
756 929 941 982 Ἀθλία
988 929 1084 983 καὶ
1123 927 1464 998 ταλαίπωρε.
1517 927 1633 982 Οὐκ
1690 925 1854 988 αὐτὸς

246 1016 552 1086 εἰσήγαγεν
581 1011 723 1066 ὥστε
752 1012 1020 1084 ἐμπαῖξαί
1050 1029 1152 1076 σοι,
1172 1013 1286 1066 ἀλλ’
1318 1013 1346 1066 ὁ
1369 1012 1618 1074 διάϐολός
1640 1028 1700 1064 σε
1732 1011 1854 1064 εἰσ-

248 1100 502 1168 ἢγαγεν.
531 1095 674 1150 ὥστε
727 1095 801 1168 μὴ
850 1096 1010 1168 μόνον
1037 1095 1324 1167 μοιχαλίδα
1355 1094 1610 1164 γενέσθαι
1637 1136 1652 1160 ,
1693 1093 1852 1156 ἀλλὰ,

246 1182 313 1236 τὸ
341 1177 478 1252 ἧκον
512 1181 591 1243 εἰς
636 1180 720 1239 σε.
764 1181 859 1234 καὶ
897 1179 1058 1250 φόνον
1109 1180 1470 1251 ἐργάσασθαι.
1499 1179 1606 1234 Kal
1640 1177 1854 1232 ἐδείκνυ

245 1263 444 1318 λοιπὸν
499 1266 579 1328 εἰς
604 1262 880 1329 ἀπόδειξιν
905 1261 1018 1316 τῶν
1049 1263 1182 1334 παρ’
1229 1262 1399 1333 αὐτῆς
1445 1261 1756 1333 λεγομένω)
1788 1263 1857 1316 τά

249 1347 456 1418 ἰμάτια
477 1346 572 1400 τοῦ
599 1345 906 1399 νεανίσκου.

339 1442 538 1495 Ἐννόει
569 1459 659 1511 μοι
690 1441 927 1496 ἐνταῦθα
951 1439 1046 1495 τοῦ
1087 1439 1269 1494 κοινοῦ
1299 1441 1519 1495 πάντων
1548 1439 1855 1513 ἀνθρώπων

246 1528 531 1581 Δεσπότου
557 1527 657 1598 τὴν
688 1525 1121 1596 φιλανθρωπίαν.
1152 1526 1510 1598 Ὥσπεργάρ
1551 1524 1658 1578 τῶν
1695 1525 1854 1580 ἀδελ-

247 1609 374 1678 φῶν
420 1610 583 1664 αὑτὸν
613 1609 852 1676 ἐξείλετο
904 1609 1249 1681 βουλομένων
1295 1607 1461 1663 αὐτὸν
1491 1609 1726 1674 ἀνελεῖν,
1763 1611 1856 1662 καὶ

253 1695 649 1764 παρεσκεύασε
681 1694 949 1765 πρότερον
979 1695 1077 1765 μὲν
1109 1694 1252 1748 κατά
1278 1695 1379 1766 τὴν
1413 1694 1726 1766 συμϐουλὴν
1760 1695 1856 1747 τοῦ

259 1778 493 1849 Ῥουϐὴν
523 1780 601 1840 εἰς
630 1777 723 1830 τὸν
756 1777 961 1830 λάκκον
992 1776 1356 1848 ἐμϐληθῆναι,
1388 1779 1481 1831 καὶ⁵
1512 1778 1653 1849 μετὰ
1681 1778 1857 1831 ταῦτα

245 1861 419 1913 πάλιν
449 1859 588 1913 κατά
621 1859 722 1929 τήν
753 1859 1066 1930 συμϐουλὴν
1093 1859 1188 1912 τοῦ
1240 1860 1412 1914 Ἰούδα
1441 1864 1556 1924 τοῖς
1590 1862 1857 1932 ἐμπόροις

245 1943 646 2014 διαπραθῆναι,
677 1943 766 1996 ῖνα
799 1941 909 1994 τῶν
930 1941 1229 2013 ὀνειράτων
1261 1944 1294 2012 ή
1328 1942 1555 2006 ἔκϐασις
1583 1946 1664 2004 εἰς
1694 1943 1856 2014 ἔργον

244 2027 486 2082 ἐλθοῦσα
517 2027 684 2099 πείσῃ
714 2027 807 2080 τὸν
841 2025 1074 2089 δίκαιον,
1117 2026 1195 2088 ὼς
1227 2027 1290 2078 οὐ
1338 2027 1519 2097 μάτην
1576 2027 1698 2080 οὐδὲ
1731 2029 1854 2097 εἰκῆ

245 2112 438 2164 ἐκεῖνα
464 2109 614 2180 αύτῷ
651 2108 1035 2179 προεμηνύετο
1059 2125 1074 2137 ⁸
1122 2108 1268 2161 οὕτω
1296 2110 1392 2162 καί
1425 2109 1522 2161 νῦν
1573 2111 1606 2178 ή
1649 2109 1858 2162 ἄνωθεν

250 2195 382 2266 χεὶρ
407 2191 478 2266 ἦν
509 2195 544 2264 ή
580 2193 673 2248 τὸν
706 2192 986 2264 βάρϐαρον
1025 2194 1234 2245 ἐκεῖνον
1265 2192 1612 2261 κατέχουσα,
1643 2193 1739 2245 καὶ
1782 2192 1857 2262 μὴ

243 2277 668 2348 συγχωρήσασα
711 2275 918 2338 εὐθέως
965 2275 1060 2326 ἐπὶ
1093 2274 1193 2343 τήν
1225 2275 1445 2344 σφαγὴν
1485 2276 1728 2345 ὁρμῆσαι
1760 2274 1856 2326 τοῦ

247 2363 557 2414 νεανίσκου.
589 2360 654 2413 Τί
684 2361 794 2430 γὰρ
827 2355 894 2429 ἦν
916 2359 978 2411 τὸ
1007 2358 1240 2420 κωλύον,
1270 2358 1514 2428 μαθόντα
1537 2358 1613 2420 ὡς
1647 2360 1728 2420 είς
1761 2358 1859 2410 αύ-

244 2444 348 2516 τήν
377 2443 478 2514 τὴν
506 2441 668 2512 εὐνὴν
694 2441 955 2511 ἀδικῆσαι
996 2441 1160 2495 αὑτὸν
1188 2441 1515 2512 ἐπεχείρησε
1533 2481 1548 2504 ,
1584 2439 1658 2510 μὴ
1698 2437 1858 2492 τοῦτο

249 2527 519 2596 ποιῆσαι;
584 2525 724 2578 Ἀλλ’
775 2527 804 2579 ὁ
851 2525 1163 2595 εὐμήχανος
1215 2523 1344 2586 Θεὸς
1395 2524 1667 2593 τοσαύτην
1715 2541 1875 2594 παρ--

247 2609 558 2663 εσκεύασεν
587 2609 751 2662 αὐτὸν
780 2607 1153 2673 ἐπιδείξασθαι
1178 2605 1276 2676 τὴν
1306 2608 1620 2678 πραΰτητα,
1642 2608 1728 2662 ἵνα
1753 2609 1855 2675 ἐμω

248 2693 477 2763 ϐληθεὶς
506 2691 584 2762 τῷ
617 2691 1001 2762 δεσμωτηρίῳ,
1033 2690 1128 2744 καί
1161 2689 1328 2742 πάλιν
1357 2691 1473 2742 ἐκεῖ
1497 2690 1598 2761 τὴν
1647 2692 1856 2743 οἰκείαν

249 2774 672 2845 ἐπιδειξάμενος
701 2773 928 2845 ἀρετὴν,
955 2773 1129 2836 οὕτως
1160 2774 1253 2826 ἐπὶ
1289 2772 1390 2843 τὴν
1423 2773 1600 2844 ἀρχὴν
1630 2774 1728 2843 τῆς
1762 2773 1858 2847 βα-

250 2858 464 2921 σιλείας
500 2857 904 2929 παραγένηται.
948 2856 1256 2926 Ἐθυμώθη
1288 2859 1420 2926 γὰρ,
1459 2858 1649 2928 φησὶν,
1686 2861 1719 2910 ό
1752 2858 1857 2909 κύ-

244 2961 377 3010 ριος
419 2941 633 3000 αὐτοῦ,
664 2941 766 2994 και
800 2939 1092 2995 ἐνέϐαλεν
1120 2939 1309 2993 αὐτὸν
1335 2940 1424 3005 εις
1454 2940 1520 2992 τὸ
1553 2941 1855 3008 ὀχύρωμα,

249 3027 409 3080 ὅπου
445 3027 498 3078 οἱ
539 3022 848 3093 δεσμῶται
883 3021 990 3077 τοῦ
1021 3021 1334 3087 ,βασιλέως
1381 3022 1754 3092 κατέχονται.
1794 3023 1857 3077 El

253 3111 355 3180 μὲν
380 3108 496 3179 7&9
529 3107 606 3179 μὴ
635 3106 947 3169 ἐπίστευσε,
975 3106 1077 3158 οὐκ
1112 3105 1282 3176 ἐχρῆν
1309 3105 1475 3158 αὑτὸν
1505 3105 1764 3176 ἐμϐαλεῖν
1799 3106 1858 3158 ἐν

248 3192 330 3262 τῷ
355 3190 719 3261 δεσμωτηρίῳ
737 3205 748 3218 °
786 3190 834 3242 εἰ
863 3187 921 3242 δὲ
950 3186 1245 3242 ἐπίστευσε
1273 3186 1438 3242 πάλιν
1478 3187 1679 3258 ἀληθὲς
1717 3183 1857 3241 εἶναι

249 3275 316 3327 τὸ
339 3274 495 3346 παρά
524 3274 623 3345 τῆς
652 3272 960 3340 Αίγυπτίας
987 3271 1306 3340 λεγόμενον,
1329 3271 1452 3324 οὐδὲ
1481 3262 1626 3325 οὕτω
1650 3271 1860 3341 δεσμω-

248 3357 451 3430 τηρίου
473 3356 626 3423 ἄξιος
655 3350 745 3428 ἦν,
779 3355 919 3409 ἀλλά
951 3354 1340 3425 ἀποτμηθῆναι
1375 3355 1472 3408 καὶ
1492 3355 1652 3425 δίκην
1673 3353 1857 3407 δοῦναι

247 3443 354 3511 τὴν
393 3441 650 3511 ἐσχάτην.
692 3439 833 3492 Ἀλλ’
868 3441 999 3492 ὅταν
1031 3439 1064 3509 ἡ
1097 3436 1306 3491 ἄνωθεν
1338 3435 1492 3504 δεειά
1528 3438 1627 3508 τὴν
1655 3437 1860 3508 ἑαυτῆς

251 3524 518 3595 πρόνοιαν
543 3522 949 3585 ἐπιδείκνυται,
987 3522 1164 3575 πάντα
1197 3519 1398 3573 εὔκολα
1437 3521 1534 3573 καὶ
1572 3522 1737 3591 ρᾁια
1771 3521 1858 3588 γί-

250 3623 431 3668 νεται,
458 3607 553 3660 καὶ
574 3607 623 3658 οἰ
650 3604 834 3675 ἄγριοι
857 3604 1204 3675 ἡμερώτεροι
1226 3602 1604 3657 καθίστανται.
1638 3605 1773 3657 Τότε
1801 3603 1859 3656 δέ

253 3692 408 3762 καἰὴ
437 3690 646 3746 ἄνωθεν
689 3689 833 3760 ῥοπὴ
876 3689 1015 3758 μετὰ
1053 3687 1334 3756 δαψιλείας
1381 3689 1514 3757 ἡμῖν
1555 3686 1856 3756 παραγίνεέ

252 3794 366 3837 ται.
385 3777 516 3828 ὅταν
538 3771 739 3844 πολλὴν
763 3773 858 3825 καὶ
887 3774 1047 3843 ἡμεῖς
1071 3772 1170 3843 τὴν
1203 3771 1405 3842 ἀρετὴν
1436 3770 1857 3842 ἐπιδειξὼμεθα.

266 3858 492 3928 Ἐπειδὴ
516 3857 626 3928 7&9
652 3855 906 3926 μεγάλως
935 3850 1090 3917 οὗτος
1109 3854 1441 3922 ἠγωνίσατο.
1462 3854 1550 3906 διὰ
1577 3851 1738 3906 τοῦτο
1767 3854 1860 3906 καὶ

257 3943 516 4013 μεγάλων
543 3939 810 3994 ἀπολαύει
848 3938 956 3991 τῶν
989 3937 1258 4009 ἀμοιϐῶν.
1289 3939 1401 3989 Kal
1440 3937 1578 4007 μετά
1608 3934 1708 4007 τὴν
1744 3954 1861 3990 τοσ-

254 4025 433 4095 αύτην
481 4023 737 4095 ἀνδρείαν
779 4023 1029 4091 ἀπήγετο
1079 4023 1160 4084 εἰς
1202 4021 1264 4072 τὸ
1308 4019 1718 4089 δεσμωτήριον,
1765 4020 1860 4072 καὶ

257 4111 388 4179 σιγῇ
415 4109 597 4160 πάντα
632 4105 928 4176 ὑπέμενεν.
961 4104 1105 4157 Ἴστε
1135 4102 1246 4174 7&9
1284 4103 1433 4165 ὅπως
1463 4104 1511 4154 οἰ
1545 4102 1712 4173 μηδὲν
1734 4103 1859 4156 ἐαυ-

253 4194 370 4254 τοῖς
397 4189 700 4253 συνειδότες
732 4187 993 4260 πονηρὸν,
1020 4187 1243 4240 ἐπειδάν
1272 4185 1348 4249 ὡς
1372 4183 1665 4239 ὑπεύθυνοι
1688 4200 1860 4240 κατα-

253 4272 614 4336 δικάζωνται,
651 4271 798 4344 πόσῃ
833 4271 1134 4342 κέχρηνται
1168 4268 1433 4331 πολλάκις
1467 4271 1536 4338 τῇ
1572 4269 1860 4340 παρρησίᾳ

255 4359 351 4410 καὶ
378 4358 450 4427 τῇ
480 4354 939 4427 ἐλευθεροπομίᾳ
962 4393 977 4416 ,
1013 4351 1533 4422 κατεξανιπάμενοι
1581 4355 1674 4406 καὶ
1704 4351 1857 4425 [599]

261 4437 801 4510 μεγαλοφρονοῦντες
831 4436 975 4490 κατὰ
1006 4435 1115 4489 τῶν
1145 4435 1244 4506 τήν
1285 4434 1445 4505 δίκην
1483 4434 1668 4498 αὐτοῖς
1702 4437 1861 4488 ἀνευ-

257 4523 442 4587 θύνοις
479 4518 630 4576 οὖσιν
657 4522 993 4591 ἐπαγόντων.
1027 4520 1166 4574 Ἀλλ’
1194 4511 1351 4583 οὗτος
1379 4520 1478 4589 οὐχ
1507 4518 1702 4584 οὕτως,
1725 4518 1860 4574 ἀλλὰ

259 4607 356 4661 καὶ
402 4608 534 4679 σιγᾷ
559 4647 574 4671 ,
614 4609 709 4660 καὶ
758 4605 938 4660 πάντα
980 4605 1172 4675 πράως
1211 4603 1446 4673 δέχεται,
1491 4603 1584 4655 καὶ
1628 4604 1858 4672 ἀνέμενε

260 4692 404 4764 μετὰ
427 4692 627 4762 πολλῆς
659 4691 757 4761 τῆς
781 4691 1059 4760 ὑπομονῆς
1086 4688 1187 4757 τὴν
1214 4686 1310 4739 τοῦ
1335 4685 1472 4739 Θεοῦ
1505 4687 1699 4757 ῥοπήν.
1717 4689 1861 4758 Ὅρα

255 4776 372 4846 7&9
407 4774 526 4839 πῶς
560 4775 658 4828 καὶ
685 4775 743 4827 ἐν
763 4772 843 4843 τῷ
871 4770 1234 4842 δεσμωτηρίῳ
1270 4767 1346 4822 ὢν
1371 4768 1537 4823 πάλιν
1565 4769 1665 4840 τὴν
1683 4770 1859 4842 ἀρχὴν

259 4860 341 4913 ἆπ
405 4877 486 4911 ΐαν
529 4857 692 4921 αὐτὸς
735 4857 949 4927 ἐδέχετο
981 4855 1133 4925 παρὰ
1162 4853 1255 4908 τοῦ
1297 4852 1744 4923 δεσμοφύλακοςο
1777 4857 1859 4908 εἰ·

260 4943 472 5005 κότως·
501 4935 628 4995 *Ην
660 4939 790 5010 7&9,
835 4939 1004 5009 φησὶ,
1035 4938 1256 5005 Κύριος
1277 4935 1426 5006 μετὰ
1468 4936 1692 5006 Ἰωσὴφ
1713 4977 1728 4999 ,
1760 4938 1861 4991 καὶ

258 5025 552 5095 κατέχεεν
573 5024 763 5078 αὐτοῦ
796 5022 989 5085 ἕλεος.
1010 5022 1076 5074 Τί
1100 5022 1218 5074 ἐστι
1244 5021 1327 5083 τὸ,
1345 5020 1645 5090 Κατέχεεν
1669 5020 1860 5074 αὐτοῦ

265 5108 473 5174 Haec;
497 5107 640 5182 Πρὸς
668 5101 850 5160 οἶκτον
880 5104 1169 5175 ἐπέκαμψε
1190 5103 1283 5157 τὸν
1315 5102 1857 5175 άρχιδεσμοφύλακα,

261 5191 360 5246 καὶ
395 5190 598 5262 πολλὴν
625 5190 756 5260 περὶ
781 5186 943 5243 αὑτὸν
981 5186 1078 5258 τὴν
1107 5185 1322 5240 εὔνοιαν
1350 5185 1726 5253 ἐπιδείξασθαι
1754 5203 1860 5242 πα-

266 5273 626 5344 ρεσκεύασεν·
661 5272 882 5326 Ἔδωκε
913 5272 1024 5341 γὰρ
1048 5269 1211 5336 αὐτῷ
1244 5269 1421 5338 χάριν
1446 5272 1729 5328 ἐναντίον
1753 5275 1861 5327 αὺ-

264 5356 394 5414 τοῦ.
453 5357 680 5430 Αληθῶς
708 5356 864 5409 οὐδὲν
899 5353 1367 5426 μακαριστότερον
1394 5354 1490 5408 τοῦ
1518 5356 1619 5427 τῆς
1653 5356 1863 5411 ἄνωθεν

266 5440 481 5504 εύνοίας
531 5439 918 5503 ἀπολαύοντος.
955 5437 1178 5492 Ἔδωκε
1211 5437 1322 5509 7&9
1347 5480 1362 5503 ,
1397 5440 1593 5509 φησὶν,
1627 5441 1655 5493 ὁ
1696 5441 1863 5510 ἀρχι-

263 5524 664 5595 δεσμοφύλαξ
692 5523 760 5577 τὸ
790 5521 1202 5592 δεσμωτήριον
1243 5520 1344 5575 διὰ
1377 5522 1575 5589 χειρὸς
1617 5522 1698 5589 τῷ
1743 5526 1862 5580 Ἰωα

263 5607 419 5679 σήφ.
449 5608 590 5679 Ὅρα
634 5607 752 5672 πῶς
781 5607 1139 5675 ὑπεξίσταται
1167 5606 1196 5658 ό
1231 5604 1601 5676 δεσμοφύλαξ,
1631 5609 1727 5662 καὶ
1753 5625 1849 5663 πα.

271 5695 529 5765 ραχωρεῖ,
579 5694 674 5745 καὶ
723 5689 875 5762 αὐτῷ
927 5690 1027 5761 τὴν
1069 5688 1357 5743 αὐθεντίαν
1408 5689 1732 5761 ἐπιτρέπει,
1769 5695 1864 5747 καὶ

266 5777 478 5839 πάντας
508 5776 638 5839 τοὺς
677 5776 737 5828 ἐν
766 5774 845 5846 τῷ
879 5771 1239 5844 δεσμωτηρίῳ
1264 5772 1372 5825 ὑπὸ
1397 5771 1496 5844 τὴν
1529 5772 1741 5828 ἐκείνου
1773 5777 1862 5842 ἐξ·

264 5861 454 5915 ουσίαν
481 5855 622 5913 εἶναι
648 5857 922 5913 ἐκέλευσε.
955 5857 1068 5912 Καὶ
1101 5858 1215 5911 οὐκ
1237 5852 1317 5926 ἦν
1352 5858 1384 5910 ὀ
1410 5856 1861 5927 ἀρχιόεσμοφύ-

269 5945 386 6011 λῦε
416 5942 732 6019 γινώσκων
768 5939 977 5998 οὐδέν’
1022 5941 1221 5997 πάντα
1260 5941 1373 6010 σὴρ
1407 5935 1488 6009 ἦν
1530 5940 1628 5994 διὰ
1663 5943 1862 6011 χειρός

1224 383 1297 446 1Ν
1337 385 1490 446 CAP.
1524 381 1746 439 XXXIX
1784 378 2030 436 (IENES.
2078 380 2314 437 IIOMIL.
2358 381 2518 437 LXHI
3461 377 3568 435 MO

1975 499 2223 570 Ἰωσὴφ,
2252 499 2349 554 διὰ
2376 499 2443 554 τὸ
2476 499 2586 553 τὸν
2615 499 2836 568 Κύριον
2861 499 2990 568 μετ’
3025 496 3217 552 αὐτοῦ
3251 492 3428 558 εἶναι.
3469 502 3564 556 και

1957 581 2076 637 ὅσα
2103 584 2288 650 αὐτὸς
2323 583 2547 645 ἐποίει,
2583 581 2804 650 Κύριος
2835 581 3066 636 εὐώδου
3095 581 3166 635 ἐν
3192 579 3325 647 ταῖς
3353 580 3570 651 χερσὶν

1956 665 2166 720 αὐτοῦ.
2205 665 2407 720 Σκόπει
2442 664 2561 729 πῶς
2599 665 2898 737 συμπαρῆν
2924 663 3076 736 αὐτῷ
3113 663 3382 735 διηνεκῶς
3415 663 3571 736 ήχά-

1960 766 2047 820 ρις
2087 749 2122 821 ἡ
2161 747 2392 813 ἄνωθεν,
2428 748 2525 803 καὶ
2555 747 2738 803 πάντα
2771 747 2918 819 άπερ
2957 747 3199 819 ἔπραττε
3227 747 3458 818 χάριτος
3496 743 3570 818 ἦν

1960 833 2396 905 πεπληρωμένα.

2030 917 2205 971 Τοῦτο
2245 917 2424 972 τοίνυν
2474 915 2569 970 καὶ
2615 914 2780 987 ἡμεῖς
2828 913 3250 984 σπουδάσωμεν,
3309 911 3398 967 ἵνα
3446 912 3568 984 μεθ’

1958 1000 2171 1055 ἐαυτῶν
2195 1000 2409 1072 ἔχωμεν
2429 999 2518 1053 ἀεὶ
2547 999 2639 1052 τὸν
2661 998 2888 1069 Κύριον,
2917 997 3014 1050 καὶ
3038 996 3127 1050 ἵνα
3147 999 3220 1054 τά
3247 997 3380 1067 παρ’
3405 997 3568 1067 ἡμῶν

1958 1084 2224 1155 γινόμενα
2276 1084 2369 1136 ὑπ’
2416 1082 2631 1136 ἐκείνου
2671 1080 3064 1135 κατευοδῶται.
3116 1079 3177 1133 '0
3217 1079 3328 1150 7&9
3361 1084 3568 1151 ταύτης

1958 1165 2212 1232 ἀξιωθεὶς
2236 1169 2338 1236 τῆς
2371 1165 2571 1238 ῥοπῆς.
2607 1164 2712 1220 κᾶν
2749 1165 2934 1237 μέσοις
2960 1167 3072 1229 τοῖς
3107 1163 3302 1228 δεινοῖς
3334 1161 3410 1216 ὣν
3434 1181 3567 1235 τύγε

1958 1250 2121 1322 χάνῃ,
2156 1250 2593 1319 καταγελάσεται
2625 1248 2868 1311 πάντων,
2911 1249 3008 1302 καὶ
3049 1247 3205 1299 οὐδὲν
3251 1247 3392 1300 αὐτὰ
3421 1249 3566 1320 ἡγή-

1961 1352 2136 1399 σεται,
2177 1333 2270 1388 τοῦ
2295 1335 2570 1388 Δεσπότου
2607 1333 2719 1387 τῶν
2748 1333 2907 1400 ὅλων,
2935 1331 3031 1385 τοῦ
3066 1331 3247 1385 πάντα
3279 1330 3565 1396 ποιοῦντος

1958 1419 2054 1472 καί⁷
2099 1420 2638 1488 μετασκευάζοντος,
2685 1415 3106 1478 κατευοδοῦντος
3149 1413 3301 1485 αύτῷ
3349 1416 3568 1468 ἅπαντα

1959 1503 2054 1556 καὶ
2079 1503 2149 1555 τὰ
2175 1502 2414 1573 δυσχερῆ
2450 1502 2608 1576 ῥᾴδια
2653 1499 3111 1571 ἀπεργαζομένου
3128 1510 3178 1551 ι.
3234 1498 3360 1562 Πῶς
3387 1497 3445 1552 δέ
3475 1497 3567 1551 δυ-

1958 1585 2242 1656 νησόμεθα
2271 1585 2394 1656 μεθ’
2424 1585 2634 1638 ἑαυτῶν
2660 1583 2805 1655 ἔχειν
2832 1583 2924 1636 τὸν
2956 1581 3183 1653 Κύριον,
3222 1582 3318 1635 καὶ
3349 1582 3442 1634 ὑπ’
3468 1581 3568 1634 αύ-

1957 1669 2053 1721 τοῦ
2083 1664 2525 1722 ’κατευοδοῦσθαι
2559 1670 2616 1720 ἐν
2653 1667 2892 1731 άπασιν;
2940 1666 3068 1718 Ἐάν
3107 1665 3372 1735 νήφοντες
3413 1658 3567 1736 ὦμεν

1960 1752 2053 1806 καὶ
2082 1754 2478 1825 ἐγρηγορότες,
2511 1752 2605 1806 καὶ
2641 1751 3017 1822 μιμησὼμεθα
3061 1749 3157 1803 τοῦ
3205 1749 3328 1802 νέου
3371 1749 3564 1803 τούτου

1958 1837 2057 1905 τὴν
2081 1835 2460 1907 σωφροσύνην,
2486 1837 2584 1889 καὶ
2619 1834 2718 1904 τὴν
2742 1833 2908 1903 ἄλλην
2952 1833 3176 1904 ἀρετὴν,
3215 1833 3310 1886 καὶ
3341 1832 3400 1886 τὸ
3430 1835 3566 1905 φρό-

1959 1936 2109 1989 νημα
2146 1919 2207 1972 τὸ
2237 1921 2516 1987 γενναῖον,
2556 1918 2648 1970 καὶ
2687 1917 2889 1985 ἴδωμεν
2934 1915 3017 1968 ὅτι
3079 1915 3224 1968 οὓτω
3265 1915 3372 1985 χρὴ
3424 1916 3567 1981 μετά

1958 2002 2250 2072 ἀκριϐείας
2281 2003 2500 2056 ἅπαντα
2536 2001 2991 2072 διαπράττεσθαι,
3033 1999 3108 2063 ὡς
3141 2000 3415 2072 μηδέποτε
3458 2001 3567 2054 ὑπὸ

1958 2086 2055 2138 τοῦ
2097 2087 2374 2139 Δεσπότου
2419 2085 2915 2154 καταγνωσθῆναι,
2956 2084 3073 2137 ἀλλ’
3106 2085 3189 2137 ὃτι
3222 2085 3320 2154 οὐχ
3352 2080 3465 2138 οἶόν
3502 2074 3564 2138 τέ

1961 2185 2080 2221 τινα
2106 2168 2289 2222 λαθεῖν
2315 2169 2524 2221 ἐκεῖνον
2558 2168 2651 2220 τὸν
2683 2167 2987 2237 ἀκοίμητον
3017 2166 3300 2237 ὀφθαλμὸν
3333 2167 3560 2230 εἰδέναι,

1960 2251 2074 2303 ἀλλ’
2109 2251 2324 2321 ἀνάγκη
2367 2252 2588 2314 πάντως
2619 2251 2712 2304 τὸν
2741 2251 3063 2320 ἁμαρτόντα
3110 2253 3232 2313 ταῖς
3262 2251 3565 2320 τιμωρίαις

1962 2333 2263 2387 ὑπεύθυνον
2283 2332 2556 2403 γενέσθαι.
2583 2333 2694 2387 Kal
2722 2333 2797 2404 μὴ
2826 2335 3225 2404 προτιμότερον
3254 2334 3520 2405 ἡγώμεθα
3537 2337 3564 2375 δ

1960 2418 2050 2470 τὸν
2069 2416 2176 2470 τῶν
2194 2415 2499 2488 ἀνθρώπων
2519 2417 2684 2486 φόϐον
2711 2418 2814 2488 τῆς
2835 2417 2929 2470 τοῦ
2951 2417 3089 2470 Θεοῦ
3114 2418 3562 2488 ἀγανακτήσεως,

1963 2499 2102 2553 ἀλλά
2152 2500 2586 2570 μνημονεύωμεν
2624 2500 2714 2553 διὰ
2752 2500 2956 2565 παντὸς
3001 2500 3115 2553 τῶν
3160 2501 3424 2572 ῥημάτων
3467 2502 3564 2555 τοῦ

1973 2584 2173 2655 Ἰωσὴφ
2207 2584 2487 2652 λέγοντος·
2527 2583 2661 2649 Πῶς
2695 2583 2932 2649 ποιήσω
2972 2583 3038 2638 τὸ
3066 2582 3238 2653 ῥῆμα
3274 2585 3340 2638 τό
3377 2598 3567 2653 πονη-

1951 2667 2069 2736 ρόν
2096 2667 2274 2722 τοῦτο
2291 2707 2306 2731 ,
2339 2668 2440 2721 καὶ
2473 2667 2895 2737 ἁμαρτήσομαι
2920 2668 3205 2721 ἐναντίον
3229 2668 3340 2723 τοῦ
3368 2668 3520 2722 Θεοῦ
3545 2684 3565 2727 :

1963 2753 2133 2806 Ὅταν
2161 2769 2246 2816 τις
2269 2748 2364 2806 οὖν
2395 2752 2656 2821 λογισμὸς
2678 2753 2827 2822 ἡμᾶς
2852 2750 3212 2825 διαταράττῃ,
3232 2752 3393 2806 τοῦτο
3417 2754 3476 2804 ἐν
3495 2755 3564 2824 τῇ

1960 2835 2171 2907 διανοίᾳ
2199 2836 2527 2906 στρέφωμεν
2563 2835 2625 2888 τὺ
2656 2837 2810 2906 ῥῆμα
2831 2875 2846 2898 ,
2879 2836 2977 2889 καὶ
3013 2837 3362 2908 παραχρῆμα
3388 2854 3567 2905 φυγα-

1961 2919 2175 2972 δεύεται
2220 2921 2371 2972 πᾶσα
2403 2919 2604 2981 ἄτοπος
2651 2919 2942 2989 ἐπιθυμία.
2995 2919 3122 2972 Εἴτε
3166 2916 3260 2973 οὖν
3290 2920 3566 2990 σωμάτων

1961 3001 2232 3072 ἐπιθυμίᾳ
2261 3019 2346 3064 τις
2376 3001 2490 3069 άλῷ
2517 3041 2532 3066 ,
2569 3001 2679 3054 εἴτε
2711 3002 3019 3074 χρημάτων
3053 3002 3219 3072 ἔρωτι
3240 3041 3255 3064 ,
3288 3004 3395 3056 εἴτε
3427 3002 3568 3077 ἄλλῃ

1961 3085 2068 3138 τινὶ
2098 3084 2287 3154 ἀτόπῳ
2313 3085 2498 3155 ἡδονῇ,
2527 3083 2736 3148 εὐθέως
2767 3082 2925 3137 τοῦτο
2951 3083 3276 3152 λογιζέσθω,
3305 3086 3387 3139 ὅτι
3419 3088 3566 3139 ἐκεῖο

1962 3183 2050 3229 νος
2083 3167 2214 3237 ἡμῖν
2254 3169 2401 3219 ἐστιν
2430 3169 2457 3219 ὁ
2488 3167 2745 3231 δικάζων,
2779 3167 2838 3220 δν
2866 3167 2965 3238 οὐχ
3003 3163 3114 3220 οἷόν
3143 3183 3203 3221 τε
3230 3167 3415 3222 λαθεῖν
3442 3168 3566 3223 οὐδὲ

1962 3253 2029 3306 τὰ
2061 3252 2116 3304 ἐν
2147 3254 2213 3321 τῇ
2251 3251 2462 3320 διανοίᾳ
2508 3249 2908 3320 βουλευόμενα·
2950 3251 3044 3305 καὶ
3091 3251 3311 3315 πάντως
3340 3252 3568 3320 διαφευ-

1963 3334 2166 3404 ξόμεθα
2206 3335 2302 3388 καὶ
2329 3334 2429 3398 τὰς
2462 3334 2559 3387 τοῦ
2587 3334 2838 3388 διαϐόλου
2879 3334 3132 3407 μηχανάς
3151 3375 3166 3398 ,
3206 3337 3301 3389 καὶ
3326 3336 3568 3390 ἀπολαύ-

1963 3435 2130 3486 σομεν
2175 3417 2376 3486 πολλῆς
2419 3417 2521 3487 τῆς
2567 3418 2776 3471 ἀνωθεν
2826 3419 3189 3489 συμμαχίας·
3240 3414 3308 3491 ἧς
3351 3419 3568 3488 γένοιτο

1962 3502 2172 3564 πάντας
2201 3503 2350 3572 ἡμᾶς
2377 3502 2684 3571 ἐπιτυχεῖν,
2711 3503 2899 3573 χάριτι
2930 3504 3025 3556 καὶ
3047 3502 3442 3576 φιλανθρωπίᾳ
3465 3503 3564 3558 τοῦ

1961 3585 2168 3655 Κυρίου
2198 3585 2354 3655 ήμῶν
2395 3584 2571 3654 Ἰησοῦ
2619 3584 2882 3654 Χριστοῦ,
2911 3584 3068 3657 [600]
3111 3585 3232 3656 μεθ’
3262 3581 3326 3642 06
3351 3587 3430 3657 τῷ
3461 3589 3567 3641 Πα-

1960 3669 2072 3740 τρί,
2099 3668 2216 3739 ἃμα
2242 3667 2321 3739 τῷ
2348 3668 2490 3739 ἁγίῳ
2520 3668 2824 3740 Πνεύματι,
2849 3669 3000 3735 δόξα,
3036 3669 3264 3741 κράτος.
3287 3669 3446 3741 τιμή,
3467 3670 3566 3724 νῦν

1961 3753 2056 3806 καὶ
2083 3753 2190 3818 ἀεὶ,
2221 3752 2316 3806 καὶ
2340 3751 2422 3816 είς
2454 3754 2581 3817 τοὺς
2608 3752 2814 3816 αἰῶνας
2845 3752 2956 3806 τῶν
2984 3753 3218 3809 αἰώνων.
3261 3754 3454 3825 Ἀμήν.

1961 3969 2070 4023 Καὶ
2106 3971 2218 4022 οὐκ
2254 3969 2336 4037 ἦν
2368 3969 2684 4040 γινώσκων
2721 3969 2904 4040 οὐδέν
2947 3973 2981 4024 ό
3022 3969 3565 4040 ἀρχιδεσμοςρύλαε

2564 4039 2665 4092 διὰ
2701 4038 2938 4108 Ἰωσήφ.

2033 4136 2102 4190 α’.
2133 4136 2215 4190 Τὰ
2233 4136 2464 4205 λείψανα
2479 4134 2588 4190 τῶν
2606 4134 2736 4206 χθὲς
2763 4138 2896 4208 ἡμῖν
2918 4136 3230 4208 εἰρημένων
3255 4137 3566 4209 βουλόμεθα

1964 4220 2207 4290 σήμερον
2237 4219 2535 4274 ἀποδοῦναι
2550 4224 2619 4291 τῇ
2656 4222 2901 4291 ὑμετέρᾳ
2922 4219 3134 4292 ἀγάπῃ,
3167 4218 3262 4274 καὶ
3290 4221 3391 4292 τῆς
3420 4223 3565 4276 κατά

1962 4302 2055 4355 τὸν
2104 4303 2304 4373 Ἰωσὴφ
2344 4304 2511 4356 πάλιν
2546 4302 2791 4371 ἱστορίας
2833 4302 3100 4372 ἅψασθαι.
3138 4304 3286 4356 Ἴστε
3331 4304 3440 4376 γὰρ
3476 4306 3562 4359 ὅτι

1963 4385 2090 4456 χθὲς
2108 4387 2189 4449 εἰς
2214 4386 2392 4456 μῆκος
2408 4389 2543 4457 ἡμῖν
2565 4386 2892 4450 ἐκταθέντος
2918 4386 3014 4440 τοῦ
3037 4387 3200 4455 λόγου
3219 4387 3321 4441 οὐκ
3340 4389 3564 4458 ίσχύσα-

1967 4487 2066 4540 μεν
2101 4467 2416 4541 περαιτέρω
2467 4469 2778 4541 προελθεῖν,
2816 4470 2954 4524 ἀλλὰ
2981 4473 3180 4542 μέχρις
3211 4471 3423 4525 ἐκείνου
3470 4471 3564 4526 τὸν

1963 4551 2122 4620 λόγον
2153 4554 2487 4624 ἐστήσαμεν,
2519 4552 2683 4623 ἡνίκα
2711 4551 2802 4605 διὰ
2823 4553 2920 4625 τὴν
2946 4554 3044 4623 τῆς
3060 4552 3369 4622 Αἰγυπτίας
3403 4571 3565 4609 συκο-

1965 4636 2195 4706 φαντίαν
2228 4637 2334 4691 ὑπὸ
2381 4637 2476 4691 τοῦ
2512 4639 2919 4708 ἀρχιμαγείρου
2963 4641 3045 4702 εἰς
3091 4638 3153 4691 τὸ
3186 4638 3564 4712 δεσμωτήριον

1964 4719 2250 4793 ἐνεϐλήθη.
2284 4720 2376 4774 Διὸ
2404 4721 2647 4792 σήμερον
2681 4723 2982 4789 ἀναγκαῖον
3009 4720 3220 4786 διδάξαι
3244 4722 3343 4794 τὴν
3364 4723 3566 4794 ὑμετέ⁴

1967 4819 2064 4874 ραν
2093 4804 2318 4874 ἀγάπην
2347 4804 2417 4857 τὰ
2435 4805 2578 4858 κατὰ
2611 4804 2673 4857 τὸ
2693 4805 3070 4876 δεσμωτήριον
3094 4803 3246 4876 αύτῷ
3279 4807 3563 4879 συμϐεϐη-

1966 4888 2122 4941 κότα.
2143 4887 2366 4958 Ἐπειδὴ
2388 4888 2496 4959 γὰρ
2522 4887 2792 4958 ἐνεϐλήθη
2812 4890 2893 4951 εἰς
2909 4889 2970 4941 τὸ
2984 4887 3270 4961 ὀχύρωμα,
3296 4892 3390 4944 καὶ
3419 4907 3564 4961 παρο

1963 4969 2120 5040 εδόθη
2168 4968 2248 5038 τῷ
2295 4969 2825 5041 ἁρχιδεσμοφύλακι,
2863 4973 3027 5025 κάκεῖ
3064 4973 3304 5043 τοσαύτη
3335 4973 3564 5042 γέγονεν

1969 5055 2051 5116 εἰς
2080 5054 2245 5107 αὑτὸν
2261 5056 2296 5126 ἡ
2320 5053 2476 5126 παρά
2491 5053 2584 5107 τοῦ
2616 5053 2754 5108 Θεοῦ
2785 5054 2950 5126 ῥοπὴ,
2975 5055 3050 5120 ὡς
3069 5056 3251 5111 πᾶσαν
3278 5056 3374 5126 τὴν
3387 5056 3564 5129 ἀρχήν

1962 5137 2058 5192 τοῦ
2083 5138 2466 5210 δεσμωτηρίου
2487 5138 2652 5191 αὐτὸν
2672 5138 3109 5210 ἐμπιστευθῆναι
3124 5138 3279 5210 παρὰ
3293 5139 3388 5194 1:06
3405 5141 3566 5212 ἀρχι-

1963 5221 2397 5293 δεσμοφύλακος.
2428 5223 2540 5276 Kal
2557 5225 2671 5276 οὐκ
2699 5217 2781 5293 ἦν
2806 5222 3142 5290 γινώσκων,
3162 5222 3349 5293 φησὶν,
3380 5223 3566 5278 οὐδὲν

1964 5310 1996 5362 ό
2025 5306 2565 5376 ἀρχιδεσμοφύλαξ
2612 5305 2708 5360 διὰ
2749 5306 2996 5376 Ἰωσήφ.
3038 5301 3190 5369 Εἶδες
3222 5306 3340 5370 πῶς
3369 5309 3427 5360 ἐν
3464 5309 3566 5360 αύ-

1965 5392 2084 5454 ταῖς
2108 5393 2229 5453 ταῖς
2252 5389 2464 5458 θλίψεσι
2499 5389 2791 5460 γενόμενος
2816 5390 3075 5461 οὐδεμίαν
3107 5390 3362 5461 αῖσθησιν
3393 5389 3565 5460 ἐλάμ-

1967 5473 2096 5525 ϐανε
2123 5471 2231 5525 τῶν
2251 5473 2534 5544 λυπηρῶν,
2563 5473 2677 5527 ἀλλ’
2698 5475 2732 5544 ἡ
2764 5474 3074 5545 εὐμήχανος
3102 5472 3198 5528 τοῦ
3232 5473 3370 5526 Θεοῦ
3400 5473 3566 5544 σοφία

1966 5556 2145 5609 πάντα
2169 5555 2464 5626 μετέϐαλλε
2488 5555 2555 5610 τά
2570 5556 2813 5626 λυπηρά.
2836 5558 2948 5611 Kal
2963 5557 3325 5628 καθάπερτὸν
3344 5574 3415 5625 μα
3423 5573 3564 5627 97a-

1968 5641 2125 5711 ρίτην
2139 5640 2243 5694 κᾶν
2269 5641 2327 5692 ἐν
2346 5639 2594 5711 βορϐόρῳ
2621 5657 2705 5705 τις
2729 5641 3092 5712 καταχώσειε,
3115 5641 3176 5694 τὸ
3203 5643 3404 5695 οἰκεῖον
3429 5641 3566 5695 κάλ-

1965 5723 2056 5787 λος
2087 5723 2462 5778 ἐπιδείκνυται
2484 5739 2497 5753 ⁸
2517 5723 2772 5778 οὕτωκαὶ
2792 5725 3036 5796 ἡάρετὴ,
3063 5725 3198 5780 ὅπου
3225 5725 3271 5779 δ’
3293 5724 3364 5780 ἂν
3389 5727 3564 5801 αὐτὴν

2035 5893 2060 5956 _‘
2083 5892 2303 5956 Quatuor
2325 5905 2440 5956 mss.
2468 5893 2896 5956 κατεργαζομένου,

2038 5953 2064 5988 δ
2091 5953 2189 6002 Sex
2217 5968 2315 6004 mss
2355 5955 2418 6016 μὴ
2444 5953 2669 6017 πρότερον
2687 5957 2912 6016 ἡγώμεθα
