4182 6322
280 366 386 425 5H

275 480 444 533 etiam
456 476 514 535 in
530 477 809 537 servitute.
820 474 982 533 etiam
1000 472 1053 527 in
1068 480 1305 535 comere,
1323 472 1550 526 etiamin
1567 469 1877 532 aliiictionc,

278 577 445 623 ettam
473 571 529 623 in
564 570 936 638 prosperitate.
958 562 1224 634 Quoniam
1254 564 1413 634 igitur
1437 572 1494 617 et
1532 562 1585 617 in
1609 553 1881 617 carcerem

273 660 553 729 conjectus
580 660 681 715 sibi
708 659 1017 715 conciliavit
1037 655 1347 727 praefectura
1372 655 1624 718 carceris,
1648 661 1703 708 et
1724 665 1886 721 super

275 765 473 806 omnes
494 752 582 822 qui
611 751 681 805 ibi
711 758 866 804 erant
892 757 1207 819 potestatem
1232 748 1301 801 ab
1324 761 1390 801 eo
1416 746 1626 814 accepit
1655 763 1669 796 :
1694 743 1881 798 vidca-

276 856 406 897 mus
428 853 483 897 et
512 843 597 896 bic
620 841 891 910 quomodo
916 841 1022 894 vim
1051 839 1237 909 gratia:
1265 835 1366 891 sibi
1396 849 1668 890 concessae
1710 832 1882 887 mani-

277 929 509 986 festarit.
538 932 590 986 1.
621 930 836 985 Factum
880 940 954 984 est
999 931 1163 991 enim,
1193 928 1399 997 inquit,
1429 937 1542 997 post
1588 924 1735 978 verba
1776 924 1884 975 htec

280 1019 440 1101 (βαρ-
468 1022 580 1093 ⁴0)·
605 1021 828 1088 Qualia?
858 1021 991 1089 Quae
1019 1020 1261 1074 narravit
1282 1027 1403 1088 post
1441 1018 1637 1071 factam
1678 1014 1884 1069 calum-

278 1114 451 1177 niam,
469 1123 751 1182 postquam
766 1111 1153 1165 condemnatus
1172 1119 1256 1165 est
1282 1108 1350 1163 ad
1376 1122 1646 1162 carcerem
1673 1122 1685 1157 :
1705 1113 1759 1158 et
1775 1118 1881 1157 non

281 1206 389 1260 ltoc
422 1205 594 1260 solum
618 1247 633 1268 ,
666 1204 758 1260 sed
788 1214 843 1258 et
872 1214 1150 1273 postquam
1192 1200 1546 1276 significatum
1596 1204 1681 1252 est
1726 1195 1881 1249 nobis

280 1297 569 1351 Dominum
600 1312 720 1350 cum
750 1296 840 1349 illo
865 1294 1053 1359 fuisse,
1084 1302 1138 1348 et
1164 1292 1473 1365 pra-fectum
1497 1288 1732 1345 carceris
1760 1302 1881 1342 om-

278 1388 373 1441 nia
402 1402 523 1457 quae
552 1386 621 1439 ibi
649 1394 801 1439 erant
829 1386 927 1455 ipsi
955 1385 1310 1448 commisisse,
1334 1391 1394 1435 ut
1421 1396 1517 1451 per
1534 1380 1680 1433 illum
1705 1377 1880 1431 admi-

280 1478 658 1532 nistrarentur.
689 1475 903 1530 Furtum
930 1486 1023 1536 est,
1056 1476 1247 1543 inquit,
1273 1484 1383 1543 post
1409 1473 1557 1525 verba
1586 1472 1715 1533 hac,
1739 1478 1882 1538 post-

276 1584 442 1637 quam
457 1568 685 1640 injectus
699 1578 781 1623 est
797 1569 849 1622 in
871 1582 1163 1629 carcerem,
1182 1583 1306 1620 cum-
1318 1572 1601 1635 peccassent
1618 1562 1883 1632 prrsfectus

278 1662 641 1729 piacernantm
661 1669 707 1714 et
733 1663 1005 1731 praefectus
1031 1660 1297 1730 pistorum,
1329 1658 1384 1709 2.
1412 1665 1467 1710 et
1484 1656 1537 1711 3.
1563 1654 1882 1708 condemnati

276 1760 399 1805 sunt
423 1767 457 1802 a
495 1768 643 1821 rege.
681 1761 735 1803 ut
775 1753 827 1804 in
871 1766 1124 1804 carcerem
1149 1751 1485 1811 mitterentur,
1506 1747 1562 1801 4.
1590 1760 1715 1816 quos
1745 1760 1880 1811 prte-

276 1846 441 1910 fectas
483 1846 699 1895 carceris
733 1841 958 1911 Josepho
1004 1840 1391 1893 commendavit.
1426 1836 1607 1906 Neque
1649 1835 1796 1890 enim
1824 1841 1884 1886 ut

284 1932 473 1987 vincto
502 1947 626 1986 usus
651 1942 732 1987 est
760 1932 870 1995 illo,
902 1931 996 1986 sed
1027 1939 1086 1985 ut
1105 1944 1355 1985 curarunt
1388 1928 1666 1997 participe,
1696 1926 1804 1980 imo
1824 1934 1884 1979 ut

276 2035 347 2076 eo
372 2022 464 2091 qui
495 2023 562 2076 ibi
586 2022 923 2077 detentorum
946 2021 1189 2075 miserias
1217 2019 1377 2074 solari
1401 2028 1602 2089 posset.
1630 2016 1699 2071 Et
1722 2017 1882 2071 adstio

279 2113 341 2166 tit
365 2112 438 2167 eis
461 2152 478 2179 ,
506 2112 695 2183 inquit.
720 2110 860 2179 Quid
884 2122 969 2168 est
987 2153 1001 2177 ,
1034 2113 1236 2166 Adstitit
1265 2112 1337 2165 eis
1358 2111 1384 2165 .’
1406 2110 1519 2165 Hoc
1552 2119 1655 2175 est,
1683 2123 1881 2164 consa-

279 2202 420 2256 latus
439 2210 523 2257 est
541 2242 557 2269 ,
581 2202 855 2257 roboravit
874 2218 1063 2258 eorum
1088 2212 1316 2267 mentes,
1349 2202 1521 2257 erexit
1547 2216 1735 2256 eorum
1761 2200 1879 2254 ani-

278 2307 399 2347 mos
421 2334 438 2357 ,
465 2302 522 2347 et
556 2309 661 2348 non
706 2295 948 2362 permisit
985 2293 1260 2349 absorberi
1305 2308 1417 2363 pra:
1452 2295 1685 2347 tristitia.
1717 2291 1882 2346 Erant

275 2392 451 2438 astant
490 2384 665 2438 diebus
710 2384 882 2439 multis
907 2386 960 2437 in
987 2400 1188 2438 carcere
1207 2424 1225 2447 ,
1248 2384 1301 2441 5.
1329 2393 1377 2437 et
1404 2384 1637 2437 uiderunt
1676 2392 1883 2452 uterque

275 2473 588 2527 insomnium
615 2475 668 2528 in
694 2486 838 2529 nocte
855 2491 978 2540 una,
1004 2474 1273 2543 prafectns
1299 2476 1653 2544 pincernarum
1681 2484 1729 2527 et
1747 2489 1881 2545 pra:-

276 2568 441 2633 fectus
490 2566 757 2635 pistorum.
786 2567 891 2621 Sed
924 2566 1110 2621 beatus
1149 2566 1242 2621 ille
1263 2606 1279 2631 ,
1311 2564 1396 2620 cui
1425 2580 1570 2621 cura
1599 2574 1715 2620 erat
1742 2579 1874 2635 quc-

278 2656 443 2710 tnodo
472 2658 841 2713 consolaretur
866 2658 982 2713 illos
1007 2699 1022 2725 ,
1055 2667 1114 2712 ut
1142 2659 1273 2713 vidit
1302 2672 1396 2713 eos
1418 2659 1488 2712 ob
1509 2659 1769 2712 visionem
1800 2658 1881 2711 itt-

276 2751 612 2804 somniorum
645 2751 867 2814 tnrbari,
901 2760 955 2805 et
981 2760 1161 2805 mente
1189 2750 1469 2818 confundi,
1496 2748 1626 2806 dicit
1653 2768 1668 2805 :
1697 2751 1748 2804 7.
1777 2749 1880 2804 Cur

276 2842 436 2908 facies
463 2850 640 2895 restria
666 2841 815 2895 hodie
853 2852 954 2894 tam
980 2842 1232 2896 obnubito:
1272 2849 1319 2895 et
1358 2853 1547 2895 masta
1566 2846 1593 2898 7
1613 2841 1877 2895 Ostende-

278 2934 406 2986 l-ant
420 2933 563 2986 enim
587 2932 750 2988 facies
765 2948 950 2987 eorum
969 2933 1111 2987 intus
1127 2934 1379 2989 latentem
1396 2934 1874 3002 perturbationem.

279 3022 572 3090 Pmpterea
610 3031 666 3077 et
707 3023 921 3091 sapiens
948 3024 1163 3093 quidam
1194 3023 1408 3078 dicebat
1435 3045 1449 3076 :
1482 3022 1648 3077 Corde
1679 3026 1880 3076 ltetante

276 3114 426 3181 ﬂoret
452 3113 628 3181 facies,
659 3113 713 3166 in
742 3114 947 3167 tristitia
969 3124 1141 3167 autem
1170 3115 1468 3177 emittente,
1491 3126 1665 3167 niteret
1695 3113 1875 3190 (Prov.

275 3204 368 3257 15.
405 3203 516 3274 15).
547 3202 709 3271 igitur
734 3205 856 3273 quia
883 3204 1015 3258 vidit
1055 3218 1148 3258 eos
1177 3205 1387 3257 tristitia
1417 3203 1637 3258 adestos
1666 3214 1883 3273 proptt-r

278 3293 667 3347 insomniorum
694 3295 953 3348 visionem
976 3334 991 3356 .
1020 3310 1234 3348 causam
1264 3295 1472 3348 discere
1501 3294 1689 3349 volens
1718 3308 1879 3364 roga-

277 3382 519 3439 vit.Vide
544 3384 816 3454 quomodo
837 3395 892 3440 et
915 3386 967 3439 in
994 3402 1208 3441 carcere
1231 3388 1496 3443 exsistens
1521 3398 1670 3442 suam
1699 3398 1882 3441 osten-

278 3476 359 3530 dit
405 3475 652 3529 virtutem
680 3516 698 3542 ,
727 3484 782 3531 et
826 3477 1050 3531 aliorum
1093 3492 1353 3533 ntmrores
1388 3478 1620 3533 allevare
1655 3478 1879 3533 studuit.

278 3567 416 3635 Quid
449 3567 609 3637 igitur
649 3568 765 3622 illi?
791 3569 843 3624 8.
880 3569 1150 3624 Somnium
1186 3571 1435 3636 vidimus,
1468 3580 1513 3625 et
1542 3588 1644 3625 non
1673 3578 1745 3625 est
1790 3573 1879 3641 qui

277 3660 525 3728 conjectet
563 3660 713 3714 illud.
750 3660 1072 3731 ignorabant
1098 3664 1411 3733 sapientiam
1458 3664 1576 3734 ejus
1621 3679 1745 3718 cum
1773 3679 1880 3734 quo

281 3748 655 3820 loquebantur,
678 3750 771 3805 sed
793 3751 1066 3821 vulgarem
1088 3753 1321 3825 aliquem
1343 3769 1464 3809 esse
1479 3755 1879 3822 existimabant,

280 3850 334 3893 et
363 3850 644 3909 propterea
674 3842 943 3897 somnium
966 3844 1014 3897 ci
1040 3859 1145 3899 non
1178 3855 1430 3913 narrant,
1464 3846 1556 3901 sed
1588 3856 1790 3901 tantum
1822 3862 1881 3903 se

279 3931 483 3986 vidisse
522 3931 741 3998 dicunt,
770 3941 826 3988 et
866 3934 1108 3990 addunt:
1136 3935 1328 3992 Nullus
1370 3939 1571 4007 estqui
1615 3940 1883 4009 conjectet

284 4019 437 4073 illud.
466 4018 669 4076 Verum
696 4022 1027 4079 admirabilis
1068 4026 1158 4082 ille
1189 4028 1274 4083 vir
1312 4028 1442 4083 dicit
1484 4031 1562 4085 eis
1590 4048 1603 4085 :
1636 4028 1824 4085 Nonne
1850 4048 1883 4085 a

285 4108 395 4163 Deo
430 4112 774 4181 manifestatio
811 4116 921 4186 ejus
945 4116 1056 4170 est?
1079 4116 1309 4174 Narrate
1332 4121 1489 4191 igitur
1510 4124 1654 4176 mihi.
1684 4123 1822 4177 Num
1851 4139 1880 4177 a

283 4213 371 4255 me
413 4200 533 4269 ipso
576 4204 830 4272 promitto
868 4206 1021 4261 vobis
1059 4199 1259 4279 aliquid
1292 4227 1378 4265 me
1403 4212 1710 4268 dicturum?
1743 4215 1881 4269 Deus

281 4302 364 4347 est
382 4293 473 4363 qui
493 4294 713 4350 revelat.
740 4294 968 4352 Narrate
982 4298 1137 4369 igitur
1156 4302 1299 4355 mihi.
1324 4301 1457 4357 Vide
1479 4303 1881 4375 intelligentiam

283 4395 337 4438 et
364 4385 682 4441 humilitatis
702 4388 1096 4445 excellentiam.
1124 4392 1239 4447 Non
1269 4393 1443 4459 dixit,
1475 4396 1586 4464 Ego
1611 4396 1763 4451 vobis
1795 4396 1881 4450 di-

282 4476 484 4545 judico,
511 4492 610 4548 ego
637 4480 790 4534 vobis
813 4481 933 4537 dico
952 4486 1282 4540 somniorum
1306 4495 1579 4554 eventum;
1604 4487 1699 4541 sed
1719 4487 1884 4558 quid?

290 4566 515 4622 Narrate
552 4570 709 4639 igitur
729 4572 872 4626 mihi.
908 4574 1048 4631 Deus
1075 4577 1219 4630 enim
1246 4586 1327 4631 est
1356 4578 1503 4632 solus
1532 4579 1621 4648 qui
1651 4580 1773 4632 talia
1798 4593 1885 4634 re-

285 4657 449 4713 velat.
480 4658 535 4715 9.
564 4658 633 4713 Et
674 4664 897 4717 narravit
941 4665 1207 4733 prefect”
1250 4668 1629 4735 pincernarum.
1676 4670 1761 4723 12.
1814 4667 1884 4724 Ut

286 4758 458 4804 autem
486 4751 680 4805 audivit
694 4752 907 4824 Ioseph,
932 4756 1130 4824 inquit:
1149 4757 1277 4813 Hec
1292 4767 1366 4813 est
1383 4760 1730 4827 interpretatio
1751 4761 1881 4830 ejus.

288 4842 378 4897 i3.
405 4840 529 4896 Tres
557 4846 881 4915 propagines,
914 4858 1015 4902 tres
1039 4858 1159 4902 sunt
1176 4851 1283 4904 dies
1307 4865 1325 4904 :
1345 4851 1514 4903 adhuc
1543 4860 1644 4905 tres
1668 4851 1776 4905 dies
1793 4894 1806 4913 .
1837 4862 1885 4904 et

286 4930 636 4986 recordubitttr
680 4931 885 4990 Pharao
912 4946 1014 4991 tua
1054 4938 1411 5008 pincernaram
1452 4945 1810 5012 prafecturc.‘
1840 4951 1887 4995 et

288 5023 407 5076 hinc
430 5024 657 5078 restituet
685 5035 762 5091 te,
789 5037 837 5081 et
863 5030 1008 5083 dabis
1032 5031 1272 5100 poculum
1302 5030 1572 5087 Pharaoni
1598 5034 1651 5086 in
1676 5050 1885 5088 manum

287 5117 401 5183 ejus
436 5116 590 5186 juxta
619 5118 887 5186 pristinum
932 5121 1146 5190 0W
1174 5134 1348 5189 tutum,
1371 5132 1427 5176 ut
1452 5125 1647 5178 solebas
1667 5166 1681 5188 ,
1714 5126 1887 5179 trinum

284 5207 579 5277 infundens.
606 5206 805 5263 “Sed
822 5213 1089 5266 recordare
1112 5215 1212 5267 mei
1229 5231 1318 5284 per
1332 5216 1667 5285 temetipsum,
1684 5217 1890 5284 quando

286 5296 375 5349 tibi
402 5294 526 5351 bene
549 5299 662 5363 erit,
680 5308 725 5353 et
744 5300 899 5369 facies
927 5302 1050 5357 mihi
1069 5305 1488 5371 misericordiam,
1511 5316 1557 5360 et
1576 5323 1769 5361 memor
1789 5309 1888 5361 eris

291 5388 390 5441 mei
417 5390 557 5457 apud
596 5389 923 5449 Pharaonem
945 5437 961 5462 ,
985 5405 1034 5450 et
1074 5398 1257 5453 educes
1300 5414 1380 5452 tne
1415 5415 1477 5453 ea:
1520 5416 1720 5454 carcere
1748 5401 1841 5454 hoc
1861 5419 1880 5452 :

290 5478 379 5534 15.
409 5482 530 5550 quia
555 5484 734 5553 furtim
773 5487 1018 5542 abductus
1046 5504 1157 5543 sum
1186 5506 1249 5545 ea:
1287 5500 1418 5545 terra
1446 5490 1779 5546 Πρόναοι-υνδε
1797 5534 1809 5556 ,
1843 5503 1889 5545 et

290 5571 373 5623 hic
410 5573 511 5641 feci
553 5575 721 5641 nihil,
752 5587 800 5631 et
828 5579 1143 5635 immiserunt
1168 5599 1250 5637 me
1275 5582 1328 5636 in
1356 5582 1489 5637 hunc
1532 5584 1723 5638 locum.
1754 5584 1889 5650 Quia

293 5661 613 5730 praedixerat
652 5667 704 5722 ei
735 5667 875 5724 bona
895 5680 1155 5726 eventura
1175 5715 1193 5741 ,
1222 5682 1275 5729 et
1323 5673 1778 5730 reconciliandam
1806 5688 1893 5732 re-

286 5774 443 5831 gem,
489 5762 659 5822 dicit:
690 5764 892 5823 Memor
934 5779 1038 5826 esto
1089 5771 1191 5826 mei
1240 5788 1324 5842 per
1374 5772 1633 5840 teipsnm.
1675 5773 1889 5841 quando

1326 356 1395 415 ΙΝ
1429 357 1582 415 CAP.
1626 356 1740 413 XL.
1780 351 2028 411 ϐεκκερ.
2072 350 2279 408 1101111.
2344 350 2526 406 Ι.ΧΙΙΙ.

3483 355 3596 415 ειη

1994 465 2302 524 felicitatem
2341 474 2484 519 tuam
2510 464 2826 530 obtinueris,
2855 465 3181 522 mentionem
3208 464 3454 525 faciendo
3474 470 3601 543 ejus

1988 558 2080 625 qui
2106 556 2223 610 lucc
2246 555 2341 609 tibi
2370 554 2639 626 prrdixit,
2662 564 2717 611 et
2735 555 2900 611 facies
2925 556 3054 610 mibi
3076 558 3519 626 misericordiam.

2059 645 2116 700 2.
2139 644 2414 699 Fortitudo
2448 646 2612 699 animi
2637 644 2853 717 Iosephi
2876 659 3093 714 quanta;
3119 661 3312 717 quanta
3335 658 3448 721 ejus
3471 668 3596 725 erga

1990 736 2283 805 proximum
2310 738 2518 791 caritas.
2543 766 2617 776 —-
2642 737 2767 792 Haec
2798 738 3026 793 audiens
3048 779 3065 806 ,
3098 740 3293 796 dilecte
3315 780 3333 808 ,
3358 758 3428 798 ne
3462 757 3597 800 con-

1988 827 2212 885 demnes
2238 829 2729 899 pusillantmitatem
2752 832 2884 901 justi
2910 850 2925 887 :
2947 834 3042 888 sed
3069 834 3170 889 hac
3195 837 3402 891 ratione
3429 839 3595 907 potis-

1985 920 2179 973 simum
2202 920 2541 989 obstupesce,
2564 922 2706 993 quod
2738 939 2859 977 cum
2891 933 2998 979 tam
3030 926 3193 979 multa
3222 937 3404 982 essent
3424 929 3595 985 mole-

1944 1026 1947 1029 ν
1987 1018 2090 1075 sta,
2125 1020 2229 1064 tam
2257 1010 2471 1066 fortiter
2499 1021 2555 1067 et
2594 1028 2748 1083 aequo
2776 1016 2958 1070 animo
2989 1016 3109 1070 tulit
3139 1017 3285 1073 illam
3318 1018 3591 1075 inhabita-

1990 1104 2215 1159 tionem.
2242 1103 2374 1158 Nam
2405 1105 2529 1161 licet
2556 1122 2805 1178 magnam
2832 1124 2862 1162 a
2892 1110 3118 1167 cuStode
3157 1113 3393 1167 carceris
3434 1124 3590 1183 pote-

1986 1205 2178 1250 statem
2201 1199 2517 1266 accepisset,
2540 1207 2775 1253 attamen
2795 1201 3182 1269 gravabaturin
3204 1211 3352 1258 tanto
3374 1205 3609 1273 paedore

1988 1300 2111 1339 cum
2140 1285 2371 1340 sordidis
2391 1296 2447 1341 et
2473 1289 2728 1357 squalidis
2755 1289 2982 1359 agendo.
3016 1289 3149 1346 Nam
3174 1291 3294 1347 vide
3323 1294 3440 1362 ejus
3468 1294 3589 1363 piti-

1991 1370 2320 1444 losopbieam
2352 1387 2587 1434 mentem
2605 1420 2621 1445 ,
2649 1381 2921 1449 quomodo
2948 1380 3155 1436 fortiter
3184 1382 3366 1439 tulerit
3384 1388 3592 1453 omnia,

1990 1464 2042 1517 in
2070 1466 2318 1522 omnibus
2354 1484 2603 1540 magnam
2646 1472 2931 1530 declarans
2974 1478 3171 1533 animat
3209 1479 3588 1539 humilitatem.

1988 1555 2054 1609 Et
2077 1558 2234 1637 facies
2256 1599 2271 1622 ,
2302 1560 2495 1629 inquit,
2528 1563 2583 1616 in
2606 1580 2685 1618 me
2709 1568 3130 1636 ntisericordo'am,
3164 1583 3212 1627 et
3244 1576 3594 1632 recordaberis

1987 1649 2085 1699 mei
2112 1648 2255 1717 apud
2298 1648 2624 1705 Pharaonem
2645 1695 2660 1719 ,
2692 1665 2741 1708 et
2784 1657 2968 1712 educes
3008 1678 3093 1714 nte
3134 1678 3199 1716 ea:
3234 1680 3437 1719 carcere
3469 1668 3586 1724 hoc.

1988 1738 2219 1793 Attende
2242 1781 2258 1805 ,
2290 1741 2516 1796 obsecro
2546 1783 2560 1806 ,
2595 1744 2683 1799 hic
2726 1750 2996 1816 quomodo
3034 1752 3163 1807 nihil
3211 1754 3355 1810 dicat
3398 1768 3589 1813 contra

1988 1828 2269 1883 scelestam
2315 1831 2458 1885 illam
2489 1834 2789 1891 adulteram
2812 1878 2827 1903 ,
2852 1854 3026 1909 neque
3050 1856 3239 1914 arguat
3263 1848 3539 1905 dominum
3569 1890 3588 1916 ,

1989 1932 2162 1987 neque
2191 1920 2619 1978 narret‘fratrum
2646 1925 2698 1979 itt
2730 1941 2789 1981 se
2820 1929 3286 1999 inltumanitatetn,
3315 1939 3409 1993 sed
3435 1941 3593 1997 tectis

1986 2010 2270 2079 omnibus,
2300 2013 2427 2069 dicit
2460 2033 2472 2068 :
2507 2016 2810 2076 Recordare
2840 2024 2943 2078 mei
2979 2066 2994 2090 ,
3028 2034 3084 2081 et
3113 2026 3197 2083 fac
3223 2031 3378 2087 educi
3407 2048 3497 2089 me
3520 2049 3588 2091 ea

1986 2119 2202 2161 carcere
2227 2107 2328 2163 hoc
2356 2127 2371 2163 :
2405 2109 2538 2176 Quia
2564 2114 2741 2181 furtim
2769 2116 3019 2172 abductus
3043 2138 3157 2173 sum
3188 2126 3252 2176 de
3292 2133 3426 2179 terra
3475 2126 3587 2182 He-

1987 2198 2275 2284 braeorum,
2305 2211 2353 2256 et
2378 2202 2460 2256 hic
2502 2205 2634 2258 nihil
2659 2208 2793 2277 feci,
2824 2219 2873 2263 et
2895 2211 3212 2267 immiserunt
3237 2232 3316 2271 me
3339 2218 3392 2271 in
3419 2218 3592 2274 lacum

1985 2290 2139 2344 lianc.
2168 2290 2247 2360 Ne
2276 2293 2639 2362 perfunctorie
2668 2299 2769 2353 hoc
2796 2311 3204 2370 praetereamus,
3227 2306 3324 2361 sed
3345 2309 3593 2366 conside-

1985 2395 2165 2437 remus
2203 2398 2364 2452 qnam
2402 2386 2775 2458 phil050pltica
2817 2402 2999 2449 mente
3026 2396 3282 2464 praeditus
3309 2398 3505 2469 fuerit,
3534 2411 3592 2459 et

1984 2475 2255 2544 quom¢rdo
2294 2478 2505 2533 inventa
2552 2484 2953 2551 Opportunitate
2999 2489 3290 2559 temporis,
3319 2501 3374 2546 et
3412 2494 3591 2549 sciens

1984 2566 2297 2634 praefectum
2328 2569 2705 2639 pinccrnarum
2737 2575 2788 2628 in
2817 2574 3025 2631 felicem
3054 2590 3251 2633 statum
3283 2584 3592 2641 restitutum

1988 2670 2146 2723 posse
2197 2674 2359 2714 omne
2414 2663 2681 2731 negotium
2731 2679 2889 2721 suum
2936 2670 3047 2738 regi
3105 2671 3447 2739 significare,
3478 2689 3595 2730 non

1986 2745 2292 2818 Egyptiam
2322 2754 2673 2820 reprehendit
2698 2756 2920 2824 (iterum
2952 2759 3099 2813 enim
3129 2762 3320 2817 eadem
3364 2762 3589 2836 dicam),

1952 2853 2092 2925 (non
2110 2840 2386 2896 dominum
2410 2843 2563 2897 aﬂ'crt
2588 2846 2642 2899 in
2669 2847 2926 2913 medium,
2950 2866 3059 2904 non
3086 2851 3299 2918 fratres;
3329 2869 3435 2907 non
3461 2854 3591 2910 dicit

1984 2946 2200 2986 causam
2244 2946 2460 3004 propter
2486 2952 2643 3006 quam
2674 2941 3063 2998 condemnatus
3092 2946 3163 2998 sit
3192 2946 3245 2999 in
3279 2962 3551 3002 carcerem
3571 2988 3588 3010 ,

1985 3035 2159 3091 neque
2200 3025 2378 3079 scelus
2418 3026 2469 3079 in
2498 3043 2558 3082 sc
2600 3031 2949 3085 commissum
2989 3049 3211 3089 narrare
3250 3036 3463 3092 studet:
3492 3038 3590 3093 sed

1988 3111 2090 3168 hoc
2115 3128 2280 3169 unum
2319 3126 2501 3182 curat,
2532 3134 2637 3172 non
2666 3128 2723 3174 ut
2746 3122 2869 3176 illos
2893 3123 3254 3191 condemnet,
3281 3126 3375 3182 sed
3404 3136 3463 3182 ut
3491 3143 3594 3200 pro

1984 3219 2045 3261 se
2074 3207 2191 3261 solo
2220 3208 2379 3264 dicat.
2414 3211 2477 3265 Et
2506 3212 2731 3268 fratrum
2757 3216 2975 3283 quidem
3002 3232 3217 3273 causam
3258 3221 3541 3278 occultavit
3567 3262 3590 3291 ,

1985 3299 2171 3356 dicens
2197 3320 2210 3355 :
2233 3301 2399 3357 Furta
2417 3305 2663 3360 abductus
2682 3323 2796 3360 sum
2820 3324 2886 3362 ea:
2909 3319 3044 3365 terra
3072 3309 3405 3367 Hebrtrorum
3431 3330 3449 3368 :
3471 3330 3588 3386 qua:

1984 3405 2164 3450 autem
2190 3396 2439 3467 Egyptia
2474 3400 2558 3454 illa
2592 3400 2789 3455 fecerat
2812 3443 2828 3466 ,
2856 3417 2961 3456 non
3000 3404 3204 3474 profert
3231 3406 3282 3459 in
3310 3407 3546 3462 medium
3571 3449 3589 3475 ,

1987 3505 2159 3558 neque
2204 3490 2453 3559 injustam
2489 3492 2704 3547 domini
2750 3494 2830 3549 sui
2883 3510 3006 3566 erga
3040 3510 3098 3550 se
3145 3496 3581 3568 indignationem

1987 3581 2094 3637 Sed
2134 3584 2258 3652 quid
2300 3584 2462 3639 dicit?
2486 3584 2587 3639 Hic
2624 3586 2723 3656 feci
2764 3587 2926 3652 nihil,
2960 3598 3009 3640 et
3050 3588 3370 3643 immiserunt
3413 3606 3492 3645 me
3535 3589 3597 3645 in

1988 3690 2238 3728 carcerein
2288 3677 2439 3730 hunc.
2472 3677 2599 3732 Hnrc
2641 3677 2921 3733 audientes
2968 3678 3273 3744 discamus,
3301 3682 3347 3735 si
3385 3680 3436 3735 in
3465 3681 3600 3738 talia

1988 3766 2333 3823 inciderimus
2356 3810 2372 3834 ,
2404 3776 2462 3823 ut
2487 3783 2775 3825 caveamus
2814 3784 2883 3824 ne
2907 3771 3166 3826 conviciis
3195 3772 3315 3826 illos
3338 3814 3352 3835 ,
3376 3773 3467 3842 qui
3493 3787 3598 3826 nos

1989 3870 2245 3915 vexarunt
2266 3902 2283 3927 ,
2313 3862 2644 3917 incessamus
2668 3903 2682 3927 ,
2711 3870 2767 3916 et
2808 3862 2874 3917 ad
2903 3863 3301 3918 accusationem
3332 3865 3347 3896 ⁸
3374 3864 3594 3919 illorum

1990 3952 2225 4022 linguam
2248 3968 2502 4008 acuamus
2531 3971 2543 4006 :
2574 3954 2667 4009 sed
2692 3954 2867 4009 solum
2894 3955 3329 4010 demonstremus
3359 3957 3415 4009 in
3443 3970 3597 4010 man-

1989 4044 2275 4100 suetudine
2316 4054 2371 4099 et
2396 4044 2617 4100 lenitate
2642 4058 2743 4099 nos
2769 4045 3017 4099 innoxios
3055 4059 3178 4101 esse
3201 4086 3217 4110 ,
3240 4055 3295 4099 et
3320 4046 3593 4100 imitemur

1991 4137 2140 4190 illum
2166 4135 2559 4202 admirabilem,
2591 4134 2682 4207 qui
2712 4150 2885 4205 neque
2913 4135 2968 4190 in
2992 4136 3299 4191 calamitate
3325 4137 3596 4193 assistens

1990 4228 2155 4283 voluit
2188 4228 2273 4282 vel
2321 4227 2500 4282 verbis
2542 4228 2890 4297 petulantiam
2919 4237 2973 4283 et
3002 4227 3281 4283 libidinem
3323 4228 3600 4301 Egyptite

1990 4322 2282 4393 divulgare.
2334 4321 2492 4377 Scitis
2530 4322 2676 4377 enim
2720 4322 2919 4377 multos
2949 4322 3265 4377 criminibus
3300 4323 3463 4378 etiam
3490 4322 3595 4379 ob-

1990 4418 2212 4481 noxios,
2237 4431 2425 4513 magna
2455 4416 2784 4486 impudentia
2820 4415 2874 4469 in
2899 4414 3037 4471 alios
3066 4430 3161 4470 sua
3190 4415 3383 4470 delicta
3413 4426 3593 4472 trans-

1991 4511 2133 4565 ferre.
2158 4510 2339 4563 conari
2371 4506 2388 4563 Ξ
2414 4509 2498 4562 hic
2523 4515 2702 4561 autem
2732 4507 2847 4562 sole
2874 4506 3074 4561 clarior
3100 4507 3389 4572 exsistens,
3418 4517 3474 4564 et
3498 4509 3594 4579 qui

1991 4611 2195 4671 pOterat
2229 4600 2411 4655 omnia
2436 4613 2557 4655 cum
2587 4600 2817 4654 veritate
2842 4598 3043 4663 dicere,
3075 4610 3128 4654 et
3156 4598 3299 4654 illius
3328 4601 3595 4657 insaniam

1990 4692 2329 4749 manifestam
2360 4691 2560 4757 facere,
2583 4703 2641 4747 et
2667 4692 3020 4760 semetipsum
3048 4691 3337 4748 clariorem
3362 4692 3596 4748 demono

1991 4796 2163 4842 strare
2186 4826 2202 4847 ,
2233 4786 2361 4841 nihil
2403 4785 2615 4841 illorum
2667 4786 2719 4839 in
2755 4784 2994 4840 medium
3021 4783 3197 4839 adert.
3225 4783 3412 4856 Neque
3448 4786 3599 4842 enim

1994 4880 2279 4933 humanam
2308 4877 2602 4931 venabatur
2626 4877 2871 4945 gloriam,
2902 4876 2996 4932 sed
3026 4875 3323 4930 sufficiebat
3348 4877 3397 4932 ei
3428 4876 3599 4933 bene-

1992 4973 2223 5028 volentia
2251 4986 2502 5041 superna,
2531 4978 2587 5025 et
2608 4970 2826 5025 oculum
2850 4970 3000 5024 illum
3029 4969 3205 5024 solum
3226 4969 3313 5039 qtti
3338 4984 3444 5023 non
3470 4966 3601 5025 dor-

1993 5067 2091 5121 mit
2112 5064 2311 5119 babere
2334 5062 2548 5119 volebat
2569 5060 2907 5115 laudatorem
2922 5059 3186 5115 factorum
3207 5074 3447 5114 suorum.
3470 5057 3603 5116 ideo

1993 5156 2184 5211 silente
2207 5169 2278 5210 eo
2297 5196 2313 5220 ,
2340 5164 2395 5209 et
2419 5154 2600 5208 omnia
2628 5151 2885 5221 obtegere
2912 5150 3187 5215 moliente,
3220 5150 3459 5205 clemens
3489 5150 3599 5206 Do-

1995 5251 2170 5306 minus
2201 5249 2253 5303 in
2282 5256 2482 5302 tantam
2520 5261 2643 5302 eum
2669 5246 2894 5317 gloriam
2926 5244 3191 5314 perduxit,
3225 5244 3441 5313 quando
3465 5243 3601 5300 vidit

1994 5342 2250 5397 athletam
2298 5354 2457 5395 suum
2494 5348 2640 5394 recte
2668 5348 2927 5393 certasse.
2956 5336 3074 5392 iam
3104 5345 3283 5391 autem
3324 5336 3600 5392 discamus

1994 5447 2048 5491 et
2088 5450 2152 5491 ex
2202 5434 2267 5489 iis
2311 5448 2428 5502 quae
2476 5440 2659 5501 postea
2707 5439 3007 5502 sequuntur
3044 5429 3144 5484 viri
3177 5428 3602 5499 patientiam,ct

1995 5522 2266 5601 quomodo
2297 5542 2402 5581 non
2432 5526 2693 5596 gravatim
2727 5524 2829 5580 fert
2854 5522 3207 5591 dilationem,
3240 5536 3416 5593 neque
3443 5536 3473 5575 a
3502 5534 3601 5576 sua

1996 5620 2272 5675 alacritate
2314 5617 2514 5674 excidit
2540 5634 2555 5683 ;
2580 5617 2677 5673 sed
2727 5631 2887 5688 mquo
2932 5615 3114 5671 animo
3148 5612 3330 5671 omnia
3376 5610 3516 5681 fert,
3548 5618 3602 5666 et

2067 5778 2085 5813 ⁸
2119 5777 2282 5838 σθω..
2308 5772 2675 5829 detractions.
