4182 6322
667 384 775 442 iis!)

667 508 910 572 prompte
942 495 1141 568 gratias
1169 494 1278 565 agit
1298 493 1524 560 Domino
1549 506 1650 546 suo
1671 531 1692 556 ,
1713 490 1803 561 qui
1831 489 1944 543 luec
1972 487 2087 543 ﬁeri
2119 502 2242 557 per-

664 589 924 645 mittebat.
953 585 1046 642 llis
1071 586 1283 666 apertis,
1300 583 1545 654 princeps
1570 581 1824 650 pistorum
1856 589 2002 633 ratus
2021 588 2075 633 et
2093 593 2245 632 suum

1413 378 1469 432 S.
1500 373 1776 433 JOANNIS
1814 371 2289 430 Clllll’SOSTUMI
2330 374 2645 430 ARCIIIEP.
2688 370 3221 432 COASTANTINOP.

3819 369 3940 434 5“

2353 505 2472 558 qua:
2504 489 2606 544 sibi
2641 490 2692 544 in
2719 504 2935 567 carcere
2958 493 3334 561 contigerant,
3366 497 3420 543 et
3445 488 3650 559 inquit:
3675 489 3725 544 9.
3761 492 3959 547 Poma-

2355 591 2461 633 tum
2489 597 2654 634 meum
2679 582 2973 636 reminiscor
3001 584 3169 636 hodie.
3203 581 3271 637 Et
3297 591 3478 637 narrat
3503 583 3684 636 statim
3717 596 3956 652 quomoo

665 679 766 733 sibi
795 691 1055 732 somnium
1094 675 1217 729 boni
1257 673 1453 743 aliquid
1497 671 1840 741 praesignare,
1870 677 2049 723 narrat
2072 669 2120 722 ei
2160 683 2248 722 so-
2351 669 2424 724 do
2451 670 2502 724 in
2529 685 2804 727 carcerem
2831 670 3106 742 conjectus
3130 673 3201 727 sit
3237 673 3352 742 ipse
3378 681 3432 727 et
3459 671 3745 742 praefectus
3771 672 3954 743 pisto-

665 766 799 824 mnii
829 765 1110 820 visionem.
1131 763 1284 832 Quod
1311 772 1366 817 ut
1390 761 1555 816 audiit
1579 761 1799 830 Joseph,
1828 767 2043 828 accepta
2085 758 2244 812 etiam

663 874 730 914 es
755 872 984 926 superna
1011 856 1337 912 revelatione
1365 838 1481 924 ejus
1512 851 1970 922 interpretatione,
2005 848 2245 918 praedicit

664 952 737 1006 illi
782 952 1053 1005 interitum
1097 950 1457 1004 imminentem
1480 988 1496 1014 ,
1525 955 1580 1001 et
1608 945 1736 999 dicit
1765 961 1779 997 :
1807 942 1892 998 l9.
1922 941 2102 994 Adhuc
2145 949 2244 993 tres

663 1040 771 1095 dies
793 1081 808 1105 ,
839 1050 886 1092 et
912 1043 1105 1112 auferet
1135 1037 1342 1092 Pharao
1383 1048 1533 1106 caput
1563 1047 1701 1087 luunt
1728 1050 1761 1086 α
1789 1043 1835 1086 te
1857 1073 1870 1099 ,
1900 1041 1947 1084 et
1973 1031 2244 1100 suspendet

664 1142 711 1185 te
747 1134 801 1185 in
830 1133 965 1202 ligno
987 1148 1006 1195 ;
1032 1141 1078 1184 et
1103 1131 1363 1183 comedent
1385 1130 1608 1183 volucres
1632 1127 1742 1182 coli
1770 1142 1946 1180 carnes
1972 1135 2083 1178 tuas
2109 1141 2142 1176 a
2173 1134 2241 1179 te.

663 1221 887 1288 Propter
910 1220 1010 1274 hoc
1036 1220 1181 1288 prius
1199 1219 1462 1282 dicebam,
1485 1218 1676 1286 inquit,
1702 1231 1806 1269 non
1825 1229 1852 1268 a
1870 1214 2075 1283 meipso
2091 1213 2240 1267 vobis

661 1313 891 1381 pta-dico
912 1352 928 1378 ,
955 1311 1047 1365 sed
1077 1325 1426 1381 quaecumque
1462 1309 1599 1364 Deus
1643 1306 1964 1362 revelaverit
1988 1322 1999 1355 :
2028 1313 2083 1357 ut
2126 1304 2239 1357 sive

662 1405 860 1459 bonum
902 1403 1098 1473 aliquid
1128 1443 1143 1469 ,
1173 1403 1284 1457 sive
1329 1401 1528 1457 malum
1580 1399 1863 1470 prtesignet
1912 1395 2238 1451 somniorum

666 1494 835 1560 visio,
865 1510 968 1547 non
995 1494 1126 1548 mihi
1155 1490 1633 1547 adscribatis.'Non
1663 1489 1804 1544 enim
1841 1502 1871 1540 a
1908 1501 1995 1541 me
2023 1485 2136 1540 hzcc
2163 1486 2240 1537 lo-

663 1599 817 1651 quor,
841 1584 932 1637 sed
961 1584 1048 1637 illa
1076 1582 1225 1636 vobis
1246 1582 1479 1645 declare,
1503 1592 1848 1650 qurecumque
1867 1580 2093 1646 superna
2121 1590 2240 1644 gra-

663 1679 733 1730 tia
772 1677 898 1729 mihi
925 1674 1295 1728 manifestarit.
1318 1672 1582 1727 Caeterum
1621 1687 1743 1725 cum
1769 1669 2018 1723 adessent
2056 1668 2234 1721 statuti

658 1766 795 1830 dies,
825 1779 986 1833 opere
1015 1764 1227 1832 impleta
1256 1772 1380 1817 sunt
1403 1776 1523 1831 quae
1542 1759 1737 1826 Joseph
1764 1758 1972 1811 dixerat
1997 1766 2082 1810 :et
2102 1758 2237 1810 sicut

658 1857 773 1925 ipse
803 1857 1179 1926 interpretatus
1220 1862 1336 1908 erat
1362 1893 1377 1917 ,
1409 1854 1479 1905 ita
1518 1850 1738 1918 contigit
1786 1848 1996 1914 utrique
2019 1887 2035 1910 ,
2064 1856 2119 1899 et
2148 1847 2235 1898 ille

659 1946 872 2016 quidem
921 1945 985 1999 ad
1031 1945 1308 2014 pristinam
1358 1942 1516 1997 rediit
1561 1941 1898 2002 felicitatem,
1931 1938 2016 1991 hic
2061 1945 2235 1992 autem

661 2043 870 2106 palmam
911 2037 1024 2091 luit.
1073 2036 1163 2091 23.
1210 2035 1376 2090 Porro
1420 2036 1684 2104 prtefecms
1733 2030 2119 2099 pinccrnarum,
2149 2028 2236 2096 qui

661 2138 860 2180 tantam
898 2125 1318 2180 consolationem
1362 2133 1670 2192 acceperat,
1700 2137 1799 2174 non
1839 2129 1909 2173 est
1947 2118 2239 2172 recordatus

659 2217 850 2284 Joseph
875 2255 891 2278 ,
912 2215 1004 2269 sed
1031 2215 1212 2268 oblitus
1231 2223 1300 2266 est
1331 2214 1461 2284 ejus.
1489 2212 1616 2265 Vide
1638 2211 1828 2264 iterum
1847 2210 2046 2278 justum
2071 2209 2121 2261 in
2149 2223 2239 2276 pa-

662 2307 836 2360 laestra
865 2307 1037 2375 aliqua
1065 2313 1355 2359 certantem
1383 2341 1398 2368 ,
1426 2310 1482 2356 et
1508 2317 1617 2355 sua:
1661 2301 1868 2354 virtutis
1897 2297 2238 2353 exhibentem

659 2397 970 2466 specimina,
1003 2412 1107 2450 non
1139 2395 1454 2464 perturbari,
1487 2407 1658 2462 neque
1694 2390 2039 2454 commoveri,
2067 2402 2239 2457 neque

658 2503 799 2556 a‘gre
818 2485 977 2540 ferre.
1003 2485 1136 2540 Nam
1162 2486 1206 2538 si
1230 2486 1348 2554 quis
1375 2500 1439 2538 ex
1471 2481 1777 2552 vulgaribus
1805 2480 2011 2546 fuisset,
2032 2483 2102 2532 ita
2131 2477 2237 2532 for-

662 2580 820 2633 Iassis
844 2579 982 2633 intra
1009 2594 1068 2633 se
1091 2577 1342 2632 dixisset:
1367 2576 1504 2642 Quid
1540 2576 1641 2629 hoc
1668 2575 1787 2628 rei?
1816 2575 2094 2642 pralectus
2120 2571 2237 2641 pin-

660 2684 942 2723 ccrnarum
963 2707 979 2736 ,
1011 2684 1132 2723 mox
1167 2676 1226 2722 ut
1259 2668 1632 2736 interpretatus
1668 2679 1786 2718 sum
1825 2665 1875 2718 ei
1909 2663 2238 2718 somniorum

661 2759 918 2813 visionem
938 2797 953 2819 ,
984 2758 1263 2827 pristinam
1307 2756 1614 2810 felicitatem
1659 2755 1865 2822 accepit
1893 2771 1907 2807 :
1935 2761 1990 2808 et
2020 2769 2126 2807 non
2155 2762 2238 2808 est

661 2862 868 2902 memor
895 2849 1009 2916 ejus
1037 2848 1124 2916 qui
1151 2846 1250 2900 sibi
1281 2845 1542 2914 praedixit.
1573 2843 1665 2898 Ille
1692 2843 1907 2912 quidem
1932 2843 2086 2897 solita
2120 2845 2264 2914 teli-g

659 2945 819 2991 citate
862 2935 1051 2991 fruitur
1075 2976 1090 2998 ,
1130 2951 1229 3005 ego
1258 2947 1435 2990 autem
1459 2974 1477 3002 ,
1514 2933 1604 3003 qui
1648 2934 1777 2988 nihil
1819 2933 1942 2994 mall
1989 2940 2240 3002 operatus

659 3042 799 3088 sum.
832 3025 916 3084 hic
935 3027 1225 3082 concludor
1247 3041 1367 3081 cum
1390 3024 1691 3089 homicidis,
1717 3039 1838 3078 cum
1863 3023 2084 3088 furibus,
2115 3039 2236 3077 cum

662 3117 976 3180 latronibus,
1005 3132 1124 3171 cum
1154 3117 1218 3170 iis
1244 3114 1335 3185 qui
1363 3117 1636 3168 innumera
1672 3113 1809 3167 mala
1830 3114 2236 3167 commiserunt.

660 3205 797 3262 Nihil
824 3208 1010 3262 horum
1032 3207 1111 3261 vel
1137 3204 1289 3269 dixit,
1318 3205 1400 3258 vel
1425 3203 1710 3272 cogitavit:
1731 3201 1932 3256 sciebat
1954 3201 2097 3255 enim
2121 3217 2242 3255 am—

663 3298 827 3367 pliora
848 3297 950 3353 sibi
974 3297 1143 3351 stadia
1174 3295 1368 3365 parari,
1400 3303 1456 3349 ut
1484 3293 1717 3364 legitime
1737 3292 1993 3348 certando
2022 3294 2234 3347 clariori

661 3387 998 3442 redimiretur
1024 3400 1239 3440 corona.

730 3479 783 3533 5.
824 3478 1114 3534 Considera
1140 3479 1281 3534 enim
1307 3476 1575 3548 quomodo
1602 3483 1724 3547 post
1758 3474 2143 3530 restitutionem
2174 3474 2237 3526 il-

660 3569 763 3624 lius
784 3569 890 3623 duo
913 3569 1036 3622 anni
1066 3569 1433 3638 pm-terierint.
1457 3566 1746 3638 Oportebat
1774 3566 1917 3620 enim
1939 3565 2235 3635 exspectari

662 3673 869 3728 tempus
893 3668 1269 3728 Opportunum,
1305 3668 1360 3712 ut
1390 3659 1575 3728 majori
1603 3673 1727 3712 cum
1756 3659 1924 3727 gloria
1952 3657 2074 3711 inde
2102 3656 2237 3711 edu-

657 3760 888 3806 ceretur.
915 3751 970 3805 Si
998 3751 1142 3804 enim
1171 3747 1460 3820 praefectus
1488 3749 1855 3819 pinccrnarum
1885 3758 2006 3802 ante
2032 3749 2235 3801 somnia

659 3844 949 3898 Pharaonis
974 3843 1283 3898 recordatus
1306 3884 1322 3908 ,
1353 3856 1475 3897 eum
1501 3842 1738 3896 subsidio
1776 3857 1875 3897 suo
1922 3841 2236 3904 liberasset,

658 3933 897 3988 fortassis
925 3949 1032 3987 non
1073 3943 1180 3987 tam
1222 3935 1498 4002 perspicua
1541 3932 1727 3995 fuisset
1751 3933 1870 3986 aliis
1898 3933 2015 4002 ejus
2047 3932 2234 3986 virtus.

656 4021 809 4077 Nunc
833 4034 1012 4078 autem
1038 4023 1210 4078 solers
1234 4034 1288 4078 et
1307 4024 1520 4092 sapiens
1547 4025 1684 4078 Deus
1710 4024 1906 4089 sciens,
1939 4024 2075 4077 sicut
2102 4025 2240 4093 opti-

657 4131 776 4170 mus
798 4114 982 4170 artifex
1009 4156 1024 4178 ,
1049 4126 1246 4184 quanto
1287 4125 1527 4183 tempore
1574 4117 1625 4169 in
1669 4117 1790 4185 igne
1829 4115 2020 4171 debeat
2045 4130 2232 4169 aurum

657 4207 860 4272 teneri,
892 4217 946 4261 et
973 4205 1165 4262 iterum
1207 4206 1327 4260 inde
1355 4206 1532 4262 reduci
1559 4244 1574 4271 ,
1608 4208 1864 4275 permittit
1909 4208 1975 4261 ad
2028 4217 2238 4277 tempus

655 4301 881 4355 duorum
904 4283 1163 4353 annorum
1191 4298 1500 4368 pruzfectum
1529 4299 1901 4367 pinccrnarum
1933 4299 2074 4354 illius
2101 4300 2239 4352 obli-

655 4390 823 4453 visci,
857 4400 911 4443 ut
936 4397 991 4443 et
1012 4398 1219 4459 tempus
1245 4390 1576 4444 somniorum
1610 4391 1903 4444 Pharaonis
1928 4392 2146 4454 veniat,
2181 4400 2236 4445 et

653 4483 1008 4552 compellente
1033 4478 1346 4537 necessitate
1367 4483 1500 4551 ipse.
1528 4481 1702 4551 justus
1732 4483 1816 4537 ille
1847 4483 1896 4536 in
1932 4492 2042 4537 toto
2072 4499 2237 4552 regno

654 4573 950 4628 Pharaonis
995 4584 1154 4628 notus
1183 4574 1292 4628 ﬁat.
1324 4576 1375 4628 1.
1408 4572 1546 4628 Nam
1577 4584 1686 4644 post
1722 4577 1848 4629 duos
1883 4593 2043 4630 annos
2073 4577 2193 4630 vidit
2217 4619 2232 4642 ,

657 4663 866 4731 inquit,
890 4663 1086 4717 somnia
1117 4661 1342 4717 Pharao.
1369 4662 1422 4718 8.
1459 4663 1528 4717 Et
1548 4668 1736 4735 factum
1764 4676 1834 4718 est
1858 4683 2022 4730 mane,
2047 4676 2091 4718 ct
2122 4677 2234 4719 tur-

652 4752 770 4806 bata
791 4763 864 4806 est
889 4753 1057 4807 anima
1086 4753 1213 4825 ejus.
1250 4751 1314 4807 Et
1340 4754 1493 4818 misit,
1516 4764 1562 4807 et
1585 4757 1771 4808 vocavit
1794 4771 1964 4809 omnes
1986 4757 2239 4825 conjecto-

653 4859 747 4906 res.
783 4841 1000 4914 Λερνρή
1025 4885 1037 4905 ,
1067 4853 1113 4898 et
1149 4860 1321 4897 omnes
1356 4844 1602 4914 sapientes
1634 4861 1775 4912 suos,
1814 4855 1861 4898 et
1915 4847 2133 4900 narravit
2168 4849 2238 4901 eis

656 4930 864 4986 Pharao
883 4935 1154 4998 somnium,
1172 4943 1215 4986 et
1240 4951 1338 4987 non
1359 4945 1463 4988 erat
1483 4936 1791 4990 annuntians
1815 4935 1944 4990 illud
1978 4935 2237 4990 Pharaoni

656 5023 856 5094 (Caput
885 5025 943 5078 ιι
970 5022 1011 5094 ).
1048 5023 1176 5078 Vide
1222 5025 1562 5094 multiplicem
1616 5026 1711 5081 Dei
1762 5025 2233 5096 dispensationem.

657 5116 811 5172 Prius
855 5117 1111 5186 permittit
1152 5131 1337 5172 omnes
1367 5119 1455 5187 qui
1486 5117 1557 5173 ibi
1603 5117 1932 5174 habebantur
1969 5120 2236 5186 sapientes

655 5210 883 5273 tentari,
920 5218 977 5262 ut
1014 5208 1374 5264 demonstrata
1423 5195 1609 5264 eorum
1657 5210 1950 5280 ignorantia
1975 5251 1989 5274 ,
2021 5210 2232 5266 tandem

657 5299 741 5353 hic
768 5300 1008 5364 vinctus,
1035 5301 1311 5369 captivus,
1343 5314 1531 5356 servus
1553 5341 1569 5366 ,
1602 5299 1856 5355 llebraaus
1898 5303 1950 5356 in
1998 5303 2232 5358 medium

656 5389 914 5443 adductus
935 5400 1055 5444 uota
1080 5389 1278 5445 iaceret
1301 5405 1363 5444 ea
1381 5405 1497 5460 qua:
1524 5391 1706 5445 multis
1730 5392 1903 5457 ignota
1931 5401 2100 5456 erant,
2126 5407 2234 5462 quo

655 5480 903 5533 omnibus
933 5479 1359 5535 manifestaretur
1386 5496 1613 5549 superna
1654 5491 1820 5551 gratia
1863 5483 1914 5536 in
1952 5483 2045 5540 illo
2072 5486 2236 5539 reful-

657 5583 805 5636 gens.
828 5568 959 5623 Cum
985 5570 1142 5639 igitur
1165 5585 1350 5628 clunes
1379 5573 1646 5641 sapientes
1674 5583 1964 5636 venissent,
1984 5584 2036 5628 et
2064 5589 2235 5646 neque

656 5661 834 5713 dicere
857 5661 1050 5730 aliquid
1080 5702 1095 5727 ,
1130 5677 1301 5733 neque
1326 5677 1388 5718 os
1416 5664 1623 5733 aperire
1662 5675 1914 5734 possent:
1940 5676 2064 5720 tunc
2093 5670 2235 5735 prin-

657 5765 785 5820 ceps
813 5752 1181 5822 pinccrnarum
1211 5754 1518 5810 recordatus
1556 5759 1819 5812 recensuit
1852 5758 2113 5814 Pharaoni
2162 5772 2226 5816 ea

2349 778 2487 827 rum,
2513 773 2567 818 et
2593 764 2822 819 viderint
2845 765 3074 830 somnia,
3101 772 3155 819 et
3182 763 3676 832 interpretationem
3701 778 3892 819 eorum
3922 779 3954 818 u

2348 852 2545 923 Joseph
2573 855 2908 923 acceperint,
2933 864 2989 910 et
3011 855 3280 924 quomodo
3307 853 3599 910 secundum
3627 853 3766 907 illius
3807 868 3953 924 pra»

2348 943 2636 999 dictionem
2666 944 2796 1011 ipsis
2821 945 3102 1000 evenerint
3125 947 3326 1000 omnia.
3353 946 3439 999 H.
3474 943 3597 998 Ilwc
3618 961 3732 998 cum
3758 944 3950 998 audis-

2347 1042 2417 1086 set
2445 1049 2536 1087 rea:
2556 1073 2571 1096 ,
2596 1035 2731 1087 misit
2753 1035 2822 1088 ad
2850 1034 3066 1104 Joseph,
3099 1044 3148 1090 et
3172 1036 3347 1089 eduxit
3386 1052 3499 1089 eum
3536 1051 3600 1089 ex
3627 1050 3834 1089 carcere
3855 1073 3876 1102 ,
3904 1041 3956 1091 st

2347 1123 2666 1178 totonderunt
2701 1142 2816 1178 eum
2836 1165 2852 1191 ,
2875 1135 2922 1179 et
2959 1135 3276 1179 mutaverunt
3325 1125 3672 1180 vestimentum
3719 1126 3830 1196 ejus
3859 1166 3874 1190 ,
3907 1136 3957 1178 et

2345 1215 2549 1268 intravit
2595 1214 2667 1267 nd
2698 1213 3041 1269 Pharaonem.
3065 1214 3200 1270 Vide
3237 1216 3417 1269 statim
3443 1215 3511 1267 ab
3537 1215 3690 1268 initio
3715 1225 3956 1282 quantus

2346 1321 2486 1359 nunc
2516 1305 2708 1360 honor.
2735 1306 3019 1377 Postquam
3043 1306 3186 1362 enim
3220 1315 3477 1374 purgatus
3509 1315 3595 1360 est
3621 1320 3717 1374 per
3739 1309 3954 1374 patien-

2343 1397 2494 1463 tiam,
2508 1398 2649 1452 sicut
2666 1413 2854 1452 aurum
2875 1399 3098 1452 rutilaus
3111 1397 3240 1452 exiit
3259 1398 3325 1451 de
3344 1406 3638 1460 carcere,et
3657 1394 3854 1450 ductus
3867 1405 3955 1448 est

2348 1487 2414 1540 ad
2442 1486 2797 1542 PharaOnem.
2833 1486 3025 1542 Vidisti
3059 1495 3316 1556 quantum
3344 1486 3414 1540 sit
3440 1500 3471 1539 a
3498 1500 3733 1555 superna
3774 1486 3949 1556 gratia

2343 1578 2578 1647 adjuvari
2594 1578 2618 1630 2
2640 1578 2770 1634 Vide
2788 1593 2927 1632 nunc
2943 1588 3138 1647 quanta
3153 1576 3455 1647 dispensata
3477 1577 3604 1642 sint,
3625 1587 3685 1630 ut
3701 1592 3789 1631 res
3802 1575 3952 1631 Jose-

2343 1669 2431 1735 phi
2449 1671 2862 1738 complerentur.
2883 1670 3015 1724 Nam
3036 1679 3310 1739 postquam
3333 1683 3598 1724 summum
3616 1668 3750 1724 illud
3773 1682 3951 1724 certa-

2344 1772 2466 1812 men
2483 1769 2821 1826 certasset,et
2832 1760 3074 1814 scelesta:
3085 1759 3497 1829 illiusEgyptia:
3511 1758 3729 1828 pedicas
3739 1757 3953 1827 cﬂ'ugis-

2342 1860 2444 1913 set,
2461 1860 2514 1902 et
2531 1851 2582 1902 in
2599 1865 2869 1904 carcerem
2879 1850 3155 1918 coniectus
3166 1851 3577 1918 esset,permisit
3589 1857 3645 1902 ut
3657 1848 3950 1917 pra:feetus

2346 1937 2717 2005 pinccrnarum
2745 1949 2799 1992 et
2821 1939 3100 2007 przefectus
3118 1941 3375 2006 pistorum
3388 1938 3683 1992 PharaOnis
3706 1953 3805 2006 per
3819 1938 3947 1991 illud

2346 2035 2552 2096 tempus
2578 2028 2631 2082 in
2666 2043 2936 2083 carcerem
2973 2029 3120 2082 illum
3148 2029 3492 2098 injicerentur
3517 2069 3530 2092 ,
3558 2038 3613 2082 et
3645 2043 3741 2098 per
3782 2029 3950 2083 inter-

2345 2121 2695 2188 pretationem
2728 2121 3060 2174 somniorum
3087 2121 3357 2175 discerent
3387 2120 3484 2173 viri
3507 2120 3855 2189 sapientiam.
3889 2128 3948 2174 ut

2341 2225 2524 2263 eorum
2542 2211 2677 2266 alter
2700 2224 2840 2264 nunc
2866 2211 3180 2279 tempestive
3201 2210 3340 2264 illius
3364 2211 3690 2265 mentionem
3716 2210 3944 2274 iaciens,

2341 2315 2463 2354 eum
2501 2302 2550 2353 in
2591 2301 2824 2355 medium
2867 2300 3147 2370 proferret.
3183 2302 3270 2357 15.
3305 2301 3447 2354 Dixit
3487 2311 3656 2354 autem
3682 2343 3695 2366 ,
3729 2300 3946 2366 inquit.

2343 2389 2551 2442 Pharao
2579 2391 2645 2443 ad
2668 2389 2863 2460 Joseph
2886 2410 2903 2446 :
2927 2392 3197 2447 Somnium
3217 2392 3338 2454 vidi,
3359 2403 3407 2446 et
3437 2408 3536 2446 non
3562 2401 3634 2445 est
3663 2392 3752 2462 qui
3789 2392 3955 2444 inter-

2343 2489 2565 2541 metetur
2612 2481 2743 2534 illud
2765 2498 2783 2534 :
2819 2498 2908 2550 ego
2945 2493 3111 2535 autent
3148 2483 3319 2534 audivi
3359 2482 3423 2535 de
3467 2492 3513 2536 te
3548 2484 3771 2535 dicentes
3810 2481 3948 2551 quod

2342 2586 2456 2624 cum
2483 2570 2705 2625 audieris
2731 2574 2946 2637 somnia,
2967 2560 3094 2641 ipsa
3118 2573 3479 2642 interpreteris.
3515 2572 3646 2626 Vide
3667 2571 3946 2642 quomodo

2344 2659 2596 2716 confusus
2628 2662 2834 2716 Pharao
2865 2678 2968 2717 non
2999 2663 3128 2717 dicit
3153 2664 3454 2726 manifeste,
3480 2664 3685 2717 nullum
3712 2677 3941 2717 suorum

2343 2753 2662 2821 sapientium
2704 2755 2944 2823 potuisse
2998 2755 3290 2824 dijudicare
3331 2757 3536 2810 somnia
3571 2772 3584 2808 :
3617 2755 3714 2810 sed
3761 2754 3946 2824 quid?

2343 2841 2609 2895 Somnium
2639 2844 2760 2909 vidi,
2781 2854 2827 2897 et
2853 2861 2952 2897 non
2980 2855 3052 2898 est
3087 2845 3174 2913 qui
3196 2847 3550 2915 interpretetur
3578 2845 3730 2900 illud.
3758 2845 3947 2899 Ακτιιυε

2342 2944 2510 2986 autem
2535 2935 2598 2987 de
2617 2946 2667 2988 te
2694 2937 2913 2990 dicentes
2937 2978 2953 3003 ,
2979 2937 3112 3007 quod
3137 2938 3179 2991 si
3205 2937 3428 2991 audieris
3448 2939 3644 2990 somnia
3668 2979 3684 3004 ,
3715 2938 3834 3008 ipsa
3861 2940 3943 2991 in-

2345 3027 2648 3092 terpreleris.
2669 3025 2960 3082 Considera
2987 3069 3001 3092 ,
3033 3029 3282 3094 obsecro,
3313 3028 3401 3082 hic
3433 3043 3679 3099 magnam
3707 3028 3948 3099 pruden-

2346 3114 2473 3170 tiam
2493 3126 2549 3170 et
2581 3117 2832 3186 pietatem
2859 3117 3079 3186 Joseph,
3105 3122 3375 3189 quomodo
3403 3119 3667 3174 Pharaoni
3711 3135 3944 3189 respono

2343 3209 2484 3263 deat.
2515 3207 2594 3263 Ne
2636 3209 2957 3278 suspiceris,
2992 3208 3163 3278 inquit
3185 3251 3201 3276 ,
3231 3226 3318 3265 me
3342 3211 3541 3280 aliquid
3567 3225 3598 3264 a
3637 3226 3727 3265 me
3769 3210 3944 3267 dictu.

2343 3315 2462 3353 rum
2485 3339 2500 3364 ,
2527 3300 2610 3353 vel
2637 3298 2934 3353 secundum
2961 3300 3244 3353 humanam
3273 3302 3590 3369 sapientiam
3620 3299 3947 3370 όίιιιάἱαιιυο

2342 3407 2480 3445 rum.
2505 3393 2688 3464 Neque
2697 3395 2840 3450 enim
2851 3390 3107 3462 possibile
3119 3399 3203 3446 est
3215 3388 3334 3445 sine
3343 3402 3578 3457 superna
3609 3395 3947 3450 revelatioue

2343 3484 2524 3536 talium
2556 3483 2800 3536 notitiam
2842 3481 3058 3536 habere.
3102 3481 3252 3536 Scias
3290 3483 3451 3551 igitur
3481 3523 3492 3545 ,
3517 3483 3635 3538 sine
3680 3483 3792 3538 Deo
3837 3501 3944 3540 non

2341 3587 2500 3641 posse
2521 3587 2608 3626 me
2633 3571 2960 3642 respondere
2990 3573 3106 3626 tibi.
3136 3573 3222 3626 16.
3254 3573 3379 3627 Sine
3405 3572 3513 3627 Deo
3539 3611 3553 3639 ,
3587 3574 3760 3644 inquit
3785 3618 3801 3639 ,
3841 3594 3945 3631 non

2341 3663 2722 3731 respondebitur
2763 3661 2984 3716 salutare
3015 3661 3300 3716 Pharaoni.
3329 3664 3610 3734 Cognosce
3654 3667 3946 3722 universo-

2344 3769 2460 3806 rum
2495 3753 2779 3807 Dominum
2805 3768 2923 3807 esse
2957 3755 3044 3823 qui
3076 3754 3278 3808 revelat
3307 3798 3318 3815 ,
3351 3763 3405 3807 et
3434 3769 3500 3807 ne
3529 3754 3597 3809 ab
3629 3755 3945 3810 hominibus

2342 3860 2541 3913 quzere,
2570 3859 2688 3913 qua:
2711 3846 2874 3898 solius
2906 3844 2999 3898 Dei
3028 3855 3111 3898 est
3133 3846 3499 3900 manifestare.

2413 3936 2596 3990 Divina
2624 3937 2847 4006 potentia
2886 3953 2974 4005 per
3009 3934 3292 4006 Josephum
3335 3940 3768 4006 titanifestata.—
3801 3940 3940 3995 Vide

2341 4027 2611 4096 quomodo
2647 4042 2905 4097 responso
2931 4043 3028 4082 suo
3051 4030 3208 4085 docet
3238 4029 3591 4097 Pharaonem,
3641 4047 3804 4102 quam
3834 4034 3945 4098 sint

2343 4119 2540 4174 inlirmi
2568 4131 2622 4174 et
2665 4121 2878 4176 inutiles
2909 4122 3175 4189 sapientes
3204 4122 3340 4192 ejus,
3389 4135 3442 4178 et
3484 4135 3682 4193 quanta
3727 4126 3796 4178 sit
3841 4140 3940 4195 pos

2343 4214 2504 4276 tentia
2537 4212 2648 4267 Dei.
2679 4212 2838 4282 Igitur
2861 4213 3113 4283 quoniam
3139 4215 3435 4283 cognovisti
3461 4230 3525 4269 ex
3549 4229 3656 4282 me,
3683 4229 3858 4285 neque
3872 4230 3939 4269 cs

2343 4301 2568 4357 humana
2597 4303 2876 4370 sapientia,
2930 4320 3103 4372 neque
3140 4319 3205 4357 es
3235 4303 3466 4374 propriis
3499 4304 3794 4358 rationibus
3823 4303 3941 4359 hac

2341 4406 2428 4445 me
2449 4391 2611 4462 loqui,
2639 4393 2724 4446 die
2743 4408 2862 4462 qua:
2882 4410 2914 4448 a
2939 4394 3048 4449 Deo
3069 4394 3163 4449 tibi
3192 4405 3315 4447 sunt
3341 4394 3697 4450 manifestata.
3728 4395 3942 4451 Pharao

2344 4481 2431 4534 ubi
2459 4481 2572 4535 haec
2604 4481 2790 4548 audiit,
2831 4491 3015 4541 narrat
3042 4485 3269 4551 somnia,
3296 4493 3351 4539 et
3376 4486 3604 4554 primum
3649 4494 3704 4540 et
3745 4499 3941 4541 secun-

2340 4571 2489 4637 dum,
2513 4581 2568 4628 et
2589 4574 2758 4641 inquit
2780 4591 2793 4627 :
2818 4573 2908 4628 24.
2939 4572 3063 4629 Dixi
3093 4575 3478 4645 conjectorihus,
3510 4588 3557 4630 et
3583 4593 3688 4632 non
3715 4588 3823 4633 erat
3853 4581 3940 4649 qui

2342 4663 2665 4719 annuntiaret
2689 4664 2831 4717 mihi.
2856 4664 2971 4720 Non
3001 4665 3216 4730 audisti,
3252 4667 3438 4736 inquit,
3472 4683 3500 4721 a
3531 4683 3640 4734 me,
3674 4684 3783 4723 non
3815 4685 3940 4727 es~e

2343 4750 2588 4806 humana:
2614 4753 2888 4822 sapientia:
2910 4756 3031 4809 talia
3050 4757 3390 4826 significare?
3411 4757 3488 4812 Ne
3509 4759 3668 4828 igitur
3687 4759 3800 4816 illis
3821 4775 3941 4817 suco

2341 4856 2595 4896 censeas:
2628 4858 2916 4912 numquam
2959 4847 3105 4901 enim
3150 4855 3401 4915 poterunt
3420 4849 3551 4902 talia
3582 4851 3941 4919 comprebeu~

2343 4932 2490 4997 dere,
2520 4949 2640 5003 quze
2669 4950 2898 5005 superna
2927 4947 3084 5008 egent
3109 4938 3454 4996 revelatioue.
3482 4940 3572 4996 25.
3597 4941 3662 4996 Et
3689 4941 3825 4998 dixit
3847 4943 3949 4999 Jo-

2341 5026 2486 5093 seph,
2519 5026 2723 5095 inquit:
2759 5029 3029 5083 Somnium
3077 5029 3368 5087 Pharaonis
3411 5049 3565 5087 unum
3596 5044 3685 5089 est.
3727 5036 3821 5092 32.
3877 5037 3942 5093 Ut

2341 5126 2507 5168 autem
2535 5117 2710 5170 credas
2741 5120 2873 5187 quod
2913 5137 3082 5175 verum
3117 5124 3232 5187 erit,
3279 5125 3414 5191 quod
3436 5143 3469 5177 a
3500 5123 3606 5180 Deo
3644 5126 3731 5179 tibi
3762 5131 3946 5196 pra'si-

2339 5216 2552 5276 gnatum
2579 5217 2673 5270 est,
2701 5219 2747 5262 et
2769 5211 2905 5279 quod
2929 5213 3224 5267 accelerabit
3250 5211 3390 5268 Deus
3417 5215 3556 5269 istud
3581 5215 3772 5284 facere,
3800 5237 3942 5290 rere»

2341 5298 2485 5350 tilum
2512 5306 2585 5353 est
2609 5299 2849 5353 secundo.
2877 5300 3146 5370 Repetitio
3163 5308 3332 5370 enim,
3364 5305 3555 5376 inquit,
3595 5308 3941 5366 conﬁrmatio

2343 5398 2426 5445 est
2451 5393 2708 5455 visorum,
2740 5403 2795 5447 et
2823 5396 3092 5463 copiosior
3121 5397 3365 5465 probatio
3402 5398 3545 5468 quod
3569 5401 3797 5456 omnino
3828 5405 3939 5459 inec

2343 5481 2517 5536 futura
2547 5483 2675 5541 sint.
2704 5484 2767 5539 Et
2806 5497 3085 5555 postquam
3122 5487 3365 5543 distinxit
3410 5504 3692 5546 numerum
3730 5506 3938 5564 septeni

2343 5574 2503 5628 boum
2524 5583 2577 5628 et
2607 5584 2813 5644 septem
2843 5577 3133 5645 spicarum,
3163 5593 3227 5633 ac
3265 5579 3396 5634 dixit
3424 5594 3674 5651 magnam
3706 5581 3937 5640 futuram

2341 5664 2741 5730 abundantiam,
2773 5677 2828 5721 et
2855 5677 3038 5736 postea
3063 5684 3281 5735 gravem
3310 5685 3654 5744 sequ-ituram
3698 5691 3822 5732 esse
3866 5678 3938 5730 la-

2344 5769 2506 5822 mem,
2525 5753 2719 5814 deinde
2743 5759 3002 5828 optimum
3027 5761 3307 5819 consilium
3337 5763 3511 5830 adert,
3535 5774 3590 5818 et
3609 5764 3738 5820 dicit
3756 5781 3773 5824 :
3791 5769 3932 5824 Cou-
