4182 6322
667 415 767 469 547

669 545 773 584 non
817 527 1184 598 corporalibus
1223 527 1390 581 oculis
1427 534 1708 581 contentos
1752 539 1892 590 esse,
1939 524 2033 579 sed
2081 524 2250 578 oculis

668 620 860 675 mentis
890 617 1161 686 imaginari
1188 631 1250 670 ea
1279 630 1397 686 qum
1431 630 1538 670 non
1567 614 1832 671 videntur.
1874 614 2006 669 Nam
2036 613 2122 668 illa
2148 611 2250 667 lltle

667 712 904 782 digniora
947 706 1212 763 credenda
1243 715 1388 772 sunt,
1421 722 1578 776 quam
1625 721 1686 762 ea
1731 721 1851 776 qua:
1882 703 2250 773 corporalibus

664 803 833 858 oculis
863 801 1136 855 ridentur.
1167 797 1256 854 Sic
1301 797 1601 868 patriarcha
1628 807 1813 869 gratus
1839 797 1934 851 fuit
1965 795 2094 859 Dco,
2124 793 2247 864 quia

661 891 886 949 credidit
915 891 1252 960 promissioni
1283 893 1420 960 ejus,
1449 899 1502 945 et
1540 890 1785 960 superior
1824 897 2008 943 natura
2057 885 2244 952 factus,

662 984 1015 1052 humanisque
1057 981 1380 1046 rationibus;
1425 981 1544 1036 ideo
1574 981 1884 1051 Reputatum
1911 988 1985 1033 est
2013 979 2056 1032 ei
2084 977 2137 1031 in
2151 977 2246 1048 ju-

656 1075 847 1130 stitiam
877 1073 1051 1145 (Rom.
1077 1075 1130 1128 t.
1159 1074 1238 1142 5).
1260 1072 1571 1138 Considera,
1591 1071 1854 1142 justitiam
1879 1085 2001 1126 esse
2024 1068 2246 1124 credere

661 1168 724 1223 iis
743 1183 862 1238 qua:
889 1183 917 1220 a
951 1165 1062 1220 Deo
1078 1166 1346 1220 dicuntur.
1371 1164 1596 1231 Quando
1620 1165 1761 1219 enim
1784 1163 1874 1219 ille
1900 1161 2100 1235 aliquid
2123 1177 2250 1234 pro-

660 1259 883 1325 miserit,
919 1274 984 1312 ne
1011 1256 1138 1312 mihi
1165 1255 1457 1313 secundum
1487 1256 1772 1313 humanam
1803 1257 2242 1328 consequentiam

657 1366 747 1408 res
775 1352 1038 1422 expende,
1073 1350 1167 1406 sed
1198 1350 1443 1422 superior
1467 1350 1769 1420 hujusmodi
1808 1351 2104 1406 rationibus
2144 1349 2240 1413 sis,

654 1458 718 1499 ac
742 1441 950 1498 confide
981 1442 1233 1512 potentiae
1259 1443 1376 1511 ejus
1405 1441 1494 1512 qui
1525 1441 1790 1510 promisit.
1833 1440 1905 1496 Ita
1951 1441 2241 1511 unusquis-

654 1551 758 1608 que
782 1536 1048 1605 justorum
1082 1536 1336 1604 probatus
1357 1532 1469 1598 fuit,
1499 1534 1566 1587 ita
1591 1542 1643 1588 et
1663 1532 1994 1588 admirabilis
2028 1532 2117 1587 ille
2143 1532 2238 1588 Jo-

653 1628 808 1698 seph,
849 1641 969 1682 cum
1015 1633 1137 1697 post
1179 1625 1266 1680 illa
1309 1624 1519 1679 somnia
1561 1633 1703 1678 tanta
1737 1624 2013 1694 interjccta
2046 1623 2241 1680 fuerint

656 1717 1054 1787 impedimenta,
1092 1730 1199 1770 non
1232 1716 1474 1772 turbatus
1500 1723 1582 1770 est
1609 1716 1812 1782 animo,
1855 1731 1964 1771 non
2001 1730 2240 1771 commo-

654 1817 736 1862 tus
764 1815 866 1872 est,
891 1805 984 1861 sed
1015 1807 1233 1860 robusta
1262 1815 1440 1862 mente
1465 1805 1674 1862 fortiter
1696 1807 1814 1860 tulit
1837 1808 2039 1873 omnia,
2061 1808 2238 1863 sciens

652 1913 757 1952 non
787 1912 905 1952 esse
934 1898 1150 1967 possihil
1175 1922 1184 1933 -
1205 1913 1265 1954 ea
1291 1915 1408 1970 qua:
1437 1899 1580 1954 Deus
1601 1898 1836 1956 decrevit
1859 1915 1966 1954 non
1993 1901 2233 1957 evenire.

652 1990 773 2044 ltlco
803 1997 923 2059 post
953 1990 1284 2054 servitutem,
1336 1999 1458 2060 post
1485 2005 1779 2057 carcerem,
1811 1999 2119 2061 tantamque
2141 2005 2235 2046 ca-

651 2083 927 2148 lumniam,
972 2084 1325 2152 principatum
1363 2083 1596 2150 suscepit
1625 2085 1785 2138 totius
1824 2082 2064 2155 Egypti.
2111 2084 2235 2140 llaec

650 2178 806 2246 igitur
842 2176 1021 2230 omnia
1047 2178 1362 2247 cogitantes,
1398 2176 1608 2231 fortiter
1633 2177 1989 2246 suscipiamus
2016 2192 2077 2232 ea
2107 2193 2228 2248 quae

650 2268 963 2334 inferuntur,
1002 2269 1308 2340 gratiasque
1334 2285 1552 2340 agamus
1581 2284 1677 2339 pro
1703 2270 1956 2325 omnibus
1981 2269 2230 2324 clementi

647 2361 778 2426 lico,
805 2371 859 2416 et
891 2360 1006 2430 ejus
1025 2371 1404 2432 exspectemus
1448 2361 1896 2434 epitulationem:
1927 2379 2048 2434 qua:
2077 2363 2232 2419 nobis

642 2451 890 2505 omnibus
917 2450 1260 2517 concedatur,
1292 2453 1459 2523 gratia
1487 2461 1543 2508 et
1569 2454 1854 2510 clementia
1889 2454 2096 2510 Domini
2135 2470 2230 2511 no-

639 2540 736 2595 stri
764 2540 891 2596 Jesu
930 2542 1149 2608 Christi,
1191 2543 1276 2599 cui
1305 2559 1427 2598 cum
1457 2543 1614 2599 Patre
1641 2553 1697 2600 et
1723 2553 1912 2602 sancto
1935 2545 2134 2616 Spiritu
2161 2547 2230 2602 sit

637 2631 820 2701 gloria,
869 2632 1174 2702 imperium,
1217 2641 1274 2689 et
1321 2633 1514 2701 honor,
1546 2649 1688 2690 nunc
1727 2645 1781 2692 et
1821 2649 2058 2706 semper,
2087 2646 2144 2693 et
2175 2636 2228 2692 in

639 2720 830 2776 secula
851 2721 1190 2777 surculorum.
1222 2723 1414 2780 Amen.

1183 2854 1460 2911 [IOMILIA
1501 2854 1686 2911 LXIV.

638 2960 806 3015 Ea'irit
846 2972 1014 3017 autem
1051 2960 1242 3035 Ioseph
1284 2980 1317 3017 a
1362 2965 1488 3034 facie
1518 2964 1802 3021 Pharaonis
1818 3009 1832 3034 ,
1864 2979 1912 3023 et
1941 2973 2225 3044 peragravit

703 3067 901 3105 omnem
939 3061 1123 3106 terram
1161 3050 1382 3125 ﬁgypti
1398 3067 1419 3116 ,'
1447 3061 1496 3109 et
1538 3057 1655 3128 fecit
1693 3066 1825 3111 terra
1855 3060 2002 3115 annis
2035 3073 2226 3132 septem

698 3143 976 3214 fertilitatis
1002 3141 1288 3215 manipulos
1312 3157 1332 3211 ,'
1353 3153 1404 3197 et
1429 3148 1746 3218 congregavit
1771 3151 2077 3218 frumentum
2097 3154 2227 3208 sicut

701 3251 909 3290 arenam
933 3235 1089 3290 maris
1127 3237 1146 3305 (
1171 3233 1300 3291 Gen.
1329 3237 1420 3292 41.
1442 3236 1607 3293 dii-d9
1625 3239 1663 3307 ).

697 3349 754 3403 1.
790 3347 956 3403 Vultis
972 3356 1027 3403 ιιι
1052 3357 1106 3403 et
1126 3346 1285 3404 hodie
1306 3348 1579 3404 historiam
1595 3348 1810 3420 .losephi
1836 3361 2141 3421 tractemus,
2171 3367 2226 3413 et

631 3438 906 3492 videamus
945 3437 1216 3508 quomodo
1262 3438 1342 3492 rir
1369 3437 1458 3494 ille
1487 3480 1502 3503 ,
1528 3452 1778 3510 suscepto
1821 3443 1984 3498 tutius
2011 3443 2225 3518 Aigypti

629 3529 959 3600 principatu,
1013 3544 1111 3599 per
1157 3529 1392 3584 innatam
1436 3529 1536 3584 sibi
1583 3531 1984 3603 intelligentiam
2036 3553 2225 3596 omnes

627 3623 934 3677 consulatus
981 3622 1136 3677 fuerit
1161 3621 1183 3675 2
1212 3622 1302 3676 t6.
1336 3621 1508 3676 Exiuit
1546 3623 1689 3679 enim
1717 3667 1732 3692 ,
1764 3625 1972 3696 inquit,
2014 3646 2046 3682 a
2091 3630 2224 3699 facie

629 3711 913 3768 Pharaonis
939 3755 952 3778 ,
1001 3721 1048 3766 et
1075 3713 1302 3769 transiri!
1345 3730 1436 3784 per
1476 3730 1671 3770 omnem
1723 3724 1907 3771 terram
1962 3717 2185 3791 ﬁgypti
2205 3741 2223 3788 ;

627 3805 714 3859 47.
747 3815 791 3857 et
821 3805 933 3876 fecit
979 3814 1110 3856 terra
1158 3805 1304 3858 annis
1344 3815 1530 3876 septem
1573 3807 1847 3876 fertilitatis
1894 3811 2223 3880 manipulos;

628 3895 716 3950 49.
748 3907 794 3949 et
819 3895 1135 3966 congregavit
1163 3895 1468 3963 frumentum
1493 3896 1618 3950 sicut
1657 3914 1864 3951 arenam
1898 3901 2070 3953 maris.
2097 3899 2226 3956 Sus-

626 3995 777 4054 cepta
807 3986 953 4056 prius
981 4000 1011 4039 a
1043 4001 1170 4055 rege
1202 3995 1463 4055 potestate
1505 3989 1686 4053 omni,
1727 3989 1942 4060 collegit
1962 4031 1977 4057 ,
2008 3992 2178 4062 inquit
2204 4035 2220 4060 ,

628 4076 825 4146 fruges.
851 4084 907 4131 et
935 4077 986 4130 in
1014 4076 1314 4131 civitatibus
1336 4077 1593 4146 reposuit,
1619 4079 1906 4148 providens
1922 4081 2031 4150 jam
2058 4084 2226 4139 mulo

628 4179 780 4222 antea
808 4207 822 4234 ,
856 4183 975 4236 quat
1007 4166 1194 4222 futura:
1233 4167 1469 4236 penuria:
1512 4182 1827 4226 succurrere
1856 4181 2096 4240 possent.
2138 4173 2226 4229 Vi-

629 4259 750 4316 diSJi
776 4258 962 4329 quales
991 4259 1368 4314 retributiones
1394 4259 1717 4315 fortitudinis
1743 4269 1800 4316 et
1829 4263 2095 4330 patientia:
2123 4307 2136 4330 ,
2170 4274 2225 4320 et

630 4351 856 4405 aliarum
887 4351 1142 4404 virtutum
1169 4350 1328 4404 etiam
1373 4349 1459 4406 hic
1501 4353 1768 4421 acceperit
1788 4352 1964 4421 justus
1991 4396 2004 4418 ,
2033 4368 2154 4409 cum
2194 4371 2223 4410 a

631 4441 854 4496 \inculis
874 4440 939 4495 ad
964 4443 1106 4512 regia
1136 4441 1324 4510 palatia
1353 4441 1629 4498 ascendit?
1651 4442 1738 4499 50.
1768 4441 1894 4496 Nati
1915 4453 2032 4498 sunt
2053 4459 2219 4500 autem

625 4537 723 4602 illi,
749 4534 933 4604 inquit,
958 4534 1057 4602 {tuo
1079 4533 1193 4601 ﬁlii,
1218 4533 1510 4604 priusquam
1529 4535 1819 4589 advenirent
1836 4536 1957 4589 anni
1977 4539 2224 4606 penuriae:

630 4630 717 4682 51.
746 4636 792 4680 rt
821 4626 1007 4680 t'ocaait
1035 4643 1212 4680 nomen
1235 4627 1414 4695 prioris
1437 4626 1674 4682 Manasse
1698 4644 1714 4682 :
1736 4630 1973 4696 quoniam
2001 4632 2224 4684 oblivisci

635 4735 713 4772 me
739 4717 853 4786 fecit
879 4717 1016 4770 Deus
1045 4718 1266 4770 omnium
1295 4717 1522 4771 laborum
1553 4735 1795 4785 meorum,
1830 4731 1876 4773 et
1915 4738 2087 4775 eorum
2114 4739 2225 4792 qua:

627 4821 744 4865 siml
773 4812 931 4881 patris
957 4811 1073 4863 mei.
1106 4808 1333 4863 Attende
1361 4809 1445 4863 hic
1489 4810 1585 4862 viri
1619 4811 1932 4881 religionem
1963 4821 2015 4866 et
2056 4815 2223 4882 picta-

629 4913 755 4964 Iem,
788 4901 1056 4970 quomodo
1089 4914 1183 4968 per
1203 4900 1293 4954 lilii
1323 4901 1733 4971 appellationem
1760 4905 2072 4957 memoriam
2105 4922 2224 4959 om-

629 4993 771 5044 nium
797 4993 1085 5045 servaverit
1107 4991 1179 5060 (τι)
1203 5034 1213 5053 ,
1250 5003 1303 5044 ιιι
1335 5002 1585 5062 perpetuo
1612 4994 1809 5062 gratias
1831 5004 2029 5064 ageret,
2056 5006 2108 5050 et
2137 5000 2225 5066 qui

630 5097 695 5135 ex
732 5098 791 5136 se
817 5091 966 5136 natus
991 5092 1125 5149 erat,
1156 5097 1248 5150 per
1273 5098 1420 5135 5mm
1447 5083 1858 5152 appellationem
1883 5087 2020 5140 scire
2046 5099 2225 5156 posset

627 5175 916 5228 certamina
944 5216 957 5239 ,
989 5181 1043 5228 et
1089 5174 1398 5243 patientiam
1423 5215 1437 5237 ,
1487 5190 1604 5242 quae
1635 5175 1805 5244 justus
1849 5179 2122 5246 perferens
2173 5184 2222 5235 in

629 5275 830 5318 tantam
883 5266 1215 5333 pervenisset
1259 5266 1504 5334 gloriam.
1555 5265 1687 5334 Quia
1727 5268 1947 5321 oblivisci
1987 5287 2063 5322 me
2113 5271 2225 5334 [erit

633 5355 766 5437 Deus
782 5357 1004 5411 omnium
1025 5356 1253 5411 laborum
1277 5374 1518 5422 mcornm,
1551 5369 1594 5410 et
1616 5361 1834 5412 omnium
1859 5379 1968 5428 qua‘
1997 5376 2110 5416 sunt
2135 5383 2227 5431 pu-

691 5535 763 5607 (n)
796 5541 893 5607 lmo
909 5535 1202 5607 oblivionem
1227 5536 1440 5607 omnium
1460 5534 1676 5607 induxit,
1689 5535 1850 5607 idque
1862 5538 2219 5606 signiticalmtur

631 5595 826 5665 nomine
850 5605 1104 5665 manasset
1116 5606 1169 5647 ut
1195 5598 1340 5665 modo
1373 5595 1771 5665 dixitnscriptura
1798 5612 1808 5644 :
1839 5595 2052 5665 nauasse
2080 5603 2219 5665 enim

631 5659 864 5708 llebraice
887 5663 1053 5713 mea:
1078 5657 1130 5708 fit
1153 5671 1214 5707 ex
1240 5663 1355 5709 me:
1377 5700 1388 5716 ,
1431 5656 1660 5706 obliuisci.
1680 5665 1852 5706 verum
1870 5674 1972 5707 mos
1990 5663 2218 5717 obtinuit,

628 5735 679 5776 ut
703 5741 810 5791 (aint
833 5729 943 5791 quis
959 5731 1185 5777 :erumnis
1210 5735 1258 5776 et
1279 5727 1414 5777 malis
1433 5729 1659 5776 omnibus
1683 5739 1884 5790 ereptus
1901 5731 2006 5779 fuit.
2035 5733 2218 5780 dicatur

628 5790 860 5837 malorum
877 5791 1117 5847 oblivisci;
1145 5791 1188 5838 ίιΙ
1216 5799 1306 5839 est.
1330 5793 1375 5838 in
1421 5799 1907 5839 eorumseusumnon
1935 5791 2054 5841 ultra
2086 5797 2224 5842 reni-

628 5861 703 5907 re1
730 5852 820 5899 eL-i
848 5850 1034 5900 ilioruut
1059 5853 1352 5909 rccmxla-tnr-

1375 410 1431 466 S.
1471 410 1748 467 JO.\NNIS
1785 408 2260 468 CHR‘ISOSTOMI
2304 407 2621 466 ARCHIEP.
2665 408 3202 471 CONSTAN'I‘INOP.

3856 420 3964 480 διε

2358 522 2450 576 tris
2492 524 2609 577 mei.
2643 524 2780 592 Quid
2823 536 2905 580 cst
2932 569 2946 590 ,
2982 527 3222 604 Omnium
3253 527 3483 584 laborum
3531 534 3794 588 meorum!
3823 535 3963 591 liinc

2353 613 2691 672 subindicare
2732 617 2858 671 mihi
2888 619 3097 676 videtur
3122 621 3345 689 primam
3377 631 3426 677 et
3457 623 3749 679 secundam
3781 627 3960 682 serti-

2353 712 2540 772 tutem,
2568 716 2622 762 et
2650 707 2919 764 miseriam
2953 726 3111 781 quant
3139 711 3194 766 in
3219 725 3435 767 carcere
3467 713 3602 768 tulit.
3637 713 3702 768 Et
3729 717 3961 770 omnium

2354 811 2469 862 qua:
2503 807 2621 853 sunt
2647 800 2807 869 patris
2833 802 2933 854 mei
2953 817 2973 856 :
2998 803 3423 873 segregationem
3453 804 3716 874 signiﬁcat
3738 847 3754 872 ,
3793 823 3958 877 quam

2349 887 2605 944 sustinuit
2653 898 2908 962 abreptus
2927 891 2996 946 ab
3025 893 3163 948 ulnis
3201 895 3438 962 paternis
3460 935 3476 959 ,
3509 897 3632 965 quia
3671 897 3959 953 immatura

2350 987 2637 1045 :etate,tam
2656 980 2944 1037 liberaliter
2958 983 3230 1046 educatus,
3245 984 3543 1042 liberta'em
3560 1002 3680 1041 eum
3697 989 3961 1046 servitute

2348 1085 2379 1126 c
2403 1074 2707 1128 immutavit.
2729 1073 2818 1129 52.
2840 1072 2906 1127 Et
2926 1091 3102 1129 nomen
3121 1076 3327 1130 secundi
3347 1079 3539 1132 vocavit
3554 1077 3821 1148 Ephraim,
3835 1082 3960 1151 quia

2347 1179 2565 1218 crescere
2589 1166 2704 1237 fecit
2732 1181 2811 1220 me
2830 1163 2968 1220 Deus
3005 1167 3056 1221 in
3082 1176 3216 1220 terra
3236 1167 3536 1223 hunulitatis
3569 1185 3711 1226 mete.
3747 1170 3882 1227 Vide
3903 1183 3959 1228 et

2349 1253 2508 1324 hujus
2537 1271 2734 1310 nomen
2777 1256 3068 1327 gratiarum
3113 1258 3326 1314 actione
3355 1260 3590 1328 plenum.
3628 1259 3748 1318 Non
3777 1261 3955 1317 solum

2345 1345 2512 1412 enim,
2543 1345 2884 1400 adversitatis
2921 1346 3124 1402 oblitus
3151 1361 3268 1401 sum
3292 1388 3307 1406 .
3335 1348 3429 1403 sed
3451 1359 3504 1405 et
3533 1358 3722 1405 auctus
3748 1367 3868 1406 sum
3899 1352 3954 1407 in

2347 1443 2488 1490 terra
2509 1476 2525 1501 ,
2559 1435 2610 1490 in
2638 1452 2740 1505 qua
2782 1444 2985 1491 tantam
3013 1437 3240 1492 sustinui
3269 1426 3692 1496 humiliationem
3717 1482 3733 1509 ,
3764 1452 3953 1504 utpote

2347 1527 2400 1582 in
2442 1528 2700 1583 extremis
2746 1528 2999 1597 periculis
3041 1529 3205 1585 etiam
3249 1528 3317 1586 de
3360 1530 3465 1585 vita
3509 1531 3696 1586 anxius
3750 1531 3949 1587 Venus

2343 1633 2484 1673 nunc
2525 1619 2707 1674 auditu
2755 1620 2914 1689 digna
2959 1628 3084 1674 sunt
3111 1635 3230 1691 quae
3275 1632 3590 1691 sequuntur.
3633 1621 3766 1676 Nam
3817 1634 3948 1694 post

2341 1711 2663 1767 fertilitatem
2688 1719 2895 1781 scptan
2915 1726 3200 1778 annorum,
3227 1720 3561 1768 venerantet
3580 1722 3787 1782 septem
3815 1716 3950 1774 anni

2341 1804 2578 1874 penuria:
2620 1813 2672 1859 et
2711 1803 2882 1869 famis,
2914 1801 3209 1860 secundum
3254 1802 3653 1874 praedictionem
3696 1803 3948 1876 Iosephi.

2341 1895 2540 1952 Rerum
2569 1895 2712 1951 enim
2741 1903 2967 1951 eventus
2990 1908 3305 1951 concessam
3328 1895 3446 1950 viro
3474 1895 3790 1966 sapientiam
3819 1912 3946 1953 om-

2347 1986 2504 2041 nibus
2530 1985 2856 2056 detegebat,
2900 1985 3060 2056 idque
3098 1984 3365 2041 efﬁciebat
3387 2025 3405 2052 ,
3444 1995 3502 2041 ut
3527 2001 3713 2042 omnes
3740 1988 3790 2043 ei
3819 2003 3948 2045 sese

2337 2079 2727 2134 submitterent.
2775 2077 2989 2132 Etcum
3036 2075 3206 2134 fames
3250 2076 3426 2132 valida
3453 2076 3588 2132 facta
3618 2087 3800 2145 esset,
3834 2081 3946 2149 pri-

2337 2184 2481 2224 mum
2509 2183 2604 2223 eos
2631 2167 2909 2237 penuriam
2935 2167 3136 2222 sentire
3163 2180 3268 2222 non
3302 2168 3563 2238 permisit.
3594 2167 3684 2224 84.
3713 2167 3779 2223 In
3801 2171 3946 2225 armti

2333 2259 2476 2316 enim
2509 2268 2643 2314 terra
2661 2255 3029 2329 £9yptiurum
3048 2266 3191 2312 erant
3211 2273 3386 2330 panes.
3414 2257 3521 2314 Sed
3540 2273 3662 2313 cum
3693 2259 3943 2316 molestia

2340 2350 2494 2405 famis
2517 2348 2906 2414 invalesceret,
2937 2347 3190 2403 clamavit
3216 2348 3447 2419 populus
3483 2348 3550 2402 ad
3579 2348 3942 2416 Pharaonem,

2333 2456 2522 2512 magna
2554 2453 2774 2510 pressus
2809 2437 3099 2510 indigentia
3141 2455 3155 2494 :
3197 2454 3228 2495 a
3267 2437 3407 2495 fame
3448 2439 3589 2494 enim
3625 2441 3834 2506 coacti,
3869 2443 3940 2497 ad

2333 2547 2513 2603 regem
2551 2538 2926 2586 cucurrerunt.
2967 2529 3136 2586 Porro
3155 2527 3278 2585 ride
3303 2529 3462 2600 hujus
3486 2530 3936 2588 benevolentiam.

2330 2624 2419 2678 55.
2457 2621 2598 2678 Dixit
2626 2630 2798 2676 autem
2837 2619 3047 2676 Pharao
3091 2619 3396 2692 Egyptiis:
3428 2619 3510 2677 Ite
3543 2622 3612 2674 ad
3635 2619 3865 2690 Joseplt;
3890 2635 3940 2677 ct

2328 2714 2577 2786 quidquid
2603 2713 2788 2768 dixerit
2817 2713 2976 2780 vobis,
3003 2713 3157 2783 facite
3178 2729 3198 2767 :
3222 2713 3377 2785 quasi
3407 2712 3611 2770 diceret
3640 2730 3655 2770 :
3681 2713 3818 2781 Quid
3847 2731 3940 2772 mc

2326 2805 2642 2877 suspicitis?
2668 2804 2784 2861 Non
2827 2804 3023 2860 videtis
3047 2818 3136 2861 me
3179 2805 3326 2876 regis
3370 2803 3609 2859 habitum
3656 2803 3940 2861 dumtaxat

2326 2905 2576 2969 gestare,
2607 2895 2866 2966 illumque
2918 2895 3078 2952 nobis
3118 2894 3370 2952 omnibus
3415 2895 3605 2952 salutis
3653 2904 3937 2953 auctorem

2324 2986 2522 3045 factum
2540 2987 2564 3042 t
2591 2986 2669 3044 Ne
2689 2985 2849 3057 igitur
2871 2985 2966 3042 illo
2991 2985 3180 3043 relicto
3205 2985 3272 3042 ad
3293 3001 3381 3042 me
3403 2987 3652 3055 curratis,
3673 2986 3768 3042 sed
3790 2987 3938 3045 abite

2325 3081 2391 3138 ad
2421 3081 2594 3147 illum,
2627 3078 2694 3133 Et
2723 3095 3052 3152 amantque
3070 3079 3257 3135 dixerit
3280 3079 3420 3138 vobis
3438 3119 3455 3146 ,
3479 3083 3650 3151 facite.
3675 3080 3763 3138 56.
3795 3081 3937 3152 Ape-

2325 3174 2427 3228 ruit
2445 3182 2612 3227 autem
2635 3171 2830 3243 Ioseph
2851 3171 3050 3236 horrea,
3079 3180 3127 3228 et
3148 3170 3375 3227 vendidit
3400 3169 3682 3244 £gyptiis.
3709 3171 3777 3227 Et
3801 3187 3938 3244 quo-

2327 3264 2470 3319 niam
2498 3277 2686 3319 omnes
2706 3261 3052 3317 consumebat
3081 3259 3240 3317 famis
3269 3263 3580 3329 necessitas,
3601 3263 3690 3320 57.
3718 3263 3934 3330 Omnes,

2329 3353 2537 3424 inquit,
2564 3351 2836 3420 prouincia:
2873 3351 3136 3406 veniebant
3177 3351 3230 3406 in
3257 3350 3578 3424 ﬁggptum.
3611 3363 3664 3407 ut
3704 3366 3933 3412 emerent

2326 3443 2634 3515 frumentum
2655 3460 2675 3497 :
2705 3442 2986 3496 inualuerat
3011 3443 3181 3510 enim,
3210 3442 3410 3512 inquit,
3447 3445 3608 3514 fames
3633 3460 3788 3513 super
3816 3461 3936 3499 ons-

2327 3551 2441 3589 neut
2466 3544 2671 3589 (errant.
2703 3532 2838 3588 Vide
2861 3575 2874 3596 .
2901 3533 3155 3597 obsecro,
3183 3533 3454 3603 quomodo
3485 3535 3736 3602 paulatim
3763 3551 3902 3592 even
3921 3567 3935 3575 -

2329 3635 2437 3680 tum
2465 3629 2710 3694 accipere
2741 3623 2994 3694 incipiant
3020 3623 3227 3678 somnia
3249 3621 3469 3692 Joseph.
3493 3623 3624 3678 Nam
3648 3624 3736 3680 ubi
3761 3625 3938 3684 fames

2328 3714 2549 3770 invaluit
2572 3754 2589 3779 ,
2621 3721 2674 3769 et
2705 3711 2987 3782 occupavit
3013 3721 3212 3767 terram
3237 3710 3526 3780 Chanaan,
3560 3713 3612 3768 in
3638 3729 3742 3784 qua
3771 3713 3933 3770 babi-

2329 3809 2472 3864 tabat
2499 3807 2666 3864 Jacnb
2708 3806 2866 3875 hujus
2895 3813 3043 3873 pater
3065 3845 3080 3871 ,
3125 3805 3216 3875 qui
3253 3805 3300 3860 l.
3333 3803 3615 3875 Postquam
3661 3806 3842 3860 didicit
3876 3809 3938 3862 ius

2327 3899 2560 3971 £gypto
2584 3899 2889 3969 frumentum
2909 3895 3223 3961 venumdari,
3245 3895 3396 3964 dixit,
3428 3897 3618 3967 inquit,
3641 3899 3762 3967 filiis
3782 3900 3890 3953 suis
3915 3914 3938 3955 .'

2330 3991 2502 4059 Quare
2528 4006 2704 4062 segnes
2733 3990 2888 4043 estis?
2912 3987 2964 4043 2.
2997 3988 3131 4043 Ecce
3152 3989 3323 4042 audivi
3348 3988 3488 4060 quod
3515 3992 3828 4060 frumentum
3861 3992 3933 4046 sit

2327 4083 2379 4135 in
2402 4080 2655 4152 ﬁgypto.
2695 4065 3030 4145 Descendite,
3059 4089 3113 4132 ut
3139 4079 3442 4150 comparetis
3480 4078 3624 4134 nobis
3663 4097 3827 4150 pauca
3857 4082 3936 4136 ci-

2328 4173 2492 4239 baria,
2521 4183 2575 4226 ut
2599 4173 2824 4225 vivamus
2844 4212 2859 4234 ,
2887 4180 2934 4224 et
2964 4187 3066 4224 non
3089 4171 3368 4224 moriantur
3401 4169 3564 4241 (Cap.
3595 4170 3665 4224 42
3684 4169 3724 4242 ).
3754 4170 3892 4240 Quid
3913 4216 3931 4240 ,

2327 4263 2495 4332 inquit
2520 4303 2535 4329 ,
2579 4261 2663 4316 hic
2692 4260 2923 4316 sedetis?
2947 4260 3103 4315 Abite
3139 4260 3191 4314 in
3218 4259 3508 4330 Egyptum
3532 4301 3549 4328 ,
3581 4267 3637 4316 ct
3672 4261 3934 4321 alimenta

2328 4355 2481 4410 nobis
2505 4353 2706 4408 alferte.
2743 4353 2866 4407 llxc
2895 4363 3073 4406 autem
3091 4353 3270 4406 omnia
3302 4351 3436 4406 facta
3467 4361 3612 4419 sunt,
3645 4363 3701 4407 ut
3731 4352 3934 4412 fratres

2326 4445 2528 4514 Joscph
2554 4444 2745 4498 visioni
2775 4443 2888 4511 ejus
2918 4442 3098 4496 omnia
3133 4443 3532 4496 ministrarent:
3563 4452 3618 4498 et
3649 4443 3923 4514 interpre-

2329 4540 2583 4591 tationem
2613 4535 2804 4589 somnii
2838 4550 2994 4603 quam
3021 4535 3118 4604 ipsi
3150 4533 3597 4602 conjectavt-rant,
3623 4548 3743 4587 eum
3773 4537 3927 4590 anili.

2329 4639 2439 4683 rent
2474 4627 2672 4696 Joscph
2705 4626 2971 4679 somnium
3014 4631 3354 4689 narrantem,
3385 4624 3685 4693 implerent.
3712 4626 3766 4680 5.
3823 4625 3933 4680 De-

2327 4722 2624 4774 strcntlcrttnt
2646 4718 2810 4780 enim,
2842 4716 3031 4785 inquit,
3061 4717 3230 4770 decent
3260 4719 3464 4786 fratres,
3493 4715 3545 4770 4.
3577 4726 3625 4769 et
3652 4715 3934 4789 Benjamin

2329 4827 2427 4862 non
2456 4818 2763 4878 cceperunt,
2788 4808 2874 4878 qui
2900 4817 3015 4862 erat
3039 4805 3201 4861 frater
3221 4804 3414 4876 .luseph
3436 4820 3500 4860 ex
3522 4805 3706 4860 eadem
3731 4815 3932 4862 matre.

2331 4901 2537 4954 [bellant
2565 4902 2694 4954 cnim
2725 4910 2865 4969 pater
2895 4899 3039 4967 ejus:
3073 4896 3153 4949 Ne
3187 4899 3318 4968 forte
3355 4897 3550 4949 accidat
3575 4896 3621 4949 ci
3655 4897 3880 4968 languor
3919 4918 3935 4954 :

2330 5012 2551 5064 pum-us
2581 5008 2766 5062 puero,
2801 5008 2864 5046 eo
2890 4990 3028 5058 quod
3059 4997 3216 5044 {etate
3245 4989 3523 5041 immatura
3562 4997 3696 5042 erat.
3731 4989 3781 5041 ϐ.
3833 4986 3936 5046 Ve-

2328 5098 2508 5141 nerunt
2538 5095 2702 5138 autent
2723 5126 2736 5148 ,
2769 5095 2815 5137 et
2844 5081 3038 5153 Joseplt
3072 5083 3200 5135 sicut
3232 5080 3510 5150 principem
3543 5077 3763 5150 ﬁgypti
3789 5082 3932 5134 ado-

2327 5196 2427 5232 rnr.
2446 5188 2559 5231 runt
2588 5194 2738 5248 super
2761 5177 2941 5248 faciem
2968 5190 3111 5228 suam
3138 5174 3188 5224 in
3222 5182 3374 5225 terra.
3411 5171 3474 5225 Et
3500 5186 3640 5226 nunc
3667 5172 3930 5241 ignoran-

2329 5280 2407 5324 tes
2447 5269 2661 5337 quidem
2711 5267 2823 5320 haec
2855 5265 3032 5319 omnia
3082 5264 3301 5316 faciunt.
3350 5262 3481 5316 Nam
3529 5262 3651 5329 quia
3699 5263 3935 5319 multum

2332 5359 2582 5427 ισιιιιίωτίει
2613 5359 3006 5419 intercesserat,
3031 5353 3220 5407 faciem
3243 5353 3421 5406 fratris
3443 5368 3547 5407 non
3569 5365 3929 5422 agnoverunt.

2331 5450 2625 5504 Verisimile
2657 5448 2797 5502 enim
2827 5455 2926 5510 cst,
2956 5446 3205 5514 juvenem
3235 5445 3386 5508 olim,
3416 5458 3555 5498 nunc
3587 5443 3936 5498 immutatum

2330 5544 2494 5596 forma
2543 5542 2725 5596 fuisse.
2768 5540 2931 5608 quue
2973 5547 3141 5593 totum
3183 5539 3377 5606 opinor
3419 5536 3614 5590 divina:
3643 5536 3933 5604 dispensa-

2333 5638 2489 5692 tionis
2519 5636 2699 5696 fuisse,
2737 5634 2803 5687 ita
2838 5641 2890 5686 ut
2920 5648 3022 5686 non
3057 5632 3324 5701 potuerint
3350 5629 3429 5683 vel
3453 5642 3518 5683 ex
3547 5643 3815 5689 sermone,
3850 5636 3936 5686 ιιι

2329 5747 2391 5782 ex
2422 5741 2638 5797 aspectu
2669 5727 2883 5782 fratrem
2907 5738 3215 5795 agnoscere.
3248 5721 3397 5777 Unde
3424 5722 3564 5776 enim
3595 5737 3851 5791 tttnqnant
3885 5721 3938 5777 Ξιι

2332 5822 2462 5873 hanc
2487 5821 2790 5891 opinionem
2813 5817 3119 5873 venissent?
3146 5815 3352 5870 Etenim
3380 5815 3629 5885 putabant
3650 5831 3773 5870 cum
3797 5816 3935 5887 apud
