4186 6324
265 500 563 558 laruaelitas
589 497 790 555 factum
817 507 1052 559 servum,
1080 488 1390 560 servieeque
1412 484 1555 557 apud
1584 484 1862 552 barbaros,

263 592 409 649 unde
446 591 577 646 nihil
603 590 782 647 simile
808 588 913 643 illis
934 585 1019 642 vel
1049 586 1102 639 in
1132 590 1366 639 mentem
1396 580 1581 635 venire
1609 584 1817 649 poterat
1844 591 1860 640 ;

260 692 321 739 et
348 697 457 738 non
477 688 812 752 agnoverunt
828 674 1048 745 Joseph.
1082 673 1202 744 Ipse
1226 684 1356 727 vero
1389 668 1569 726 statim
1595 676 1654 722 ut
1684 665 1815 721 vidit
1842 705 1859 733 ,

257 773 599 843 agnoviteos
624 787 641 825 :
667 778 725 826 et
766 777 824 825 ut
869 766 1205 837 ignoraretur
1231 759 1474 827 studuit,
1520 773 1585 814 ac
1627 771 1750 812 cum
1783 758 1865 812 eis

255 863 556 932 quaslcum
606 860 795 917 alienis
840 872 999 930 agere
1025 854 1213 911 voluit.
1244 854 1297 908 7.
1344 850 1673 907 Abalienabat
1717 849 1861 905 enim

252 952 398 1008 sed
424 952 531 1019 eis,
573 960 621 1006 et
649 950 885 1021 loquutus
910 958 984 1004 est
1015 947 1087 1002 eis
1114 946 1285 1009 dura;
1312 952 1361 999 et
1389 942 1520 997 dixit
1546 957 1567 996 :
1600 940 1749 996 Unde
1776 955 1863 995 ve-

256 1042 451 1097 niatis!
490 1041 717 1098 Simulat
745 1028 1110 1096 omnimodam
1154 1033 1506 1106 ignorantiam
1527 1072 1544 1099 ,
1586 1039 1648 1087 ut
1683 1028 1864 1086 omnia

252 1131 549 1205 diligenter
567 1131 635 1187 ab
654 1133 733 1186 eis
756 1130 965 1186 discere
983 1136 1165 1199 queat.
1191 1123 1542 1182 Desiderabat
1560 1122 1703 1179 enim
1723 1121 1864 1180 scire

252 1236 380 1294 qua
407 1220 476 1277 ad
505 1230 711 1293 patrem
739 1218 886 1275 et.ad
912 1216 1130 1272 fratrem
1159 1215 1492 1286 spectabant.

324 1312 387 1368 2.
415 1313 485 1369 Et
509 1314 737 1383 primum
763 1310 955 1382 qumrit
977 1324 1044 1365 ex
1074 1322 1179 1380 qua
1203 1308 1422 1379 regione
1439 1306 1571 1372 sint,
1597 1315 1651 1362 et
1676 1305 1864 1360 dicunt

249 1418 325 1461 ex
345 1403 604 1460 Chanaan
630 1419 690 1459 se
714 1403 925 1458 venisse
951 1410 1010 1456 ut
1052 1408 1295 1456 emerent
1322 1399 1606 1453 frumenta.
1638 1395 1817 1453 Famis
1839 1436 1859 1462 ,

248 1495 527 1568 inquiunt,
558 1495 850 1567 necessitas
873 1492 927 1548 in
952 1505 1114 1550 causa
1134 1499 1218 1547 est
1238 1504 1409 1561 quare
1428 1487 1480 1543 id
1508 1487 1714 1544 itineris
1733 1502 1871 1543 con.

247 1587 520 1654 Mutus,
552 1595 608 1641 et
634 1595 919 1656 propterea
950 1583 1151 1641 relictis
1197 1582 1425 1653 propriis
1454 1580 1559 1636 huc
1593 1581 1857 1636 venimus.

246 1676 307 1733 ο.
341 1676 417 1731 Et
440 1676 735 1731 recordatus
763 1684 836 1731 est
855 1716 872 1742 ,
904 1675 1073 1745 inquit
1102 1715 1120 1740 ,
1162 1671 1356 1743 Joseplt
1400 1672 1710 1727 somniorum
1748 1687 1863 1742 quis

242 1768 361 1838 ipse
383 1767 600 1824 siderat.
624 1768 685 1823 lu
704 1775 943 1823 mentem
959 1773 1221 1821 venerunt
1241 1764 1290 1820 ei
1318 1764 1546 1830 somnia,
1573 1772 1629 1818 et
1650 1763 1864 1820 videbat

244 1861 476 1917 evenire
498 1875 561 1917 ea
582 1901 599 1926 ,
634 1860 861 1930 ideoque
890 1858 1105 1914 volebat
1125 1857 1405 1927 diligenter
1429 1856 1609 1911 omnia
1630 1856 1860 1926 discere,

242 1960 303 2006 et
334 1965 531 2023 magna
580 1966 702 2006 cum
744 1950 1058 2006 austeritate
1095 1949 1178 2005 eis
1221 1947 1550 2020 respondet,
1576 1962 1641 2003 ac
1684 1948 1856 2005 dicit:

242 2040 621 2113 Exploratores
646 2042 786 2108 estis,
806 2050 852 2095 et
877 2040 947 2095 ad
968 2038 1342 2095 consideranda
1363 2040 1570 2110 vestigia
1592 2049 1742 2094 terra
1769 2054 1857 2094 ve-

243 2132 422 2189 nistis.
455 2131 574 2188 Non
600 2141 766 2197 recta,
798 2132 1006 2203 inquit,
1038 2139 1219 2186 mente
1242 2129 1553 2185 advenistis.
1595 2128 1858 2185 Videmini

241 2228 365 2278 arte
410 2229 471 2278 et
497 2222 824 2293 malignitate
862 2220 1093 2291 quadam
1135 2219 1241 2275 huc
1280 2219 1521 2290 profecti.
1552 2218 1629 2273 Illi
1678 2229 1858 2274 autem

242 2313 394 2370 anxii
423 2313 673 2369 dixerunt
699 2329 716 2368 :
744 2313 834 2370 i0.
865 2311 987 2367 Non
1007 2353 1023 2377 ,
1055 2312 1279 2367 domine.
1308 2311 1374 2366 Et
1402 2310 1455 2366 id
1487 2310 1629 2381 quod
1651 2311 1862 2370 discere

244 2403 507 2461 studebat
530 2403 751 2474 Joseph,
779 2404 881 2459 hoc
906 2419 935 2457 a
957 2403 1262 2474 semetipsis
1282 2401 1480 2458 docent
1500 2443 1516 2469 ,
1547 2411 1603 2458 et
1629 2402 1811 2458 dicunt
1840 2419 1855 2456 :

243 2491 401 2551 Seni
445 2494 522 2549 tui
557 2495 784 2551 venimus
807 2534 826 2563 ,
868 2503 924 2549 ut
970 2509 1197 2550 curamus
1241 2492 1509 2549 escas.il.
1545 2491 1739 2547 Omnes
1759 2492 1858 2562 filii

242 2584 601 2639 munitis
630 2584 724 2639 viri
748 2625 764 2649 ,
794 2584 1220 2655 paciﬁcisutnus,
1250 2597 1350 2637 non
1370 2592 1488 2638 sunt
1507 2582 1637 2637 serui
1673 2583 1745 2636 tui
1771 2597 1858 2637 ea:-

243 2676 563 2747 ploratores.
599 2674 789 2731 Adhuc
816 2674 887 2732 de
909 2676 1103 2748 seipsis
1132 2682 1335 2730 tantum
1375 2674 1635 2730 rationem
1666 2672 1857 2730 redde~

241 2768 380 2826 bant
399 2810 417 2832 ,
442 2778 500 2825 et
529 2783 637 2839 prta
664 2769 856 2824 timore
885 2767 1096 2824 attoniti
1136 2775 1347 2832 mente,
1384 2764 1619 2821 nondum
1648 2781 1766 2836 qua:
1789 2764 1859 2822 ad

240 2857 453 2930 Ioseph
498 2859 878 2931 pertinebant,
917 2857 1163 2915 dixerant
1192 2874 1206 2912 :
1235 2856 1357 2913 ideo
1383 2857 1473 2911 ille
1499 2870 1857 2927 perseverans

240 2950 467 3009 dicebat
495 2969 511 3006 :
541 2952 625 3009 i2.
652 2950 794 3016 Non,
821 2951 911 3007 sed
936 2951 1140 3005 venistis
1169 2958 1225 3004 ut
1258 2949 1467 3022 vestigia
1497 2958 1650 3005 terra
1674 2950 1859 3020 explo-

240 3041 390 3099 retis.
438 3042 814 3112 Supervaeue,
847 3041 1048 3112 inquit,
1099 3039 1214 3097 luec
1243 3039 1374 3095 mihi
1410 3039 1588 3095 dicitis
1616 3058 1632 3097 :
1658 3040 1858 3095 etenim

240 3132 331 3191 vel
355 3132 479 3203 ipsa
503 3131 766 3188 adventus
791 3131 954 3188 vestri
979 3131 1118 3187 ratio
1141 3129 1401 3193 declarat,
1433 3144 1529 3186 vos
1558 3130 1700 3184 malo
1724 3145 1862 3200 quu-

241 3220 376 3281 dasn
410 3224 687 3296 proposito
717 3232 894 3279 motos
924 3223 1029 3280 buc
1067 3224 1300 3279 venisse.
1335 3222 1416 3278 Illi
1455 3232 1633 3279 autem
1666 3238 1855 3279 neces-

242 3312 413 3369 sitate
438 3314 651 3382 coacti,
681 3323 737 3370 et
765 3313 1013 3370 volentes
1040 3327 1164 3369 eum
1192 3312 1261 3367 ad
1287 3312 1712 3369 misericordiam
1755 3313 1826 3367 lle

242 3414 401 3462 ciere
428 3404 617 3461 dicunt
643 3422 658 3459 :
684 3406 771 3460 15.
803 3403 1080 3458 Duodecim
1119 3420 1299 3460 sumus
1323 3404 1509 3474 fratres
1534 3405 1668 3459 servi
1693 3405 1784 3458 tui.
1814 3403 1861 3460 0

243 3494 545 3553 verborum
573 3494 983 3565 deceptioneml
1017 3493 1192 3549 Etiam
1218 3508 1344 3550 eum
1372 3508 1532 3563 quem
1560 3493 1857 3563 negotiato—

242 3583 403 3641 ribus
430 3583 822 3652 vendiderant,
872 3584 927 3640 in
976 3598 1203 3640 numero
1244 3598 1347 3639 suo
1386 3591 1712 3639 recensent:
1758 3597 1860 3640 nec

241 3672 489 3732 dicunt:
533 3674 823 3731 Duodecim
874 3674 1075 3731 fuimus
1103 3715 1121 3741 ,
1170 3672 1264 3730 sed
1291 3714 1306 3740 ,
1357 3672 1641 3729 Duodecim
1683 3690 1864 3729 sumus

245 3767 462 3837 fratres.
490 3772 539 3819 et
562 3780 678 3819 ecce
686 3764 872 3835 iunior
895 3780 1010 3818 cum
1033 3773 1179 3835 patre
1213 3772 1409 3819 nostro.
1439 3762 1551 3819 Hoc
1578 3764 1720 3819 enim
1744 3772 1861 3819 erat

244 3855 395 3926 quod
426 3854 568 3912 scire
594 3853 864 3923 cupiebat,
893 3868 1019 3909 num
1042 3863 1096 3909 et
1123 3852 1342 3909 fratrem
1368 3853 1613 3909 similiter
1639 3852 1862 3908 afﬂixis-

244 3954 394 4003 sent.
426 3942 498 3998 Et
523 3959 634 3998 ecce
648 3944 829 4015 junior
853 3960 968 3997 cum
994 3956 1139 4015 patre
1165 3954 1339 3999 nostro
1363 3960 1384 4008 ;
1408 3944 1543 3998 alius
1567 3952 1735 3998 autem
1757 3958 1861 3998 non

247 4044 508 4106 superest.
539 4034 648 4089 Nec
676 4033 861 4089 dicunt
892 4049 1004 4090 rem
1035 4034 1336 4099 manifeste,
1364 4034 1457 4090 sed
1482 4043 1707 4101 tantum,
1736 4031 1859 4088 Non

242 4135 500 4196 αρσια.
531 4124 607 4179 Ex
642 4126 741 4179 hoc
767 4139 888 4180 cum
930 4124 1292 4195 suspicaretur
1314 4167 1329 4191 ,
1357 4139 1426 4181 ne
1455 4123 1591 4181 forte
1631 4136 1685 4181 et
1717 4125 1857 4180 Ben-

241 4215 420 4284 iamin
449 4218 608 4271 simili
640 4218 800 4272 modo
844 4217 1184 4281 affecissent,
1218 4219 1308 4274 14.
1356 4216 1470 4271 Hoc
1503 4228 1576 4272 est
1600 4259 1616 4285 ,
1650 4217 1859 4288 inquit,

244 4310 386 4380 quod
409 4309 523 4364 dixi
543 4310 702 4375 vobis,
724 4309 862 4379 quod
881 4310 1224 4381 exploratores
1245 4309 1377 4365 silis.
1403 4310 1490 4364 i5.
1519 4307 1860 4380 Nequaquam

248 4399 371 4455 hinc
400 4402 540 4456 enim
567 4400 791 4462 esibitis,
821 4417 1083 4471 quousque
1108 4404 1268 4471 frater
1294 4409 1452 4455 vester
1472 4400 1657 4471 junior
1676 4400 1863 4453 venerit

247 4489 371 4547 huc.
406 4489 566 4545 Illum
592 4491 777 4547 videre
816 4491 975 4555 volo;
1002 4492 1159 4561 cupio
1184 4491 1368 4547 videre
1393 4505 1517 4545 cum
1547 4489 1638 4561 qui
1665 4505 1728 4544 ex
1765 4504 1864 4543 eo-

250 4578 381 4636 dem
415 4588 575 4636 utero
603 4589 759 4634 natus
798 4590 919 4636 est:
948 4582 1194 4649 suspicor
1221 4581 1365 4636 enim
1405 4597 1471 4635 ex
1510 4580 1591 4634 his
1625 4596 1743 4649 qua:
1770 4595 1801 4633 a
1824 4579 1866 4632 l-

247 4684 456 4727 versus
500 4683 589 4725 me
635 4669 860 4741 egistis,
905 4678 1140 4727 mentem
1186 4680 1418 4726 vestram
1467 4670 1703 4726 fraterno
1741 4670 1865 4724 odio

250 4755 532 4816 laborare.
567 4759 622 4815 Si
650 4758 812 4831 igitur
833 4759 994 4815 vultis
1012 4800 1028 4827 ,
1058 4760 1145 4816 l6.
1189 4760 1376 4816 Mittite
1408 4778 1567 4814 unum
1596 4776 1660 4815 ea:
1684 4761 1852 4827 vobis,

243 4860 299 4906 es
321 4850 576 4906 adducite
593 4868 708 4906 eum
738 4869 756 4906 :
780 4868 876 4909 vos
901 4864 1080 4908 autem
1109 4863 1319 4909 manete
1345 4854 1397 4908 in
1430 4868 1664 4920 carcere,
1691 4855 1865 4911 donec

247 4939 337 4995 ille
366 4941 607 4997 venerit.
648 4942 739 4998 Ille
782 4943 926 4998 enim
969 4958 1090 4999 cum
1133 4943 1451 5009 advenerit,
1481 4945 1697 5001 docebit
1736 4962 1863 5001 num

246 5047 378 5090 vera
394 5032 507 5089 sint
524 5032 909 5105 qumdieitis,et
924 5034 1168 5090 liberabit
1184 5050 1277 5091 vos
1294 5034 1363 5089 ab
1378 5037 1523 5091 omni
1540 5037 1863 5107 suspicione.

248 5121 385 5179 Nam
412 5122 464 5179 si
493 5121 597 5178 hoc
624 5138 731 5178 non
764 5123 921 5178 fuerit
941 5165 958 5190 ,
987 5123 1325 5180 manifestum
1354 5134 1439 5181 est
1478 5140 1575 5181 vos
1604 5126 1856 5195 explora-

248 5221 400 5268 tores
430 5225 577 5273 esse.
602 5221 656 5267 et
684 5222 966 5284 propterea
996 5213 1099 5269 huc
1124 5216 1354 5271 venisse.
1389 5215 1455 5270 Et
1487 5216 1588 5271 hoc
1619 5232 1743 5271 cum
1774 5218 1859 5272 di-

250 5302 447 5367 xisset,
465 5302 554 5359 l7.
577 5301 757 5359 Posuit
776 5321 862 5358 eos
884 5306 935 5358 in
950 5321 1172 5362 carcere.
1190 5304 1323 5360 Vide
1343 5307 1611 5377 quomodo
1627 5307 1864 5377 ipsorum

254 5392 450 5464 probat
474 5391 737 5459 animum,
759 5404 814 5450 et
839 5410 935 5465 per
961 5409 1021 5450 ea
1042 5411 1162 5466 qum
1183 5394 1237 5450 in
1266 5396 1388 5452 illos
1414 5398 1540 5468 agit,
1565 5414 1714 5453 suam
1736 5414 1861 5470 erga

252 5480 481 5538 fratrem
510 5482 754 5538 declarat
779 5484 1227 5541 benevolentiam.
1265 5485 1389 5541 Post
1416 5498 1516 5543 tres
1554 5501 1723 5543 autem
1757 5491 1865 5546 dies

252 5575 447 5627 matis
486 5573 616 5639 illis,
639 5575 769 5629 dixit
803 5592 823 5631 :
852 5576 939 5633 l8.
987 5575 1101 5632 Hoc
1130 5579 1315 5649 facite,
1357 5588 1403 5635 et
1445 5581 1616 5635 eiectis
1656 5580 1864 5635 :Denm

245 5663 388 5717 cuius
408 5678 504 5735 ego
530 5665 703 5720 timeo.
736 5666 819 5722 l9.
859 5668 921 5724 Si
947 5669 1152 5738 paciﬁci
1184 5670 1300 5724 estis
1321 5711 1335 5737 ,
1368 5686 1499 5725 unus
1527 5670 1747 5740 fratrum
1773 5688 1858 5725 rc-

239 5762 483 5807 :trorutn
535 5755 821 5811 detineatur
888 5761 970 5816 hic
1023 5761 1077 5816 in
1123 5777 1323 5816 carcere
1340 5803 1365 5831 ,_
1400 5778 1487 5817 ros
1520 5773 1687 5817 autem
1745 5780 1865 5833 pro-

1311 374 1379 433 IN
1414 374 1566 433 CAP.
1598 371 1758 430 XLII.
1789 369 2037 429 δεμες.
2079 366 2309 427 llOHlL.
2348 367 2535 426 LXIV.

3470 371 3579 430 550

1977 483 2305 553 ﬁciscimini;
2346 494 2395 540 et
2451 485 2646 540 avrkite
2693 483 3002 557 emptionem
3040 480 3447 553 frumentationis
3489 495 3576 534 ee-

1969 584 2108 639 strc,
2135 574 2226 629 20.
2254 584 2301 631 et
2323 577 2532 648 fratrem
2552 586 2775 632 oestrum
2792 576 3059 648 jnniorem
3085 576 3254 632 ducite
3288 576 3360 631 ad
3384 593 3465 631 me
3486 614 3503 640 ,
3531 583 3582 629 et

1967 656 2229 731 credibilia
2249 669 2397 714 erunt
2412 658 2559 714 verba
2582 669 2740 714 vestra
2767 676 2787 715 .'
2811 660 2949 731 quod
2998 657 3046 713 si
3102 661 3278 717 minus
3302 696 3320 725 .
3377 657 3581 714 morie-

2044 830 2367 889 Conscientia
2405 834 2615 889 damnat
2656 837 2912 890 conscium
2944 834 3151 905 peccati.
3183 860 3253 874 —-
3272 830 3475 888 Consid
3485 846 3575 888 em

1972 926 2355 995 sagacitatem:
2390 926 2588 983 Valens
2623 940 2773 982 suam
2821 938 2948 997 erga
2981 924 3105 980 illos
3142 923 3575 980 benevolentiam

1971 1014 2265 1082 declarare,
2309 1026 2362 1074 et
2399 1017 2561 1087 patris
2609 1016 2882 1087 penuriam
2927 1014 3423 1086 eonsolari,deque
3470 1014 3576 1067 fra-

1972 1113 2054 1161 tre
2100 1108 2375 1163 veritatem
2438 1108 2648 1164 disecre
2675 1148 2691 1174 ,
2742 1122 2849 1162 uno
2910 1116 3155 1173 retento,
3205 1106 3342 1161 alios
3422 1105 3573 1160 abire

1966 1194 2148 1267 jussit.
2195 1198 2298 1255 Sed
2372 1198 2496 1254 vide
2557 1213 2703 1255 nunc
2750 1196 3021 1270 quomodo
3086 1196 3411 1253 conscientia
3470 1209 3589 1253 eo-‘

1970 1305 2088 1346 rum
2118 1332 2132 1352 .
2162 1291 2500 1362 incorruptus
2544 1292 2634 1347 ille
2656 1291 2841 1361 iudex,
2870 1289 3126 1345 adversus
3153 1304 3253 1345 eos
3292 1288 3527 1358 insurgat
3550 1328 3568 1353 ,

1969 1389 2024 1435 et
2053 1381 2197 1435 nullo
2218 1392 2474 1453 argnente
2495 1423 2511 1446 ,
2540 1381 2622 1437 vel
2649 1383 2701 1436 in
2730 1380 2961 1435 medium
2986 1379 3258 1450 quidpiam
3285 1379 3566 1440 afferente,

1969 1470 2070 1542 ipsi
2096 1472 2176 1526 sui
2203 1472 2439 1542 ipsorum
2466 1483 2806 1529 acea-stores
2836 1471 2985 1527 fiant.
3015 1470 3157 1525 Dixit
3182 1471 3348 1538 enim,
3372 1469 3564 1539 inquit,

1968 1562 2312 1634 unusquismte
2338 1563 2407 1616 ad
2436 1565 2644 1633 fratrem
2672 1578 2818 1617 suum
2847 1603 2863 1628 ,
2892 1563 2984 1618 2i.
3016 1561 3200 1616 Merito
3225 1578 3246 1616 .'
3270 1562 3321 1615 in
3348 1563 3568 1633 peccatis

1968 1650 2101 1706 enim
2128 1668 2303 1706 sumus
2332 1662 2537 1723 propter
2562 1658 2771 1724 fratrem
2802 1663 3030 1708 nostrum
3048 1693 3063 1720 ,
3095 1652 3215 1722 quia
3241 1652 3567 1722 despeximus

1964 1743 2282 1815 aﬂiictionem
2322 1745 2507 1799 anima
2532 1746 2672 1812 eius,
2704 1745 2907 1813 quando
2936 1744 3298 1815 deprecabatur
3344 1758 3473 1811 nos,
3517 1752 3568 1797 et

1967 1849 2068 1889 non
2104 1835 2451 1890 exaudiaimus
2486 1852 2638 1904 eum;
2679 1846 2887 1906 propter
2934 1836 3029 1891 hoc
3080 1834 3214 1889 venit
3263 1852 3418 1907 super
3467 1852 3563 1891 nos

1964 1926 2130 1983 omnis
2180 1927 2383 2000 afﬂictio
2425 1928 2553 1983 lucc.
2610 1929 2683 1984 Ita
2722 1930 2865 1985 enim
2911 1945 2970 1986 se
3026 1928 3188 1985 habet
3238 1938 3559 2000 peccatum;

1964 2014 2178 2086 quando
2216 2028 2643 2073 consummatum
2672 2027 2758 2074 est
2783 2028 2837 2074 et
2864 2033 3030 2090 opere
3070 2018 3404 2089 perfectum,
3438 2027 3565 2074 tunc

1964 2121 2077 2162 sua:
2104 2106 2448 2165 absurditatis
2474 2109 2710 2165 ostendit
2736 2123 3042 2167 excessum.
3085 2109 3150 2167 Et
3193 2109 3340 2165 sicut.
3358 2110 3563 2178 ebrius,

1963 2198 2181 2269 quando
2205 2200 2374 2256 multo
2393 2200 2521 2256 vino
2545 2216 2606 2257 se
2633 2202 2943 2273 ingurgitat,
2966 2201 3171 2258 nullum
3198 2201 3361 2257 sentit
3384 2215 3415 2255 a
3437 2201 3566 2257 vino

1963 2287 2218 2345 damnum
2240 2331 2257 2355 ,
2291 2300 2475 2361 postea
2498 2301 2676 2348 autem
2714 2294 2879 2348 sentit
2903 2293 3273 2363 experimento
3300 2302 3562 2363 quantum

1962 2378 2034 2435 sit
2054 2378 2464 2438 detrimentum:
2484 2383 2551 2438 ita
2570 2391 2623 2438 et
2644 2391 2939 2454 peccatum,
2952 2383 3125 2440 donec
3139 2392 3562 2449 consummetur,

1963 2473 2278 2530 obtenebrat
2296 2484 2549 2543 mentem,
2567 2485 2619 2531 et
2646 2476 2798 2545 quasi
2821 2475 2987 2532 densa
3013 2476 3203 2542 nubes,
3233 2476 3303 2531 ita
3329 2486 3562 2531 mentem

1963 2576 2199 2623 excmcat
2222 2567 2452 2625 :deiude
2476 2570 2804 2625 conscientia
2831 2571 3076 2641 insurgit,
3104 2579 3159 2625 et
3185 2570 3376 2641 quovis
3403 2585 3563 2626 accuo

1961 2667 2142 2716 satore
2170 2670 2404 2717 mentem
2444 2661 2658 2733 gravius
2687 2661 2887 2717 arrodit
2912 2703 2928 2727 ,
2959 2671 3265 2719 nionsttaus
3308 2661 3559 2718 absurdi-

1964 2758 2126 2807 tatcm
2153 2750 2298 2808 facti.
2328 2752 2615 2808 Enimvero
2645 2751 2765 2808 vide
2791 2767 2933 2808 nunc
2970 2751 3069 2808 hos
3108 2753 3159 2807 in
3205 2755 3404 2823 peccati
3432 2768 3561 2810 seno

1963 2855 2084 2899 sum
2108 2842 2418 2910 venientes;
2443 2853 2495 2899 et
2529 2858 2651 2899 cum
2676 2843 2743 2899 de
2767 2859 2975 2899 summa
3022 2843 3210 2899 salutis
3261 2843 3560 2914 periculum

1962 2936 2304 3005 immineret,
2337 2945 2460 2993 tunc
2496 2935 2712 2993 tandem
2756 2937 3089 2995 confitentes
3116 2954 3238 3010 quae
3283 2938 3556 3003 fecerant,

1957 3034 2013 3081 et
2039 3024 2300 3092 dicentes,
2331 3025 2518 3081 Merito
2538 3026 2554 3057 ⁸
2588 3044 2601 3080 :
2629 3029 2683 3081 in
2722 3029 2942 3098 peccatis
2983 3029 3118 3082 enim
3143 3043 3321 3087 sumus
3349 3039 3556 3101 propter

1959 3116 2171 3188 fratrem
2185 3125 2431 3182 nostrum,
2446 3118 2686 3188 quoniam
2698 3118 3030 3185 despeximus
3045 3117 3362 3187 (imminuent
3376 3121 3563 3175 mima

1959 3208 2090 3263 eius.
2122 3205 2237 3262 Non
2264 3205 2505 3276 fortuito,
2537 3222 2711 3279 neque
2728 3207 2845 3264 sine
2872 3221 3033 3268 causa
3060 3207 3175 3262 haec
3208 3208 3557 3274 sustinemus,

1958 3297 2053 3354 sed
2075 3298 2218 3368 juste
2244 3307 2300 3355 et
2313 3299 2465 3356 valde
2489 3300 2631 3371 justo
2650 3299 3048 3369 ptenaslnimus
3073 3300 3474 3357 inhumanitatis
3506 3312 3562 3358 et

1959 3391 2287 3449 crudelitatis
2310 3407 2470 3463 quam
2497 3406 2623 3462 erga
2655 3390 2874 3446 fratrem
2904 3401 3146 3447 nostrum
3172 3390 3553 3459 exhibuimus;

1964 3483 2217 3551 Quoniam
2254 3484 2574 3555 despeximus
2618 3484 2936 3555 aﬂlictionem
2965 3486 3150 3539 anima:
3176 3486 3318 3555 ejus,
3348 3484 3556 3554 quando

1959 3578 2324 3649 deprecabatur
2375 3594 2466 3634 nos
2490 3620 2506 3645 ,
2536 3586 2580 3633 et
2606 3594 2706 3631 non
2757 3576 3043 3631 audiuimus
3068 3593 3205 3632 eum.
3250 3575 3515 3644 Quoniam
3539 3618 3556 3644 ,

1961 3670 2164 3742 inquit,
2216 3670 2417 3739 absque
2465 3668 2933 3724 commiseratione
2980 3667 3175 3725 fuimus
3198 3709 3216 3735 ,
3245 3677 3300 3724 et
3329 3668 3555 3725 multam

1960 3760 2301 3816 exhibuimus
2342 3759 2740 3823 crudelitatem,
2769 3768 3048 3829 propterea
3076 3774 3220 3815 nunc
3246 3773 3344 3816 nos
3369 3760 3556 3817 eadem

1960 3853 2290 3922 experimur,
2325 3859 2380 3906 et
2402 3849 2618 3905 Propter
2644 3854 2737 3905 hoc
2766 3853 2897 3906 venit
2961 3850 3178 3921 afflictio
3231 3851 3342 3906 hinc
3397 3865 3556 3919 super

2027 4028 2080 4084 3.
2108 4026 2175 4083 Et
2194 4025 2309 4083 haec
2330 4025 2546 4098 quidem
2575 4024 2650 4081 illi
2676 4026 2816 4081 inter
2835 4039 2894 4079 se
2918 4024 3272 4085 disserebant,
3303 4036 3553 4095 putantes

1958 4119 2090 4175 nihil
2134 4118 2324 4174 horum
2352 4117 2538 4173 audire
2565 4116 2880 4186 Josepltum.
2910 4115 3041 4169 Nam
3074 4116 3221 4184 quasi
3267 4116 3548 4184 ignorans,

1956 4222 2009 4268 et
2036 4211 2284 4266 nesciens
2311 4225 2497 4265 eorum
2545 4208 2811 4279 linguam,
2862 4222 2957 4277 per
2992 4207 3333 4275 interpretem
3365 4207 3553 4278 loque«

1957 4303 2115 4358 batur
2146 4303 2225 4357 eis
2244 4344 2260 4370 ,
2290 4302 2378 4371 qui
2409 4316 2471 4355 ea
2500 4316 2621 4371 qua:
2648 4299 2721 4353 illi
2748 4298 3125 4367 loquclmntur,
3157 4308 3210 4353 et
3230 4313 3292 4353 ea
3318 4314 3439 4369 qua:
3465 4299 3555 4354 ille

1956 4395 2064 4460 tis,
2097 4396 2408 4464 explicaret.
2440 4392 2531 4447 22.
2574 4390 2797 4447 Audiens
2836 4400 3004 4444 autem
3038 4391 3145 4444 Itwc
3194 4390 3398 4453 Ruben,
3426 4390 3557 4444 dixit

1956 4490 2027 4542 eis
2052 4503 2071 4541 :
2098 4485 2284 4542 Nonne
2307 4486 2545 4554 loquutus
2576 4500 2688 4537 sum
2716 4483 2855 4537 vobis
2880 4482 3049 4534 dicens
3076 4496 3097 4534 :
3126 4480 3208 4535 Ne
3232 4482 3420 4550 injuria
3444 4482 3556 4551 afﬁ-

1955 4578 2104 4631 ciatis
2142 4592 2374 4649 puerum,
2404 4585 2449 4630 et
2478 4591 2578 4628 non
2602 4573 2880 4649 exaudistis
2911 4572 3034 4626 me.’
3086 4570 3150 4625 Et
3194 4588 3308 4626 ecce
3341 4573 3552 4644 sanguis

1958 4669 2068 4741 ejus
2117 4667 2415 4742 exquiritur.
2467 4665 2654 4721 Nonne
2697 4674 2857 4731 tunc,
2920 4664 3119 4735 inquit,
3174 4666 3551 4731 consulebam,

1960 4774 2139 4814 nonne
2214 4757 2593 4822 obsecrabam,
2656 4771 2723 4810 ne
2788 4755 2931 4825 quod
2984 4764 3258 4824 peccatum
3316 4755 3368 4810 in
3434 4771 3556 4811 eum

1959 4849 2360 4906 admitteretis?
2415 4849 2702 4919 Pr0pterca
2746 4862 2887 4903 nunc
2936 4847 3160 4919 Sanguis
3211 4847 3323 4918 ejus
3378 4851 3556 4919 ezqui-

1959 4948 2109 5000 ritur.
2160 4944 2294 5002 Nam
2340 4953 2596 5014 quantum
2636 4941 2701 4995 ad
2767 4942 3097 5010 propositum
3141 4948 3415 5006 vestrum,
3466 4957 3559 4995 oc-

1959 5037 2164 5095 cidistis
2211 5053 2224 5089 :
2275 5035 2400 5090 licet
2464 5034 2608 5087 enim
2676 5047 2781 5085 non
2848 5046 2945 5101 per
3010 5030 3253 5100 jugulum
3321 5030 3557 5100 gladium

1962 5125 2365 5184 transmiseritis
2387 5165 2404 5192 ,
2436 5122 2678 5180 barbaris
2705 5132 2883 5177 tamen
2914 5121 3041 5175 viris
3070 5136 3192 5174 eum
3222 5121 3557 5185 vendidistis,

1959 5230 2014 5278 et
2039 5228 2213 5275 morte
2238 5216 2593 5274 difficiliorem
2621 5216 2670 5270 ei
2700 5212 3011 5268 servitutem
3042 5212 3412 5281 excogitastis:
3440 5210 3561 5266 ideo

1961 5327 2105 5369 nunc
2148 5310 2375 5381 Sanguis
2418 5308 2527 5379 ejus
2562 5305 2858 5375 exquiritur.
2909 5300 3094 5373 Cogita
3142 5312 3397 5373 quantum
3432 5304 3559 5357 sita

1959 5404 2285 5461 conscientia
2314 5416 2409 5457 sua
2436 5398 2674 5454 accusari
2701 5440 2715 5462 ,
2743 5397 3043 5465 Imbereque
3073 5404 3335 5467 perpetuo
3361 5411 3559 5467 urgen-

1963 5507 2067 5553 tem
2093 5505 2147 5551 et
2171 5495 2490 5549 clamantem
2518 5499 2914 5552 accusatorem,
2943 5496 2999 5541 et
3025 5486 3205 5543 scelus
3226 5502 3530 5543 commemo

1962 5599 2187 5645 rantem.
2218 5584 2309 5641 25.
2341 5584 2407 5637 Et
2428 5590 2536 5639 hac
2555 5583 2715 5636 audiit
2750 5582 2952 5653 quidem
2988 5580 3213 5650 Joscph,
3252 5581 3351 5650 ipsi
3394 5591 3563 5635 autem

1961 5682 2310 5744 nesciverunt,
2361 5692 2419 5729 eo
2464 5675 2600 5745 quod
2648 5676 2924 5744 interprete
2977 5681 3201 5726 uteretur
3243 5689 3265 5727 :
3314 5671 3407 5727 sed
3454 5689 3561 5729 nun

1963 5774 2098 5828 ultra
2127 5772 2267 5827 ferre
2296 5769 2497 5841 potuit,
2527 5768 2761 5823 fraterna
2793 5775 2978 5819 natura
3010 5773 3075 5818 et.
3094 5763 3560 5820 commiseratieua
