4186 6324
618 368 717 429 55!

612 482 799 556 ipsum.
821 489 1091 551 urguente.
1120 479 1209 534 24.
1242 476 1307 532 Et
1332 492 1553 541 aversus,
1582 475 1784 546 inquit,
1814 474 1875 531 ab
1920 474 2012 539 eis,
2036 474 2170 545 [iecit
2188 513 2203 539 ,

616 585 675 631 ut
699 588 810 631 non
839 579 1214 644 agnoscantur
1238 569 1307 625 ab
1336 569 1432 624 eis.
1468 567 1535 622 Et
1562 569 1741 623 iterum
1769 566 1977 622 accessit
2005 565 2073 620 ad
2100 580 2207 631 eos,

615 678 661 722 et
719 668 959 738 loquutus
999 672 1072 719 est
1118 663 1207 717 eis.
1256 660 1351 717 25.
1418 659 1496 715 Et”
1526 660 1719 731 accepit
1776 659 2115 730 Symeonem,
2161 665 2208 710 et

613 761 773 816 rinecit
801 775 915 814 sum
944 773 1113 813 caram
1143 757 1235 811 eis.
1266 755 1398 809 Vide
1424 753 1691 823 quomodo
1716 751 1893 807 omnia
1919 750 2077 807 faciat
2102 765 2207 822 quo

614 852 837 909 incutiat
863 852 943 908 eis
968 859 1231 906 terrorem
1259 864 1273 914 ;
1297 857 1355 903 ut
1378 847 1620 903 videntes
1647 844 1858 901 vincula
1885 844 2168 917 Symeonis
2187 885 2202 912 ,

614 944 822 1000 indiciis
846 958 906 999 se
936 942 1244 1013 proderent,
1276 954 1344 995 an
1370 937 1549 993 fratris
1579 938 1809 1007 aliquam
1853 935 2204 994 commisera-

612 1035 815 1092 tionem
844 1035 1122 1091 baberent.
1175 1031 1300 1087 Hm
1325 1032 1465 1086 enim
1493 1030 1668 1085 omnia
1700 1030 1827 1086 facit
1856 1028 2087 1099 probans
2112 1040 2205 1084 eo-

613 1144 739 1183 rum
754 1138 1009 1193 mentem,
1032 1134 1083 1181 et
1097 1124 1234 1179 scire
1258 1123 1463 1189 volens,
1484 1138 1611 1178 num
1634 1130 1687 1178 et
1712 1130 1898 1178 contra
1921 1120 2204 1191 Benjamin

614 1218 751 1276 tales
772 1217 967 1273 fuerint
990 1233 1003 1269 :
1024 1224 1302 1286 propterea
1332 1226 1385 1270 et
1405 1214 1726 1285 Symeonem
1754 1227 1935 1268 coram
1964 1212 2043 1268 eis
2073 1212 2202 1267 vin-

606 1310 706 1368 ciri
729 1309 899 1380 jubet,
931 1315 988 1363 ut
1013 1307 1295 1375 diligenter
1321 1320 1415 1361 eos
1436 1304 1645 1375 probet,
1668 1311 1722 1358 et
1742 1303 1873 1358 sciat
1894 1314 2018 1356 num
2044 1315 2202 1371 quam

610 1400 952 1457 dilectionem
980 1413 1106 1469 erga
1148 1398 1293 1451 illum
1332 1395 1607 1450 baberent.
1656 1392 1788 1448 Nam
1832 1390 2201 1447 misericordia

612 1496 665 1550 in
710 1494 861 1549 illum
906 1491 1165 1555 faciebat,
1212 1498 1269 1545 ut
1312 1489 1469 1544 citius
1508 1485 1783 1557 Benjamin
1827 1483 2198 1540 adducerent:

607 1588 753 1660 quod
783 1587 893 1642 ﬁeri
925 1584 1169 1648 volebat,
1199 1591 1259 1638 ut
1280 1580 1510 1637 adventu
1540 1579 1719 1635 fratris
1757 1592 1979 1636 securus
2002 1576 2199 1635 redde-

609 1690 774 1737 retur.
798 1678 864 1734 Et
889 1675 1164 1739 mandarit,
1198 1676 1387 1745 inquit,
1414 1683 1470 1728 ut
1506 1673 1641 1729 sacci
1666 1688 1841 1727 eorum
1866 1671 2200 1743 implerentur

607 1775 877 1843 frumento,
899 1782 946 1826 et
967 1781 1291 1839 reponeretur
1320 1769 1531 1839 pecunia
1568 1770 1961 1839 uniuscujusque
1991 1767 2047 1822 in
2080 1783 2196 1822 sac-

604 1881 719 1921 cum
737 1881 904 1930 suunt,
924 1874 968 1918 et
990 1863 1196 1917 daretur
1215 1862 1285 1917 eis
1312 1860 1547 1915 viaticum
1564 1861 1617 1915 in
1641 1860 1838 1913 itinere.
1865 1858 1957 1914 26.
1996 1857 2199 1913 Etcum

605 1957 958 2028 imposuissent
992 1954 1149 2008 asinis
1182 1953 1308 2021 suis,
1339 1951 1588 2007 abierunt.
1633 1950 1765 2006 Vide
1786 1958 1980 2021 quanta
2001 1948 2197 2005 libera-

606 2046 757 2101 litate
777 2052 977 2111 utatur,
1017 2043 1145 2099 dum
1198 2044 1358 2099 etiam
1412 2042 1590 2098 invitis
1634 2041 1711 2096 eis
1754 2040 2036 2109 benefacit,
2087 2056 2195 2097 non

604 2135 928 2192 frumentum
976 2134 1150 2191 solum
1198 2134 1352 2200 dans,
1404 2132 1498 2190 sed
1547 2133 1709 2189 etiam
1759 2133 2057 2202 pecuniam,
2102 2132 2194 2188 27.

603 2225 732 2280 Cum
771 2235 945 2279 autem
994 2240 1126 2279 unus
1172 2240 1236 2278 ea:
1284 2224 1356 2279 eis
1394 2223 1671 2293 aperuisset
1700 2238 1923 2288 saccum,
1974 2232 2032 2277 ut
2052 2223 2197 2277 daret

602 2314 846 2388 pabulum
887 2315 1065 2379 asinis,
1102 2314 1194 2369 28.
1224 2314 1348 2368 uidit
1390 2313 1675 2385 pecuniam,
1715 2321 1763 2367 et
1791 2313 1921 2367 diait
1953 2312 2197 2384 fratribus

602 2408 730 2464 suis.
764 2406 985 2479 PrOpter
1010 2406 1106 2461 Itoc
1135 2407 1403 2460 attonitum
1432 2414 1506 2460 est
1547 2420 1635 2459 cor
1679 2420 1871 2469 eorum,
1918 2413 1964 2459 et
2010 2405 2197 2459 turbati

601 2507 922 2553 suntmutuo
954 2498 1176 2551 dicentes
1196 2512 1215 2551 :
1242 2496 1345 2551 Cur
1366 2497 1460 2551 hoc
1499 2495 1610 2565 fecit
1638 2496 1779 2550 nobis
1801 2494 1977 2550 Deus?
1996 2494 2194 2552 lterum

603 2590 772 2661 magis
797 2590 944 2644 anxii
977 2588 1096 2643 facti
1119 2596 1264 2656 sunt,
1287 2588 1619 2657 suspicantes
1641 2602 1709 2641 ne
1734 2595 1789 2641 et
1816 2586 1916 2641 hoc
1939 2598 2195 2656 augmen-

602 2691 713 2736 tum
740 2681 819 2737 eis
844 2690 987 2736 esset
1007 2680 1457 2741 critninalionum,
1482 2687 1536 2733 et
1551 2691 1581 2731 a
1598 2676 1921 2732 conscientia
1938 2677 2191 2743 accusati,

601 2771 781 2825 omnia
812 2770 1113 2825 tribuebant
1144 2777 1362 2840 peccato
1387 2770 1525 2838 quod
1545 2769 1598 2823 in
1618 2767 1815 2837 Joseph
1842 2766 2189 2823 admiserant.

601 2862 737 2916 Cum
767 2862 1037 2916 venissent
1061 2872 1237 2915 autem
1276 2859 1342 2914 ad
1375 2872 1597 2929 patrem,
1628 2867 1683 2913 et
1714 2859 1890 2914 omnia
1929 2858 1978 2913 ei
2024 2860 2194 2914 mani-

602 2956 735 3009 feste
774 2951 1160 3021 declarassem,
1212 2960 1561 3007 narraverunt
1589 2950 2011 3022 indignationem
2046 2951 2192 3022 prin-

598 3044 731 3113 cipis
753 3042 970 3116 Egypti
996 3084 1010 3109 ,
1042 3058 1199 3113 quam
1227 3042 1432 3112 experti
1452 3050 1577 3096 sunt
1608 3060 1619 3094 :
1648 3052 1701 3097 et
1745 3057 1827 3111 qu.
1853 3042 1886 3096 d
1929 3043 2193 3111 posuisset

598 3147 691 3189 cos
739 3136 793 3188 in
841 3133 1124 3202 custodia,
1180 3133 1330 3203 quasi
1368 3134 1757 3201 exploratores.
1812 3134 1902 3189 5i.
1955 3132 2192 3189 Diximus

598 3238 765 3282 autem
787 3228 853 3293 ei,
886 3226 1149 3297 inquiunt,
1206 3225 1343 3295 quod
1378 3225 1578 3295 paciﬁci
1626 3242 1803 3291 simus,
1837 3226 1929 3283 32.
1967 3236 2013 3281 et
2054 3227 2192 3297 quod

598 3318 859 3372 duodecint
881 3319 1038 3384 simus
1064 3318 1269 3389 fratres,
1302 3325 1349 3370 et
1376 3317 1511 3387 quod
1549 3333 1677 3371 unus
1701 3334 1800 3371 non
1835 3319 2069 3389 supersit,
2096 3319 2193 3373 mi-

597 3410 764 3463 nimus
806 3417 975 3462 autent
1025 3410 1092 3462 sit
1145 3424 1260 3461 cum
1297 3418 1440 3479 patre
1475 3419 1664 3463 nostra.
1707 3410 1795 3465 '55.
1844 3408 1989 3464 Dixit
2022 3419 2189 3465 autent

598 3502 739 3555 nobis
771 3499 881 3555 ειη
905 3502 1003 3554 hoc
1024 3499 1345 3553 declarabitis
1373 3500 1507 3571 quod
1532 3501 1733 3571 paciﬁci
1774 3501 1904 3570 sitis,
1946 3503 1990 3556 si
2030 3506 2189 3575 fratre

598 3610 698 3647 uno
719 3592 799 3646 hic
819 3592 1014 3659 relicto,
1038 3592 1124 3646 54.
1158 3591 1419 3645 adducetis
1438 3595 1647 3663 fratrent
1667 3603 1883 3647 oestrum
1920 3596 2185 3664 minorem,

596 3694 651 3739 ut
676 3684 833 3739 sciam
876 3682 1010 3750 quod
1036 3699 1136 3736 non
1156 3682 1266 3736 sitis
1291 3682 1651 3752 exploratores.
1686 3683 1810 3738 llarc
1850 3685 2040 3740 iterum
2088 3700 2185 3741 ex-

596 3784 976 3846 asperaverunt
994 3774 1121 3844 justi
1144 3774 1469 3830 maestitiam.
1492 3774 1615 3829 Post
1637 3776 1992 3831 narrationem
2011 3788 2187 3833 autent

597 3868 735 3924 hanc
762 3869 986 3930 tristem.
1028 3882 1150 3921 eum
1178 3875 1526 3922 evacuassent
1567 3882 1753 3922 omnes
1802 3882 1988 3923 saccos
2025 3884 2185 3935 suos,

598 3961 800 4014 invenit
836 3958 1199 4028 unusquisque
1252 3958 1531 4027 pecuniam
1574 3964 1756 4023 'suam,
1796 3967 1850 4013 et
1896 3962 2189 4016 timuerunt

598 4054 697 4123 ipsi
728 4063 782 4107 et
809 4060 956 4122 pater
982 4066 1191 4106 eorum.
1225 4050 1292 4105 Et
1319 4050 1457 4117 vide,
1490 4064 1605 4118 oro,
1650 4051 1839 4105 iterum
1877 4052 1961 4107 hic
2002 4068 2183 4108 senem

598 4146 915 4215 plorantem.
951 4144 1016 4197 Et
1055 4144 1306 4213 quidnam
1332 4144 1599 4199 diciteis?
1648 4146 1736 4201 '56.
1792 4144 1877 4200 Me
1921 4146 2105 4217 absque
2132 4149 2185 4202 li-

602 4238 733 4293 beris
780 4253 886 4291 esse
922 4238 1109 4306 fecistis
1134 4254 1152 4289 :
1178 4235 1371 4305 Ioseph
1415 4252 1513 4290 non
1546 4246 1638 4302 est,
1672 4236 1895 4305 Symeon
1943 4255 2043 4292 non
2078 4250 2183 4307 est,

594 4340 641 4385 et
668 4332 800 4383 hunc
820 4328 1086 4399 Beniamin
1116 4328 1414 4397 accipietis?
1448 4327 1619 4398 Super
1655 4346 1732 4382 me
1772 4333 1907 4400 facta
1942 4339 2056 4383 sunt
2084 4331 2191 4385 lucc

599 4422 791 4477 omnia.
813 4419 927 4474 Non
954 4418 1249 4475 subiciebat
1272 4419 1422 4483 mihi,
1444 4421 1633 4490 inquit,
1655 4423 1825 4475 luctus
1846 4419 2064 4491 .Ioscph,
2092 4422 2187 4476 sed

600 4511 869 4581 adjecistis
908 4510 954 4564 ei
986 4519 1041 4564 ct
1085 4509 1405 4579 Symeonem
1438 4521 1530 4564 :et
1584 4526 1756 4580 neque
1812 4511 1896 4565 hic
1941 4511 2184 4566 dolorum

603 4619 841 4657 meorum
875 4602 994 4655 linis
1022 4610 1122 4667 est,
1169 4602 1262 4656 sed
1302 4610 1357 4657 et
1394 4601 1667 4671 Benjamin
1715 4603 1958 4671 accipere
2004 4603 2183 4659 vultis.

601 4696 771 4763 Super
795 4708 873 4744 me
900 4694 1033 4761 facta
1057 4702 1170 4746 sunt
1195 4693 1301 4745 haec
1331 4693 1520 4745 omnia.
1552 4692 1834 4746 Sufficiunt
1866 4694 1978 4749 hmo
2003 4695 2183 4763 verba,

601 4800 656 4842 ut
704 4787 943 4841 videatur
994 4800 1151 4854 quam
1205 4784 1443 4854 disrupta
1494 4784 1691 4838 fuerint
1745 4784 1910 4853 patris
1962 4786 2186 4842 viscera.

600 4879 1058 4950 Quemadmodum
1118 4879 1256 4933 enim
1322 4879 1419 4947 ipsi
1466 4878 1640 4933 omnis
1700 4892 1823 4947 Spes
1872 4879 1941 4934 de
1990 4880 2186 4951 Joseph

598 4975 843 5043 adempta
864 4982 977 5026 crat
1004 4972 1243 5042 (putabat
1266 4972 1405 5024 enim
1428 4987 1549 5026 eum
1568 4987 1594 5023 a
1616 4971 1800 5027 bestiis
1816 4972 2185 5046 devoratum);

603 5069 666 5121 ita
719 5074 773 5120 et
826 5080 998 5133 neque
1049 5064 1116 5118 de
1170 5066 1437 5135 Symeone
1485 5079 1633 5133 spem
1665 5065 1763 5119 sibi
1795 5065 2184 5133 pollicebatur:

600 5173 737 5213 nunc
758 5172 968 5227 quoque
995 5156 1135 5210 idem
1172 5156 1239 5209 de
1285 5155 1560 5225 Benjamin
1590 5156 1856 5210 formidat.
1908 5157 2190 5211 Verumta-

601 5267 720 5306 men
768 5248 1129 5305 reluctabatur
1157 5249 1353 5315 adhuc,
1382 5257 1435 5302 et
1489 5265 1592 5301 non
1622 5248 1780 5302 dabat
1830 5265 2070 5317 puerum.
2099 5251 2186 5305 57.

597 5342 931 5397 Dixitaulem
982 5342 1024 5395 ei
1073 5340 1248 5394 Ruben
1300 5341 1660 5409 primogenitus
1686 5339 2003 5409 ejus:l)nos
2056 5342 2191 5409 ﬁlios

600 5452 733 5489 meos
758 5435 945 5499 occide,
978 5435 1022 5488 si
1048 5450 1149 5487 non
1193 5434 1429 5486 reducam
1476 5450 1586 5485 eum
1631 5434 1698 5484 ad
1742 5444 1804 5486 te.
1854 5432 1933 5486 Da
1984 5452 2098 5487 eum
2137 5436 2188 5489 in

599 5543 804 5580 manum
834 5542 1017 5591 meam,
1050 5534 1097 5579 et
1120 5540 1211 5593 ego
1233 5526 1469 5577 reducam
1495 5541 1605 5585 eum
1635 5525 1702 5576 ad
1730 5537 1791 5577 te.
1822 5525 1967 5589 Milli,
1998 5528 2185 5597 inquit,

599 5632 719 5671 eum
747 5618 925 5683 crede,
960 5617 1088 5671 mihi
1114 5617 1284 5682 trade,
1314 5627 1366 5671 et
1389 5631 1487 5687 ego
1519 5617 1611 5670 tibi
1652 5632 1773 5671 eum
1805 5618 2078 5675 reducam.

672 5715 725 5766 t.
767 5712 879 5767 lloc
903 5723 1078 5767 autem
1112 5710 1334 5767 faciebat
1380 5709 1590 5775 Ruben,
1641 5712 1881 5782 cogitans
1922 5728 2029 5769 non
2070 5729 2191 5770 esse

606 5804 903 5870 possibile,
949 5807 1047 5859 nisi
1096 5820 1225 5873 puer
1276 5804 1429 5860 simul
1476 5802 1863 5872 descenderet,
1918 5806 2058 5876 ipsos
2120 5809 2185 5865 ad

1406 360 1465 419 Β.
1504 359 1783 419 ιαιΝΝιδ
1840 352 2311 417 οιιιιῖεοετοκι
2350 358 2670 417 ARCHIEP.
2708 360 3252 421 CONSTANTINOP.

2320 472 2607 547 Egyptum
2652 474 2831 533 redire
2855 517 2871 541 .
2916 485 2972 534 et
3014 491 3136 549 qure
3160 476 3230 534 ad
3278 475 3530 534 alimenta
3569 476 3922 549 pertinebant

2313 582 2516 624 emere.
2548 567 2667 626 Non
2690 569 2835 627 cedit
2858 578 3037 627 tamen
3064 580 3233 643 pater,
3264 571 3361 629 sed
3381 571 3549 629 dicit:
3580 571 3672 630 38.
3701 570 3924 644 Nequa-

2312 675 2464 729 quam
2504 661 2769 717 descendet
2796 662 2936 733 ﬁlius
2965 679 3107 719 meus
3134 665 3411 720 uobiscum.
3458 664 3661 722 Deinde
3694 675 3750 721 et
3788 680 3923 721 cau-

2311 765 2426 805 sam
2454 750 2605 819 dicit,
2642 754 2793 824 quasi
2831 755 3095 810 rationem
3141 754 3375 812 reddens
3398 754 3560 812 llliis:
3596 756 3729 824 Quia
3754 758 3926 830 frater

2310 842 2420 911 ejus
2450 853 2681 899 mortuus
2702 853 2793 910 est,
2829 853 2876 899 et
2902 846 3011 917 ipse
3031 846 3171 900 solus
3196 855 3268 901 est
3287 847 3515 903 relictus.
3543 846 3615 902 Et
3636 847 3917 919 continget,

2309 948 2423 987 eum
2446 943 2621 1006 utpote
2654 936 2803 991 ualde
2815 936 3057 1008 juvenem
3084 937 3137 991 in
3168 936 3350 993 itinere
3378 937 3640 1010 languere,
3680 948 3729 994 et
3753 938 3923 993 dedu-

2308 1029 2430 1082 cetis
2455 1040 2756 1084 senectutem
2779 1046 2942 1084 meam
2963 1046 3079 1085 cum
3105 1031 3313 1085 tristitia
3337 1030 3407 1085 ad
3451 1030 3665 1100 inferos.
3697 1030 3919 1096 Timeo,

2308 1117 2500 1188 inquit,
2531 1119 2673 1174 :rtati
2699 1117 3057 1176 adolescentis
3078 1162 3094 1187 ,
3137 1130 3193 1176 et
3234 1122 3481 1191 suspicor
3509 1135 3578 1177 ne
3618 1120 3783 1177 etiam
3813 1120 3918 1176 liae

2306 1208 2675 1265 consolatione
2691 1209 2951 1280 privatus,
2969 1224 3090 1266 cum
3108 1210 3293 1266 dolore
3309 1210 3472 1265 vitam
3493 1210 3692 1266 ﬁniam.
3714 1210 3918 1280 Quam-

2308 1299 2398 1355 diu
2429 1301 2571 1355 cnitn
2599 1302 2689 1357 ille
2718 1315 2930 1357 mecum
2958 1311 3062 1370 est,
3085 1300 3272 1357 videor
3292 1300 3422 1357 mihi
3452 1301 3654 1358 habere
3676 1302 3914 1372 aliquam

2307 1392 2757 1461 consolationem,
2789 1402 2843 1449 et
2865 1393 3024 1463 hujus
3043 1394 3379 1450 consuetudo
3410 1393 3601 1448 minuit
3645 1393 3779 1448 mibi
3816 1392 3915 1449 do-

2305 1484 2497 1564 lorem,
2526 1500 2685 1556 quem
2714 1499 2785 1541 ex
2814 1484 2979 1541 fratre
3007 1485 3125 1556 ejus
3152 1485 3398 1555 concepi.
3427 1484 3495 1540 Et
3519 1499 3674 1541 amor
3689 1484 3916 1555 quidem

2304 1578 2423 1645 ejus
2440 1590 2565 1646 erga
2588 1575 2958 1646 Benjaminum
2977 1589 3084 1630 non
3110 1573 3441 1631 concedebat
3471 1582 3530 1630 ut
3555 1574 3705 1629 illum
3724 1574 3915 1629 dimit-

2304 1676 2476 1734 teret;
2510 1669 2561 1724 l.
2602 1665 2885 1723 Violentior
2922 1677 3092 1722 autem
3122 1668 3274 1737 ﬁebat
3306 1668 3499 1738 fames,
3528 1676 3577 1723 et
3604 1667 3915 1737 deﬁciebant

2302 1760 2374 1815 eis
2398 1759 2515 1814 cibi.
2554 1758 2611 1813 2.
2643 1757 2710 1814 Et
2726 1759 2853 1813 dicit
2884 1760 2954 1814 eis
2972 1768 3116 1828 pater
3146 1774 3166 1814 :
3200 1757 3350 1815 Abite
3374 1758 3577 1827 iterum,
3606 1756 3791 1826 alet-te
3813 1774 3917 1815 no-

2302 1850 2378 1907 bis
2410 1866 2575 1923 pauca
2603 1849 2796 1905 edulia.
2838 1849 2892 1906 5.
2941 1849 3087 1906 Dixit
3129 1860 3299 1905 autem
3326 1851 3371 1905 ei
3397 1848 3568 1905 ludas
3596 1866 3617 1906 :
3646 1848 3916 1906 Testando

2300 1951 2564 1998 attestatus
2590 1952 2666 1997 est
2684 1942 2829 1997 nobis
2856 1942 3032 2008 homo,
3077 1941 3250 1997 dicens
3270 1958 3290 1998 :
3320 1939 3449 1997 Non
3475 1942 3704 1998 videbitis
3724 1944 3917 2016 faciem

2302 2049 2485 2097 nteant,
2506 2034 2603 2087 nisi
2623 2033 2788 2104 frater
2804 2042 2963 2089 uester
2973 2034 3155 2103 junior
3166 2032 3425 2087 nobiscum
3446 2034 3625 2105 fuerit.
3642 2034 3699 2089 ι.
3726 2034 3754 2087 Ι
3760 2045 3922 2106 taque

2300 2124 2345 2179 si
2368 2124 2525 2179 mittis
2563 2123 2826 2179 nobiscum
2876 2124 3091 2193 fratrem
3118 2133 3371 2189 nostrum,
3414 2123 3811 2191 descendemus,
3864 2133 3918 2179 et

2299 2230 2527 2271 ememus-
2546 2216 2637 2269 tibi
2658 2216 2912 2286 frumenta
2930 2230 2951 2269 :
2979 2214 3033 2269 5.
3062 2214 3142 2268 sin
3170 2213 3360 2279 minus,
3406 2230 3508 2268 non
3524 2213 3727 2270 ibimus.
3761 2212 3913 2271 Nam

2301 2304 2452 2359 homo
2482 2304 2571 2359 ille
2594 2304 2726 2361 dixit
2748 2304 2893 2359 nobis
2922 2319 2942 2359 :
2973 2303 3095 2359 Non
3122 2304 3353 2359 uidebitis
3376 2306 3562 2377 faciem
3592 2322 3777 2377 meam,
3805 2307 3916 2361 nisi

2298 2402 2459 2472 frater
2486 2410 2646 2455 vester
2676 2401 2862 2472 junior
2900 2400 3055 2473 fuerit
3083 2401 3342 2456 vobiscum
3402 2400 3607 2473 (Caput
3650 2398 3776 2473 d3).
3828 2400 3915 2458 Ne

2299 2502 2474 2561 putes,
2510 2492 2704 2562 inquit,
2732 2492 2851 2547 sine
2884 2491 3048 2547 fratre
3077 2506 3178 2547 nos
3212 2506 3370 2563 posse
3402 2490 3734 2548 descendere
3754 2491 3908 2547 illuc.

2298 2583 2349 2637 Si
2390 2582 2534 2638 enim
2548 2584 2628 2638 vis
2651 2594 2895 2640 nostrum
2929 2584 3247 2640 descensum
3273 2584 3507 2653 irritum,
3526 2592 3581 2639 et
3595 2597 3695 2639 nos
3716 2597 3915 2640 omnes

2299 2673 2550 2743 periculis
2577 2674 2814 2740 involvi,
2852 2675 2991 2729 viam
3024 2686 3263 2731 nostram
3295 2676 3573 2730 abeamus.
3616 2674 3769 2731 Scias
3810 2690 3913 2730 au-

2303 2772 2410 2818 tem
2440 2763 2588 2819 illum
2620 2774 2972 2834 protestatum
3011 2765 3209 2833 fuisse,
3248 2781 3350 2823 nos
3394 2782 3501 2822 non
3544 2767 3754 2822 visuros
3782 2780 3912 2823 esse

2297 2852 2485 2909 faciem
2531 2855 2684 2925 ejus,
2718 2856 2820 2911 nisi
2860 2856 3025 2911 frater
3063 2857 3245 2926 junior
3284 2858 3561 2913 nobiscum
3604 2856 3905 2913 advenerit.

2296 2946 2570 3017 Angustias
2602 2947 2835 3018 undique
2862 2959 3020 3003 erant
3043 2948 3243 3017 Jacob;
3274 2949 3394 3005 ideo
3426 2950 3644 3018 plorans
3671 2949 3806 3005 dicit
3834 2948 3908 3006 ad

2296 3053 2426 3092 eos:
2456 3038 2509 3092 6.
2540 3038 2711 3104 Quare
2730 3040 2977 3109 afflixistis
3005 3056 3085 3094 me
3105 3082 3119 3105 ,
3152 3042 3511 3095 annuntiantes
3542 3042 3649 3096 uiro
3678 3040 3819 3114 quod
3838 3042 3908 3098 sit

2295 3130 2433 3185 vobis
2475 3132 2674 3202 frater?
2719 3131 2822 3186 Cur
2881 3148 2962 3186 me
2998 3133 3287 3203 aﬂlixistis.’
3332 3132 3511 3200 Quare
3547 3132 3907 3190 mihihon

2295 3224 2558 3278 malorum
2586 3233 2834 3280 auctores
2858 3224 2977 3299 facti
3005 3224 3178 3300 estis?
3205 3225 3338 3281 Nam
3368 3227 3413 3280 si
3442 3226 3545 3281 hoc
3569 3226 3668 3295 ipsi
3693 3241 3801 3281 non
3833 3228 3909 3283 si-

2294 3316 2687 3386 gniticassctis,
2732 3331 3067 3387 nequaquam
3110 3317 3380 3389 Symeone
3414 3305 3860 3388 privatusesscm
3884 3360 3903 3388 ,

2297 3423 2397 3463 nec
2427 3408 2575 3463 illum
2599 3423 2627 3462 a
2657 3409 2811 3464 vobis
2838 3410 3224 3481 rcquisivisset.
3248 3411 3301 3465 7.
3329 3409 3418 3464 Illi
3437 3421 3609 3465 autem
3628 3412 3906 3467 dixerunt:

2295 3496 2633 3571 Interrogavit
2676 3518 2768 3555 nos
2798 3502 2969 3569 homo,
3000 3519 3121 3555 num
3163 3502 3334 3557 adhuc
3366 3512 3509 3572 pater
3539 3512 3708 3557 noster
3729 3503 3902 3574 vivat,

2294 3598 2341 3644 et
2371 3607 2493 3643 num
2518 3592 2582 3643 sit
2605 3590 2749 3645 nobis
2772 3591 2952 3661 frater,
2987 3601 3033 3646 et
3058 3592 3471 3646 annuntiaoimus
3490 3592 3557 3646 ei.
3596 3592 3649 3646 Ν
3655 3610 3741 3647 um
3765 3595 3905 3650 scie-

2296 3679 2473 3733 bamus
2519 3680 2655 3749 quod
2695 3681 2923 3735 dicturus
2970 3690 3098 3736 esset
3147 3682 3325 3749 nobis,
3373 3683 3627 3738 Adducite
3684 3686 3903 3756 fratrem

2293 3772 2553 3826 uestrum?
2580 3772 2657 3827 Ne
2684 3781 2859 3842 putes,
2893 3774 3080 3844 inquit,
3116 3784 3311 3845 sponte
3335 3790 3434 3830 nos
3466 3776 3746 3832 confessos
3773 3792 3905 3836 esse

2293 3867 2430 3932 viro,
2464 3875 2524 3921 ut
2548 3882 2607 3923 se
2646 3867 2880 3923 habeant
2913 3884 3001 3924 res
3030 3880 3247 3928 nostrae.
3281 3871 3544 3938 Quoniam
3570 3874 3715 3927 enim
3743 3872 3903 3943 quasi
3940 3916 3943 3917 ν

2293 3959 2663 4028 exploratores
2686 3960 2736 4013 in
2761 3961 3119 4031 suspicionem
3147 3978 3269 4018 cum
3298 3966 3654 4032 venissemus,
3684 3979 3783 4019 nos
3804 3963 3903 4023 do-

2294 4052 2474 4118 tinnit,
2498 4053 2844 4123 interrogavit
2869 4065 3046 4111 autem
3075 4056 3360 4126 diligenter
3376 4056 3444 4112 de
3468 4059 3632 4113 rebus
3659 4057 3897 4113 nostris:

2292 4144 2534 4198 volentes
2576 4159 2698 4199 eum
2746 4162 2871 4202 vere
2922 4149 3099 4202 omnia
3155 4148 3385 4216 docere,
3444 4149 3569 4203 talia
3620 4150 3897 4205 diximus:

2292 4234 2342 4288 8.
2382 4234 2525 4289 Dixit
2555 4247 2723 4290 autem
2748 4255 2926 4291 rursus
2954 4239 3122 4291 ludas
3164 4240 3234 4293 ad
3281 4250 3475 4310 patrem
3520 4256 3668 4295 suum
3700 4256 3718 4294 :
3749 4239 3901 4295 Mitte

2296 4342 2507 4393 puerum
2538 4343 2753 4392 mecum,
2775 4338 2821 4381 et
2839 4340 3100 4399 surgentes
3128 4331 3331 4397 ibimus,
3359 4340 3414 4383 ut
3439 4332 3687 4399 vivamus,
3716 4341 3764 4385 et
3794 4347 3899 4386 non

2294 4415 2590 4469 moriamur.
2635 4416 2787 4482 Mem,
2817 4419 3006 4487 inquit,
3032 4418 3151 4474 fidei
3184 4421 3329 4475 illum
3360 4421 3590 4489 credito,
3623 4430 3683 4476 ut
3710 4423 3899 4477 accin-

2292 4518 2477 4574 gamus
2510 4521 2606 4561 nos
2634 4507 2831 4562 itineri.
2871 4509 3215 4580 Consumptis
3240 4513 3381 4567 enim
3412 4514 3545 4568 cibis
3573 4516 3719 4570 nulla
3744 4514 3903 4573 nobis

2294 4599 2479 4653 salutis
2509 4615 2633 4670 Spes
2662 4602 2784 4669 erit,
2809 4616 2982 4672 neque
3007 4604 3221 4660 aliunde
3252 4607 3458 4661 consuli
3495 4608 3651 4663 nobis
3676 4608 3899 4678 poterit.

2294 4690 2347 4744 9.
2377 4690 2483 4761 Ego
2510 4694 2703 4763 accipio
2730 4710 2843 4748 eum
2863 4706 3004 4759 ate;
3035 4698 3133 4750 nisi
3154 4699 3405 4752 reduxero
3437 4716 3570 4765 eum,
3602 4712 3651 4754 et
3672 4714 3900 4762 statuero

2294 4797 2461 4835 coram
2492 4794 2557 4849 te,
2588 4800 2674 4838 ero
2716 4786 2802 4839 ille
2844 4788 2933 4856 qui
2967 4790 3167 4853 peccavi
3200 4790 3287 4843 tibi
3310 4791 3541 4845 omnibus
3571 4793 3768 4849 diebus.
3811 4797 3900 4853 10.

2298 4862 2415 4926 Nisi
2443 4877 2575 4928 enim
2605 4877 2800 4930 tamdiu
2843 4878 3025 4931 morati
3056 4880 3355 4947 fuissemus,
3391 4883 3507 4951 jam
3547 4887 3775 4941 secundo
3824 4905 3905 4942 rc-

2295 4969 2631 5023 uertissemus.
2674 4968 3085 5026 Commiseratio
3110 4989 3269 5042 quam
3306 4976 3528 5031 exhibes
3558 4992 3731 5045 puero
3756 5020 3772 5045 ,
3822 4981 3905 5035 in-

2296 5058 2426 5126 quit,
2461 5059 2611 5113 nobis
2638 5061 2882 5116 omnibus
2914 5063 3017 5117 erit
3041 5078 3199 5117 causa
3226 5066 3492 5121 interitus.
3537 5066 3704 5123 Fame
3755 5071 3901 5126 enim

2298 5153 2588 5221 peribimus
2616 5195 2628 5218 ,
2662 5154 2764 5208 nisi
2803 5170 2923 5208 eum
2971 5156 3249 5212 nobiscum
3278 5159 3404 5214 velit
3428 5161 3724 5216 dimittere.
3768 5164 3903 5219 Vide

2300 5245 2509 5297 tandem
2542 5245 2647 5307 hic,
2680 5244 2895 5310 dilecte,
2924 5248 3195 5317 quomodo
3223 5248 3377 5305 famis
3408 5253 3703 5307 necessitas
3736 5256 3903 5323 patris

2297 5351 2535 5390 amorem
2566 5338 2772 5392 vicerit.
2806 5337 3003 5393 Videns
3024 5341 3166 5393 enim
3200 5356 3304 5394 non
3344 5342 3558 5398 aliunde
3586 5343 3790 5399 famem
3821 5360 3903 5401 se.

2298 5427 2409 5480 dari
2445 5444 2621 5496 posse,
2650 5442 2871 5498 eamque
2900 5430 2950 5483 in
2976 5432 3092 5485 dies
3124 5433 3291 5503 magis
3336 5448 3396 5487 ac
3428 5436 3596 5504 magis
3623 5436 3901 5493 incresoeo

2300 5535 2356 5573 re
2392 5539 2403 5574 :
2441 5520 2496 5573 Si
2538 5523 2604 5573 ita
2637 5531 2756 5588 est,
2800 5523 2967 5593 inquit
2997 5566 3009 5588 ,
3044 5535 3097 5578 et
3124 5535 3335 5594 Oportet
3366 5526 3465 5580 hoc
3494 5529 3719 5583 omnino
3749 5531 3899 5595 lieri.

2302 5612 2525 5676 potestis
2554 5612 2905 5679 descendere,
2931 5615 3029 5668 nisi
3058 5616 3199 5671 hunc
3220 5619 3560 5687 acceperitis,
3608 5618 3823 5676 debetis
3849 5629 3902 5678 et

2298 5700 2435 5754 dona
2463 5702 2654 5757 aliut-re
2680 5704 2815 5770 viro,
2835 5716 2889 5759 ct
2912 5706 3114 5761 referre
3139 5709 3436 5775 pecuniam,
3469 5724 3627 5777 quam
3648 5711 3705 5765 in
3727 5713 3900 5767 saccis

2301 5792 2494 5848 vestris
2519 5792 2819 5850 invenistis.
2859 5796 3099 5867 Accipite
3127 5806 3304 5853 autem
3338 5808 3389 5852 ct
3417 5799 3893 5873 pccuniamsliatn.
