4186 6324
263 519 324 567 ιι
346 519 530 565 autem
573 503 795 578 possitis
821 504 1112 559 frumenta.
1160 497 1252 557 15.
1285 495 1353 553 Et
1399 499 1614 567 fratrem
1653 502 1873 549 uestrum

268 601 510 673 κάνεια.
564 598 773 670 Surgite
812 596 970 668 igitur
993 635 1012 664 ,
1063 603 1111 650 et
1154 588 1444 648 descendite
1489 586 1561 641 ad
1588 583 1873 639 hominem.

266 694 354 752 Ib.
390 692 533 749 Deus
559 699 741 745 autent
768 703 911 743 meus
945 687 1031 741 det
1059 684 1196 741 vobis
1221 681 1440 756 gratiam
1465 694 1640 735 coram
1674 677 1878 732 homine

258 786 377 850 illo,
404 792 456 839 et
484 782 653 837 mittat
673 785 885 853 fratrem
912 787 1133 834 uestrum
1155 790 1317 829 unum
1342 782 1391 828 et
1416 770 1713 844 Benjantin.
1760 766 1875 839 Ενο

259 885 441 931 autem
465 871 899 944 quemadmodum
919 867 1091 925 liberis
1118 864 1329 923 orbatus
1355 863 1453 937 fui,
1477 861 1649 917 liberis
1667 860 1876 915 orbatus

254 982 398 1024 sunt.
443 965 579 1023 Vide
602 962 875 1037 quomodo
915 959 1169 1018 eximiam
1208 972 1363 1015 suam
1393 954 1736 1011 dilectionem
1771 949 1874 1007 de-

256 1058 456 1125 clarat,
484 1072 644 1130 quam
673 1070 801 1128 erga
829 1053 1032 1125 Ioseph
1081 1052 1287 1108 habuit.
1319 1048 1400 1105 Ne
1427 1047 1548 1120 quis
1582 1047 1728 1103 enim
1758 1043 1875 1100 esi-

255 1148 448 1207 stimet
493 1149 563 1206 de
607 1148 880 1221 Sylneone
903 1189 918 1213 ,
947 1144 1032 1201 vel
1058 1144 1133 1199 de
1170 1140 1451 1213 Beniamin
1500 1136 1603 1193 boc
1631 1150 1755 1192 esse
1790 1134 1873 1190 di-

256 1250 432 1306 ctum,
461 1239 577 1313 Ego
602 1240 734 1295 sicut
762 1238 889 1308 ﬁliis
926 1238 1136 1292 orbatus
1186 1232 1263 1304 fui
1285 1273 1302 1297 ,
1332 1231 1459 1302 filiis
1484 1230 1695 1285 orbatus
1732 1240 1869 1291 sum,

256 1330 470 1389 idcirco
496 1330 752 1402 praemisit
781 1346 795 1384 :
838 1327 980 1384 Deus
1002 1335 1171 1381 autem
1197 1339 1340 1379 meus
1360 1322 1443 1379 det
1461 1321 1597 1376 uobis
1626 1319 1867 1391 gratiam,

253 1434 306 1493 et
325 1426 495 1479 mittat
515 1424 730 1495 fratrem
748 1430 969 1477 uestrum
995 1419 1144 1475 illum
1167 1432 1327 1472 unum
1351 1426 1396 1471 et
1418 1412 1712 1486 Benjamin.
1733 1410 1867 1467 Nam

254 1516 387 1574 licet
430 1516 526 1584 illi,
576 1515 777 1588 inquit,
829 1513 963 1571 salvi
1005 1512 1223 1579 iuerint,
1245 1508 1342 1566 sed
1376 1506 1491 1580 Ego
1526 1505 1674 1577 quasi
1701 1504 1871 1559 liberis

251 1624 486 1675 caream,
519 1607 676 1663 orbus
703 1622 836 1662 sum.
866 1605 1055 1677 Cogita
1082 1603 1196 1669 bic,
1224 1589 1503 1673 quomodo
1531 1605 1677 1654 totus
1696 1593 1869 1651 amori

252 1700 459 1773 Ioseph
480 1699 697 1759 deditus
721 1700 812 1755 sit.
845 1698 1049 1755 Videas
1071 1698 1217 1753 enim
1249 1703 1457 1752 tantum
1479 1693 1705 1750 chorum
1736 1689 1869 1747 libe-

252 1805 443 1847 rorum
466 1805 530 1847 sc.
554 1790 1017 1854 circumstantem,
1036 1786 1241 1859 absque
1265 1785 1395 1841 ﬁliis
1414 1799 1476 1842 se
1501 1798 1622 1839 esse
1639 1782 1866 1853 putavit,

250 1882 380 1953 quia
407 1882 501 1938 illo
533 1882 774 1952 privatus
796 1888 934 1937 erat.
984 1880 1073 1937 i5.
1106 1880 1423 1949 Acceperunt
1451 1884 1644 1942 autem,
1672 1871 1866 1943 inquit,

249 1974 352 2029 uiri
391 1975 552 2040 dona,
583 1982 633 2028 et
659 1973 937 2046 pecuniam
957 1970 1237 2044 duplicem,
1265 1978 1313 2025 et
1341 1967 1616 2040 Benjamin
1635 2006 1652 2034 ,
1699 1975 1747 2020 et
1773 1965 1866 2019 de-

250 2066 559 2123 scenderunt
584 2066 639 2121 in
671 2063 965 2137 Egyptum
995 2105 1011 2130 ,
1056 2071 1105 2119 et
1144 2068 1392 2117 steterunt
1434 2074 1609 2115 coram
1646 2056 1866 2126 Ioseph.

252 2158 345 2216 16.
373 2157 518 2213 Vidit
535 2155 708 2213 autem
729 2174 818 2215 eos
843 2156 1063 2229 Ioseph,
1085 2165 1133 2211 et
1160 2153 1436 2226 Benjamin
1457 2158 1672 2227 fratrem
1692 2167 1864 2207 suum.

250 2248 412 2318 Quod
445 2248 807 2314 desiderabat,
843 2247 979 2304 vidit
1010 2256 1118 2303 tam
1140 2254 1382 2317 optatum
1410 2243 1534 2300 sibi.
1563 2241 1710 2299 Vidit
1734 2242 1869 2298 satis

250 2355 376 2399 esse
408 2340 606 2397 factum
636 2356 737 2396 suo
762 2339 1054 2397 desiderio.
1087 2336 1153 2393 Et
1200 2338 1329 2393 dixit
1350 2378 1365 2403 ,
1398 2335 1591 2406 inquit,
1625 2336 1867 2405 prtefecto

249 2434 433 2490 domui
458 2449 566 2489 sua
609 2449 629 2489 :
666 2432 921 2489 Introduc
963 2431 1191 2486 homines
1218 2430 1275 2485 in
1317 2428 1559 2495 domum,
1605 2435 1651 2480 et
1694 2425 1868 2481 occide

250 2525 487 2594 uictimas
526 2540 545 2578 :
571 2539 767 2580 mecum
806 2523 943 2578 enim
971 2520 1235 2577 comedent
1422 2517 1509 2575 l8.
1545 2516 1616 2573 Ut
1633 2516 1866 2571 uiderunt

248 2623 425 2671 autem
448 2614 587 2687 quod
615 2613 894 2669 introducti
912 2621 1030 2668 sunt
1046 2612 1100 2667 in
1117 2612 1328 2666 domum
1342 2607 1563 2679 Ioseph,
1589 2607 1863 2664 dixerunt:

250 2704 481 2778 Propter
511 2705 803 2776 pecuniam,
836 2720 952 2774 qua
975 2702 1125 2759 rediit
1144 2703 1200 2758 in
1226 2717 1401 2758 saccos
1425 2710 1628 2758 nostros
1646 2699 1700 2756 in
1725 2700 1869 2771 prin-

248 2800 407 2872 cipio,
432 2799 745 2867 inducimur,
774 2807 830 2853 ut
858 2796 1168 2853 calumniam
1192 2794 1336 2851 nobis
1359 2795 1591 2861 intentat,
1623 2803 1672 2849 et
1698 2781 1868 2863 impo-

250 2899 341 2946 nat
370 2892 520 2946 nobis
544 2898 594 2945 et
635 2888 858 2960 accipiat
878 2903 971 2943 nos
1010 2888 1065 2942 in
1102 2903 1295 2954 savos,
1336 2895 1386 2941 et
1428 2886 1601 2940 asinos
1643 2894 1862 2939 nostros.

246 2979 456 3053 Ioseph
486 2980 704 3053 quidem
747 2994 904 3036 suam
928 2992 1055 3049 erga
1103 2977 1227 3034 illos
1267 2977 1651 3048 benignitatem
1681 2974 1868 3031 decla-

246 3090 414 3142 rans,
462 3074 643 3132 omnia
687 3070 1054 3145 disponebat:
1100 3070 1176 3127 illi
1204 3078 1385 3127 autem
1429 3070 1574 3126 anxii
1617 3069 1866 3137 luerunt,

248 3170 595 3241 suspicantes
621 3182 691 3225 ne
719 3165 1068 3238 pecuniarum
1103 3163 1275 3237 gratia
1313 3162 1696 3241 pmnasluaut,
1731 3171 1867 3216 tam-

246 3273 415 3332 quam
443 3258 609 3316 etiam
651 3258 707 3313 in
750 3256 854 3313 hoc
892 3255 1035 3313 male
1077 3254 1351 3311 iecissent.
1404 3253 1697 3324 Propterea
1740 3266 1866 3308 cum

246 3350 653 3419 accessissent,
702 3362 923 3405 causam
972 3345 1275 3402 formidinis
1301 3343 1583 3416 proferunt
1611 3343 1869 3414 prtelecto

248 3440 472 3508 domus,
503 3448 558 3497 et
586 3447 807 3495 narrant
832 3435 1106 3510 quomodo
1136 3436 1418 3508 pecuniam
1444 3433 1500 3491 in
1520 3435 1694 3491 saccis
1717 3434 1868 3491 iuve—

251 3532 459 3598 neriut,
480 3538 538 3588 et
555 3530 742 3587 dicunt
770 3546 786 3585 :
827 3528 923 3584 22.
966 3526 1247 3601 Propterea
1288 3527 1545 3599 duplicem
1570 3543 1706 3582 nunc
1733 3536 1871 3583 attu-

253 3623 408 3678 limus
438 3622 706 3693 pecuniam
732 3619 1018 3687 nobiscum,
1047 3626 1104 3675 ut
1131 3628 1178 3675 et
1201 3620 1423 3693 priorem
1448 3618 1796 3688 restituamus,
1822 3626 1870 3673 et

254 3729 390 3769 nunc
418 3714 587 3770 datuo
614 3727 842 3768 amamus
866 3714 1139 3785 frumenta.

324 3807 384 3863 5.
416 3803 557 3863 Vide
584 3804 856 3876 quomodo
881 3804 1217 3861 calamitates
1239 3818 1428 3860 eorum
1455 3804 1693 3860 animum
1724 3803 1870 3861 miti-

250 3905 470 3969 garent,
520 3911 724 3967 eosque
766 3895 1100 3953 reddiderint
1147 3896 1560 3952 mansuetiores.
1588 3894 1682 3952 25.
1724 3894 1870 3952 Dixit

252 3996 427 4043 metens
452 3987 525 4043 eis
551 4004 571 4042 :
603 3986 868 4059 Propitius
886 3988 1023 4043 vobis
1039 3989 1080 4055 ¹,
1109 3988 1266 4043 nolite
1293 3988 1506 4053 timere;
1532 3985 1668 4044 Deus
1688 3997 1869 4056 vester,

252 4091 300 4137 et
324 4079 467 4137 Deus
497 4081 660 4151 patris
691 4080 841 4136 uestri
866 4079 1005 4135 dedit
1045 4078 1185 4135 vobis
1215 4078 1477 4135 thesauros
1519 4078 1574 4135 in
1597 4080 1758 4136 saccis
1783 4096 1869 4135 oe-

252 4174 401 4239 stris;
439 4172 707 4242 pecuniam
755 4180 973 4227 uestram
1004 4171 1126 4226 bene
1171 4171 1437 4240 probatam
1482 4169 1661 4226 habeo.
1701 4170 1781 4228 Ne
1803 4170 1869 4227 ti-

257 4263 479 4332 meatis,
507 4262 702 4335 inquit,
729 4275 905 4333 neque
933 4259 1093 4334 hujus
1115 4260 1285 4333 gratia
1310 4259 1456 4316 anxii
1479 4260 1616 4317 sitis.
1656 4258 1871 4316 Nullum

256 4357 416 4414 vobis
444 4354 571 4414 inde
602 4355 807 4412 crimen
848 4353 1189 4431 imponetur;
1220 4352 1501 4426 pecuniam
1528 4352 1685 4425 plene
1714 4368 1872 4411 acce-

260 4453 463 4520 pimus.
505 4449 549 4506 A
592 4449 707 4507 Deo
732 4457 914 4520 putate
945 4447 1050 4504 hoc
1092 4460 1215 4505 esse
1260 4447 1481 4515 factum,
1509 4455 1564 4505 et
1591 4446 1874 4505 thesauros

257 4543 419 4600 vobis
464 4543 520 4598 in
570 4541 859 4613 marsupiis
886 4541 1082 4597 vestris
1105 4555 1227 4597 esse
1253 4550 1602 4596 monstratos.
1653 4538 1719 4595 Et
1756 4556 1874 4595 cum

259 4646 369 4690 utre
396 4633 634 4701 dixisset,
663 4633 837 4689 eduaiit
863 4631 1198 4705 .Symeonem,
1224 4632 1318 4688 24.
1358 4640 1405 4687 et
1445 4631 1618 4687 attulit
1660 4648 1869 4704 aquam,

258 4740 314 4784 ut
340 4728 638 4785 lavarentur
657 4726 808 4798 pedes
827 4741 1025 4794 eorum,
1046 4736 1095 4781 et
1118 4724 1307 4797 pabula
1331 4722 1470 4780 dedit
1488 4725 1649 4780 asinis
1674 4741 1869 4781 eorum.

266 4820 401 4876 Vide
440 4817 713 4891 quomodo
759 4832 948 4888 preces
988 4817 1154 4888 patris
1190 4817 1372 4872 omnia
1401 4816 1479 4873 eis
1506 4830 1763 4889 prospera
1793 4815 1877 4872 fa-

259 4920 448 4969 cerent
475 4927 491 4966 :
519 4920 575 4968 et
618 4911 750 4967 sicut
795 4911 885 4968 ille
910 4911 989 4966 eis
1035 4918 1357 4982 apprecatus
1398 4916 1517 4977 est,
1549 4922 1671 4965 cum
1713 4908 1871 4977 dixit,

263 5002 402 5060 Deus
433 5003 593 5075 patris
615 5001 714 5056 mei
731 5001 952 5074 gratiam
967 5001 1104 5056 vobis
1129 5000 1233 5069 det,
1255 5001 1328 5055 ita
1348 4999 1531 5056 omnia
1549 4997 1687 5056 facta
1709 5008 1868 5056 sunt:

258 5099 317 5148 et
358 5093 649 5166 pra-lectus
705 5092 903 5149 domus
948 5091 1109 5148 etiam
1158 5102 1284 5149 ante
1335 5092 1624 5148 adventum
1667 5092 1871 5165 Ioseph

258 5203 408 5243 (tum
448 5205 480 5243 ,ι
543 5188 623 5245 eis
666 5186 1050 5258 benignitatem
1094 5184 1359 5241 exhibuit.
1405 5185 1499 5242 25.
1551 5185 1872 5243 Paraeerunt

260 5290 432 5334 autent
459 5278 598 5333 dona
624 5274 842 5349 Ioseph.
872 5275 959 5331 26.
994 5275 1061 5331 Et
1081 5275 1370 5332 obtuleth
1397 5277 1441 5331 ei
1467 5292 1584 5331 cum
1613 5278 1872 5349 ingressus

258 5381 421 5438 esset,
450 5379 502 5426 et
529 5374 870 5425 adoraverunt
900 5384 1014 5423 eum
1043 5384 1196 5439 super
1220 5376 1427 5422 terram.
1457 5367 1549 5423 27.
1592 5366 1661 5422 Et
1689 5368 1872 5423 iterum

260 5464 590 5535 interrogavit
620 5478 706 5519 eos
748 5477 769 5517 :
800 5460 945 5516 Num
981 5459 1106 5516 bene
1147 5459 1295 5515 habet
1325 5468 1469 5529 pater
1495 5470 1654 5515 uester
1678 5460 1869 5525 senior,

258 5573 407 5626 qustu
434 5556 636 5611 dixistis
659 5554 859 5611 uisere!
896 5553 991 5610 28.
1040 5554 1107 5608 At
1152 5553 1231 5608 illi
1276 5553 1561 5607 dixerunt:
1593 5550 1767 5607 Sanus
1798 5563 1871 5606 est

260 5668 438 5712 seruus
477 5659 598 5705 tuus
643 5657 790 5720 pater
831 5656 1021 5702 noster.
1067 5643 1135 5700 Et
1165 5646 1295 5700 dixit
1320 5662 1339 5700 :
1390 5643 1692 5700 Benedictus
1720 5643 1872 5699 homo

258 5744 350 5799 tlte
375 5743 503 5801 Deo.
540 5739 607 5797 Et
635 5738 1215 5796 curvattadoraoerunt.
1261 5737 1353 5795 29.
1388 5736 1523 5792 Vidit
1566 5746 1737 5791 autem
1759 5740 1869 5807 fra-

283 5899 295 5923 '
321 5895 374 5948 lu
394 5895 606 5947 ικιηυ
618 5866 838 5955 ραιΰὲδ
853 5867 1026 5959 σὺν,
1044 5903 1140 5956 ptta'
1168 5886 1312 5950 vobis,
1338 5887 1466 5954 quod
1488 5886 1664 5939 eodem
1680 5886 1868 5937 recidit.

1098 382 1165 442 IN
1203 381 1360 443 CAP.
1402 376 1588 440 ωη.
1619 377 1712 438 ΒΤ
1749 375 1935 437 ων.
1976 374 2227 438 ςεκεε.
2272 375 2503 435 1101111..
2547 370 2731 437 LXIV.

3496 387 3601 448 biil

1988 500 2117 547 trem
2164 507 2317 548 suum
2345 493 2603 549 uterinum
2626 535 2643 559 ,
2673 505 2724 552 et
2750 496 2885 553 dixit
2909 514 2932 555 .°
2962 498 3067 557 Hie
3112 512 3189 560 est
3237 504 3409 577 frater
3434 515 3600 564 vester

1974 581 2180 654 iunior,
2227 582 2293 637 de
2330 598 2433 654 quo
2466 582 2713 641 dimotis
2738 588 2886 656 mihi,
2926 601 2984 646 ut
3008 591 3354 654 dueeretisad
3375 600 3499 659 me!
3532 601 3599 660 Et

1982 671 2113 727 dixit
2145 689 2165 729 :
2393 676 2692 744 misereatur
2719 679 2815 746 tui,
2859 680 2961 751 ﬁli.
3005 682 3299 747 Considera
3337 704 3598 765 quantam

1980 776 2087 819 cun
2119 763 2343 822 tentiam
2373 781 2487 838 pra:
2520 782 2583 825 se
2610 767 2785 837 lerat,
2828 783 2887 829 et
2923 774 3103 835 adhuc
3131 763 3489 851 ignorantiam
3522 790 3597 848 al-

1981 854 2172 949 mulet.
2199 862 2259 911 ut
2285 871 2386 929 per
2411 860 2692 931 sequentia
2713 864 3145 935 experimentum
3160 872 3325 931 animi
3352 877 3595 949 ipsorum

1980 948 2229 1042 accipere
2258 950 2452 1042 possit,
2482 954 2757 1024 quemodo
2782 958 2891 1015 sint
2918 958 3094 1019 allecti
3130 978 3257 1038 erga
3288 948 3593 1042 Beniamin.

1982 1036 2051 1134 βε
2074 1038 2198 1134 quia
2228 1040 2540 1134 vincebatur
2562 1059 2591 1098 a
2616 1053 2806 1103 natura
2832 1064 2952 1118 sua,
2990 1052 3082 1109 5ο.
3115 1036 3589 1134 Conturbebantur,

1981 1130 2201 1227 inquit,
2237 1132 2430 1189 uiscera
2457 1136 2570 1208 ejus
2603 1148 2651 1195 et
2693 1143 2952 1210 querebat
2996 1155 3054 1200 ut
3101 1149 3268 1221 fleret.
3322 1130 3596 1227 Ingressus

1977 1233 2151 1322 autem
2183 1226 2239 1281 in
2284 1227 2576 1285 cubiculum
2596 1272 2613 1299 ,
2641 1233 2782 1302 ﬂevit
2822 1235 2952 1292 illic.
2993 1238 3083 1295 δι.
3127 1238 3198 1296 Et
3236 1226 3416 1301 abluta
3461 1230 3605 1322 per.

1978 1316 2167 1412 nunc;
2192 1327 2249 1412 et
2290 1330 2476 1391 postea
2518 1337 2673 1380 suam
2725 1327 3064 1389 demonstrat
3098 1316 3507 1412 benignitatem,
3538 1356 3595 1402 et

1978 1406 2108 1463 dicit
2136 1425 2151 1461 :
2182 1409 2439 1481 Apponite
2467 1430 2647 1484 panes.
2670 1417 2764 1474 52.
2799 1417 2868 1474 Et
2894 1406 3247 1494 opposuerunt
3270 1431 3320 1485 ei
3339 1431 3441 1487 soli
3461 1406 3595 1498 ;'ut-

1976 1506 2103 1569 pote
2126 1509 2397 1573 tamquam
2424 1505 2539 1576 regi
2567 1516 2627 1563 et
2646 1510 2874 1582 principi
2906 1514 3073 1570 totius
3101 1515 3356 1591 .Egypti;
3386 1520 3457 1578 Et
3488 1525 3594 1581 illis

1974 1607 2224 1659 seorsum,
2252 1600 2309 1651 et
2331 1595 2601 1670 £ggptiis
2625 1603 2714 1673 qui
2736 1604 2896 1660 simul
2917 1608 3185 1665 eaenabant
3207 1628 3324 1667 cum
3348 1630 3409 1670 eo
3444 1633 3591 1673 seor-

1974 1698 2108 1737 sum.
2127 1682 2251 1740 Non
2275 1689 2411 1742 enim
2426 1703 2640 1760 possunt
2649 1691 2895 1767 Egyptii
2912 1700 3176 1758 comedere
3192 1718 3309 1758 cum
3323 1703 3557 1764 Hebreis
3567 1724 3589 1766 :

1974 1777 2290 1834 abominatio
2314 1781 2449 1836 enim
2473 1792 2548 1839 est
2568 1782 2856 1859 Jggptiis.
2886 1790 2977 1846 55.
3008 1791 3269 1851 Sederunt
3292 1808 3465 1855 autem
3499 1818 3589 1857 co-

1973 1883 2086 1922 ram
2113 1884 2194 1933 eo,
2229 1871 2318 1941 qui
2345 1874 2563 1943 primus,
2592 1881 2874 1935 secundum
2915 1884 3271 1957 antiquitatem
3316 1908 3465 1948 suam
3488 1935 3506 1963 ,
3541 1906 3592 1952 et

1963 1964 2147 2035 juniar
2168 1968 2450 2023 secundum
2483 1971 2802 2043 jusentutem
2830 1991 2997 2031 suam.
3041 1977 3157 2035 Hoc
3206 1980 3330 2038 illos
3356 1983 3411 2039 in
3466 1994 3589 2041 stu-

1974 2069 2162 2126 porem
2206 2057 2453 2126 adduxit;
2484 2070 2541 2118 et
2587 2064 2745 2120 valde
2789 2065 2956 2124 dubio
2981 2070 3165 2128 animo
3190 2072 3442 2143 luerunt,
3486 2092 3589 2135 un-

1972 2145 2167 2203 denam
2200 2150 2252 2205 ei
2277 2153 2519 2224 cognitio
2561 2154 2793 2214 diversa:
2841 2158 3060 2217 illorum
3099 2165 3298 2221 aetatis.
3357 2165 3429 2224 Et
3462 2184 3589 2228 cum

1972 2237 2128 2332 duret
2168 2244 2422 2303 omnibus
2458 2257 2675 2319 partes,
2723 2250 3044 2323 Benjamino
3086 2258 3447 2332 quintuplices
3473 2262 3586 2319 dat.

1972 2330 2161 2426 Neque
2196 2343 2377 2426 tamen
2419 2336 2773 2397 adverterunt
2811 2343 2939 2413 quid
2990 2347 3068 2401 rei
3098 2359 3245 2404 esset
3267 2330 3296 2415 ,⁷
3341 2350 3439 2408 sed
3484 2368 3590 2426 pu-

1974 2422 2161 2479 tabant
2214 2423 2437 2483 fortuito
2462 2430 2696 2501 quodam
2735 2444 2934 2491 eventu
2982 2438 3051 2492 ab
3080 2452 3149 2494 eo
3190 2438 3333 2507 licri,
3362 2452 3420 2499 et
3462 2422 3594 2502 liuic

1976 2523 2249 2587 tamquam
2274 2518 2477 2591 juniori
2508 2522 2662 2593 plura
2691 2524 2808 2581 dari
2836 2528 2937 2600 (η),
2967 2528 3210 2601 Cumque
3257 2532 3468 2591 lluitum
3500 2549 3591 2592 ea-

1971 2622 2054 2667 set
2079 2612 2409 2680 convivium,
2434 2615 2487 2671 l.
2521 2613 2751 2686 Vocaeit,
2780 2619 2985 2691 inquit,
3015 2619 3212 2695 Ioseph
3238 2627 3467 2697 eumqui
3490 2627 3588 2683 do-

1971 2700 2078 2755 mui
2103 2718 2214 2758 sua
2241 2715 2477 2775 prcerat,
2508 2717 2557 2762 et
2586 2710 2850 2765 mandauit
2876 2713 2945 2778 ei,
2973 2713 3151 2769 dicens
3179 2714 3389 2789 :Imple
3413 2736 3590 2779 saccos

1970 2793 2238 2851 hominum
2280 2796 2571 2868 frumentis,
2596 2812 2794 2873 querna
2842 2804 2978 2873 ferre
3017 2814 3257 2877 poterunt
3279 2849 3297 2876 ,
3324 2819 3372 2866 et
3425 2827 3587 2882 pecu-

1970 2888 2112 2940 niam
2156 2888 2389 2944 similiter
2429 2892 2484 2946 in
2526 2908 2702 2949 saccos
2748 2894 3092 2968 singulorum.
3139 2898 3196 2953 2.
3242 2911 3290 2956 et
3333 2905 3586 2975 scyphum

1970 2987 2265 3049 argenteum
2321 2980 2463 3037 mitte
2514 2984 2569 3038 in
2619 3000 2825 3041 saccum
2888 2988 3116 3059 junioris
3177 2990 3391 3065 (Caput
3436 2994 3510 3052 ιι
3539 2994 3585 3066 ).

1970 3067 2108 3127 Vide
2137 3071 2333 3129 iterum
2348 3074 2562 3145 qualem
2588 3084 2761 3132 artem
2804 3080 3106 3151 excogitet,
3155 3091 3212 3135 ut
3235 3081 3588 3154 diligentissi-

1972 3179 2061 3221 mc
2102 3174 2343 3223 mentem
2396 3166 2621 3224 fratrum
2656 3170 2934 3241 exploret,
2977 3186 3137 3243 quam
3180 3189 3310 3246 erga
3362 3175 3588 3235 fratrem

1972 3270 2131 3313 suum
2159 3255 2441 3329 Beniamin
2485 3258 2740 3315 habeant.
2776 3261 2844 3316 Et
2884 3260 2969 3319 his
2996 3263 3149 3320 lactis
3173 3305 3190 3332 ,
3218 3264 3424 3323 dimisit
3466 3282 3585 3325 eos.

1973 3348 2041 3405 Et
2059 3363 2185 3406 cum
2200 3347 2316 3421 jam
2340 3350 2691 3421 arripuissent
2714 3352 2839 3422 iter,
2882 3354 2935 3411 ι.
2959 3353 3107 3411 Dixit
3135 3362 3376 3431 pra-[ecta
3404 3361 3588 3419 domus

1972 3456 2083 3496 sure
2111 3457 2132 3496 :
2162 3439 2353 3513 Surge,
2381 3456 2680 3514 persequere
2701 3459 2811 3513 eos,
2836 3455 2883 3500 et
2912 3445 3051 3502 dices
3081 3446 3103 3502 ξ
3130 3448 3186 3505 5.
3232 3449 3407 3517 Quare
3432 3454 3585 3507 retri-

1973 3532 2153 3589 bnistis
2201 3536 2340 3589 mala
2366 3551 2462 3606 pro
2508 3534 2655 3593 bonis
2674 3536 2701 3592 1
2744 3536 2921 3607 Quare
2951 3538 3112 3609 furati
3160 3540 3279 3597 estis
3332 3542 3590 3616 scyphum

1974 3644 2145 3682 meum
2174 3628 2511 3701 argenteum?
2568 3627 2759 3685 Nonne
2802 3631 2887 3686 hic
2923 3640 2997 3688 est
3023 3648 3171 3705 equo
3195 3633 3318 3691 bibit
3347 3636 3589 3695 dominus

1975 3722 2153 3779 uicus!
2168 3718 2290 3794 Ipse
2305 3731 2476 3778 autem
2490 3731 2779 3796 auguratur
2796 3723 2851 3778 in
2872 3740 2952 3782 eo.
2967 3723 3109 3781 Itale
3130 3737 3246 3782 acta
3262 3738 3381 3784 sunt
3396 3745 3457 3784 ea
3474 3745 3590 3801 qua

1976 3813 2185 3887 fecistis.
2210 3812 2501 3887 Postquam
2522 3824 2702 3870 autem
2728 3814 2934 3872 invenit
2958 3831 3075 3886 eos,
3103 3818 3298 3891 inquit,
3322 3820 3454 3878 dicit
3480 3821 3584 3881 eis:

1974 3907 2154 3977 Quare
2180 3905 2508 3964 benefactori
2546 3907 2685 3963 mala
2714 3908 3083 3980 rependistis?
3123 3926 3290 3981 quare
3326 3912 3589 3971 malitiam

1976 4010 2213 4055 vestram
2230 4012 2470 4071 eousque
2491 3998 2833 4068 ostendistis,
2854 4009 2910 4055 ut
2925 3999 2993 4056 ad
3010 4015 3136 4056 eum
3150 4018 3365 4073 quoque
3382 4006 3588 4076 pertin-

1975 4099 2133 4163 gerct
2175 4091 2265 4162 qui
2309 4104 2437 4164 erga
2485 4103 2583 4147 vos
2632 4099 2835 4148 tantam
2879 4092 3117 4149 ostendit
3158 4092 3590 4166 benignitatem?

1975 4198 2146 4255 quare
2189 4198 2297 4240 non
2337 4183 2557 4245 reveriti
2602 4184 2733 4240 estis
2762 4184 2861 4240 viri
2888 4198 3014 4257 erga
3056 4199 3152 4241 vos
3178 4187 3592 4257 magnanimita~

1977 4275 2121 4334 tem?
2148 4274 2279 4346 Quae
2304 4275 2424 4333 hac
2453 4284 2600 4332 tanta
2626 4275 2869 4333 malitia?
2892 4291 3014 4348 quae
3032 4276 3241 4333 insania
3255 4293 3361 4349 qua
3387 4278 3592 4337 insani-

1979 4368 2086 4426 tis?
2112 4368 2343 4427 Nescitis
2369 4367 2514 4443 quod
2544 4368 2647 4426 boc
2674 4370 2746 4425 sit
2775 4383 2890 4435 vas,
2918 4369 2972 4425 in
3015 4385 3125 4442 quo
3153 4369 3405 4427 dominus
3435 4386 3591 4431 meus

1976 4464 2308 4536 anguntur?
2335 4460 2530 4518 Malum
2553 4471 2632 4518 est
2664 4460 2767 4518 boc
2786 4476 2926 4532 opus
2944 4473 3207 4530 vestrum,
3221 4464 3587 4533 perniciosum

1979 4556 2334 4628 propositum,
2354 4553 2509 4612 venia
2522 4553 2775 4627 indignus
2790 4564 3037 4620 conatus,
3058 4569 3250 4626 magna
3268 4555 3515 4624 audacia,
3534 4568 3594 4615 et

1978 4663 2193 4705 omnem
2222 4645 2615 4704 tmnscendens
2640 4644 2981 4701 malitiam.7.
3002 4643 3097 4701 Illi
3116 4655 3284 4702 autem
3304 4647 3543 4705 dixerunt
3571 4664 3592 4705 :

1980 4742 2153 4810 Quare
2182 4741 2405 4815 loquitur
2419 4741 2656 4796 dominus
2660 4741 2818 4812 juxta
2832 4744 2983 4796 verba
2999 4742 3109 4795 hac
3120 4739 3148 4794 2
3171 4740 3374 4811 Quare,
3393 4741 3591 4814 inquit,

1977 4838 2168 4908 obiicis
2191 4838 2347 4893 nobis
2372 4836 2477 4891 hoc
2494 4836 2721 4903 crimen,
2742 4849 2772 4890 a
2803 4851 2913 4907 quo
2936 4835 3159 4891 omnino
3183 4850 3371 4892 sumus
3393 4836 3591 4891 immu-

1978 4949 2075 4991 nes
2100 4934 2125 4988 τ
2146 4932 2288 4988 Absit
2327 4940 2384 4986 ut
2408 4931 2539 4986 servi
2570 4932 2646 4985 tui
2678 4932 2960 4985 secundum
2990 4927 3199 4985 verbum
3226 4928 3321 4984 hoc
3348 4928 3584 4998 faciam;

1978 5027 2119 5081 absit
2144 5039 2173 5080 a
2200 5023 2355 5080 nobis
2380 5031 2439 5078 ut
2465 5021 2572 5079 tale
2594 5020 2721 5093 quid
2768 5036 3024 5092 umquam
3073 5029 3427 5077 attentemus.
3453 5018 3591 5077 Nam

1981 5118 2070 5190 qui
2101 5116 2387 5188 pecuniam
2431 5114 2701 5186 duplicem
2723 5114 3023 5180 attulimus,
3055 5127 3165 5183 quo
3199 5122 3358 5183 pacto
3384 5113 3593 5169 iurare-

1979 5226 2099 5265 mur
2122 5216 2404 5281 argentum
2428 5206 2511 5262 vel
2535 5206 2750 5261 aurum?
2766 5204 2919 5273 Quod
2940 5205 2987 5261 si
3018 5204 3122 5261 hoc
3146 5212 3323 5276 putas,
3347 5202 3402 5260 9.
3435 5204 3593 5276 Apud

1978 5320 2127 5374 quem
2170 5303 2432 5357 inuentum
2475 5300 2631 5371 fuerit
2670 5314 2758 5354 uas
2801 5298 2940 5367 quod
2967 5298 3219 5369 inquiris,
3259 5298 3349 5353 ille
3383 5298 3589 5369 quidem

1979 5396 2230 5449 moriatur
2253 5433 2269 5459 ,
2296 5403 2352 5447 ut
2380 5392 2475 5463 qui
2510 5390 2615 5447 tale
2662 5388 2855 5446 iecerit
2899 5403 3075 5460 opus;
3121 5405 3217 5444 nos
3246 5398 3418 5443 autem
3455 5390 3591 5445 servi

1979 5487 2187 5541 erimus.
2218 5481 2580 5538 Conscientia:
2609 5480 2751 5536 bona
2783 5478 2978 5535 llducia
3004 5494 3102 5536 eos
3129 5478 3197 5534 ad
3221 5488 3329 5535 tam
3361 5478 3591 5536 ﬁdenter

1981 5575 2306 5649 loquendum
2336 5574 2640 5631 inducebat.
2667 5571 2754 5629 l0.
2796 5570 2901 5628 Ille
2925 5583 3117 5641 autem,
3182 5570 3376 5643 inquit,
3421 5571 3598 5626 dixit:

2045 5687 2361 5772 (inimicat,
2395 5684 2746 5763 existimabant
2776 5683 2956 5772 [patres
2985 5683 3512 5772 toscplti,.uescl‘eutcs
3534 5696 3595 5735 se

1978 5744 2227 5801 wtlt'tose
2248 5750 2326 5800 δυο
2350 5744 2484 5809 esse,
2510 5749 2769 5814 eju5jussu
2795 5749 3070 5811 Benjumm
3095 5744 3267 5809 utpOte
3288 5744 3449 5796 adhuc
3468 5758 3595 5810 pio-

2386 5826 2617 5877 quontam
2649 5811 2867 5861 solemus
2887 5813 3056 5874 pueris
3091 5809 3348 5875 pluutuam
3381 5806 3492 5860 aliis
3511 5810 3593 5859 ad-
