4186 6324
687 499 750 553 Et
773 515 925 567 nunc,
946 498 1070 553 sicut
1104 494 1322 558 dixistis,
1362 492 1473 547 erit.
1508 489 1659 562 Apud
1690 507 1833 560 quem
1877 490 2125 543 inventum
2148 488 2256 556 fue-

683 590 747 643 rit
776 588 1028 660 poculum,
1086 586 1167 639 hic
1215 585 1354 638 solus
1386 599 1521 640 meus
1566 597 1738 636 servus
1783 582 1911 646 erit,
1962 596 2049 634 vos
2092 590 2258 631 autem

690 678 1024 734 dimitleinini.
1092 676 1155 731 Et
1199 688 1318 729 cum
1376 675 1486 728 haec
1548 672 1848 737 dixissent,
1907 670 2253 739 permiserunt

679 770 727 823 ei
757 776 814 821 ut
854 766 1167 823 scrutinium
1213 764 1425 822 faceret.
1476 762 1561 817 12.
1614 762 1679 816 Et
1716 771 1965 816 scrutatus
2010 771 2116 825 est,
2152 759 2256 810 ini-

683 860 754 912 tio
777 875 808 911 α
834 858 1028 911 seniore
1051 860 1208 927 facto,
1234 854 1392 910 donec
1420 853 1603 907 veniret
1623 852 1692 905 ad
1713 850 1977 922 Benjamin
1996 890 2011 915 ,
2045 858 2090 902 et
2116 848 2254 901 illius

681 958 860 1015 aperto
907 962 1086 1012 sacco,
1122 944 1305 999 invenit
1341 941 1599 1014 poculum.
1639 942 1750 995 lloc
1797 939 2027 995 tenebris
2065 937 2253 992 olfudit

678 1051 865 1092 eorum
919 1044 1151 1091 mentem
1197 1051 1211 1089 :
1264 1036 1348 1090 15.
1384 1033 1448 1088 Et
1486 1034 1827 1103 disruperunt,
1873 1031 2075 1101 inquit,
2108 1031 2257 1083 resti-

675 1140 846 1184 rnenta
869 1145 961 1183 sua
988 1144 1007 1183 :
1031 1138 1076 1182 et
1105 1128 1449 1197 imposuerunt
1478 1125 1724 1195 jumeutis
1750 1128 1931 1177 iterum
1970 1138 2138 1175 saccos
2161 1160 2177 1187 ,
2204 1129 2253 1174 et

678 1218 859 1273 ret-mi
881 1228 995 1272 sunt
1023 1218 1075 1271 in
1114 1217 1377 1271 civitatem.
1422 1215 1510 1271 14.
1560 1212 1623 1267 Et
1661 1214 1913 1283 ingressus
1955 1210 2160 1276 ludas,
2206 1218 2253 1263 ct

679 1314 856 1374 fratres
877 1309 952 1361 sui
969 1308 1037 1361 ad
1049 1305 1265 1377 Ioseph,
1285 1306 1569 1361 ceciderunt
1593 1320 1762 1357 coram
1787 1319 1845 1356 eo
1861 1318 2013 1372 super
2039 1310 2247 1353 terram.

680 1398 809 1454 Vide
840 1399 1050 1470 quoties
1070 1397 1433 1453 adorationetn
1465 1396 1679 1464 faciunt.
1708 1393 1793 1447 15.
1825 1390 1969 1445 Dixit
1995 1400 2160 1444 autem
2179 1390 2251 1444 eis

674 1490 868 1557 Ioseph
889 1505 909 1543 :
940 1488 1109 1555 Quare
1127 1487 1221 1542 hoc
1250 1486 1433 1554 fecistis
1452 1485 1479 1538 ἵ
1506 1482 1817 1537 Nesciebatis
1836 1481 1971 1552 quod
1990 1496 2246 1549 auguran-

678 1583 741 1636 do
771 1583 823 1635 in
850 1584 945 1634 hoc
968 1579 1230 1649 auguror?
1261 1576 1345 1631 16.
1378 1575 1518 1629 Dixit
1556 1585 1723 1629 autem
1744 1615 1758 1637 ,
1802 1573 1968 1641 inquit
1992 1613 2006 1634 ,
2037 1569 2204 1625 ludas
2230 1584 2250 1624 :

678 1673 812 1739 Quid
846 1672 1270 1735 contradicemus,
1320 1670 1396 1722 uel
1437 1666 1558 1738 quid
1603 1666 1861 1736 loquemur
1900 1664 2105 1717 domino
2128 1704 2141 1725 ,
2173 1662 2250 1715 vel

674 1761 920 1831 quomodo
959 1760 1393 1832 justiﬁcabimur.’
1440 1758 1576 1811 Deus
1603 1767 1771 1810 autem
1814 1756 2001 1811 invenit
2041 1754 2247 1824 injusti-

671 1852 793 1904 tiom
813 1868 1065 1906 servorum
1086 1838 1303 1905 tuorum.
1337 1851 1529 1905 lterum
1558 1856 1807 1903 revocant
1834 1849 1931 1901 sibi
1961 1848 2011 1901 in
2041 1863 2250 1903 memo-

671 1944 805 1998 riam
830 1958 890 1997 ea
918 1959 1035 2012 quae
1066 1943 1191 1997 olim
1217 1949 1399 1996 contra
1435 1940 1581 1995 illum
1610 1923 1868 1995 fecerunt.
1916 1938 2049 1993 Ecce
2075 1956 2249 1995 sumus

669 2033 797 2086 serui
823 2032 1024 2086 domino
1046 2042 1214 2085 nostro
1257 2041 1306 2086 et
1349 2047 1440 2085 nos
1465 2041 1512 2084 et
1537 2030 1621 2085 ille
1644 2031 1783 2101 apud
1808 2046 1951 2099 quem
1987 2031 2245 2085 inventum

669 2133 745 2175 est
774 2122 1027 2191 poculum.
1060 2120 1175 2175 Jatn
1216 2136 1457 2191 magnam
1488 2120 1761 2174 declarant
1801 2120 2244 2185 benevolentiam,

669 2221 725 2266 et
765 2213 969 2281 seipsos
995 2226 1116 2265 cum
1158 2211 1319 2265 fratre
1362 2212 1411 2265 in
1456 2210 1762 2265 servitutem
1804 2210 2107 2278 subjiciunt.
2154 2211 2241 2264 17.

677 2302 818 2357 Dixit
869 2312 1033 2357 autent
1074 2300 1265 2371 Ioseph
1317 2319 1337 2359 :
1393 2302 1535 2357 Absit
1579 2311 1633 2355 ut
1682 2302 1778 2355 hoc
1814 2302 2019 2372 faciam.
2075 2300 2244 2355 Homo

668 2396 810 2465 apud
844 2412 988 2465 quem
1025 2396 1277 2450 inventum
1324 2395 1474 2465 fuerit
1517 2394 1787 2464 poculum,
1839 2394 1925 2448 ille
1970 2396 2062 2447 erit
2104 2410 2245 2448 meus

670 2504 840 2544 servus
863 2530 879 2557 ,
933 2504 1019 2543 vos
1070 2498 1235 2543 autem
1280 2487 1533 2543 ascendite
1574 2503 1688 2542 cum
1741 2485 1904 2557 salute
1946 2487 2015 2539 ad
2054 2495 2245 2557 patrem

667 2587 898 2634 vestrum.

738 2670 791 2724 6.
822 2670 953 2725 Vide
992 2669 1259 2741 quomodo
1301 2670 1352 2724 id
1388 2685 1494 2740 quo
1531 2669 1749 2725 timebat
1794 2680 1964 2740 pater,
2011 2668 2113 2724 hoc
2157 2671 2240 2724 eis

667 2762 966 2831 contingit:
999 2772 1054 2817 et
1090 2762 1140 2815 in
1177 2771 1282 2815 tam
1320 2776 1562 2832 magnam
1613 2762 1940 2815 devenerunt
1981 2762 2240 2816 turbatio-

669 2867 789 2906 ncm
814 2892 828 2917 ,
869 2862 925 2906 ut
959 2850 1082 2921 quid
1112 2851 1345 2906 facerent
1374 2850 1658 2907 nescirent.
1694 2852 1759 2907 18
1812 2851 2243 2923 Appropinquavit

666 2951 827 2994 autem
850 2938 884 2993 J
892 2940 1015 2994 udas
1034 2981 1048 3005 ,
1073 2940 1271 3010 inquit,
1294 2950 1341 2994 ct
1364 2941 1510 2994 dixit.
1533 2940 1665 3008 Quia
1692 2942 1803 3010 ipse
1824 2950 1939 2996 erat
1959 2941 2047 2996 ille
2075 2941 2162 3011 qui
2188 2951 2243 2996 et

666 3048 697 3088 a
727 3041 872 3102 patre
896 3047 1015 3087 eum
1045 3041 1342 3101 acceperat,
1370 3042 1423 3087 et
1450 3032 1657 3088 dixerat
1682 3052 1693 3088 :
1729 3032 1844 3088 Nisi
1864 3032 2108 3087 reduxere
2126 3050 2242 3088 eum

671 3123 738 3175 ad
763 3132 829 3188 te,
854 3139 941 3176 ero
964 3123 1049 3175 tibi
1070 3130 1269 3191 peccato
1294 3122 1538 3176 obnoxius
1562 3122 1789 3175 omnibus
1818 3122 1991 3176 diebus
2008 3139 2026 3176 :
2048 3122 2243 3177 idcirco

672 3222 723 3268 et
764 3212 976 3281 propior
1010 3212 1175 3267 factus
1220 3212 1501 3283 diligenter
1542 3220 1719 3267 narrat
1757 3213 1805 3269 ei
1848 3215 2023 3268 omnia
2051 3255 2065 3280 ,
2095 3223 2151 3268 ut
2190 3214 2242 3269 in

666 3302 1177 3357 commiseratiouem
1208 3317 1274 3357 eo
1296 3302 1524 3357 adducto
1546 3343 1561 3369 ,
1596 3302 1891 3357 libertatem
1917 3318 2082 3373 puero
2109 3318 2239 3357 cou-

665 3395 888 3448 ciliarct.
922 3395 1005 3448 18.
1036 3394 1467 3465 Appropinquavit
1492 3395 1645 3459 enim,
1678 3394 1865 3464 inquit,
1898 3395 1943 3448 ei
1967 3392 2132 3447 ludas
2151 3435 2165 3459 ,
2194 3403 2240 3448 et

665 3484 829 3537 dixit:
858 3484 981 3547 Oro,
1015 3484 1232 3549 domine,
1266 3484 1498 3553 loquatur
1516 3500 1684 3538 servus
1709 3495 1841 3537 tuus.
1868 3484 2093 3539 Attende
2112 3499 2241 3555 quo-

671 3574 826 3629 modo
846 3590 941 3644 per
966 3574 1140 3628 omnia
1158 3584 1213 3627 ut
1232 3573 1445 3627 domino
1466 3588 1649 3629 servus
1676 3574 1939 3644 loquitur;
1967 3585 2020 3630 ct
2048 3575 2099 3629 in
2125 3590 2240 3630 me—

670 3668 834 3722 moria
864 3667 999 3721 habe
1022 3666 1224 3720 somnia
1256 3667 1661 3737 manipulorum,
1696 3678 1911 3738 propter
1936 3684 2052 3737 qum
2075 3668 2241 3737 majo-

672 3773 781 3809 rem
809 3771 933 3824 erga
965 3771 1086 3809 eum
1119 3755 1367 3809 invidiam
1406 3767 1654 3810 acuerant
1674 3798 1687 3820 ,
1720 3768 1771 3811 et
1797 3758 2111 3826 obstupesce
2148 3773 2238 3810 so-

671 3850 858 3902 lertem
892 3846 979 3899 Dei
1012 3846 1323 3915 sapientiam
1348 3889 1362 3909 ,
1392 3848 1657 3915 qttomndp
1685 3852 1845 3903 tantis
1875 3850 2158 3903 obstaculis
2187 3850 2240 3902 in

671 3935 844 3992 medio
884 3936 1097 4005 positis,
1130 3936 1303 3989 omnia
1346 3951 1507 4007 opere
1537 3926 1657 3991 sntit
1698 3939 1928 4007 impleta.
1959 3937 2238 4006 Loquatur,

666 4027 867 4096 inquit,
900 4042 1069 4080 servus
1098 4036 1210 4079 tuus
1240 4043 1407 4079 coram
1434 4036 1501 4093 te,
1537 4038 1582 4081 et
1610 4045 1672 4081 ne
1693 4030 1927 4082 irascaris
1956 4046 2094 4082 servo
2119 4038 2205 4082 tuo
2224 4068 2239 4095 ,

671 4121 887 4173 domine.
921 4120 1007 4173 19.
1039 4119 1118 4171 'l'u
1147 4120 1464 4189 interrogasti
1491 4137 1653 4174 servos
1675 4132 1802 4184 tuos,
1827 4122 1993 4175 dicens
2019 4138 2036 4175 :
2066 4122 2239 4176 [labe—

672 4213 799 4264 tisne
829 4216 1037 4285 fratrem
1065 4213 1139 4265 vel
1176 4214 1411 4280 patrem?
1439 4212 1528 4266 (ὶο.
1560 4225 1601 4266 et
1633 4214 1849 4266 diximus
1872 4214 2073 4267 domino
2099 4233 2115 4267 :
2146 4214 2237 4268 Est

671 4302 810 4355 nobis
840 4312 978 4371 pater
998 4317 1171 4367 senex,
1198 4312 1242 4355 et
1264 4303 1425 4369 ﬁlium
1452 4305 1709 4356 senectutis
1731 4310 1961 4371 juvenem
1986 4307 2128 4359 habet
2150 4348 2161 4368 ,
2194 4317 2241 4360 et

672 4396 825 4458 frater
848 4394 955 4463 ejus
976 4404 1197 4445 mortuus
1218 4402 1305 4445 est.
1330 4392 1513 4462 Cogita
1537 4394 1621 4447 hic
1637 4395 1900 4461 quomodo
1922 4411 1979 4450 se
2001 4396 2241 4451 habuerit

669 4485 860 4552 inseph
896 4486 1006 4538 hl‘C
1033 4485 1269 4537 audiens.
1305 4484 1402 4537 Ille
1429 4486 1565 4539 solus
1591 4487 1788 4539 relictus
1815 4497 1886 4539 est
1919 4489 2067 4541 matri
2094 4506 2239 4555 suat;

671 4587 811 4639 ἐπιτω-
838 4586 1001 4625 autem
1030 4591 1137 4625 eum
1166 4576 1345 4643 diligit.
1379 4578 1549 4641 Quare
1576 4586 1750 4630 autem
1776 4587 1827 4631 et
1855 4577 1937 4631 hic
1968 4580 2236 4646 mentitur,

661 4665 745 4719 sic
773 4664 952 4715 dicens
983 4677 997 4714 :
1033 4661 1213 4715 Frater
1234 4667 1341 4731 ejus
1373 4675 1593 4717 mortuus
1615 4667 1727 4718 est?
1757 4668 1915 4735 Atqui
1938 4685 2055 4723 eum
2080 4686 2239 4739 nego-

668 4752 945 4804 lialtll'iliUS
974 4750 1338 4806 vendiderant.
1370 4753 1564 4808 Verum
1594 4755 1711 4822 quia
1744 4756 1821 4809 sic
1858 4758 1989 4825 patri
2022 4775 2238 4825 persua-

670 4850 888 4904 serunt,
924 4843 1069 4909 quasi
1101 4844 1303 4895 occisus
1334 4853 1473 4897 esset
1496 4885 1509 4903 ,
1544 4854 1595 4896 et
1628 4860 1656 4896 a
1700 4844 1885 4899 bestiis
1913 4846 2191 4903 devoratus
2221 4868 2234 4903 :

671 4932 902 4999 alioquin
932 4933 1086 4983 etiam
1118 4942 1435 4999 putauerunt
1472 4949 1593 4987 eum
1626 4950 1729 4987 non
1762 4936 2019 4990 fetentem
2051 4938 2237 4993 barba-

668 5038 847 5075 rorum
880 5024 1221 5086 servitutem,
1252 5021 1360 5089 jam
1387 5038 1505 5076 esse
1532 5035 1817 5092 mortuum,
1849 5036 1903 5080 et
1934 5028 2127 5083 idcirco
2155 5030 2239 5083 di-

662 5114 733 5163 I‘ll
763 5130 775 5163 ι
812 5110 994 5164 Frater
1030 5115 1136 5181 ejus
1180 5126 1407 5167 mortuus
1442 5123 1531 5167 est.
1564 5115 1650 5167 ‘21.
1682 5117 1865 5170 Dixisti
1894 5130 2056 5171 autem
2088 5123 2238 5173 servis

660 5206 760 5258 tuis
788 5219 807 5256 :
831 5204 1071 5258 Dcdacite
1094 5222 1205 5259 eum
1230 5207 1294 5258 ad
1322 5224 1399 5259 me
1417 5249 1429 5269 ,
1462 5218 1506 5261 et
1529 5225 1701 5261 curam
1728 5210 1912 5263 habebo
1948 5214 2115 5280 ipsius.
2146 5213 2235 5267 25.

662 5296 725 5349 Et
752 5297 969 5351 dixisti:
1002 5298 1115 5352 Nisi
1145 5301 1410 5354 descendat
1439 5306 1596 5372 frater
1629 5314 1783 5357 vester
1815 5307 2061 5359 vobiscum
2092 5352 2101 5367 .
2138 5327 2236 5363 non

659 5392 921 5459 apponetis
946 5401 997 5443 ut
1023 5391 1229 5445 videatis
1258 5394 1433 5461 facient
1464 5412 1643 5447 nteant.
1673 5396 1762 5449 9i.
1800 5396 2011 5450 Factum
2044 5412 2112 5452 est
2140 5418 2233 5451 au-

670 5482 972 5547 tcntquando
994 5484 1303 5536 ascendimus
1318 5485 1382 5535 ad
1410 5502 1600 5537 servum
1619 5494 1758 5537 tuum
1787 5498 1972 5555 putrem
1993 5502 2234 5556 nostrum,

653 5572 1069 5625 annuntiarimus
1109 5575 1151 5626 ei
1190 5575 1330 5627 verba
1370 5578 1575 5629 domini.
1606 5578 1691 5631 '25.
1731 5578 1867 5632 Dixit
1896 5593 2057 5634 autem
2100 5594 2238 5651 pater

661 5669 831 5711 noster
855 5661 1035 5717 nobis:
1066 5663 1145 5717 Ite
1168 5667 1364 5729 iterant,
1393 5669 1535 5719 emite
1564 5669 1703 5721 nobis
1730 5687 1886 5735 pauca
1911 5672 2118 5725 cibaria.
2142 5675 2232 5729 9.6.

665 5750 711 5805 Ν
722 5769 775 5805 os
803 5758 973 5804 autem
995 5754 1210 5808 diximus
1238 5758 1281 5809 ei
1314 5772 1329 5809 :
1370 5756 1479 5809 Non
1506 5759 1774 5825 poterimus
1798 5760 2115 5827 descendere,
2140 5764 2235 5819 nisi

1424 381 1481 438 S.
1518 378 1795 437 JOANNIS
1818 367 2289 434 CllRYSOSTOSll
2326 371 2642 429 ARCHIEP.
2684 371 3215 432 COXSTANTINOP.

3846 385 3959 442 550

2365 484 2523 555 frater
2541 495 2709 541 noster
2727 486 2994 549 descendat
3018 489 3294 544 nobiscum.
3315 490 3402 547 27.
3426 490 3567 546 Dixit
3582 501 3746 550 autem
3779 514 3959 555 servus

2364 585 2479 632 tuus
2511 586 2657 649 pater
2683 588 2852 637 noster
2877 593 2899 633 :
2934 576 3035 634 Vos
3062 580 3199 635 scitis
3222 623 3237 647 ,
3267 582 3405 651 quod
3431 583 3559 639 duos
3592 588 3788 656 peperit
3819 588 3951 642 mihi

2363 682 2511 733 uxor,
2532 666 2623 724 28.
2652 678 2699 723 et
2724 684 2950 741 egressus
2976 681 3051 725 est
3076 688 3206 726 unus
3231 688 3264 725 a
3290 690 3370 729 me
3388 716 3401 737 ,
3430 686 3476 728 et
3500 676 3701 732 dixistis
3718 719 3734 743 ,
3757 682 3899 749 quod
3922 698 3955 732 a

2363 755 2525 821 bestia
2536 758 2601 812 sit
2620 759 2903 813 devoratus.
2925 759 3215 837 Considera
3241 764 3508 832 quomodo
3532 780 3626 835 per
3643 769 3953 823 excusatio-

2361 860 2485 902 nem
2512 846 2662 903 Judu:
2684 848 2881 921 Ioseph
2906 851 3084 905 omnia
3107 850 3392 923 diligenter
3409 854 3653 914 didicerit
3676 874 3798 929 qua:
3825 870 3950 929 post

2360 949 2513 992 suam
2535 938 2894 996 venditionem
2922 943 3129 1011 egerint
3160 941 3305 998 domi
3323 985 3338 1007 .
3365 957 3420 1000 et
3443 946 3616 1015 qualia
3641 950 3775 1018 patri
3797 949 3866 1003 de
3886 963 3951 1005 se

2359 1029 2707 1084 narraverint.
2733 1030 2824 1085 29.
2843 1030 2996 1085 Nunc
3014 1031 3189 1103 igitur,
3211 1033 3403 1104 inquit,
3424 1036 3471 1090 si
3493 1047 3537 1091 et
3557 1038 3691 1092 hunc
3705 1041 3949 1107 tuleritis,

2356 1127 2408 1171 et
2426 1119 2663 1173 acciderit
2686 1120 2731 1175 ei
2751 1120 2966 1193 languor
2984 1121 3038 1177 iu
3057 1124 3159 1189 via,
3183 1123 3440 1180 deducetis
3462 1137 3759 1182 senectutem
3778 1146 3950 1185 meatu

2357 1223 2473 1262 cum
2508 1225 2723 1264 mturare
2761 1212 2831 1264 ad
2861 1211 3071 1281 inferos.
3113 1210 3191 1269 ita
3230 1229 3358 1286 ergo
3397 1224 3547 1285 patre
3588 1227 3774 1273 nostro
3816 1236 3947 1290 erga

2358 1315 2585 1370 puerum
2620 1302 2813 1358 alecto
2838 1345 2854 1368 ,
2885 1304 3153 1375 quomodo
3180 1307 3473 1376 poterimus
3502 1306 3691 1364 faciem
3719 1311 3840 1381 ejus
3868 1313 3949 1365 vi-

2355 1391 2503 1457 dere,
2524 1408 2691 1464 puero
2712 1410 2816 1450 non
2837 1396 3130 1453 essistente
3148 1397 3458 1454 nobiscum?
3481 1400 3569 1457 ὅθ.
3589 1398 3787 1457 Pendet
3807 1404 3946 1457 enim

2354 1486 2528 1537 anima
2560 1488 2672 1555 ejus
2696 1502 2761 1539 ex
2786 1485 2941 1557 hujus
2966 1488 3156 1540 anima.
3198 1488 3288 1542 31.
3329 1488 3394 1543 Et
3432 1489 3676 1545 deducent
3711 1493 3843 1546 scrri
3872 1494 3946 1546 tui

2354 1584 2654 1629 senectutem
2682 1576 2840 1646 patris
2868 1578 3025 1631 nostri
3052 1578 3181 1632 servi
3204 1578 3282 1632 tui
3304 1596 3418 1632 cum
3445 1596 3655 1634 mturare
3681 1584 3751 1634 ad
3775 1583 3942 1650 infer-

2354 1682 2495 1718 num.
2526 1664 2711 1721 Servus
2738 1671 2873 1721 enim
2900 1678 3018 1721 tuus
3043 1669 3237 1738 accepit
3266 1686 3474 1738 puerum
3501 1687 3533 1723 a
3562 1682 3709 1740 patre
3734 1690 3830 1727 suo
3856 1674 3942 1726 di-

2352 1772 2470 1811 cens
2500 1772 2521 1811 :
2550 1754 2669 1813 Nisi
2692 1758 2858 1829 ipsunt
2879 1760 2948 1817 ad
2974 1770 3021 1814 te
3041 1760 3285 1816 reduxere
3307 1802 3323 1827 ,
3356 1773 3558 1830 peccato
3576 1763 3828 1818 obnoxius
3856 1780 3945 1819 ero

2352 1846 2440 1900 tibi
2471 1848 2701 1901 omnibus
2740 1846 2933 1903 diebus.
2980 1848 3087 1903 llas
3115 1850 3497 1919 promissiones
3541 1849 3642 1906 ieci
3676 1855 3850 1921 patri,
3887 1864 3946 1910 ut

2353 1952 2576 2007 puerum
2604 1938 2802 2007 possim
2844 1938 3142 2005 adducere,
3173 1948 3227 1994 et
3253 1956 3313 1995 ea
3347 1941 3569 2009 implere
3594 1957 3715 2012 qua:
3743 1952 3797 1998 tu
3825 1943 3943 2013 jus—

2351 2042 2519 2093 seras,
2548 2037 2950 2099 ntonstrareque
2974 2044 3133 2099 quam
3162 2045 3286 2085 vere
3312 2030 3620 2097 dixerimus,
3650 2043 3706 2087 et
3736 2034 3942 2089 nullum

2352 2118 2756 2174 mendacium:
2792 2119 2945 2175 nobis
2979 2134 3099 2184 esse
3138 2121 3423 2191 prolatum.
3462 2123 3553 2177 33.
3593 2121 3752 2178 Nune
3786 2126 3945 2196 igitur

2349 2209 2558 2263 manebo
2585 2225 2754 2264 servus
2784 2228 2875 2279 pro
2918 2227 3095 2282 puero,
3117 2212 3340 2281 famulus
3359 2213 3551 2267 domini
3575 2232 3595 2280 ;
3621 2232 3750 2284 puer
3772 2224 3943 2267 autem

2346 2298 2584 2353 ascendat
2613 2316 2726 2353 cum
2751 2300 3013 2369 fratribus.
3038 2301 3129 2356 ξι.
3156 2300 3421 2366 Quomodo
3449 2304 3582 2357 enim
3608 2305 3944 2359 ascenderunt

2347 2394 2415 2446 ad
2441 2403 2655 2460 patrem,
2682 2410 2797 2447 cum
2836 2410 2936 2448 non
2969 2395 3032 2449 sit
3072 2395 3328 2448 nobiscum
3358 2397 3523 2465 puer?
3550 2395 3615 2448 Et
3650 2411 3713 2449 ne
3738 2396 3939 2448 rideam

2347 2483 2519 2549 mala,
2557 2500 2670 2554 qua:
2707 2486 2953 2539 inuenient
3001 2495 3191 2556 patrem
3239 2502 3422 2541 meum.
3470 2486 3594 2542 Hatc
3639 2486 3941 2556 Iosepbnn

2346 2572 2524 2627 animo
2553 2584 2989 2639 commoverunt,
3022 2583 3074 2630 et
3119 2576 3250 2638 satis
3275 2576 3323 2631 ei
3352 2575 3788 2631 demonstrarunt
3816 2579 3941 2632 illus

2347 2674 2400 2718 et
2442 2676 2640 2733 patrem
2684 2664 2844 2733 digne
2886 2665 3063 2720 colere
3086 2706 3100 2729 ,
3132 2676 3185 2720 et
3228 2666 3445 2721 fratrem
3477 2669 3700 2721 multum
3729 2684 3937 2722 amans.

2349 2757 2400 2811 1.
2436 2756 2499 2809 Et
2539 2773 2637 2810 non
2677 2757 2809 2811 ultra
2840 2758 2997 2824 potuit
3031 2760 3199 2827 ferre,
3238 2772 3397 2827 neque
3428 2757 3643 2812 tolerare
3675 2758 3941 2812 adstantes

2344 2847 2477 2913 sibi,
2510 2847 2600 2901 sed
2635 2848 2848 2917 repulsis
2884 2847 3113 2901 erunibus
3145 2849 3283 2902 solus
3317 2848 3448 2902 inter
3481 2866 3563 2904 eos
3602 2851 3810 2905 relictus
3834 2893 3849 2915 ,
3878 2850 3938 2905 2.

2346 2940 2497 2994 missa
2519 2955 2633 2993 voce
2656 2956 2766 2992 cum
2794 2940 2917 3008 ﬂetu
2942 2980 2958 3004 ,
2994 2947 3145 2993 noto?
3204 2956 3258 2994 se
3292 2942 3410 3011 fecit
3436 2940 3697 3010 fratribus.
3735 2939 3802 2993 Et
3838 2942 3940 2995 hoc

2346 3029 2560 3083 innotuit
2589 3030 2638 3082 in
2666 3038 2767 3082 toto
2803 3046 2986 3097 regno,
3020 3032 3072 3083 in
3107 3031 3257 3084 domo
3290 3030 3597 3085 Pharaonis.
3627 3033 3680 3085 3.
3715 3032 3779 3085 Et
3809 3033 3940 3087 dicit

2348 3118 2589 3191 fratribus
2629 3119 2731 3171 suis
2762 3134 2780 3171 :
2814 3117 2922 3189 Ego
2956 3135 3067 3172 sum
3101 3118 3313 3188 Ioseph.
3353 3118 3548 3174 Vivitne
3585 3122 3751 3175 adhuc
3790 3134 3941 3192 pater

2346 3225 2485 3263 meus
2519 3209 2686 3280 (.Cap.
2729 3207 2866 3278 45)?
2903 3210 3167 3264 Admirari
3209 3212 3295 3265 hic
3333 3211 3473 3266 subit
3506 3220 3563 3267 et
3603 3213 3741 3268 beati
3776 3214 3941 3283 hujus

2343 3300 2693 3355 constantiam
2714 3308 2950 3367 tantam,
2980 3310 3033 3355 et
3058 3300 3199 3372 quod
3227 3302 3499 3371 hucusque
3537 3304 3941 3361 simulationem

2342 3390 2671 3455 sustinuerit,
2695 3400 2747 3446 et
2766 3391 2904 3461 quod
2928 3392 3047 3462 quis
3064 3402 3329 3447 essetnon
3359 3393 3706 3448 dt-claraverit
3730 3413 3743 3448 :
3772 3406 3941 3463 atque

2344 3481 2687 3537 vehementer
2710 3482 3049 3551 obstupesco,
3072 3485 3340 3552 quomodo
3371 3484 3443 3538 illi
3469 3485 3736 3553 potuerint
3765 3495 3939 3550 stare,

2345 3574 2427 3629 vel
2464 3588 2527 3628 os
2567 3582 2749 3643 postea
2785 3573 2994 3643 aperire
3018 3614 3033 3638 ,
3074 3573 3342 3643 quomodo
3372 3589 3475 3627 non
3506 3575 3730 3628 avolarit
3759 3576 3826 3627 alt
3854 3578 3941 3629 eis

2342 3667 2537 3730 anima,
2571 3664 2836 3734 quomodo
2866 3680 3050 3719 eorum
3090 3679 3239 3719 mens
3281 3674 3385 3718 tota
3427 3680 3530 3717 non
3558 3666 3896 3733 obstupuerit
3920 3707 3936 3729 ,

2343 3756 2609 3825 quomodo
2640 3770 2743 3808 nan
2770 3769 2828 3809 se
2855 3754 3152 3808 abdiderint
3192 3754 3328 3808 intra
3358 3763 3573 3809 tcrmm.
3613 3755 3676 3809 Et
3703 3772 3804 3809 non
3835 3773 3937 3824 po—

2346 3854 2563 3905 tucrant,
2593 3845 2780 3913 inquit,
2808 3847 2989 3914 fratres
3009 3845 3118 3914 ejus
3144 3844 3445 3912 respondere
3463 3845 3510 3897 ei
3537 3861 3556 3898 :
3584 3847 3772 3899 turbati
3796 3849 3940 3900 enim

2344 3944 2505 3987 erant.
2536 3934 2722 3988 Merito
2751 3952 2763 3986 :
2792 3934 3083 4003 cogitantes
3114 3934 3380 4003 quomodo
3401 3949 3523 3989 eum
3549 3944 3936 4003 tractaverant,

2344 4036 2398 4081 et
2423 4027 2591 4097 qualis
2618 4029 2729 4096 ipse
2758 4043 2882 4097 erga
2904 4027 3020 4081 illos
3056 4025 3228 4082 fuerat
3260 4045 3273 4079 :
3307 4037 3360 4081 et
3385 4028 3677 4097 cogitantes
3705 4030 3938 4098 gloriam

2344 4119 2394 4171 in
2452 4134 2551 4186 qua
2582 4120 2899 4175 constitutus
2938 4129 3052 4174 erat
3075 4160 3088 4182 ,
3122 4121 3186 4173 de
3219 4132 3313 4172 sua
3343 4118 3511 4171 salute
3544 4121 3940 4187 propemodum

2342 4211 2480 4262 anxii
2510 4219 2680 4263 erant.
2706 4208 2989 4278 Propterea
3012 4208 3195 4264 vol-ns
3215 4224 3309 4262 eos
3336 4209 3572 4263 animare
3598 4251 3611 4273 ,
3642 4210 3698 4263 4.
3731 4210 3939 4278 Appro-

2345 4301 2595 4370 pinquate,
2630 4300 2819 4367 inquit,
2852 4300 2918 4352 ad
2948 4317 3043 4353 me.
3078 4299 3155 4354 Ne
3182 4300 3532 4353 anmveamini
3561 4314 3655 4352 vos
3686 4321 3701 4352 :
3737 4316 3805 4354 ne
3835 4317 3937 4354 ro-

2341 4390 2516 4458 gitetis
2536 4406 2628 4444 vos
2649 4390 2863 4457 proprio
2884 4391 3105 4443 consilio
3134 4389 3247 4442 ll:1'C
3275 4400 3457 4443 centra
3490 4406 3573 4443 me
3596 4390 3794 4457 egisse.
3830 4392 3941 4448 Ista

2345 4496 2447 4536 non
2474 4490 2580 4535 tam
2614 4490 2801 4535 vestra:
2829 4497 2956 4551 erga
2990 4497 3074 4535 me
3102 4478 3451 4535 adscribenda
3487 4493 3607 4533 sunt
3641 4482 3938 4551 iniquitati.

2343 4588 2497 4642 quam
2529 4572 2719 4625 divinae
2746 4572 3020 4640 sapientia:
3047 4581 3099 4624 et
3130 4569 3380 4624 ineffabili
3412 4570 3795 4624 misericordiae
3833 4589 3845 4621 :
3879 4586 3941 4627 ιιι

2346 4663 2446 4717 huc
2471 4663 2757 4718 adveniens
2782 4705 2795 4728 ,
2826 4677 2967 4715 nunc
2995 4663 3306 4729 tempestive
3332 4670 3385 4714 et
3410 4660 3561 4713 vobis
3592 4671 3645 4715 et
3676 4663 3772 4715 toti
3810 4662 3943 4718 huic

2345 4754 2541 4823 regioni
2582 4769 2791 4822 possem
2835 4753 3173 4821 suppeditare
3212 4752 3480 4805 alimenta.
3516 4751 3579 4803 Et
3608 4751 3736 4805 dixit
3770 4768 3788 4805 :
3823 4751 3939 4823 Ego

2341 4864 2449 4900 sum
2471 4844 2659 4913 Joseplt
2683 4848 2837 4915 frater
2858 4856 3037 4908 vester,
3061 4861 3203 4911 quem
3224 4844 3511 4897 vendidistis
3540 4846 3589 4897 in
3618 4843 3938 4914 (Egyptian.

2341 4938 2391 4991 5.
2430 4935 2581 4989 Nunc
2608 4937 2761 5004 igitur
2786 4952 2847 4988 ne
2870 4936 3096 4987 dolentis.
3122 4934 3199 4989 Nc
3223 4951 3335 4997 vos,
3368 4936 3554 5003 inquit,
3581 4936 3681 4989 hoc
3705 4946 3940 4989 cuntur-

2342 5028 2461 5092 bet;
2505 5044 2571 5081 ne
2625 5041 2868 5096 asperum
2915 5026 3061 5079 \‘ttbiS
3112 5026 3350 5079 videatur
3388 5026 3526 5094 quod
3584 5027 3781 5079 Lutum
3830 5038 3937 5080 est.

2344 5118 2433 5172 Dei
2463 5119 2604 5171 enim
2642 5117 3033 5184 dispensatione
3063 5117 3397 5184 contigerunt
3434 5116 3566 5171 haec.
3613 5116 3754 5170 Deus
3798 5119 3940 5171 enim

2342 5228 2419 5263 me
2448 5211 2580 5263 misit
2606 5210 2659 5262 in
2680 5211 2829 5263 vitam
2857 5221 2972 5263 ante
2993 5226 3093 5263 vos.
3126 5212 3179 5262 6.
3214 5211 3346 5260 Nam
3376 5210 3454 5262 hic
3484 5210 3731 5261 secundus
3761 5225 3941 5264 annus

2342 5302 2491 5371 famis
2530 5318 2680 5371 super
2708 5313 2890 5355 (errant
2915 5344 2928 5366 ,
2965 5314 3009 5355 et
3039 5303 3206 5354 adhuc
3233 5310 3418 5355 restant
3444 5304 3658 5369 quinque
3685 5303 3807 5355 anni
3836 5344 3850 5365 ,
3884 5305 3940 5358 in

2341 5399 2517 5466 quibus
2546 5414 2643 5448 non
2672 5397 2759 5447 erit
2790 5397 2949 5447 aratio
2975 5437 2988 5455 ,
3022 5411 3178 5462 neque
3212 5395 3402 5447 messis.
3432 5394 3482 5445 7.
3526 5394 3663 5447 Misit
3690 5395 3822 5447 enim
3858 5413 3942 5450 me

2347 5489 2480 5541 Deus
2503 5497 2618 5539 ante
2638 5502 2737 5549 vos,
2764 5495 2814 5537 ut
2832 5487 3224 5552 relinquerentur
3244 5486 3374 5537 vobis
3402 5486 3624 5555 reliquiae
3650 5502 3803 5553 super
3827 5498 3941 5539 ter-

2343 5596 2465 5632 ram.
2498 5583 2547 5632 8.
2586 5578 2738 5631 Nunc
2763 5579 2914 5647 igitur
2933 5593 3033 5629 non
3054 5594 3139 5630 vos
3163 5593 3239 5628 nte
3264 5578 3464 5629 misistis
3486 5577 3583 5629 huc
3601 5618 3615 5639 ,
3649 5580 3736 5629 sed
3773 5576 3935 5633 Deus.

2412 5674 2464 5723 7.
2499 5670 2630 5725 Vide
2668 5670 2932 5739 quomodo
2961 5669 3125 5723 semel
3155 5678 3207 5721 et
3242 5669 3431 5721 iterum
3466 5679 3517 5721 et
3549 5669 3708 5745 tertio
3734 5683 3937 5723 causa-

2348 5761 2626 5817 laturﬁ'llos
2655 5802 2665 5827 ,
2699 5760 2881 5816 dicens
2910 5776 2967 5815 se
3001 5776 3104 5812 non
3140 5760 3267 5830 ipsis
3293 5759 3830 5815 adscrith‘ecattsatn
3855 5766 3941 5815 sui
