4186 6324
192 400 294 461 557

194 517 459 586 ingressus
483 510 542 568 iu
572 510 886 585 δαμείω,
908 506 1006 567 sed
1031 506 1197 566 Deum
1227 506 1329 564 hoc
1356 506 1569 577 fecisse,
1589 517 1650 565 ut
1667 506 1787 580 ipse

196 606 244 663 in
268 604 403 659 hanc
417 602 636 660 veniret
653 600 899 674 gloriam.
923 597 1085 665 Deus,
1105 598 1299 671 inquit,
1320 598 1455 653 misit
1477 614 1576 666 me,
1604 608 1653 653 et
1672 597 1791 670 fecit

194 712 267 750 me
287 694 433 765 quasi
462 703 667 765 patrem
699 690 992 745 Pharaonis
1013 732 1029 757 ,
1060 698 1110 744 et
1135 688 1399 743 dominum
1428 687 1582 744 totius
1609 686 1791 742 domus

194 786 347 853 illius,
368 794 416 840 et
439 785 727 854 principem
750 782 902 837 totius
930 780 1166 854 £gypti.
1198 780 1314 843 Illa,
1344 780 1535 851 inquit,
1561 781 1792 835 servitus

196 877 331 931 hunc
369 872 733 945 principatum
773 872 901 927 mihi
938 868 1282 937 conciliavit,
1327 870 1416 924 illa
1460 869 1698 925 venditio
1738 870 1791 924 in

198 963 330 1019 hanc
354 977 444 1017 me
466 962 701 1032 gloriam
727 960 946 1025 evexit,
978 960 1066 1015 illa
1094 958 1314 1015 afﬂictio
1346 958 1504 1029 hujus
1529 958 1660 1014 mihi
1690 957 1791 1012 ho-

196 1054 337 1109 noris
372 1052 596 1109 occasio
624 1051 761 1119 fuit,
802 1048 889 1106 illa
916 1050 1117 1107 invidia
1158 1049 1299 1107 hanc
1334 1050 1464 1106 mihi
1491 1049 1789 1105 claritatem

197 1146 415 1217 peperit.
446 1144 581 1201 limc
609 1159 708 1200 nos
733 1158 841 1200 non
863 1142 1037 1199 solum
1062 1142 1340 1198 audiamus
1360 1183 1377 1210 ,
1407 1140 1503 1198 sed
1529 1151 1581 1199 et
1612 1141 1791 1197 imite-

197 1253 309 1293 mur
328 1255 347 1293 :
372 1248 427 1293 et
454 1237 529 1291 ita
556 1236 796 1291 solemur
818 1250 912 1291 eos
934 1234 1029 1307 qui
1058 1250 1158 1291 nos
1182 1234 1444 1302 afﬂixere,
1474 1248 1583 1289 non
1614 1234 1792 1305 impu-

197 1338 362 1384 tantes
388 1329 472 1384 eis
496 1344 623 1400 qua:
654 1329 706 1385 in
734 1343 834 1385 nos
861 1328 1214 1396 admiserunt,
1242 1330 1302 1385 'et
1324 1329 1504 1383 omnia
1529 1343 1651 1385 cum
1682 1342 1795 1382 ma-

196 1435 293 1489 gna
321 1419 562 1475 ferentes
596 1419 990 1487 benevolentia,
1020 1417 1162 1475 sicut
1191 1419 1282 1475 ille
1313 1421 1395 1476 vir
1422 1418 1790 1475 admirandus.

199 1509 372 1580 Igitur,
405 1510 602 1580 inquit,
631 1525 756 1565 cum
787 1525 1101 1580 persuasum
1125 1510 1276 1566 vobis
1304 1511 1543 1573 fecerim,
1572 1525 1659 1566 me
1687 1524 1792 1565 non

198 1601 340 1656 vobis
366 1600 681 1657 adscribere
698 1616 762 1655 ea
783 1614 903 1671 quae
922 1610 1107 1656 contra
1131 1615 1218 1657 me
1243 1615 1273 1662 a
1294 1601 1447 1657 vobis
1474 1600 1610 1657 facta
1635 1608 1792 1668 sunt,

195 1690 285 1745 sed
314 1690 457 1760 quod
496 1690 724 1746 libet-em
753 1706 848 1746 vos
876 1690 1197 1746 criminibus
1229 1708 1243 1746 :
1277 1691 1388 1746 Deo
1414 1702 1593 1747 autem
1623 1700 1792 1745 totum

201 1779 444 1847 tribuam,
468 1781 566 1851 qui
588 1780 677 1835 illa
700 1780 771 1834 ita
793 1780 1123 1850 dispensavit
1143 1790 1200 1835 ut
1226 1790 1541 1851 praesentem
1572 1780 1796 1849 gloriam

199 1870 269 1925 sic
291 1869 631 1940 acquirerem
653 1888 667 1924 :
692 1869 745 1925 9.
776 1868 904 1924 Ideo
919 1872 1212 1941 festinantes
1234 1872 1487 1947 ascendite
1509 1871 1579 1924 ad
1600 1880 1795 1941 patrem

198 1950 354 2014 meum
378 1999 395 2025 ,
426 1968 475 2014 et
500 1960 655 2014 dicite
674 1960 718 2014 ei
741 1973 764 2015 :
793 1958 919 2015 Haec
940 1960 1061 2014 dicit
1081 1960 1221 2029 ﬁlius
1242 1971 1358 2015 tuus
1380 1960 1573 2031 Joseph
1606 1977 1625 2015 :
1655 1959 1798 2015 Fecit

190 2066 273 2104 nu
287 2050 425 2105 Deus
445 2050 712 2105 dominum
730 2052 1048 2107 totius-terrae
1062 2050 1301 2122 Egypti.
1330 2050 1589 2107 Descende
1608 2050 1675 2105 ad
1697 2068 1794 2120 me,

190 2151 242 2197 st
264 2158 325 2196 ne
349 2139 566 2210 diﬂ'eras
590 2159 610 2203 :
643 2142 731 2197 i0.
759 2152 807 2197 et
845 2143 1094 2197 habitabis
1124 2144 1176 2196 in
1214 2152 1350 2197 terra
1375 2141 1553 2198 Gesem
1579 2184 1592 2206 ,
1625 2153 1671 2198 et
1698 2143 1798 2197 eris

193 2232 434 2302 apudnte
459 2241 537 2300 tu,
567 2243 615 2287 et
635 2233 729 2301 ﬁlii
761 2233 857 2301 tui,
890 2243 935 2288 et
966 2234 1062 2301 ﬁlii
1086 2234 1307 2302 filiorum
1340 2244 1557 2301 tuorum,
1586 2244 1633 2288 et
1661 2249 1795 2301 oues,

200 2332 243 2377 et
271 2322 414 2378 bases
437 2365 454 2387 ,
496 2334 547 2379 et
584 2340 911 2395 quacumque
951 2326 1102 2380 habes
1128 2367 1143 2393 ,
1180 2327 1267 2380 ll.
1298 2335 1344 2380 et
1370 2328 1506 2381 alam
1533 2339 1580 2380 te
1609 2326 1800 2399 (adhuc

201 2414 567 2484 enitnquinque
584 2416 733 2469 armis
754 2413 956 2485 fames),
977 2427 1031 2469 ut
1054 2433 1153 2470 non
1174 2416 1393 2472 delearis
1417 2427 1492 2485 tu,
1521 2427 1567 2473 et
1584 2418 1681 2487 ﬁlii
1702 2418 1796 2485 tui,

200 2505 414 2558 etontuis
425 2505 824 2559 substantiatua.
844 2506 927 2562 12.
944 2505 1078 2562 Ecce
1088 2509 1223 2563 oculi
1234 2510 1384 2563 vestri
1398 2510 1584 2575 rident,
1604 2519 1649 2565 et
1666 2511 1802 2565 oculi

202 2591 466 2660 Beniamin
496 2599 672 2667 fratris
700 2598 871 2664 uestri,
887 2599 1030 2671 quod
1056 2614 1142 2653 ore
1167 2616 1277 2653 meo
1303 2600 1439 2655 vobis
1465 2598 1666 2671 loquor.
1693 2602 1801 2656 An-

204 2689 428 2741 nutttiate
466 2689 605 2759 patri
648 2706 757 2743 meo
797 2706 994 2745 omnem
1023 2690 1240 2763 gloriam
1279 2710 1441 2748 nteant
1481 2711 1595 2765 qme
1633 2704 1707 2749 est
1746 2695 1801 2750 in

206 2774 429 2849 5'9pr
448 2821 463 2846 ,
491 2789 540 2835 et
568 2797 896 2853 quazcumque
922 2784 1116 2838 vidistis
1132 2826 1147 2850 ,
1175 2794 1226 2840 et
1250 2786 1545 2855 festinantes
1571 2786 1802 2851 deducite

196 2884 332 2924 eius.
364 2870 656 2941 Postquam
685 2874 799 2928 hate
836 2875 1015 2928 omnia
1043 2874 1217 2941 dixit,
1246 2884 1299 2929 ct
1330 2876 1458 2931 satis
1487 2890 1580 2932 eos
1608 2892 1801 2933 conso-

205 2955 334 3013 latus
361 2969 466 3027 est,
500 2961 915 3033 mandatumque
935 2962 1080 3018 dedit
1103 2972 1161 3018 ut
1177 2963 1244 3018 de
1269 2965 1429 3019 rebus
1450 2975 1503 3020 et
1529 2976 1673 3021 statu
1701 2983 1800 3021 suo

199 3056 401 3116 patrem
421 3052 719 3109 certiorem
750 3054 1037 3109 redderent
1067 3095 1082 3119 ,
1112 3055 1399 3126 statimque
1428 3057 1759 3113 adducerent
1781 3100 1797 3124 ,

209 3139 292 3195 η.
313 3140 513 3196 Cecidit
538 3145 592 3198 in
622 3145 811 3199 collum
840 3144 1108 3215 Beniamin
1140 3147 1311 3215 fratris
1340 3149 1449 3212 sui,
1472 3160 1521 3203 et
1544 3150 1680 3218 ﬂeuit
1710 3151 1730 3221 (
1755 3151 1801 3205 is

209 3246 428 3303 namque
448 3243 570 3289 erat
590 3235 829 3292 uterinus
848 3236 1059 3307 frater),
1078 3248 1123 3292 et
1143 3238 1231 3293 ille
1250 3240 1467 3293 uicissim
1491 3240 1629 3309 ﬂevit
1648 3257 1802 3311 super

210 3336 294 3386 eo;
326 3333 372 3377 et
405 3326 666 3381 osculatus
701 3336 771 3381 est
801 3343 975 3381 omnes
1004 3331 1189 3399 fratres
1228 3345 1346 3382 suos
1367 3371 1380 3393 ,
1404 3338 1453 3382 et
1480 3331 1620 3399 ﬂeuit
1646 3347 1801 3402 super

207 3428 304 3467 eos.
334 3413 577 3485 Denique
604 3425 725 3487 post
750 3425 953 3472 tantum
984 3418 1308 3489 colloquium
1335 3429 1388 3474 et
1415 3420 1679 3492 lacrymas
1701 3462 1715 3486 ,
1745 3430 1802 3477 et

208 3502 620 3559 consolationem
646 3546 662 3571 ,
690 3515 744 3560 et
773 3507 1054 3561 consilium
1093 3507 1235 3578 quod
1266 3508 1345 3563 eis
1373 3508 1552 3575 dedit,
1582 3510 1667 3565 vix
1698 3524 1799 3579 po-

212 3599 417 3647 tuerunt
442 3608 566 3649 cum
594 3609 661 3650 eo
690 3595 858 3666 loqui.
886 3596 974 3652 l5.
1004 3594 1130 3651 Post
1154 3601 1262 3651 hare
1291 3598 1454 3664 enim,
1488 3599 1690 3668 inquit,
1718 3599 1799 3655 lo-

202 3681 479 3752 quebantur
501 3684 568 3738 ei.
600 3684 687 3741 16.
720 3684 846 3740 Hac
870 3695 1035 3741 autem
1061 3690 1233 3742 omnia
1259 3688 1520 3759 diuulgata
1553 3700 1672 3744 sunt
1702 3731 1716 3755 ,
1754 3698 1800 3745 et

204 3772 446 3830 celebrata
480 3777 535 3831 in
561 3776 713 3831 domo
739 3776 1026 3832 Pharaonis
1044 3820 1060 3845 ,
1092 3789 1139 3833 et
1167 3782 1369 3851 gavisus
1398 3792 1469 3835 est
1499 3822 1514 3845 ,
1552 3792 1599 3836 et
1626 3799 1799 3844 omnes

205 3866 289 3937 qui
321 3868 374 3922 in
414 3870 569 3923 domo
603 3871 733 3939 ejus.
766 3869 1111 3937 Exhilaravit,
1146 3871 1351 3943 inquit,
1381 3888 1570 3929 omnes
1598 3875 1797 3944 agnitio

209 3954 422 4014 fratrqu
449 3959 673 4030 Ioseph.
707 3961 794 4015 l7.
828 3960 895 4015 Et
920 3962 1072 4029 dixit,
1102 3962 1294 4033 inquit.
1319 3980 1409 4017 rex
1434 3962 1631 4035 Ioseph
1655 3982 1673 4021 :
1699 3963 1798 4018 Dic

209 4048 443 4117 fratribus
468 4050 570 4139 tuis
597 4066 616 4104 :
649 4048 762 4104 Hoc
788 4054 941 4139 facite
966 4067 985 4106 :
1011 4051 1213 4123 implete
1236 4053 1467 4139 uehicula
1495 4050 1659 4108 vestra
1684 4054 1797 4124 fru-

211 4146 387 4206 mento,
420 4148 470 4193 et
504 4138 659 4194 abite.
696 4139 785 4195 l8.
816 4138 884 4193 Et
913 4149 1171 4212 assumpto
1200 4138 1346 4210 patre
1370 4153 1531 4196 vestro
1546 4143 1707 4198 redite
1729 4145 1796 4196 ad

209 4242 312 4293 me,
343 4242 391 4283 et
423 4229 559 4284 dabo
597 4230 734 4285 vobis
770 4230 837 4284 de
874 4231 1106 4285 omnibus
1142 4232 1286 4286 bonis
1318 4230 1542 4303 ligypti
1572 4251 1591 4287 :
1622 4232 1708 4288 l9.
1740 4244 1796 4287 tu

208 4327 366 4373 autent
388 4321 608 4388 manda,
638 4332 693 4375 ut
712 4322 966 4391 accipiant
991 4323 1219 4391 plaustra
1250 4325 1426 4392 pueris
1452 4334 1500 4379 et
1530 4326 1795 4381 uxoribus.

208 4405 336 4463 Vide
376 4420 431 4466 et
482 4426 661 4481 regem
685 4453 701 4476 ,
730 4412 1003 4482 quomodo
1023 4412 1134 4483 jam
1164 4428 1347 4468 curam
1388 4415 1497 4485 agit
1526 4414 1593 4470 de
1621 4416 1792 4471 reditu

211 4494 360 4554 lacob
388 4500 488 4572 (a).
511 4498 582 4554 Et
606 4511 889 4569 assumpto,
922 4502 1115 4572 inquit,
1146 4513 1289 4572 patre
1306 4513 1470 4558 uestro
1494 4506 1675 4573 uenite,
1698 4505 1791 4561 20.

209 4596 333 4642 etne
359 4591 583 4661 parcatis
607 4591 768 4647 oculis
797 4590 862 4647 de
888 4593 1021 4647 vasis
1049 4593 1244 4648 uestris.
1286 4591 1477 4646 Omnia
1504 4596 1637 4649 enim
1664 4596 1792 4650 bona

211 4676 417 4753 Βρεμι»ιὶ
436 4692 605 4737 vestra
628 4692 795 4738 erunt.
811 4682 874 4739 21
890 4724 905 4739 .
929 4682 1183 4739 Fecerunt
1202 4694 1369 4739 autem
1394 4686 1466 4740 sic
1486 4688 1583 4755 ﬁlii
1602 4685 1789 4742 Israe'l.

210 4767 350 4825 Dedit
374 4781 547 4827 autem
574 4771 773 4842 Ioseph
792 4774 865 4829 eis
888 4789 1091 4841 currus,
1115 4775 1270 4845 juxta
1296 4775 1591 4831 ntandatum
1622 4780 1791 4849 regis;

206 4856 287 4914 22.
309 4870 355 4915 et
377 4863 615 4918 omnibus
642 4863 845 4934 quidem
863 4863 1002 4918 dedit
1024 4863 1167 4919 binas
1186 4864 1343 4919 stolas
1362 4905 1377 4930 ,
1406 4863 1675 4936 Benjamin
1700 4884 1791 4921 au-

210 4955 298 5003 tem
317 4952 456 5007 dedit
481 4962 724 5009 trecentos
745 4970 948 5017 aureos,
973 4962 1021 5008 et
1044 4954 1262 5025 quinque
1291 4955 1447 5009 stolas
1472 4957 1789 5023 mutatorias,

208 5036 290 5093 23.
312 5050 357 5094 et
377 5042 514 5111 patri
532 5058 623 5096 suo
639 5045 774 5097 misit
792 5044 1024 5099 similiter
1042 5054 1089 5099 et
1107 5044 1280 5099 decem
1303 5047 1474 5101 asinos
1495 5050 1709 5117 ferentes
1728 5050 1793 5103 de

209 5126 338 5185 bonis
353 5130 597 5203 ﬁgypti,
620 5142 671 5189 et
689 5137 860 5189 decem
879 5136 1043 5189 mulas
1066 5137 1278 5205 ferentes
1298 5153 1451 5206 panes
1473 5139 1605 5207 patri
1626 5156 1719 5193 suo
1739 5141 1790 5195 in

209 5219 348 5277 aiant.
371 5223 464 5280 24.
500 5225 693 5291 Quibus
722 5225 952 5282 omnibus
981 5228 1149 5296 datis,
1182 5229 1317 5283 misit
1351 5231 1537 5298 fratres
1562 5247 1681 5284 suos
1699 5272 1713 5296 ,
1744 5242 1790 5285 et

233 5390 331 5503 agt)
362 5398 432 5446 sic
455 5398 631 5470 omnes
643 5411 751 5447 cum
765 5398 904 5459 Editi,
922 5403 1025 5449 tum
1048 5402 1367 5463 Hannseripti.
1390 5407 1445 5450 Αι
1459 5414 1691 5464 quorsum
1711 5402 1791 5452 hic

233 5466 234 5472 ‘
326 5469 378 5503 us
393 5459 561 5503 Jatmbl
584 5460 632 5503 in
658 5458 933 5503 Emonam.
971 5463 1053 5503 mti
1079 5474 1339 5503 nummum
1368 5461 1625 5503 antnm
1650 5465 1789 5503 vide-

212 5458 378 5526 [editus
391 5458 561 5526 _J_acobi
584 5460 632 5507 in
658 5458 933 5524 «Egyptum,
971 5463 1053 5524 qui
1079 5458 1625 5526 numquama‘Egy'ptum
1650 5465 1789 5513 vide-

211 5514 378 5586 ratlan
390 5520 469 5569 hic
481 5533 581 5586 vox
594 5514 769 5580 amca;
779 5514 1138 5586 -W,-q“8.
1150 5514 1327 5582 reditu,
1350 5514 1671 5586 inte'Fpretata
1691 5532 1785 5581 est,

213 5576 347 5633 posita
370 5583 518 5647 tuerit
550 5594 658 5643 pro,
680 5576 831 5642 ma,
855 5584 935 5634 vel
962 5576 1139 5646 potius,
1182 5576 1355 5645 nosses,
1418 5576 1496 5634 ute'
1528 5598 1671 5634 voces
1689 5576 1788 5649 jam

213 5644 312 5694 non.
333 5641 558 5694 reditum.
582 5644 690 5694 sed.
720 5642 1020 5694 descensum.
1047 5600 1413 5694 signiﬁcarent?
1438 5653 1490 5694 Et
1509 5647 1586 5694 hic
1609 5660 1788 5694 sensus

211 5644 318 5709 gon,
333 5641 566 5701 reditum,
582 5644 690 5709 sed,
720 5641 1020 5709 descensum,
1047 5641 1378 5709 signiﬁcarent
1390 5641 1490 5709 [Et
1509 5647 1586 5696 hic
1609 5641 1789 5696 sensus

210 5698 467 5771 (βψω-οι,
490 5698 886 5771 (lunuquuidem
925 5698 1285 5771 qui'exvtudtea
1318 5709 1364 5757 in
1392 5707 1650 5771 (Egyptum
1672 5718 1787 5771 [mr-

210 5765 331 5821 B‘Jnt.
346 5761 654 5815 descendere
677 5761 731 5815 u't
752 5761 1009 5829 plurimum
1027 5768 1271 5818 dicuntur.

1237 394 1303 453 IN
1340 394 1496 453 CAP.
1540 394 1701 453 XLV.
1740 390 1985 451 GENES.
2028 391 2265 451 ηοωι..
2296 392 2460 453 LXV.

3391 394 3497 456 551

1900 508 2119 580 profecti
2142 516 2261 564 sunt
2284 524 2302 563 :
2323 506 2554 577 dixitque
2579 506 2653 562 eis
2678 521 2699 563 :
2727 505 2811 563 Ne
2835 507 3130 562 irascamini
3152 508 3205 562 in
3232 507 3334 563 sia.
3369 507 3502 565 Vide

1899 608 2140 655 mentem
2180 600 2423 656 moribus
2449 599 2667 671 optimis
2698 598 2997 669 praditam.
3028 598 3144 655 Non
3173 599 3350 658 mlum
3387 601 3502 674 ipso

1896 688 2103 744 dimisit
2131 689 2266 745 iram
2285 730 2302 756 ,
2331 699 2388 747 et
2411 705 2442 744 a
2469 689 2787 746 criminibus
2826 689 3110 757 liberavit,
3140 688 3238 746 sed
3269 698 3327 746 et
3354 691 3503 760 ipsos

1898 778 2154 836 admouet
2175 821 2190 845 ,
2230 796 2300 836 ne
2330 780 2630 836 irascantur
2656 781 2710 835 in
2737 781 2843 845 via,
2875 794 3053 851 neque
3075 794 3198 836 sese
3223 790 3411 857 mutuo
3433 781 3506 839 de

1900 869 2055 925 lactis
2077 879 2348 926 accusent.
2379 870 2515 927 Nam
2544 871 2590 926 si
2620 886 2791 942 nuper
2814 886 2939 926 cum
2967 880 3229 931 steterant
3252 884 3379 929 ante
3402 872 3501 928 Jo-

1898 961 2056 1032 seph,
2073 961 2325 1018 dicebant
2340 963 2480 1018 inter
2502 976 2583 1028 se,
2605 962 2789 1017 Merito
2809 982 2829 1017 :
2850 964 2903 1017 in
2930 964 3149 1034 peccatis
3170 964 3304 1018 enim
3328 982 3504 1021 sumus

1900 1062 2107 1122 propter
2130 1056 2342 1123 fratrem
2368 1062 2631 1120 nostrum,
2651 1054 2772 1124 quia
2795 1054 3117 1125 despeximus
3142 1055 3252 1125 ejus
3272 1055 3503 1126 aﬂictio-

1900 1159 2013 1198 nem
2043 1143 2207 1214 (Gen.
2232 1144 2319 1200 42.
2348 1144 2440 1201 Si.
2466 1144 2564 1219 22)
2590 1155 2685 1213 ;et
2711 1161 3005 1216 exsurgens
3032 1147 3222 1203 Ruben
3248 1147 3459 1205 dicebat
3488 1167 3502 1203 :

1901 1235 2091 1291 Nonne
2125 1236 2233 1291 dixi
2266 1237 2405 1292 vobis
2430 1278 2448 1305 ,
2482 1254 2546 1292 ne
2574 1236 2766 1308 injuria
2786 1238 3014 1309 (iniciatis
3044 1256 3281 1308 puerum,
3322 1250 3369 1294 et
3402 1256 3507 1295 non
3557 1238 3559 1241 ’

1898 1325 2177 1401 exaudistis
2214 1342 2293 1380 me
2312 1326 2340 1381 .’
2377 1327 2548 1383 multo
2583 1328 2755 1398 magis
2783 1328 3074 1383 verisimile
3101 1338 3238 1394 erat,
3268 1329 3417 1385 illum
3447 1329 3503 1385 in

1900 1418 1984 1472 via
2010 1432 2134 1473 cunt
2161 1418 2291 1474 aliis
2310 1420 2608 1474 rixaturum
2634 1434 2776 1475 esse.
2822 1419 3111 1490 Propterea
3138 1422 3503 1492 comprimens

1897 1523 2089 1565 eorum
2115 1511 2251 1566 iram
2279 1519 2334 1566 et
2359 1512 2760 1567 contentionem
2790 1519 3049 1574 mutuam,
3081 1512 3209 1567 dicit
3236 1530 3249 1566 :
3284 1511 3367 1566 Ne
3393 1512 3504 1567 ira-

1900 1603 2114 1657 scamini
2134 1604 2187 1656 in
2214 1603 2325 1670 aia;
2350 1602 2446 1659 sed
2471 1602 2767 1673 cogitantes
2796 1602 2937 1672 quod
2963 1618 3064 1673 ego
3090 1618 3195 1659 non
3224 1603 3503 1660 habuerim

1903 1709 2001 1765 pro
2026 1694 2251 1749 crimine
2276 1708 2394 1763 quae
2421 1694 2476 1748 in
2503 1707 2592 1749 me
2622 1693 2937 1760 admisistis,
2970 1693 3070 1764 ipsi
3097 1693 3262 1749 etiam
3284 1708 3383 1750 vos
3405 1693 3503 1749 be-

1901 1788 2204 1842 nevolentia
2234 1785 2471 1840 vicissim
2502 1784 2920 1855 prosequamini.

1974 1873 2193 1929 Horalis
2219 1874 2522 1929 exhortatio.
2546 1905 2615 1915 —
2637 1874 2768 1942 Quis
2801 1888 2897 1944 pro
2922 1872 3180 1944 dignitate
3205 1873 3506 1929 admirare-

1906 1977 1992 2021 tur
2014 1964 2145 2036 justi
2177 1966 2274 2021 viri
2302 1964 2460 2037 hujus
2492 1966 2765 2033 virtutem,
2796 1966 2886 2036 qni
2920 1979 3072 2020 nova:
3104 1965 3238 2035 legis
3264 1964 3506 2035 philoso-

1902 2059 2083 2130 phiam
2132 2073 2321 2130 magna
2359 2057 2675 2129 adimplevit
2712 2057 3018 2127 diligentia;
3064 2065 3223 2127 atque
3268 2056 3320 2111 id
3362 2056 3504 2127 quod

1901 2150 2152 2206 Christus
2174 2151 2429 2206 admonet
2456 2150 2771 2220 discipulos,
2805 2148 3014 2220 Diligite
3032 2148 3265 2202 inimicos
3292 2156 3504 2214 vestros,

1904 2251 2045 2296 orate
2067 2256 2160 2311 pro
2190 2240 2600 2309 persequentibus
2627 2255 2713 2293 vos
2742 2238 2961 2309 (Matth.
2986 2239 3039 2295 5.
3066 2236 3182 2309 Η),
3209 2238 3311 2292 hoc
3340 2237 3426 2293 ille
3450 2245 3509 2293 et

1905 2334 2073 2389 multo
2099 2334 2267 2411 magis
2296 2332 2459 2389 fecit?
2501 2330 2687 2411 Neque
2731 2332 2874 2387 enim
2916 2331 3092 2386 solum
3123 2340 3321 2386 tantam
3351 2328 3508 2386 exhi-

1907 2429 2021 2489 buit
2051 2428 2332 2484 caritatem
2363 2441 2491 2496 erga
2520 2422 2617 2482 eos
2642 2425 2731 2496 qui
2758 2415 2855 2487 se;
2879 2432 3137 2494 quantum
3167 2423 3220 2478 in
3249 2424 3329 2478 eis
3356 2432 3469 2479 erat
3488 2464 3504 2486 ,

1904 2520 2245 2583 occiderant;
2275 2518 2370 2575 sed
2397 2519 2576 2574 omnia
2608 2518 2764 2582 facit,
2807 2525 2865 2570 ut
2892 2516 3227 2571 demonstret
3254 2515 3385 2569 nihil
3412 2529 3509 2570 eos

1906 2612 1958 2666 in
1987 2626 2047 2666 se
2073 2610 2278 2681 peccati
2307 2609 2609 2665 admisisse.
2641 2606 2686 2663 Ο
2716 2605 3071 2678 philosophia:
3097 2604 3504 2660 excellentiam!

1905 2716 1938 2758 ο
1963 2703 2235 2772 ingentem
2267 2699 2612 2771 probitatem,
2645 2707 2702 2754 et
2726 2696 3034 2752 dilectionis
3067 2694 3159 2751 Dei
3186 2694 3508 2763 magnitudi-

1906 2792 2206 2849 nemlNon
2240 2807 2363 2859 vos,
2410 2792 2602 2862 inquit,
2650 2790 2771 2846 hvc
2819 2788 2948 2844 mihi
2995 2788 3229 2854 fecistis;
3271 2786 3364 2842 sed
3414 2787 3507 2841 Dei

1904 2900 2030 2955 erga
2064 2900 2153 2941 me
2179 2883 2513 2956 providentia
2569 2882 2683 2937 lure
2714 2880 2827 2938 ﬁeri
2852 2880 3115 2951 permisit,
3143 2887 3202 2934 ut
3231 2878 3361 2933 mihi
3412 2892 3506 2932 so-

1904 2976 2172 3030 mniorum
2194 2982 2419 3031 eventus
2441 2972 2801 3035 concedatur,
2846 2980 2901 3026 et
2935 2970 3087 3026 vobis
3129 2969 3317 3026 salutis
3343 2983 3505 3024 causa

1903 3080 2026 3121 esse
2054 3066 2276 3136 possim.
2304 3065 2381 3119 ita
2411 3070 2468 3117 ut
2492 3063 2543 3117 in
2574 3061 2950 3116 afflictimnibus
2971 3069 3025 3116 et
3048 3060 3101 3113 in
3123 3058 3509 3115 tentationibus

1904 3168 2045 3219 esse,
2078 3154 2122 3207 si
2151 3153 2314 3207 sobrii
2345 3150 2536 3217 simus,
2559 3150 2753 3205 divina:
2782 3150 2851 3204 sit
2876 3164 3001 3219 erga
3033 3164 3133 3204 nos
3158 3147 3508 3217 providentia

1906 3252 1960 3299 et
1979 3243 2369 3300 benevolentiae
2396 3241 2627 3311 signum.
2656 3240 2732 3294 Ne
2757 3240 2916 3310 igitur
2936 3240 2989 3294 in
3012 3238 3263 3294 omnibus
3284 3252 3507 3309 prospe-

1904 3336 2119 3390 ritatem
2141 3343 2195 3389 et
2217 3331 2542 3387 affluentiam
2569 3330 2920 3401 inquiramus,
2951 3330 3048 3385 sed
3073 3338 3128 3384 et
3152 3330 3267 3385 sive
3297 3329 3349 3383 in
3377 3342 3507 3399 pro-

1904 3424 2161 3495 speritate
2187 3423 2377 3480 simus.
2410 3422 2523 3475 sive
2566 3422 2620 3475 in
2650 3420 2997 3486 adversitate,
3030 3419 3279 3474 similiter
3307 3420 3506 3489 gratias

1904 3515 2191 3570 olferamus
2234 3512 2463 3568 Domino
2483 3556 2497 3577 ,
2532 3521 2589 3566 ut
2614 3513 2724 3565 visa
2754 3520 2902 3582 grata
2935 3518 3116 3567 mente
3146 3519 3324 3566 nostra
3352 3552 3367 3577 ,
3402 3512 3508 3564 lar-

1902 3608 2109 3679 giorem
2152 3620 2302 3661 suam
2341 3620 2467 3675 erga
2514 3618 2614 3658 nos
2652 3602 2889 3659 declaret
2924 3602 3310 3672 providentiam
3343 3615 3504 3671 :qu:e

1904 3701 2061 3757 nobis
2087 3698 2341 3755 omnibus
2366 3695 2691 3753 concedatur
2718 3695 2887 3766 gratia
2913 3702 2968 3751 et
2994 3692 3365 3751 misericordia
3399 3695 3505 3751 Do-

1903 3793 2035 3850 mini
2078 3792 2244 3848 nostri
2292 3790 2417 3846 Jesu
2466 3789 2703 3853 Christi,
2762 3788 2975 3858 quicum
3020 3785 3164 3843 Patri
3216 3794 3272 3841 et
3314 3793 3505 3839 sancto

1902 3885 2123 3958 Spiritui
2148 3886 2222 3940 sit
2245 3882 2435 3955 gloria.
2461 3878 2767 3951 imperium,
2796 3881 2991 3948 honor,
3018 3892 3160 3935 nunc
3183 3887 3238 3935 ct
3261 3890 3497 3949 semper,

1902 3987 1956 4035 et
1986 3976 2038 4030 in
2069 3974 2265 4030 saecula
2287 3971 2631 4029 surculorum.
2662 3972 2853 4027 Amen.

2458 4126 2737 4184 liOMlLlA
2777 4126 2938 4183 LXV.

1903 4263 1971 4319 Et
2008 4262 2372 4328 ascenderunt,
2418 4262 2623 4333 inquit,
2672 4278 2738 4315 ex
2784 4258 3053 4332 igypto,
3101 4268 3147 4313 et
3182 4266 3418 4312 venerunt
3444 4259 3500 4313 in

1974 4364 2158 4420 terram
2186 4353 2430 4407 Chanaan
2458 4352 2527 4405 ad
2545 4351 2707 4405 Jacob
2735 4360 2927 4420 patrem
2952 4365 3100 4403 suum
3118 4357 3199 4402 :et
3233 4347 3499 4401 nuntiau-

1972 4453 2092 4498 runt
2122 4444 2168 4497 ei
2192 4443 2411 4497 dicentes
2431 4458 2451 4495 :
2475 4440 2639 4495 Filius
2660 4452 2776 4495 tuus
2800 4438 2991 4508 Ioseph
3020 4438 3158 4504 uiuit,
3190 4446 3234 4491 et
3261 4436 3503 4491 domina-

1973 4544 2055 4588 tur
2084 4534 2173 4587 toti
2193 4543 2339 4587 terra
2364 4530 2602 4602 Egypti.
2640 4530 2703 4584 Et
2732 4530 2986 4601 obstupuit
3008 4526 3210 4594 Iacob;
3238 4544 3340 4582 non
3363 4527 3499 4583 enim

1971 4626 2182 4681 credidit
2208 4627 2279 4679 eis
2308 4624 2459 4696 (Gen.
2490 4626 2580 4679 45.
2606 4622 2696 4678 25.
2731 4622 2843 4692 26).

1972 4764 2024 4817 l.
2049 4760 2269 4815 Vidistis
2298 4774 2361 4814 ex
2391 4758 2474 4813 his
2492 4773 2611 4829 qum
2634 4754 2750 4810 heri
2767 4755 2905 4810 dicta
2929 4761 3077 4817 sunt,
3101 4751 3497 4823 philosophiam

1899 4853 2117 4924 Josephi
2145 4892 2163 4920 ,
2210 4861 2264 4908 et
2315 4849 2727 4906 inenarrabilem
2770 4846 3111 4901 clementiam
3160 4858 3322 4915 quam
3372 4859 3499 4917 erga

1902 4944 2092 4999 fratres
2115 4959 2241 4998 suos
2266 4940 2546 4996 exhibuit:
2576 4953 2677 4994 nec
2704 4938 2876 4993 solum
2905 4937 3103 4991 nullam
3134 4934 3261 4992 fecit
3284 4950 3499 4992 memo-

1899 5038 2030 5091 riam
2054 5050 2238 5090 eorum
2264 5048 2385 5107 qua:
2407 5033 2459 5086 in
2482 5046 2541 5085 se
2566 5029 2912 5092 admiserant,
2942 5028 3035 5083 sed
3056 5037 3111 5083 et
3136 5026 3403 5082 redituros
3431 5028 3497 5081 ad

1900 5135 2169 5196 parentem
2198 5122 2493 5183 admonuit,
2517 5120 2751 5191 ipsisque
2779 5120 3060 5173 consilium
3087 5116 3235 5174 dedit
3261 5133 3331 5173 ne
3360 5118 3499 5173 inter

1898 5232 1957 5271 se
1980 5216 2262 5285 jurgentur
2284 5227 2447 5283 super
2470 5209 2556 5266 his
2579 5226 2699 5280 qua:
2726 5210 2777 5264 in
2812 5209 2983 5278 ipsum
3010 5208 3364 5275 admiserant,
3399 5206 3497 5263 sed

1897 5307 2114 5361 dimissa
2140 5305 2285 5359 omni
2316 5303 2392 5359 ira
2416 5344 2432 5369 ,
2464 5301 2688 5371 paciﬁce
2714 5301 3008 5357 ambulent.
3037 5299 3230 5371 Opera:
3261 5301 3496 5371 pretium

1894 5399 1974 5451 est
2008 5406 2187 5452 autem
2212 5404 2266 5449 et
2291 5394 2401 5464 jam
2426 5409 2545 5463 qua:
2575 5401 2870 5463 sequuntur
2895 5406 3197 5459 recensere,
3227 5400 3286 5446 ut
3314 5390 3496 5445 vidca-

1896 5504 2015 5543 mus
2026 5495 2081 5544 et
2111 5486 2302 5541 borum
2320 5486 2385 5541 ad
2409 5494 2612 5554 patrem
2634 5486 2887 5549 reditum,
2910 5493 2960 5539 et
2983 5483 3305 5539 descensum
3327 5481 3493 5539 Jaeoh

1897 5580 1948 5634 in
1981 5577 2112 5649 Eg)
2127 5588 2272 5647 ptum
2306 5594 2318 5628 :
2352 5590 2558 5630 necnon
2608 5574 2881 5645 quomodo
2923 5574 3228 5629 refloruerit
3270 5573 3494 5627 audiens

1894 5687 1956 5725 ea
1996 5684 2114 5739 qua:
2154 5666 2352 5737 Joseph
2400 5665 2741 5735 spectabant,
2773 5675 2967 5736 atque,
2995 5672 3053 5719 ut
3081 5663 3160 5719 sic
3186 5663 3391 5722 dicam.
3424 5662 3491 5716 de

1898 5757 2251 5825 senejuvenis
2268 5755 2507 5811 redditus
2523 5754 2611 5810 sit.
2630 5755 2759 5824 Quis
2777 5754 2921 5811 enim
2938 5766 3188 5809 sermone
3208 5748 3499 5822 complecti
