4186 6324
643 387 746 444 559

645 509 826 572 posset
854 498 1173 568 voluptatem
1206 493 1258 547 in
1299 506 1401 562 qua
1446 500 1572 544 tunc
1609 485 1798 550 fuerit,
1841 499 1961 539 cunt
1991 483 2224 537 disceret

647 591 840 663 toscph
870 591 1066 650 vivere.
1090 599 1143 642 ct
1172 585 1224 640 in
1257 594 1399 640 tanta
1417 582 1670 653 dignitate
1695 578 2040 634 constitutum
2068 574 2231 632 esse?

650 688 1004 751 tnexspectata
1035 678 1177 733 enim
1209 677 1343 732 bona
1390 675 1649 744 majorem
1681 673 2007 740 voluptatem
2037 668 2232 724 aﬁ‘erre

648 773 840 827 solent.
872 770 1041 838 Quem
1073 769 1214 822 enim
1255 767 1475 838 putabat
1520 775 1644 820 ante
1692 771 1770 820 tot
1809 777 1979 818 annos
2007 759 2172 816 fuisse
2199 773 2229 814 a

649 863 832 918 bestiis
851 860 1182 925 devoratum,
1208 871 1265 913 ut
1283 858 1543 914 lntellexit
1562 865 1748 912 tenere
1768 854 2045 924 imperium
2071 850 2233 907 totius

651 954 886 1025 Egypti,
915 953 1185 1023 quomodo
1211 967 1315 1006 non
1345 965 1453 1020 pra:
1478 945 1839 1019 magnitudine
1858 943 2030 1016 gaudii
2054 951 2234 999 mento

650 1046 910 1104 excessit?
932 1046 1074 1100 Idem
1097 1044 1236 1098 enim
1255 1043 1430 1098 facere
1445 1041 1581 1097 solet
1599 1038 1940 1094 immodicum
1955 1036 2229 1107 gaudium,

648 1137 789 1209 quod
818 1139 1002 1206 ingens
1030 1133 1260 1190 tristitia.
1291 1133 1356 1188 Et
1384 1130 1564 1187 videre
1587 1130 1709 1184 licet
1731 1128 1928 1183 nmltos
1957 1126 2233 1183 eﬁ’undere

644 1235 689 1284 la
701 1243 911 1301 crymas
943 1242 1050 1297 pne
1075 1225 1268 1296 gaudio
1294 1226 1582 1287 immenso,
1616 1222 1752 1278 alios
1775 1221 1932 1276 etiam
1959 1234 2104 1290 sa~pe
2135 1218 2236 1271 ob-

646 1329 988 1389 stupescere,
1019 1317 1233 1388 quando
1273 1315 1386 1370 ﬁeri
1422 1314 1606 1370 vident
1648 1328 1710 1369 ea
1751 1328 1870 1384 qua:
1899 1327 2005 1366 non
2046 1325 2238 1380 exspe-

647 1416 921 1462 ctaverant
950 1415 1042 1462 :et
1085 1421 1222 1476 quos
1268 1414 1506 1459 mortuos
1533 1417 1653 1458 esse
1682 1402 1967 1472 putabant,
2013 1409 2236 1469 repente

649 1499 798 1553 vivos
827 1497 1066 1553 vident‘.
1108 1497 1213 1553 Sed
1243 1507 1296 1550 ut
1327 1495 1658 1550 manifestior
1688 1495 1776 1548 ﬁat
1805 1508 1984 1549 sermo
2013 1503 2195 1547 noster
2216 1534 2233 1558 ,

651 1587 932 1643 audiamus
962 1603 1082 1658 qua:
1120 1588 1252 1643 lecta
1283 1596 1423 1640 sunt.
1449 1584 1540 1640 25.
1571 1582 1637 1638 Et
1659 1584 2009 1648 ascenderunt,
2043 1583 2233 1653 inquit,

650 1694 714 1732 ea:
741 1675 995 1750 ﬁgypto,
1027 1687 1073 1730 et
1101 1685 1336 1729 venerunt
1377 1677 1432 1728 in
1472 1683 1655 1727 terram
1700 1672 1942 1728 Chanaan
1982 1674 2048 1726 ad
2076 1672 2236 1727 Iacob

653 1778 845 1839 patrem
873 1785 1038 1830 suum,
1065 1767 1156 1821 26.
1187 1775 1233 1820 et
1257 1766 1679 1820 annuntiaaerunt
1699 1767 1765 1829 ei,
1797 1765 2014 1820 dicentes
2032 1781 2051 1819 .'
2072 1763 2116 1818 Ρ
2117 1765 2236 1819 ilius

653 1866 768 1911 tuus
794 1854 989 1926 Ioseph
1024 1857 1156 1920 uiuit,
1184 1866 1230 1910 et
1257 1856 1365 1926 ipse
1390 1857 1683 1910 dominatur
1706 1857 1796 1909 toti
1824 1864 1970 1910 terra
1995 1853 2234 1926 Egypti.

654 1944 721 2001 Et
751 1949 955 2003 excessit
984 1958 1146 2002 mente
1172 1947 1331 2001 Iacob
1353 1961 1373 2001 :
1396 1963 1495 2001 non
1520 1948 1652 2000 enim
1680 1946 1892 2001 credidit
1924 1947 2015 2000 eis.
2054 1945 2236 2013 Vidi-5,

653 2038 707 2093 id
735 2038 876 2109 quod
906 2038 1146 2093 dicebam
1168 2081 1183 2103 ,
1217 2038 1526 2092 incredibile
1569 2039 1620 2094 ei
1656 2038 1827 2092 visum
1857 2051 1978 2092 esse
2005 2036 2144 2108 quod
2171 2037 2240 2092 de

655 2129 856 2200 Ioseph
900 2130 1343 2194 annuntiabatur,
1389 2130 1460 2184 ita
1506 2137 1564 2184 ut
1610 2138 1788 2186 mente
1833 2137 2238 2194 concutcrctur,

656 2232 707 2272 ιιι
735 2236 852 2288 qua:
879 2235 908 2274 a
937 2219 1186 2273 fratribus
1211 2219 1423 2285 ﬁebant,
1458 2220 1829 2290 deceptionem
1846 2235 1972 2278 esse
1995 2222 2242 2291 putaret?

657 2310 757 2378 Qui
797 2310 939 2364 enim
973 2318 1096 2365 tunc
1129 2311 1417 2366 attulerant
1458 2321 1660 2367 vestem
1693 2313 1952 2383 sanguine
1983 2313 2124 2370 haedi
2155 2315 2241 2369 in-

657 2403 930 2472 quinatam
953 2446 966 2468 ,
1007 2412 1058 2458 et
1093 2404 1225 2472 patri
1255 2412 1630 2473 persuaserant
1657 2419 1780 2460 eum
1819 2419 1849 2457 a
1895 2404 2079 2462 bestiis
2123 2421 2244 2462 esse

655 2492 966 2547 devoratum
992 2533 1007 2558 ,
1051 2507 1194 2548 nunc
1233 2493 1414 2549 dicunt
1461 2509 1583 2550 eum
1629 2494 1840 2558 vivere.
1883 2503 1939 2551 et
1980 2495 2243 2552 dominari

662 2585 715 2637 iu
749 2594 854 2638 tota
883 2583 1138 2656 Egypto.
1171 2585 1235 2640 Et
1265 2587 1474 2641 turbata
1516 2595 1697 2642 mente
1723 2587 1988 2657 cogitabat
2017 2588 2155 2658 apud
2187 2603 2247 2645 se

660 2676 928 2745 quomodo
973 2678 1164 2732 rationi
1210 2687 1353 2732 esset
1400 2677 1502 2733 hoc
1549 2690 2005 2734 consentaneum:
2037 2694 2158 2735 nam
2199 2685 2245 2735 sl

663 2781 847 2820 verum
875 2778 954 2821 est
982 2766 1106 2821 illud
1134 2767 1278 2836 prius
1300 2768 1521 2835 dictum,
1548 2769 1816 2839 quomodo
1837 2780 2045 2840 poterat
2069 2771 2248 2826 credi?

665 2858 709 2909 si
740 2865 920 2911 autem
967 2857 1066 2912 hoc
1091 2858 1412 2912 credendum
1443 2869 1492 2912 et
1521 2875 1704 2914 verum
1727 2901 1742 2927 ,
1786 2860 1912 2915 illttd
1946 2862 2250 2916 necessario

667 2945 824 3000 fuerit
845 2947 1196 3001 mendacium.
1220 2947 1469 3003 Turbavit
1491 2961 1664 3004 autem
1685 2966 1805 3006 eum
1828 2953 2074 3016 maxime,
2107 2955 2248 3024 quod

665 3036 809 3091 aliud
840 3052 868 3090 a
897 3037 1016 3092 ﬁliis
1051 3047 1203 3094 antea
1243 3040 1516 3104 audierat,
1548 3052 1601 3094 et
1629 3041 1730 3096 alia
1771 3057 1912 3098 nunc
1952 3045 2020 3098 ab
2046 3045 2248 3099 eisdem

668 3126 917 3182 disceret.
950 3127 1200 3183 Videntcs
1238 3129 1394 3198 igitur
1427 3131 1590 3199 patris
1632 3132 2018 3198 turbatiouem,
2062 3144 2118 3189 et
2157 3151 2253 3190 vo-

671 3217 840 3272 lentes
864 3221 912 3271 el
945 3217 1183 3287 pluribus
1208 3222 1533 3289 argumentis
1577 3223 1919 3290 persuadere,
1965 3239 2023 3280 se
2067 3241 2250 3281 verum

673 3309 874 3374 dicere,
903 3308 991 3365 27.
1027 3309 1245 3380 Loquuti
1280 3321 1396 3365 sunt
1415 3313 1462 3364 ei
1485 3315 1652 3366 omnia
1680 3329 1793 3382 qua
1831 3331 1864 3366 a
1899 3313 2091 3385 Ioseph
2116 3317 2254 3376 dicta

672 3410 836 3468 erant,
862 3409 910 3455 et
939 3416 1261 3472 quiscumque
1285 3403 1381 3456 sibi
1409 3404 1756 3458 mandauerat.
1798 3403 1864 3459 Et
1903 3414 2083 3474 postea
2130 3422 2254 3476 pro-

673 3489 906 3544 tulerunt
931 3490 1162 3560 plaustra
1187 3532 1203 3557 ,
1231 3499 1282 3546 et
1303 3490 1442 3547 dona
1467 3507 1586 3562 quze
1611 3507 1640 3546 a
1669 3492 1865 3563 Ioseph
1893 3495 2052 3550 missa
2079 3505 2252 3563 erant,

675 3591 729 3635 et
755 3582 843 3636 vix
884 3581 1094 3636 tandem
1141 3582 1379 3637 fecerunt
1424 3583 1580 3638 ﬁdem
1612 3585 1782 3654 patri,
1810 3601 1916 3639 non
1947 3601 2067 3642 esse
2105 3601 2258 3644 men-

676 3669 826 3727 dacia
856 3686 973 3741 qua:
998 3685 1028 3726 a
1055 3685 1114 3727 se
1151 3671 1478 3728 dicerentur.
1507 3672 1636 3728 Nam
1665 3674 1852 3730 videns
1879 3676 2108 3745 plaustra
2137 3692 2257 3748 qua:

677 3762 839 3816 missa
883 3771 1073 3826 erant,
1117 3772 1175 3818 ut
1211 3763 1562 3820 descenderet
1587 3765 1639 3820 in
1665 3764 1978 3837 Egyptum,
2025 3767 2254 3823 Primum

676 3854 897 3923 vigorem
936 3855 1154 3925 recepit,
1188 3856 1378 3925 inquit.
1437 3855 1612 3912 Senex
1636 3897 1651 3922 ,
1692 3857 1994 3927 decrepitus
2019 3901 2033 3922 .
2060 3869 2259 3915 terram

676 3951 950 4012 spectans,
1001 3944 1274 4000 alacritate
1317 3945 1482 3999 animi
1528 3943 1808 4024 confestim
1858 3948 2258 4018 juvenescebat.

673 4035 811 4106 Quid
842 4044 943 4102 est,
979 4034 1210 4090 Primum
1247 4038 1467 4106 vigorem
1493 4039 1678 4108 recepit
1697 4039 1724 4092 .’
1753 4037 1900 4094 Sicut
1929 4041 2063 4110 ignis
2101 4043 2152 4096 in
2181 4042 2262 4096 lu-

676 4143 860 4194 cerna,
887 4126 1100 4197 quando
1127 4127 1306 4184 delicit
1330 4128 1434 4184 olei
1463 4130 1733 4196 alimonia,
1763 4139 1816 4185 et
1839 4131 1949 4200 jam
1971 4135 2260 4204 exstingui-

679 4229 785 4284 tur,
813 4219 856 4272 si
885 4233 1072 4289 parum
1100 4219 1218 4289 quis
1247 4221 1348 4275 olei
1390 4221 1656 4286 infuderit,
1691 4235 1909 4292 repente
1935 4226 2022 4296 qui
2054 4228 2257 4282 exstin-

679 4311 768 4382 gui
800 4310 1116 4380 putabatur,
1154 4311 1434 4368 clariorem
1461 4313 1654 4368 emittit
1679 4315 1849 4370 lucem
1877 4333 1890 4368 :
1916 4317 1985 4371 ita
2017 4329 2069 4372 et
2096 4334 2261 4374 senex

679 4402 768 4456 ille
814 4415 924 4472 pra:
972 4401 1182 4456 tristitia
1242 4402 1351 4471 jam
1414 4402 1675 4474 exstingui
1721 4405 2015 4461 videbatur.
2082 4407 2264 4464 Noluit

676 4493 843 4563 enim,
875 4492 1062 4566 inquit,
1103 4496 1494 4554 consolationem
1522 4496 1748 4570 accipere
1765 4542 1780 4566 ,
1809 4498 1977 4555 dicens
1999 4515 2019 4556 :
2045 4498 2262 4557 Descen-

680 4585 796 4639 dam
849 4586 1023 4656 lugens
1076 4587 1129 4641 in
1171 4588 1423 4658 infernum
1465 4587 1616 4657 (Gen.
1665 4589 1752 4644 37.
1796 4590 1906 4661 55).
1933 4590 2034 4646 Ubi
2086 4601 2262 4647 autem

676 4677 932 4745 cognovit
959 4677 1143 4732 vivere
1171 4679 1332 4733 lilium
1357 4720 1371 4743 ,
1403 4689 1457 4734 et
1483 4679 1746 4734 dominari
1772 4683 1822 4734 iu
1856 4690 1962 4735 tota
1989 4681 2222 4752 μεωειιο
2245 4723 2261 4748 ,

680 4777 736 4823 ct
762 4768 890 4822 vidit
922 4768 1152 4838 plaustra
1179 4809 1194 4833 ,
1239 4768 1470 4822 Primum
1499 4771 1712 4839 vigorem
1742 4773 1945 4838 recepit,
1976 4783 2023 4826 et
2051 4773 2264 4838 juvenis

678 4874 747 4913 es
776 4875 905 4914 sene
945 4860 1113 4913 tactus
1143 4869 1243 4914 est.
1290 4861 1542 4928 Deposuit
1582 4861 1828 4914 maeroris
1858 4862 2123 4926 nebulam,
2156 4863 2264 4917 dis-

681 4951 812 5019 pulit
857 4953 1232 5020 cogitationutn
1273 4960 1677 5021 tempestatem,
1728 4951 2045 5018 tranquillus
2086 4962 2265 5020 postea

675 5045 776 5097 fuit
808 5062 820 5095 :
850 5043 961 5098 haec
989 5045 1164 5099 omnia
1192 5044 1533 5113 dispensante
1557 5044 1684 5109 Deo,
1719 5053 1775 5097 ιιι
1803 5043 1971 5112 justus
1999 5054 2103 5100 tam
2131 5047 2265 5101 mqu

679 5145 856 5190 torum
887 5137 1124 5191 laborum
1153 5135 1571 5191 consolazionem
1602 5137 1884 5204 inveniret,
1918 5148 1972 5192 et
2005 5140 2265 5210 particeps

681 5225 835 5283 ﬁeret
860 5228 1122 5283 felicitatis
1156 5228 1244 5282 ﬁlii
1268 5243 1280 5281 :
1301 5237 1630 5297 ctprmtcrea
1654 5229 1991 5283 utsomnium
2021 5229 2267 5298 implere-

683 5328 770 5372 tur
797 5317 846 5371 id
872 5319 1012 5390 quod
1044 5321 1154 5387 ipse
1185 5319 1562 5386 interpretatus
1588 5327 1731 5380 erat,
1763 5318 1978 5372 dicens:
2002 5318 2266 5388 Numquid

682 5409 930 5464 venientes
971 5425 1060 5480 ego
1091 5418 1135 5462 ct
1167 5419 1324 5462 mater
1349 5419 1436 5462 tua
1456 5449 1470 5472 ,
1502 5417 1546 5461 et
1579 5412 1761 5478 fratres
1787 5411 1880 5474 tui,
1910 5419 1960 5462 ut
1999 5411 2266 5463 adoremus

678 5511 731 5553 te
773 5499 921 5570 (Gen.
952 5502 1038 5557 37.
1081 5501 1207 5573 l0)?
1250 5502 1316 5555 Et
1359 5499 1584 5555 credidit
1630 5501 1784 5555 (lictis
1812 5511 1970 5572 atque
1997 5502 2144 5564 visis,
2172 5502 2262 5558 ‘28.

679 5589 752 5645 Et
769 5592 915 5658 dixit,
937 5592 1108 5663 inquit
1130 5612 1141 5646 :
1163 5593 1355 5664 Magna
1373 5592 1494 5645 mihi
1513 5601 1650 5657 sunt,
1672 5593 1714 5644 si
1731 5592 1896 5645 adhuc
1913 5593 2025 5646 uiuit
2040 5592 2229 5662 Ioseph
2248 5609 2268 5646 :

686 5788 729 5834 ω
749 5725 765 5756 ⁸
799 5732 1005 5782 Quatuor
1030 5733 1155 5784 Mss,
1177 5729 1370 5789 repente
1393 5723 1550 5774 vident
1575 5721 1624 5773 in
1643 5736 1814 5788 magno
1838 5722 2090 5788 splendore
2114 5723 2269 5776 uiuen-

732 5797 770 5834 ε.

732 5797 770 5836 6.

1314 379 1354 432 S
1411 374 1688 433 IOANNIS
1724 367 2198 430 CIIRYSOSTOXII
2241 365 2556 423 ARCIIIEP.
2599 361 3134 419 CONSTANTIXOP.

3826 369 3941 427 530

2335 475 2416 531 ibo
2436 476 2606 547 igitur.
2635 485 2682 530 et
2709 477 2882 530 videbo
2902 492 3016 530 eum
3040 479 3334 548 priusquam
3355 478 3562 532 ntari.:r.
3595 479 3792 554 Magna
3821 493 3944 538 sunt

2335 569 2495 635 mihi,
2544 567 2742 635 inquit,
2775 576 2831 622 et
2858 567 3124 622 excedunt
3163 584 3375 624 onmem
3417 571 3835 640 cogitationem,
3885 585 3940 628 ct

2336 660 2626 716 obscurant
2654 674 2867 715 omnem
2890 659 3177 715 humanam
3206 661 3462 725 ia‘litimn,
3501 662 3563 717 Si
3589 663 3758 716 adhuc
3797 666 3942 732 ﬁlias

2336 766 2475 804 meus
2499 751 2693 821 Ioseph
2715 751 2830 804 vivit
2852 751 2970 805 :ibo
2990 750 3144 822 igitur
3166 762 3212 805 et
3243 753 3417 807 videbo
3438 769 3571 807 cum.
3597 753 3945 810 Festiucnttts

2339 844 2532 916 igitur,
2569 854 2624 898 ut
2653 844 2770 914 ejus
2799 843 3068 914 COIIOquio
3099 843 3306 914 potiar,
3359 847 3667 916 priusquam
3716 846 3945 900 moriar.

2336 934 2522 998 Nunc,
2555 934 2752 1004 inquit,
2783 935 3001 990 nuntius
3040 935 3129 990 ille
3169 938 3348 990 erexit
3391 937 3627 992 animum
3656 952 3858 1003 meum,
3890 948 3948 993 et

2339 1025 2534 1096 fugavit
2563 1026 2856 1081 senectutis
2885 1026 3269 1090 inﬁrmitatem,
3302 1035 3357 1080 et
3384 1027 3656 1082 roboravit
3677 1037 3942 1084 mentem.

2336 1116 2488 1185 Quod
2515 1117 2559 1170 si
2588 1125 2641 1170 ct
2665 1131 2787 1171 cum
2811 1131 2875 1170 eo
2897 1117 3125 1186 colloqui
3156 1119 3449 1188 contingat.
3478 1117 3772 1188 perfectam
3804 1119 3944 1173 la-ti-

2340 1205 2468 1259 tiam
2516 1214 2839 1274 asscquutus
2887 1205 3106 1259 moriar.
3158 1205 3228 1260 Et
3281 1206 3412 1260 nihil
3467 1216 3711 1262 moratus
3759 1208 3943 1276 justus

2340 1295 2514 1349 itineri
2547 1308 2606 1350 se
2635 1295 2938 1361 commisit,
2987 1296 3246 1350 lestinans
3286 1307 3340 1351 et
3383 1311 3580 1367 urgens
3628 1307 3681 1352 ut
3730 1298 3944 1352 videres

2340 1393 2445 1438 tam
2473 1385 2835 1440 desideratum
2880 1385 3049 1440 ﬁlium
3071 1427 3084 1450 ,
3130 1395 3293 1456 utque
3333 1397 3456 1443 ante
3487 1397 3565 1442 tot
3593 1403 3764 1442 annos
3792 1402 3942 1442 mor-

2341 1483 2512 1542 tuum,
2533 1485 2606 1541 et,
2630 1486 2685 1529 ut
2710 1476 2950 1547 putabat,
2976 1475 3174 1532 factum
3196 1478 3373 1532 cibmn
3394 1478 3710 1541 bestiarum.
3735 1478 3946 1535 videret

2342 1580 2485 1620 nunc
2522 1580 2702 1636 regem
2745 1566 2983 1638 Atlgypti.
3029 1569 3079 1621 l.
3124 1567 3192 1621 Et
3234 1584 3351 1622 cunt
3380 1570 3592 1624 venisset
3631 1571 3702 1622 ad
3736 1581 3946 1640 puteum

2340 1655 2632 1720 iuramenti,
2656 1671 2864 1727 preces,
2892 1658 3086 1728 quibus
3115 1660 3316 1728 gratias
3343 1660 3562 1727 agebat,
3606 1662 3802 1716 obtulit
3833 1661 3945 1716 Do-

2340 1746 2520 1810 mino,
2560 1755 2608 1798 et
2653 1745 2952 1816 sacriﬁcavit
2990 1747 3300 1816 sacriﬁcium
3347 1747 3457 1803 Deo
3500 1750 3637 1817 patri
3678 1752 3761 1806 sui
3786 1748 3948 1806 Isaac

2342 1836 2530 1907 (Caput
2549 1837 2662 1907 46).

2412 1927 2468 1983 2.
2512 1929 2637 1985 llaec
2680 1928 2988 1999 audientes,
3031 1931 3306 1989 discamus
3329 1934 3543 2004 quando
3570 1935 3696 2007 quid
3727 1935 3946 2003 facturi,

2344 2022 2431 2077 vel
2472 2023 2741 2094 negotium
2779 2024 2993 2095 aliquod
3034 2028 3296 2097 capturi,
3329 2028 3415 2083 vel
3459 2029 3950 2098 peregrinationem

2345 2114 2644 2184 suscepturi
2681 2130 2897 2182 sumus,
2927 2124 2985 2170 ut
3010 2117 3256 2186 precibus
3284 2119 3571 2173 olferamus
3601 2119 3834 2176 Domino
3857 2136 3950 2176 sa-

2344 2204 2639 2272 criﬁcium,
2686 2214 2738 2260 et
2780 2205 2897 2276 ejus
2937 2205 3260 2275 adjutorium
3298 2209 3641 2275 invocemus,
3671 2219 3728 2264 et
3757 2210 3839 2265 sic
3864 2211 3952 2264 in-

2346 2296 2586 2352 stitutum
2613 2287 3005 2368 aggrediamur,
3035 2298 3304 2354 imitantes
3327 2299 3535 2354 illorum
3554 2299 3822 2369 justorum
3841 2302 3952 2371 pie-

2349 2396 2535 2443 tatem.
2568 2387 2896 2458 Sacriﬁcavit
2919 2390 3228 2460 sacriﬁcium
3257 2390 3363 2446 Deo
3390 2393 3648 2460 γαπ-ἰηιιὶ
3673 2392 3870 2448 Isaac:
3897 2404 3956 2450 ut

2347 2479 2524 2536 discas
2565 2495 2684 2534 eum
2716 2482 2930 2553 vestigia
2961 2482 3125 2551 patris
3153 2483 3234 2538 sui
3261 2493 3544 2554 sequutum
3571 2498 3723 2550 esse,
3761 2494 3819 2541 et
3849 2485 3955 2541 hoc

2351 2572 2405 2627 in
2439 2573 2583 2628 cultu
2623 2572 2805 2626 divino
2845 2572 3183 2636 declarasse,
3215 2574 3355 2628 sicut
3381 2573 3546 2629 Isaac.
3579 2573 3646 2629 Et
3671 2576 3797 2646 quia
3823 2591 3956 2646 gra-

2351 2669 2462 2716 tum
2513 2676 2669 2718 suum
2715 2661 2960 2716 aﬂ'eclum
3007 2664 3153 2732 prius
3199 2677 3296 2732 per
3341 2662 3630 2733 gratiarum
3681 2665 3954 2720 actionem

2352 2755 2606 2823 ostendit,
2630 2757 2808 2811 statim
2831 2757 3153 2825 subsequuta
3178 2765 3302 2812 sunt
3321 2757 3483 2812 etiam
3510 2773 3570 2811 ea
3594 2774 3711 2828 quin
3730 2761 3957 2829 superni

2351 2849 2532 2903 auxilii
2605 2848 2837 2903 fuerunt.
2885 2848 3016 2902 Nam
3059 2849 3181 2919 quia
3232 2848 3444 2904 videbat
3490 2861 3692 2905 tantum
3747 2852 3961 2909 itineris

2352 2938 2606 3007 spatium,
2635 2945 2689 2992 et
2713 2936 2981 3008 cogitabat
3007 2954 3156 2992 suam
3181 2937 3509 3008 decrepitam
3540 2949 3783 3007 atatem,
3811 2941 3960 2996 veri-

2356 3035 2440 3082 tus
2480 3043 2549 3082 ne
2591 3038 2766 3083 morte
2809 3037 3236 3098 praeoccupatus,
3282 3046 3311 3082 a
3354 3031 3622 3101 colloquio
3651 3039 3702 3087 et
3733 3041 3962 3101 aspectu

2357 3117 2451 3172 lilii
2498 3119 2833 3186 privaretur,
2881 3130 3127 3189 precatur
3175 3120 3496 3186 Dominum,
3537 3133 3595 3175 ut
3622 3131 3825 3176 tantam
3854 3124 3963 3178 sibi

2359 3209 2481 3264 vita:
2511 3223 2815 3264 mensuram
2843 3211 3136 3276 concedat,
3163 3220 3222 3265 ut
3241 3211 3474 3282 perfecta
3507 3214 3778 3282 voluptate
3805 3213 3966 3272 frna-

2361 3308 2464 3356 tur.
2511 3299 2615 3354 Sed
2664 3301 2782 3354 vide
2812 3303 3080 3370 quomodo
3111 3303 3281 3358 bonus
3312 3303 3566 3359 Dominus
3590 3305 3771 3360 multis
3797 3321 3970 3376 argu-

2360 3392 2556 3447 mentis
2591 3391 2796 3461 jnstum
2840 3407 3088 3448 securum
3132 3393 3336 3449 reddat.
3379 3393 3436 3448 2.
3477 3393 3622 3449 Dixit
3650 3397 3793 3450 enim
3824 3396 3972 3452 Dm

2359 3482 2530 3539 Israe'l
2572 3485 2623 3538 in
2666 3485 2852 3538 visione
2894 3486 3054 3539 noctis
3103 3501 3122 3540 :
3169 3485 3364 3553 Iacob,
3411 3485 3614 3554 Iacob;
3646 3489 3698 3543 3.
3728 3503 3825 3559 ego
3850 3506 3972 3544 sum

2359 3572 2500 3631 Dens
2547 3585 2748 3646 patrum
2781 3586 3023 3640 tuorum;
3060 3592 3124 3631 ne
3165 3578 3342 3631 timeas
3378 3579 3679 3634 descendere
3719 3579 3773 3633 in
3797 3579 3975 3652 JEgy-

2363 3675 2523 3736 ptum.
2563 3665 2630 3718 In
2667 3683 2902 3739 magnam
2937 3669 3068 3722 enint
3095 3677 3290 3739 gentem
3318 3669 3503 3740 facium
3532 3681 3579 3724 te
3601 3671 3729 3725 illic.
3760 3673 3814 3727 ι.
3853 3671 3972 3743 Ego

2363 3758 2661 3811 descendam
2705 3768 2899 3824 tecum,
2945 3769 2993 3812 et
3033 3759 3274 3813 reducant
3310 3771 3359 3814 te
3393 3761 3446 3814 in
3483 3761 3671 3830 ﬁnem,
3703 3771 3749 3815 et
3769 3761 3974 3831 Ioseph

2363 3848 2586 3919 imponet
2628 3865 2808 3903 manus
2853 3865 3008 3919 super
3047 3851 3222 3906 oculos
3266 3860 3397 3905 tuos.
3431 3851 3565 3907 Vide
3603 3853 3875 3923 quomodo
3905 3870 3975 3910 ca

2323 3989 2328 3994 .
2367 3954 2487 4009 qua:
2521 3940 2699 4008 justus
2724 3940 2813 3995 ille
2842 3940 3215 4008 desiderabat,
3242 3957 3305 3996 ea
3332 3943 3404 3996 illi
3440 3943 3578 3998 Deus
3606 3945 3926 4013 polliceatur
3958 3965 3974 4002 :

2365 4028 2475 4086 imo
2496 4042 2549 4087 et
2569 4033 2733 4086 multo
2765 4033 2986 4102 majora.
3016 4031 3351 4088 Liberalitate
3373 4034 3514 4088 enim
3534 4049 3628 4090 sua
3653 4043 3978 4106 nostraspe-

2369 4127 2584 4180 titiones
2613 4124 2963 4190 transcendit,
2995 4140 3216 4180 servans
3240 4126 3452 4180 solitam
3473 4140 3622 4180 suam
3648 4127 3971 4181 misericor-

2366 4215 2528 4270 diam.
2583 4213 2668 4269 Ne
2711 4217 2909 4283 timeas,
2958 4216 3160 4286 inquit.
3216 4215 3519 4270 descendere
3559 4216 3611 4269 in
3651 4215 3978 4287 zEgyptum.

2369 4308 2630 4376 Quoniam
2675 4309 2867 4362 anxius
2911 4319 3025 4364 erat
3065 4310 3134 4365 ob
3162 4311 3260 4364 via:
3291 4309 3672 4381 longitudinem
3701 4354 3715 4375 ,
3743 4312 3866 4368 ideo
3893 4313 3983 4368 di-

2368 4402 2441 4454 cit
2473 4418 2486 4452 :
2517 4399 2593 4454 Ne
2622 4399 2876 4470 respicias
2903 4400 2966 4453 ad
3007 4401 3366 4454 inﬁrmitatem
3398 4403 3711 4456 senectutis.
3754 4401 3820 4455 In
3847 4421 3978 4474 gen-

2371 4500 2470 4544 tcnt
2511 4491 2644 4544 enim
2674 4506 2909 4561 magnam
2939 4490 3129 4559 faciant
3160 4501 3206 4543 te
3225 4490 3330 4544 illic
3359 4507 3378 4544 ε
3403 4502 3449 4546 ct
3479 4493 3782 4547 descendam
3814 4506 3982 4549 tecum

2369 4584 2419 4636 in
2463 4581 2771 4652 zEgyptum.
2820 4581 2930 4652 Ego
2977 4590 3025 4635 te
3066 4583 3397 4648 comitabor,
3436 4594 3486 4637 et
3514 4584 3689 4639 omnia
3725 4593 3810 4639 tua
3846 4601 3983 4655 pro-

2371 4689 2526 4742 spera
2556 4672 2796 4728 reddam.
2828 4673 3061 4726 Advorte
3082 4672 3351 4742 quomodo
3381 4676 3540 4729 verba
3568 4675 3854 4730 humilitati
3886 4693 3984 4731 nn.

2370 4778 2495 4821 stra:
2525 4777 2841 4834 attetnpcret
2875 4786 2889 4820 ς
2921 4766 3235 4819 Descendam
3255 4807 3269 4830 ,
3300 4767 3494 4838 inquit,
3525 4779 3685 4823 tecum
3724 4771 3778 4823 in
3799 4769 3951 4843 £93;
3971 4805 3982 4813 -

2373 4873 2531 4928 ps‘ttm.
2587 4859 2720 4923 Quid
2771 4860 2868 4910 hoc
2911 4857 3117 4910 beatius
3161 4856 3350 4922 fuerit,
3396 4874 3553 4927 quam
3604 4860 3768 4914 Deum
3798 4861 3985 4929 ipsum

2377 4951 2572 5002 habere
2599 4949 2846 5002 comitem
2883 4949 3084 5003 itineris
3106 4949 3128 5002 ‘l
3154 4947 3405 5019 Sequitur
3433 4960 3611 5019 postea
3642 4953 3982 5016 consolatio,

2373 5059 2473 5113 qua
2506 5044 2788 5112 plurimum
2814 5041 3080 5111 indigebat
3108 5057 3268 5096 senex
3291 5060 3303 5094 :
3328 5041 3390 5095 Et
3411 5041 3624 5112 Ioseph,
3657 5044 3845 5113 inquit,
3875 5046 3980 5097 iut-

2373 5144 2521 5205 ponxt
2566 5151 2744 5187 manus
2785 5150 2941 5200 super
2972 5134 3144 5187 oculos
3174 5143 3301 5187 tuos.
3337 5133 3428 5188 Ille
3453 5136 3676 5189 dilectus
3709 5145 3830 5188 tutts
3861 5137 3984 5205 ipse

2376 5238 2424 5280 te
2453 5227 2644 5280 fovebit
2669 5269 2680 5288 .
2711 5237 2761 5281 ct
2791 5241 2979 5279 manus
3012 5227 3249 5294 imponet
3273 5242 3432 5296 Super
3458 5227 3639 5282 oculos
3665 5236 3803 5278 tuos.
3833 5225 3982 5282 Gau-

2373 5320 2503 5373 deus
2536 5320 2712 5388 itaque
2733 5360 2748 5384 ,
2781 5327 2834 5371 et
2864 5326 3006 5370 totus
3039 5331 3260 5371 securus
3283 5317 3382 5372 iter
3403 5317 3602 5386 arripe.
3647 5316 3950 5388 Cogitehic
3973 5379 3989 5402 ν

2374 5415 2597 5466 obsecro
2617 5452 2632 5476 ,
2665 5426 2822 5479 quam
2853 5407 3142 5477 jucundum
3177 5407 3366 5464 fecerit
3388 5409 3488 5462 iter
3511 5409 3716 5478 justus,
3742 5411 3985 5479 acceptis

2377 5511 2482 5556 tam
2510 5502 2671 5555 certis
2713 5500 2801 5554 Dei
2839 5499 3300 5566 promissionibus.
3331 5499 3384 5552 5.
3418 5498 3654 5552 Surrexit
3685 5499 3818 5552 enim
3843 5539 3858 5560 .
3893 5501 3982 5553 in-

2375 5595 2523 5662 quit,
2554 5591 2717 5645 Iacob
2737 5634 2751 5654 ,
2784 5601 2830 5645 ct
2857 5591 2951 5659 ﬁlii
2977 5592 3086 5661 ejus
3112 5606 3126 5642 :
3156 5590 3207 5644 6.
3238 5602 3283 5642 et
3306 5601 3603 5659 acceperunt
3629 5607 3826 5644 onmem
3857 5609 3986 5657 pos-

2373 5689 2643 5741 sessionem
2687 5701 2831 5740 sitam
2851 5726 2865 5747 ,
2895 5693 2940 5737 el
2970 5693 3206 5739 venerunt
3236 5683 3286 5736 in
3318 5682 3626 5755 IEgyptum.
3656 5685 3709 5738 '7.
3742 5683 3804 5737 In
3831 5702 3989 5739 sexe-

2381 5779 2519 5848 ginta
2545 5792 2635 5831 sea:
2658 5775 2921 5830 animabus
2957 5774 3209 5829 descendit
3236 5772 3395 5827 Iacob
3437 5777 3488 5828 in
3521 5772 3810 5845 Ai'gyptnm
3841 5791 3858 5827 :
3885 5775 3980 5830 ‘27.
