4186 6324
687 496 1017 567 scptuagiuta
1046 494 1278 562 quinque
1311 494 1454 546 viros
1493 502 1548 546 et
1590 491 1842 545 mulieres
1872 507 1886 544 :
1920 490 2001 544 sic
2044 500 2099 545 et
2147 489 2268 553 hic,

689 586 983 641 Secundam
1012 600 1195 651 corpus
1214 623 1228 645 ,
1254 582 1305 635 id
1336 590 1417 635 est
1462 596 1559 648 pro
1585 580 1810 649 singulis
1851 579 2174 634 hominibus.
2201 579 2272 632 Et

690 687 798 731 tota
842 676 1053 744 quidem
1105 671 1365 744 Egyptus
1412 682 1467 726 ct
1494 672 1916 725 Chananmorum
1964 670 2110 740 regio
2133 668 2271 724 fame

691 766 1036 831 laborabant,
1070 765 1168 833 ipsi
1210 775 1383 819 autem
1430 779 1681 832 prostwre
1723 764 1980 831 agebant,
2013 762 2269 817 habentes

691 856 842 925 quasi
863 872 935 909 es
961 855 1191 909 fontibus
1221 853 1533 924 proﬂuentia
1565 852 1849 907 frumenta.
1880 854 1965 906 15.
2016 850 2271 905 Frumen-

694 961 798 1000 tunt
827 948 991 1013 cnim,
1016 947 1202 1016 inquit,
1237 964 1338 999 non
1363 956 1468 1000 erat
1497 945 1699 997 inomni
1726 954 1876 997 terra.
1898 942 2121 995 Incaluit
2141 944 2272 995 enim

696 1044 857 1108 futues
903 1056 1057 1109 supra
1091 1039 1314 1091 modum.
1366 1036 1556 1099 Defeci!
1595 1046 1758 1088 nutent
1798 1047 1931 1090 terra
1970 1034 2189 1106 Egyfiti
2227 1044 2273 1088 et

692 1144 826 1185 terra
851 1133 1092 1186 Chanaan
1122 1148 1227 1200 pra:
1252 1133 1405 1201 fame.

765 1226 819 1275 4.
855 1222 984 1275 Vide
1010 1220 1331 1274 ineffabilem
1362 1220 1452 1273 Dei
1479 1218 1890 1273 sollicitudinem
1917 1227 1973 1273 et
1992 1216 2274 1286 prmidcn—

692 1314 816 1365 tiam
844 1330 856 1365 :
886 1312 1154 1382 quomodo
1184 1323 1464 1380 antequam
1494 1311 1844 1364 invalesccret
1876 1307 2270 1376 l':unes,justnm

696 1408 745 1457 iu
771 1404 1058 1475 JEgypIum
1101 1405 1416 1466 deduxerit,
1450 1419 1516 1459 ne
1559 1404 1698 1456 illam
1728 1403 1948 1456 sentiret
1976 1401 2271 1469 angustiam

692 1511 811 1563 qua:
841 1506 1059 1549 ventura
1092 1504 1207 1548 crat
1247 1495 1296 1547 in
1328 1494 1597 1548 Chanaan.
1646 1494 1707 1546 Et
1736 1493 1982 1546 omnibus
2014 1493 2139 1547 illuc
2179 1492 2273 1546 dc-

694 1588 1059 1648 t-nrrcntibus,
1082 1587 1180 1639 14.
1212 1585 1571 1655 Congrt-gavit,
1610 1584 1812 1652 inquit,
1858 1582 2050 1652 Joseph
2077 1598 2271 1635 omnem

698 1680 987 1745 pecuniam,
1037 1688 1137 1729 tum
1174 1693 1345 1730 eorum
1373 1678 1457 1745 qui
1513 1687 1654 1729 erant
1719 1677 1769 1730 in
1804 1675 2065 1746 Egypto,
2118 1691 2270 1744 quam

694 1784 863 1821 corum
888 1769 970 1837 qui
990 1778 1130 1821 erant
1174 1772 1225 1821 in
1265 1767 1539 1830 Chanaan,
1579 1776 1624 1821 et
1654 1768 1726 1820 sic
1771 1770 2023 1836 frumenta
2051 1766 2120 1818 eis
2163 1765 2271 1817 dis-

695 1861 936 1927 pensavit.
988 1861 1073 1915 15.
1132 1858 1195 1912 Et
1245 1860 1423 1929 defecit
1470 1868 1640 1927 postea
1692 1858 1920 1925 pecunia.
1973 1854 2270 1926 Importavit

693 1953 825 2003 enim
880 1969 1075 2005 omnem
1112 1952 1162 2005 in
1209 1951 1413 2003 domum
1457 1949 1762 2004 Pharaonis.
1808 1949 2056 2003 Venerunt
2104 1958 2271 2002 ardent

698 2041 931 2111 Afgyptii
955 2058 1123 2093 omnes
1145 2081 1157 2103 ,
1200 2052 1245 2093 et
1276 2042 1503 2093 dicebant
1528 2056 1543 2093 :
1576 2040 1654 2093 Da
1698 2040 1837 2093 nobis
1864 2056 2053 2108 panes:
2100 2049 2143 2092 et
2182 2056 2272 2092 cur

696 2133 939 2183 morimur
970 2142 1085 2183 ante
1105 2131 1190 2183 te?
1220 2129 1413 2199 Dcfecit
1462 2132 1591 2183 enim
1614 2131 1844 2200 pecunia.
1876 2130 1987 2183 Non
2028 2142 2146 2183 sunt
2176 2145 2271 2183 no-

696 2221 804 2283 bis,
835 2220 1077 2289 inquiunt
1101 2261 1113 2284 ,
1150 2221 1328 2287 plures
1374 2220 1646 2289 pocuninr,
1680 2230 1734 2273 ut
1758 2235 2029 2283 emamus,
2073 2230 2125 2274 ct
2152 2219 2270 2274 ideo

696 2310 832 2364 fanne
861 2311 1111 2378 perimus.
1162 2309 1237 2364 Ne
1271 2310 1427 2380 igitur
1455 2310 1716 2379 despicias
1765 2325 1862 2364 nos
1884 2353 1897 2374 ,
1928 2311 2017 2379 qui
2044 2326 2072 2363 a
2102 2320 2269 2365 morte

696 2400 765 2453 ita
784 2399 1124 2465 obsidemur,
1153 2401 1246 2454 sed
1278 2398 1453 2468 pricbc
1483 2400 1633 2453 nobis
1668 2415 1827 2467 panes
1848 2409 1904 2453 ut
1927 2400 2161 2453 vivamus
2183 2440 2197 2459 ,
2217 2410 2270 2453 et

695 2509 759 2547 nc
784 2494 1093 2547 moriamur.
1132 2494 1214 2547 16.
1246 2493 1386 2547 Dixit
1414 2504 1576 2546 autem
1601 2494 1669 2547 eis
1708 2492 1900 2563 Joseph
1925 2510 1942 2547 :
1965 2492 2153 2560 Aﬂ'erte
2180 2509 2269 2561 pc-

698 2599 813 2636 cora
841 2594 1001 2637 vestra
1028 2627 1039 2647 ,
1064 2595 1112 2637 et
1139 2584 1268 2637 dabo
1292 2585 1425 2638 vobis
1448 2601 1621 2654 panes.
1653 2584 1707 2637 Si
1739 2585 1878 2637 enim
1910 2600 2015 2637 non
2039 2584 2273 2652 suppetit

695 2675 844 2727 mltis
873 2676 1093 2742 pecunia
1114 2716 1129 2736 ,
1184 2675 1390 2743 inquit,
1438 2675 1637 2742 accipio
1665 2684 1715 2727 ct
1746 2687 1950 2742 ρυοιιττι.
1988 2672 2048 2727 Si
2093 2672 2270 2741 defecit

696 2766 935 2830 pecunia,
970 2764 1215 2819 adducite
1244 2779 1431 2833 pecora
1474 2773 1649 2818 vestra
1674 2805 1685 2824 ,
1711 2772 1764 2817 et
1784 2762 2054 2830 accipietis
2084 2778 2267 2832 panes.

694 2855 782 2907 17.
814 2854 1145 2908 Adduxerunt
1171 2866 1337 2908 autem
1378 2872 1576 2923 pecora,
1606 2865 1649 2908 et
1662 2852 1806 2908 dedit
1832 2855 1902 2908 eis
1934 2871 2025 2923 pro
2044 2855 2189 2923 equis
2216 2856 2232 2886 '
2250 2896 2266 2920 ,

694 2946 959 3009 ct~ovibns,
984 2954 1030 2998 et
1060 2943 1235 3011 bobus,
1258 2954 1303 2999 et
1333 2946 1507 3009 usitatis,
1537 2957 1583 2998 et
1618 2946 1745 2997 aluit
1781 2961 1864 2998 eos
1895 2961 1987 3014 pro
2010 2944 2271 3013 pecoribus

680 3036 817 3087 suis.
848 3036 931 3089 18.
975 3035 1221 3089 Venerunt
1263 3046 1430 3089 autem
1459 3039 1526 3090 ad
1555 3053 1666 3090 eum
1692 3047 1736 3089 et
1762 3054 1895 3090 anno
1922 3039 2146 3106 sequettti
2168 3076 2183 3103 ,
2225 3048 2271 3091 et

678 3123 925 3177 edixerunt
960 3126 1004 3179 ei
1030 3140 1049 3179 :
1082 3125 1163 3177 Ne
1188 3130 1319 3195 forte
1359 3142 1646 3195 pereamus,
1681 3142 1837 3196 neque
1872 3127 2083 3195 pecunia
2133 3127 2271 3181 nobis

688 3216 945 3285 suppetit,
978 3232 1340 3285 neque-pecora
1362 3219 1574 3271 somnia
1601 3219 1732 3271 enim
1766 3220 1905 3287 apud
1926 3229 1978 3272 te
2011 3220 2271 3272 dominum

688 3315 921 3357 nostrum
942 3316 1079 3359 sunt.
1104 3304 1252 3360 Nihil
1276 3307 1407 3361 enim
1436 3308 1575 3361 nobis
1592 3308 1733 3361 aliud
1762 3311 1984 3361 relictum
2015 3318 2106 3373 est,
2121 3326 2272 3379 quam

684 3398 953 3464 ριινομνὶωη
990 3414 1174 3468 corpus
1221 3409 1267 3452 et
1316 3408 1449 3452 terra
1497 3409 1689 3452 nostra.
1735 3399 1819 3454 l9.
1867 3399 1933 3452 Ut
1970 3401 2122 3470 igitur
2170 3418 2271 3453 non

683 3505 954 3558 pereamus
975 3532 987 3549 ,
1018 3491 1214 3558 posside
1245 3508 1333 3544 nos
1362 3501 1405 3544 et
1434 3501 1619 3544 terram
1636 3505 1857 3545 nostram
1900 3509 1991 3560 pro
2019 3493 2231 3559 panibus
2250 3534 2265 3558 ,

695 3587 738 3629 α
767 3578 953 3631 nimus
969 3580 1121 3633 etiam
1143 3597 1232 3634 nos
1259 3591 1305 3633 et
1332 3592 1464 3634 terra
1486 3591 1657 3636 nostra
1680 3583 1809 3636 servi
1843 3582 2151 3637 Pharaonis.
2191 3582 2270 3636 Da

693 3686 893 3735 semen,
919 3681 972 3723 at
1000 3672 1297 3725 seminemus
1315 3683 1358 3725 et
1380 3674 1604 3727 vivamus
1620 3715 1634 3736 ,
1656 3685 1700 3727 et
1733 3685 1865 3728 terra
1893 3692 1992 3728 non
2016 3676 2269 3745 redigetur

692 3760 745 3811 in
775 3761 1117 3835 solitudinem.
1148 3761 1366 3833 Scips.:s
1392 3766 1443 3819 in
1475 3767 1788 3820 Servitntcm
1822 3767 2190 3835 subjeccrunt,
2217 3778 2270 3822 ct

696 3862 890 3905 terram
930 3853 1313 3921 vendiderunt,
1345 3857 1415 3911 ita
1446 3865 1501 3910 ut
1535 3857 1602 3911 ali
1634 3866 1850 3926 possent
1881 3875 1892 3911 :
1929 3867 2069 3912 tanta
2118 3860 2268 3912 famis

694 3948 983 4000 necessitas
1038 3946 1152 4001 fuit.
1177 3948 1265 4002 20.
1292 3948 1356 4001 Et
1376 3948 1848 4019 acquisivirloscph
1877 3960 2059 4003 terram
2102 3950 2269 4021 zEgg-

696 4037 912 4102 ptiorum
948 4038 1224 4094 Pharaoni.
1264 4040 1607 4096 Vendidvrunt
1645 4044 1776 4097 enim
1803 4061 1911 4097 eam
1934 4048 2067 4113 fame
2086 4047 2263 4099 coacti.

698 4127 764 4180 Et
788 4131 921 4199 facta
962 4140 1032 4184 est
1064 4140 1196 4185 terra
1239 4132 1544 4188 Pharaonis.
1584 4133 1673 4189 21.
1714 4133 1780 4187 Et
1809 4136 2052 4204 populum
2078 4136 2173 4189 sibi
2215 4136 2267 4189 in

691 4234 862 4270 scrros
893 4219 1099 4289 subjecit
1127 4221 1189 4274 ab
1211 4224 1441 4275 extremis
1472 4224 1655 4291 ﬁnibus
1678 4223 1895 4294 :Egypti
1916 4241 2067 4293 usque
2086 4226 2154 4278 ad
2180 4243 2269 4279 em-

696 4316 878 4360 trcmos
913 4323 930 4359 :
955 4308 1043 4362 2'2.
1067 4320 1272 4379 excepta
1293 4322 1424 4364 terra
1448 4312 1787 4365 sacerdotum.
1818 4311 1932 4366 Illis
1969 4314 2100 4367 enim
2131 4316 2267 4368 dedit

699 4398 903 4453 Pharao
928 4402 1061 4456 cibos
1096 4412 1141 4457 et
1193 4404 1544 4469 comederunt;
1575 4414 1621 4458 et
1658 4413 1920 4473 praptcrea
1955 4422 2052 4459 non
2092 4409 2265 4460 cendi-

678 4490 879 4543 derunt
928 4500 1111 4545 terram
1160 4510 1323 4547 suam.
1377 4494 1507 4549 Vide
1558 4504 1787 4563 quantus
1818 4495 2153 4559 intellectus,
2211 4507 2266 4551 ct

676 4591 886 4647 quanta
927 4584 1186 4651 sapientia
1231 4584 1428 4653 Joseplt
1461 4586 1638 4640 fuerit.
1688 4586 1808 4641 Illos
1846 4602 2018 4655 noque
2073 4588 2265 4643 famem

692 4672 922 4739 experiri
954 4675 1226 4742 permisit,
1274 4685 1325 4729 ct
1355 4692 1565 4730 omnem
1595 4687 1794 4731 terram
1822 4680 2097 4746 acquisivit
2126 4680 2264 4733 Pha-

680 4762 874 4823 raoni,
929 4764 1191 4831 simulque
1232 4766 1442 4820 luerunt
1486 4765 1714 4836 Egyptii
1745 4783 1929 4822 omnes
1961 4769 2011 4822 in
2042 4771 2266 4824 servitu-

694 4862 796 4904 tem
828 4852 1047 4908 redacti.
1079 4854 1214 4909 Vide
1236 4898 1248 4914 .
1276 4858 1502 4911 obsecro
1522 4900 1537 4923 ,
1570 4859 1652 4912 hic
1679 4859 1869 4913 iterum
1900 4859 2147 4913 eximiam
2188 4862 2267 4913 tli-

674 4941 959 5007 ‘ligcutiam
979 4984 993 5006 ,
1039 4954 1091 4999 ct
1112 4947 1499 5014 providentiam
1526 4989 1540 5007 ,
1569 4964 1724 5017 quam
1768 4964 1889 5016 erga
1924 4949 2043 5003 illos
2085 4949 2263 5005 habet.

692 5032 777 5083 ΞΒ.
816 5031 954 5085 Dixit
980 5035 1119 5087 enim
1151 5035 1410 5105 .‘Egyptiis
1428 5079 1440 5100 ,
1470 5037 1598 5091 Ecce
1626 5040 1866 5108 acquisiui
1893 5056 1979 5094 vos
2006 5051 2051 5093 et
2082 5049 2267 5095 terram

692 5134 905 5173 rostrum
925 5122 1073 5177 hodie
1101 5122 1382 5178 Pharaoni.
1414 5126 1637 5196 Accipite
1656 5128 1809 5198 igitur
1829 5131 1963 5183 vobis
1991 5132 2200 5195 semina,
2220 5144 2267 5187 et

687 5211 930 5264 seminate
968 5224 1155 5267 terram
1183 5231 1201 5269 :
1226 5226 1272 5269 et
1317 5217 1359 5268 si
1381 5218 1566 5285 fuerint
1614 5230 1878 5285 proventus
1900 5262 1914 5285 ,
1944 5221 2032 5275 9.1.
2079 5223 2266 5277 dabitis

691 5302 919 5367 cptiutam
975 5314 1167 5367 partum
1237 5305 1501 5360 Pharaoni
1545 5323 1563 5361 :
1618 5321 1831 5377 quatuor
1875 5324 2042 5365 autem
2100 5326 2265 5383 partes

692 5403 836 5442 ιίἰιηι
864 5405 1036 5446 vestra:
1069 5396 1116 5445 in
1144 5411 1310 5449 semen
1332 5407 1508 5461 terrm,
1544 5409 1589 5450 et
1627 5400 1678 5452 in
1716 5401 1878 5454 cibmn
1908 5404 2041 5456 vobis
2061 5446 2075 5467 ,
2104 5414 2150 5457 et
2176 5407 2265 5458 toti

690 5483 862 5533 domui
890 5494 1080 5537 vestrm.
1116 5484 1297 5555 Magna
1328 5487 1648 5552 liberalitas,
1683 5490 1865 5559 ingens
1896 5495 2223 5560 providvntia
2246 5537 2260 5560 ,

691 5572 971 5628 int-flabilis
1006 5575 1325 5632 sollicitudo.
1368 5577 1489 5633 Ideo
1518 5589 1572 5635 et
1618 5580 1689 5634 'rlli
1720 5595 2070 5651 agnoscentes
2100 5586 2261 5640 benc~

689 5777 724 5827 ν
812 5711 856 5825 ιε
876 5709 1178 5767 ερς-ῐιιίμίῖὶιξι
1204 5711 1553 5772 ιιιιρηιτθιὶὺυε
1572 5712 1774 5776 legitur.
1806 5722 1850 5766 et
1876 5715 2007 5766 dedit
2031 5718 2099 5767 eis
2118 5731 2262 5779 panes

727 5779 747 5809 .'
800 5794 812 5815 ι
860 5782 945 5820 ωδ.
971 5782 1061 5818 L'LC.

727 5779 779 5813 ιύ
800 5779 945 5820 tatus.
971 5782 1061 5818 L‘LC.

1435 378 1489 435 s.
1531 376 1805 433 .IOANN‘IS
1843 375 2308 433 CllltYSOSTUMl
2349 371 2669 428 ARCIIIEP.
2708 357 3242 426 coxsrsunxor.

3867 366 3976 419 56b

2386 486 2501 540 ﬁcia
2530 527 2544 547 .
2571 485 2755 538 dicunt
2782 500 2795 537 :
2824 482 2913 537 9.5.
2954 482 3183 537 Salvasti
3210 496 3303 534 nos
3321 521 3335 544 ,
3383 482 3662 533 instruimus
3691 482 3822 533 enim
3852 496 3979 549 gru-

2380 579 2503 630 tiam
2532 593 2700 630 cormn
2732 575 2938 629 domino
2967 585 3177 639 nostra;
3213 583 3261 627 et
3288 574 3475 626 erimus
3501 573 3631 626 servi
3657 571 3978 626 Pharaonis.

2389 670 2577 723 Vidisti
2610 665 3027 723 liberalitatem?
3058 665 3191 720 Nam
3233 666 3356 735 quia
3382 665 3513 719 vidit
3536 679 3638 719 eos
3664 666 3823 718 nimia
3877 678 3977 733 pe—

2380 761 2531 815 nuria
2553 758 2860 823 confertos,
2890 758 3130 827 cogitans
3148 764 3408 825 quantum
3453 755 3690 810 laborem
3738 765 3794 809 et
3834 770 3974 807 mru-

2378 867 2558 905 mnam
2581 849 2847 903 sustinere
2875 857 3133 917 cogantur
3150 843 3388 901 colendo
3405 856 3633 912 terram,
3663 844 3797 901 dicit
3821 863 3835 899 :
3864 844 3973 900 Se-

2380 954 2504 994 men
2535 939 2686 993 vobis
2716 952 2817 1007 ego
2834 937 3184 1005 suppoditabo
3202 977 3218 999 ,
3251 951 3346 990 vos
3375 944 3553 991 autem
3574 951 3790 992 omnem
3810 936 3977 989 aliam

2380 1045 2560 1083 curam
2592 1030 2860 1084 exhibete.
2909 1028 2977 1081 Et
3014 1026 3059 1081 si
3092 1026 3290 1081 fuerint
3321 1027 3471 1082 vobis
3513 1038 3838 1098 proventus,
3877 1027 3979 1079 da-

2380 1120 2505 1174 bitis
2548 1128 2751 1187 partem
2777 1132 2971 1181 unam,
3002 1126 3230 1186 quatuor
3258 1125 3436 1171 autem
3479 1125 3672 1171 vestrae
3701 1126 3889 1182 erunt,
3920 1126 3981 1171 et

2381 1223 2587 1263 merces
2621 1209 2894 1271 laborum,
2928 1216 2982 1261 et
3008 1206 3274 1262 alimoniae
3312 1217 3575 1276 surruptas.
3597 1206 3688 1262 26.
3724 1206 3841 1261 Hoc
3870 1224 3979 1262 au-

2380 1308 2477 1351 tem
2502 1298 2796 1351 mandatum
2839 1298 3004 1368 posuit
3054 1299 3128 1351 eis
3166 1296 3394 1367 Joseph,
3428 1308 3480 1349 ut
3508 1298 3735 1366 quintam
3777 1306 3978 1366 partem

2379 1393 2561 1443 darent
2588 1390 2854 1444 Pharaom
2874 1431 2886 1450 ,
2918 1399 3125 1460 excepta
3148 1391 3260 1444 sola
3288 1392 3607 1444 sacerdotum
3633 1402 3785 1445 terra.

2451 1480 2752 1534 Sacerdotes
2788 1480 3006 1534 colendi.
3052 1510 3125 1521 —
3162 1481 3396 1536 Audiant
3438 1482 3528 1552 qui
3575 1498 3717 1537 nunc
3749 1485 3974 1545 vivunt.

2378 1582 2629 1637 quantam
2673 1572 2801 1625 olim
2845 1570 3180 1626 sacerdotum
3237 1572 3498 1627 idolorum
3546 1589 3728 1628 curant
3766 1575 3975 1630 babuco

2378 1664 2517 1727 rint;
2545 1672 2597 1718 el
2618 1664 2825 1718 discant
2849 1673 2910 1717 ut
2928 1664 3012 1719 vel
3038 1665 3227 1718 saltem
3252 1681 3430 1734 parem
3454 1667 3683 1722 habeant
3712 1668 3976 1723 honorem

2379 1754 2442 1807 iis
2466 1754 2656 1823 quibus
2685 1754 2919 1808 omnium
2951 1755 3042 1809 Del
3078 1755 3431 1811 ministerium
3461 1758 3719 1812 creditura
3741 1798 3756 1823 ,
3799 1770 3855 1813 ct
3882 1760 3977 1828 qui

2378 1843 2678 1898 sacerdotio
2700 1845 2935 1914 insigniti
2957 1856 3097 1899 sunt.
3128 1846 3183 1901 Si
3216 1848 3358 1900 enim
3388 1859 3628 1903 enrautcs
3656 1850 3825 1915 illi,et
3851 1860 3980 1905 tan-

2378 1943 2484 1988 tam
2512 1935 2773 1988 idolorum
2802 1951 2983 1989 curam
3010 1935 3269 1991 habentes
3287 1978 3300 1999 ,
3333 1937 3453 2007 quia
3486 1955 3551 1992 ex
3589 1940 3689 1993 hoc
3717 1942 3980 2009 putabant

2380 2024 2517 2077 idola
2544 2024 2710 2094 magis
2735 2025 2855 2089 coli,
2885 2026 2951 2079 ita
2982 2042 3167 2081 eorum
3191 2028 3462 2082 ministros
3479 2029 3732 2084 colebant
3761 2048 3773 2085 :
3804 2049 3950 2099 quan

2381 2127 2429 2169 la
2478 2130 2583 2169 non
2630 2116 3072 2172 condcmnatione
3123 2118 3311 2186 digni,
3344 2118 3433 2186 qtti
3480 2134 3619 2172 nunc
3650 2120 3981 2176 ituminunut

2377 2207 2515 2275 quod
2542 2207 2606 2257 ad
2639 2206 2845 2259 illorum
2889 2216 3091 2276 Spectat
3128 2209 3327 2261 cultqu
3355 2208 3379 2260 ?
3407 2213 3485 2261 An
3536 2211 3751 2263 nescitis
3797 2212 3977 2264 bono-

2377 2312 2487 2349 rem
2509 2296 2573 2349 ad
2601 2297 2762 2349 Deum
2794 2298 2963 2365 ipsum
2987 2299 3256 2353 transire?
3286 2297 3363 2351 Ne
3389 2299 3547 2367 igitur
3577 2300 3981 2369 resilit-iuseum

2377 2388 2461 2440 cui
2507 2388 2675 2441 honos
2716 2386 3009 2443 confertur.
3039 2389 3155 2443 Non
3186 2390 3328 2444 enim
3363 2399 3581 2459 propter
3621 2392 3767 2444 illum
3807 2374 3982 2446 riches

2376 2481 2516 2550 quod
2558 2492 2703 2534 tuum
2730 2491 2812 2534 est
2842 2481 3055 2547 facere;
3096 2482 3189 2536 sed
3222 2489 3439 2551 propter
3474 2483 3622 2535 illaut
3646 2527 3657 2543 ,
3683 2482 3843 2551 cujus
3885 2500 3979 2536 sa.

2377 2570 2568 2626 ccrdos
2592 2581 2694 2634 cst,
2727 2582 2787 2625 ut
2828 2581 2884 2625 ct
2922 2571 2989 2625 ab
3029 2573 3117 2625 illo
3160 2572 3533 2627 retributiones
3557 2574 3789 2626 ubertim
3830 2574 3977 2627 acci-

2379 2665 2511 2731 pias.
2544 2664 2765 2731 l’roptcr
2792 2663 2931 2732 quod
2963 2673 3016 2718 et
3045 2663 3253 2717 dicebat
3276 2684 3290 2718 :
3317 2664 3417 2729 Qui
3445 2665 3618 2736 fecerit
3648 2665 3739 2717 uni
3767 2666 3979 2730 hornus,

2381 2755 2504 2807 mihi
2528 2754 2739 2822 fecerit;
2765 2765 2838 2818 ct,
2874 2753 2973 2819 Qui
3001 2754 3184 2822 accipit
3212 2753 3509 2823 praphetam
3545 2756 3599 2806 in
3626 2755 3830 2807 nomine
3855 2772 3977 2823 pro-

2378 2847 2559 2915 phetat,
2586 2848 2860 2899 mercedem
2889 2848 3148 2915 prophetae
3175 2846 3386 2915 accipiet
3409 2845 3622 2916 (Matth.
3644 2844 3737 2900 25.
3770 2846 3859 2900 40.
3882 2847 3975 2901 ιο.

2376 2938 2488 3005 41).
2515 2935 2646 2989 Num
2678 2936 2819 2990 enim
2860 2950 2889 2989 a
2916 2936 3177 3005 dignitate
3224 2934 3305 2989 vel
3352 2936 3553 2988 vilitate
3600 2935 3977 2991 ministrorum

2378 3031 2469 3084 tibi
2502 3031 2757 3084 retribuet
2792 3028 3082 3085 Dominus?
3111 3028 3189 3082 0b
3228 3028 3556 3083 alacritatem
3581 3039 3723 3082 tuam
3759 3029 3842 3082 vel
3875 3044 3976 3082 co-

2377 3131 2529 3176 ronat
2554 3162 2570 3187 ,
2604 3122 2684 3174 vel
2716 3120 3055 3175 condemnant.
3089 3118 3156 3173 Et
3201 3121 3340 3173 sicut
3383 3118 3584 3183 honor,
3618 3120 3707 3190 qui
3752 3130 3979 3190 propter

2379 3213 2549 3281 ipsum
2604 3211 2967 3283 impenditur,
3014 3211 3237 3265 multum
3278 3212 3416 3281 parit
3461 3211 3669 3267 ﬁducia:
3710 3213 3976 3284 (propria

2376 3303 2517 3357 etaim
2546 3302 2646 3356 sibi
2677 3302 2800 3355 facit
2829 3303 2966 3357 Deus
2994 3317 3110 3371 qua:
3141 3303 3191 3356 in
3220 3316 3408 3356 servos
3434 3317 3562 3356 suos
3591 3303 3974 3374 collocantur),

2378 3394 2445 3447 ita
2486 3405 2539 3448 et
2578 3395 2784 3447 illorum
2822 3403 3163 3463 contemptus
3185 3395 3404 3447 multam
3434 3410 3464 3447 e
3489 3410 3723 3462 superno
3750 3410 3974 3464 pertuum

2377 3484 2529 3537 nobis
2554 3484 2773 3539 deferet.
2806 3485 2949 3539 Sicut
2980 3486 3120 3538 cnim
3149 3499 3302 3537 suum
3343 3501 3461 3539 esse
3490 3486 3767 3551 honorem,
3799 3488 3885 3541 ita‘
3918 3498 3977 3542 rt

2373 3585 2735 3644 contemptum
2766 3575 2911 3629 ducit
2946 3594 2958 3629 :
2994 3575 3042 3629 id
3088 3576 3226 3645 quod
3271 3576 3521 3641 scientes,
3551 3593 3838 3646 numquam
3868 3596 3975 3633 two

2376 3666 2632 3735 gligamus
2678 3668 2877 3720 cultum
2926 3668 3014 3737 qui
3058 3666 3427 3723 sacerdotibus
3475 3668 3565 3722 Dei
3603 3668 3847 3723 debetur.
3908 3673 3977 3726 l'it

2378 3758 2490 3812 haec
2515 3758 2651 3821 dico,
2673 3774 2775 3811 non
2807 3767 3004 3812 mntam
3032 3760 3241 3814 illorum
3265 3762 3521 3815 rationem
3546 3761 3770 3827 habens,
3795 3778 3973 3832 quan-

2378 3857 2481 3901 tam
2513 3860 2701 3904 vcstrac
2728 3850 2984 3916 raritatis,
3016 3852 3235 3921 cupit-ns
3267 3867 3360 3905 vos
3390 3853 3440 3906 in
3468 3853 3716 3907 omnibus
3744 3855 3973 3910 lucrifa-

2373 3955 2515 3996 cere.
2541 3942 2674 4009 Quid
2703 3943 2843 3997 enim
2873 3953 3073 3996 tantum
3105 3943 3200 3997 das
3224 3984 3237 4007 ,
3268 3954 3524 4015 quantum
3566 3949 3762 4016 accipis
3791 3965 3819 4001 a
3853 3949 3971 4003 Do-

2376 4033 2560 4086 mino?
2610 4044 2862 4103 quantum
2906 4045 3083 4090 autem
3139 4036 3339 4090 cultum
3394 4037 3592 4091 all’crs?
3629 4041 3878 4093 Attamen
3914 4052 3975 4095 ct

2376 4139 2469 4191 pro
2502 4126 2589 4177 illo
2622 4125 2729 4186 \ili,
2759 4136 2813 4179 et
2840 4126 2925 4194 qui
2958 4127 3007 4179 in
3039 4128 3285 4195 pra-senti
3315 4128 3416 4180 vita
3447 4129 3604 4183 simul
3630 4129 3970 4194 dissolvitur,

2374 4216 2699 4285 inunortalcs
2723 4218 2953 4288 accipies
2983 4218 3276 4279 mercedes.
3295 4230 3345 4273 et
3376 4219 3658 4273 incll'abilia
3690 4221 3849 4275 bona.

2538 4310 2663 4365 lla-c
2688 4320 2863 4365 monte
2885 4321 3176 4371 versantes.
3203 4326 3547 4379 properemus
3567 4313 3632 4365 ad
3652 4330 3841 4368 eorum
3868 4316 3966 4370 ub-

2372 4403 2549 4471 SCtptia
2568 4443 2580 4463 ,
2612 4417 2714 4455 non
2740 4402 3075 4456 attendentes
3114 4412 3405 4469 sumptum,
3440 4403 3531 4456 sed
3560 4402 3760 4457 lucrum
3790 4418 3847 4459 et
3874 4423 3973 4459 ac-

2371 4493 2690 4556 cessionem,
2721 4508 2838 4560 qua:
2866 4493 2985 4544 inde
3016 4502 3319 4545 nascuntur.
3354 4492 3481 4545 Nam
3509 4494 3551 4545 si
3588 4493 3833 4548 vidcn'es
3862 4498 3968 4551 viri

2371 4583 2593 4651 alicujus
2623 4582 2858 4636 szcculari
2887 4582 3142 4651 dignitate
3186 4583 3404 4652 insignis
3434 4581 3746 4639 fatniliarem
3767 4626 3782 4649 ,
3829 4604 3969 4656 olue-

2374 4690 2485 4729 ram
2516 4678 2702 4727 damus
2745 4684 2801 4728 nt
2840 4688 3093 4743 quantum
3125 4676 3377 4743 possibile
3406 4683 3485 4729 czﬂ
3531 4677 3603 4729 illi
3645 4688 3973 4746 pm‘stettztts

2373 4766 2706 4835 obsequium,
2726 4767 3016 4835 cogitantes
3044 4766 3213 4820 ol'ticia
3246 4783 3363 4835 qua:
3390 4768 3461 4821 illi
3480 4767 3821 4830 exhibentur,
3847 4772 3971 4837 ejus

2372 4855 2586 4909 domino
2612 4858 2888 4919 περόνη,
2922 4865 2973 4908 cl
3006 4856 3148 4908 illum
3179 4856 3487 4910 liuuiliarcm
3520 4857 3607 4911 ubi
3646 4858 3968 4928 signitirarit

2372 4957 2593 5016 patrono
2623 4963 2736 5011 suo,
2769 4946 3024 5014 majorem
3055 4947 3204 4999 nobis
3234 4947 3370 5014 apud
3410 4963 3531 5001 cum
3562 4947 3795 5001 favorem
3832 4966 3972 5002 (mtto

2371 5040 2667 5093 ciliaturum
2696 5052 2815 5091 esse
2849 5053 2861 5089 :
2894 5039 3058 5090 multo
3094 5038 3259 5107 magis
3294 5037 3395 5094 hoc
3430 5039 3531 5093 erit
3567 5038 3707 5107 apud
3738 5041 3969 5093 univer—

2371 5146 2549 5185 sorum
2591 5130 2869 5185 Dominqu
2922 5130 3051 5184 Nam
3079 5131 3120 5184 si
3145 5172 3159 5191 ,
3191 5131 3404 5199 quando
3433 5132 3550 5201 quis
3584 5132 3636 5185 in
3682 5132 3969 5201 vulgarem

2370 5223 2596 5289 aliquem
2624 5232 2677 5275 et
2716 5222 2764 5274 in
2808 5222 2919 5275 l'oro
2956 5222 3220 5288 abjectum
3250 5224 3626 5293 benignitatem
3649 5233 3702 5279 et
3729 5225 3968 5281 COtttnli-

2372 5316 2688 5369 seratioucm
2736 5313 2960 5383 aliquam
2991 5316 3291 5369 exhibuerit
3315 5356 3331 5379 ,
3371 5316 3625 5371 Dominus
3662 5332 3779 5388 qua:
3827 5318 3973 5378 ﬁunt

2370 5406 2468 5458 sibi
2500 5406 2710 5475 propria
2736 5420 2856 5459 esse
2883 5406 3115 5470 ducens,
3149 5408 3407 5477 promittit
3433 5422 3492 5461 sc
3523 5407 3575 5460 iu
3620 5423 3842 5477 regnum
3877 5412 3967 5463 in-

2373 5498 2737 5551 IrOdUcIttt‘uttt
2770 5511 2861 5550 cos
2890 5499 2977 5566 qui
3020 5498 3216 5567 aliquid
3249 5498 3370 5551 boni
3399 5498 3472 5550 illi
3503 5497 3759 5558 fecerint,
3790 5509 3848 5553 et
3875 5501 3968 5555 di-

2370 5600 2575 5642 cmrum
2607 5605 2619 5638 :
2663 5586 2859 5653 Venite,
2883 5588 3132 5643 benedicti
3156 5586 3329 5641 Patris
3356 5591 3455 5642 mei
3476 5630 3490 5650 ,
3515 5591 3636 5658 quia
3663 5592 3846 5643 csurivi
3868 5632 3883 5651 ,
3913 5603 3965 5646 et

2370 5680 2574 5731 dt'distis
2595 5680 2718 5730 mihi
2750 5679 3053 5731 manducare
3072 5678 3284 5747 (Matth.
3313 5680 3401 5734 25.
3435 5680 3525 5746 54)
3552 5698 3564 5733 :
3594 5680 3763 5733 multo
3790 5682 3969 5749 magis

2369 5785 2480 5833 cos,
2512 5772 2597 5842 qui
2628 5781 2843 5843 propter
2866 5770 3029 5825 Deum
3055 5770 3359 5842 afﬂiguntur
3378 5813 3391 5836 ,
3421 5784 3473 5826 ct
3501 5773 3802 5826 sacerdotio
3824 5774 3966 5827 iusi-
