4186 6324
263 408 366 466 565

262 526 395 596 gniti
421 530 547 577 sunt
573 522 619 576 si
650 520 767 591 quis
792 517 1031 582 coluerit,
1060 531 1162 569 non
1195 514 1364 568 solum
1396 523 1575 581 parem
1602 519 1859 573 asseque-

269 631 357 670 tnr
405 614 849 674 retributionem,
880 608 971 663 sed
1014 605 1377 675 multipliciter
1420 598 1710 669 majorem,
1750 596 1862 652 cle-

266 717 448 761 mente
500 705 612 758 Deo
656 718 722 757 ex
770 698 1092 755 abundantia
1131 692 1512 749 misericordia:
1556 704 1767 758 semper
1798 704 1860 741 ea

264 814 388 865 qua-
415 813 447 848 a
478 794 632 847 nobis
660 794 789 845 linnt
812 790 1073 844 vincente.
1094 787 1169 841 Ne
1188 787 1352 855 igitur
1376 784 1542 838 simus
1567 780 1860 836 deteriores

268 888 595 951 infidelibus,
624 884 712 954 qui
742 892 959 951 propter
990 881 1249 935 idolorum
1286 893 1522 933 errorem
1552 875 1726 928 adhuc
1754 883 1861 927 tan-

268 988 379 1030 tum
409 979 610 1032 cultum
642 974 895 1029 exhibent
941 973 1151 1026 illormn
1199 969 1406 1023 famulis
1437 984 1450 1021 :
1482 965 1575 1021 sed
1608 974 1861 1035 quantmu

265 1070 555 1124 discrimen
586 1078 668 1121 est
693 1082 931 1121 errorem
964 1066 1099 1118 inter
1121 1073 1173 1118 et
1196 1063 1500 1123 veritatem,
1529 1068 1686 1128 atque
1726 1059 1865 1110 inter

267 1159 581 1215 sacci-times
610 1158 665 1211 ill
703 1172 730 1212 s
755 1165 810 1210 et
848 1156 940 1211 Dei
970 1154 1305 1214 sacerdotes;
1340 1160 1539 1206 tantam
1573 1151 1623 1203 in
1662 1151 1864 1203 honore

267 1259 430 1317 atque
457 1249 600 1303 cultu
631 1246 984 1301 ditTcrentiam
1024 1244 1413 1305 exhibcamns,
1446 1252 1502 1295 ιιι
1546 1240 1714 1295 multo
1743 1241 1862 1309 pluo

269 1354 357 1394 res
379 1353 627 1407 superna!
656 1338 808 1392 nobis
852 1337 1227 1391 retributiones
1265 1342 1591 1388 accrescunt.
1622 1332 1710 1388 ‘25.
1750 1329 1863 1384 Hu-

269 1431 446 1486 bitauit
469 1440 634 1484 autem
659 1429 817 1483 Iacob
841 1430 893 1483 in
925 1428 1178 1500 Egypto,
1210 1439 1255 1481 et
1282 1428 1418 1481 aucti
1446 1436 1583 1491 sunt,
1617 1435 1662 1480 et
1690 1424 1833 1479 multi
1850 1456 1864 1467 -

270 1521 450 1590 plicari
478 1526 604 1574 sunt
631 1520 793 1573 valde.
826 1520 950 1574 Erat
976 1520 1119 1575 enim
1149 1518 1263 1572 iure
1310 1518 1591 1587 promissio
1631 1516 1721 1569 Dei
1761 1516 1860 1585 ipsi

270 1609 433 1671 facta,
466 1608 675 1664 Faciant
707 1620 753 1663 te
776 1610 880 1663 illic
903 1612 955 1663 in
992 1619 1186 1681 gentem
1211 1618 1464 1679 magnam.
1493 1607 1583 1661 20.
1609 1605 1671 1659 Et
1696 1623 1867 1676 super-

269 1701 395 1755 vixit
435 1700 595 1753 Iacob
634 1701 799 1755 decem
839 1710 884 1754 et
927 1710 1115 1769 septem
1151 1702 1315 1753 annis.
1346 1698 1411 1752 Et
1438 1699 1560 1768 facti
1601 1709 1715 1752 sunt
1759 1698 1865 1751 dies

267 1791 437 1845 Iacob
453 1793 576 1845 anni
594 1802 791 1845 centum
820 1792 1152 1863 quadraginta
1177 1802 1385 1858 septem.
1416 1790 1701 1859 Propterea
1728 1788 1867 1842 Deus

269 1882 549 1938 dimensus
577 1892 661 1937 est
686 1886 733 1937 ei
774 1882 875 1936 hoc
917 1890 1124 1951 tempus
1154 1882 1274 1935 vita:
1299 1924 1314 1945 ,
1345 1890 1401 1934 ut
1447 1890 1563 1949 post
1594 1880 1862 1935 miseriam

270 1986 434 2043 quam
464 1981 573 2025 toto
601 1973 719 2026 vita:
752 1981 992 2041 tempore
1030 1974 1276 2027 sustinuit
1301 2014 1317 2036 ,
1345 1973 1706 2027 consolatione
1754 1987 1867 2025 ma-

266 2076 370 2133 gna
403 2071 618 2130 accepta
647 2061 771 2116 hinc
807 2065 1075 2133 migraret.

344 2152 562 2207 Muralis
589 2155 865 2208 conclusio.
896 2183 961 2197 —-
991 2154 1206 2222 Verum,
1236 2155 1278 2210 si
1306 2155 1464 2209 vultis
1487 2195 1499 2218 ,
1531 2170 1597 2209 ne
1625 2152 1865 2208 multitu-

265 2245 395 2301 dine
435 2245 702 2300 dictorum
749 2246 1061 2302 memoriam
1107 2258 1332 2300 vestram
1384 2247 1691 2310 obruamus,
1743 2261 1864 2315 quae

268 2336 476 2406 reliqua
506 2347 629 2391 sunt
672 2338 1093 2401 reservabimus,
1122 2346 1175 2391 et
1206 2338 1363 2391 liuent
1401 2338 1657 2393 orationis
1702 2336 1863 2391 facie-

270 2443 392 2483 mus
421 2445 434 2482 :
471 2439 700 2483 vestram
735 2439 915 2483 autem
952 2428 1228 2483 caritatem
1272 2429 1371 2484 hoc
1397 2432 1776 2498 rugat-erimus,
1810 2441 1867 2485 ut

268 2519 555 2588 diligenter
589 2519 654 2572 iis
678 2533 796 2588 quae
821 2519 1069 2574 dicuntur
1103 2519 1411 2586 intendatis,
1446 2530 1499 2573 et
1529 2520 1638 2589 ipsa
1672 2537 1864 2589 perpe-

269 2618 376 2663 tua:
404 2609 677 2664 memoria:
706 2611 1112 2675 contn‘iendetis,
1131 2613 1381 2665 continuo
1413 2611 1462 2664 in
1491 2621 1668 2666 mente
1691 2621 1862 2667 vestra

268 2710 567 2765 versantes,
591 2709 646 2756 et
670 2702 965 2771 cogitantes
996 2712 1244 2772 quantam
1264 2702 1720 2772 patientiatnjmti
1746 2719 1865 2761 sus-

270 2792 550 2856 tinuerint,
580 2807 843 2863 quamque
901 2793 1355 2862 longanintitatem
1386 2803 1439 2849 et
1476 2792 1632 2847 fidem
1663 2795 1718 2848 in
1742 2806 1865 2865 pro-

270 2880 613 2936 missionibus
665 2882 772 2936 Dei-
806 2882 1113 2948 habuerint,
1163 2899 1267 2937 non
1322 2882 1501 2938 animo
1549 2883 1864 2939 ﬂuctuantes

271 2981 493 3043 propter
517 2988 579 3027 ea
602 2989 719 3042 qua:
741 2977 1598 3044 post.prumissioncs‘eveuiebant
1627 2995 1640 3030 :
1672 2977 1783 3032 sed
1804 2976 1865 3029 li-

269 3063 463 3118 dentes
489 3063 714 3134 ejusqui
740 3066 1055 3132 promisemt
1078 3067 1478 3133 virttui,-omnia
1509 3083 1662 3138 mquo
1685 3068 1865 3121 animo

272 3151 532 3219 ferebant,
563 3163 617 3206 et
658 3165 937 3224 propterea
964 3155 1201 3212 celebres
1228 3167 1282 3212 et
1318 3158 1446 3211 clari
1484 3157 1698 3213 fuerint.
1729 3159 1864 3213 Ecce

269 3244 411 3298 enim
444 3243 685 3317 etjustus
704 3245 791 3299 ille
811 3244 1122 3315 Josephum,
1148 3257 1424 3318 postquam
1455 3260 1530 3302 tot
1558 3249 1712 3303 annis
1733 3250 1864 3303 luxit

269 3335 420 3403 quasi
446 3343 713 3388 mortuutn
740 3377 753 3397 ,
786 3337 916 3390 vidit
944 3353 1165 3407 regnum
1194 3338 1408 3409 rEgypti
1440 3349 1621 3395 tenere
1651 3359 1664 3395 :
1694 3351 1748 3395 et
1772 3341 1866 3395 ad-

272 3425 531 3478 mirabilis
576 3425 810 3495 Juseph,
851 3438 967 3495 post
1007 3428 1315 3483 servitutem
1341 3439 1506 3499 ,_post
1547 3446 1818 3485 carcerem
1846 3472 1860 3497 ,

272 3524 389 3584 post
415 3514 517 3568 alia
550 3516 727 3570 omnia
749 3532 865 3586 qua:
893 3518 1144 3572 sustinuit
1162 3559 1177 3584 ,
1213 3520 1564 3590 principatum
1594 3523 1753 3575 totius
1781 3538 1864 3577 rc-

269 3606 445 3677 giunis
474 3608 727 3675 suscepit.
760 3607 823 3662 Et
861 3608 905 3662 si
935 3608 1082 3663 adire
1127 3611 1451 3665 voluerimus
1487 3626 1578 3666 cas
1599 3654 1631 3677 ,,
1662 3628 1779 3682 qua:
1811 3613 1863 3667 in

270 3710 423 3751 sacra
464 3697 738 3767 Scriptura
782 3698 1157 3763 continentur,
1210 3699 1489 3767 historias,
1534 3702 1864 3757 inveniemus

271 3801 462 3842 omnes
488 3788 679 3843 virtute
711 3788 962 3856 prteditos
1007 3804 1100 3859 per
1126 3790 1454 3847 tentationes
1486 3791 1785 3862 ingressos,
1811 3800 1863 3846 ct

272 3878 351 3934 sic
380 3894 631 3949 magnum
658 3894 687 3933 a
719 3879 827 3934 Deo
854 3891 1170 3951 assequutos
1193 3883 1469 3937 auxilium.
1492 3884 1548 3939 Si
1575 3900 1702 3955 ειἨο
1731 3885 1864 3939 αἰγὶ-ρ

274 3984 397 4024 nam
428 3968 585 4024 nobis
614 3969 1040 4027 benevolentiam
1079 3973 1366 4029 conciliare
1396 3974 1659 4040 volumus,
1690 3993 1757 4031 ne
1786 3978 1862 4030 si-

275 4075 397 4116 mus
419 4061 562 4115 anxii
586 4061 1067 4129 iutentationibus,
1089 4080 1185 4120 nec
1204 4066 1459 4135 gravatim
1486 4065 1718 4122 feramus
1746 4084 1863 4139 qum

273 4150 429 4206 nobis
453 4150 747 4207 obveniunt
777 4170 793 4207 :
824 4153 919 4209 sed
970 4156 1137 4226 magis
1172 4156 1495 4234 gaudeamus
1528 4167 1581 4212 et
1626 4158 1865 4214 ltetsmur

276 4242 381 4298 ﬁde
404 4243 771 4311 corroborati,»
790 4246 1024 4302 scientes
1049 4264 1146 4304 nos
1170 4248 1270 4304 hac
1297 4250 1503 4306 ratione
1532 4253 1862 4321 potissimum

272 4333 453 4390 divina
494 4335 826 4404 providentia
864 4337 1120 4394 fruituros
1167 4356 1285 4397 esse
1309 4384 1323 4408 ,
1353 4342 1401 4397 si
1426 4359 1545 4398 cum
1574 4346 1863 4415 gratiarum

273 4423 485 4480 aetione
512 4429 691 4480 omnia
720 4427 861 4482 ferre
886 4429 1222 4485 meditemur.
1254 4432 1321 4487 Ut
1348 4444 1526 4488 autem
1553 4449 1741 4489 omnes
1767 4451 1864 4491 nos

274 4524 328 4570 ct
355 4525 672 4586 prrscutem
713 4518 875 4572 vitam
905 4519 957 4573 in
987 4522 1262 4576 virtutibus
1292 4525 1661 4595 transigamus,
1696 4535 1749 4581 et
1783 4526 1866 4581 fu-

277 4614 394 4660 tura
419 4620 811 4675 consequamur
834 4609 970 4663 bona
991 4652 1005 4674 ,
1035 4613 1296 4667 concedat
1321 4614 1474 4669 nobis
1503 4632 1597 4685 per
1623 4618 1863 4673 clemen-

277 4698 402 4752 tiam
424 4707 480 4753 ct
503 4699 726 4767 gratiam
756 4714 906 4756 suam
932 4702 1197 4758 Dominus
1213 4716 1394 4761 noster
1412 4706 1568 4762 Jesus
1595 4708 1861 4776 Christus,

274 4790 487 4857 quicum
517 4790 657 4844 Patri
690 4800 744 4845 et
787 4802 973 4849 sancto
998 4794 1217 4862 Spiritui
1250 4796 1320 4851 sit
1347 4798 1513 4868 gloria
1539 4842 1555 4866 ,
1583 4801 1861 4871 imperium

274 4891 326 4934 et
357 4881 531 4935 honor
554 4922 577 4948 ,.
611 4897 751 4939 nunc
791 4894 846 4940 et
883 4899 1123 4955 semper,
1145 4898 1197 4943 ct
1226 4889 1279 4944 in
1303 4892 1495 4946 secula
1524 4894 1862 4949 saeculorum.

276 4975 468 5027 Anien.

824 5112 1101 5170 HOMILIA
1143 5115 1330 5173 LXVI.

274 5238 821 5321 Appropinquaverunt
843 5254 1030 5309 autem,
1064 5248 1264 5317 inquit,
1294 5251 1400 5304 dia
1428 5250 1594 5306 Israel
1618 5263 1669 5306 ut
1699 5271 1864 5309 more«

347 5340 502 5392 retur,
538 5341 582 5384 et
608 5336 801 5387 vocavit
824 5336 986 5403 [ilium
1015 5353 1161 5391 suum
1189 5339 1410 5411 Ioseph,
1448 5353 1492 5396 et
1532 5345 1657 5397 dixit
1685 5346 1730 5398 ei
1755 5362 1773 5399 .'
1805 5346 1865 5401 Si

345 5420 513 5473 inveni
536 5425 751 5493 gratiam
789 5428 927 5495 apud
950 5437 1026 5493 te,
1056 5447 1283 5501 suppone
1311 5450 1514 5488 manum
1538 5445 1675 5487 tuam
1701 5437 1867 5491 subter

350 5514 515 5580 femur
552 5531 717 5566 meum
741 5558 756 5581 ,
784 5527 829 5570 et
857 5520 1011 5587 facies
1038 5536 1227 5574 mecum
1254 5524 1643 5581 misericordiam
1669 5538 1715 5581 et
1741 5531 1869 5581 veri-

349 5613 519 5669 tatem,
547 5615 599 5657 ut
631 5622 731 5658 non
759 5609 974 5676 sepeliar
1009 5628 1099 5681 ego
1125 5612 1178 5665 in
1209 5612 1440 5684 Egypto
1460 5634 1481 5679 ,°
1502 5620 1592 5670 sed
1622 5620 1867 5674 dormiant

346 5713 458 5749 cum
487 5696 713 5764 patribus
740 5700 859 5754 meis
885 5717 905 5754 :
934 5710 979 5755 et
1012 5708 1209 5774 auferes
1241 5723 1317 5759 me
1347 5723 1410 5760 ea:
1431 5706 1679 5778 Egi/pta,
1709 5722 1752 5764 et
1789 5730 1868 5767 se-

344 5788 499 5859 pelies
525 5804 604 5841 me
618 5788 671 5841 in
696 5792 925 5861 sepulcro
951 5810 1140 5849 eorum.
1164 5793 1261 5851 Ille
1280 5808 1446 5853 autem
1470 5800 1595 5855 dixit
1620 5801 1865 5859 :Faciom

1275 396 1340 452 IN
1378 396 1530 451 CAP.
1575 389 1759 447 XLVII
1822 381 2068 441 GENES.
2112 383 2343 439 ilOMlL.
2386 383 2570 440 ωινι.

3468 382 3577 441 1,(’6

2045 497 2317 551 secumlum
2346 497 2545 549 verbum
2572 506 2733 549 tuum.
2764 494 2906 549 Dixit
2933 504 3097 549 autem
3128 510 3147 550 :
3173 494 3307 549 Iura
3336 496 3480 551 milii.
3510 494 3575 550 Et

2038 588 2233 659 iuravit
2258 587 2321 642 ci.
2357 587 2417 639 Et
2460 586 2690 639 adoravit
2720 584 2885 641 Israel
2914 586 2981 639 ad
3005 587 3265 657 fastigium
3296 588 3450 659 uirga:
3468 588 3577 658 ejus

2049 679 2216 751 (Gen.
2243 680 2330 734 47.
2362 679 2581 748 29-51).

2053 854 2096 907 l.
2142 854 2248 923 Age
2275 852 2431 907 hodie
2455 852 2612 906 linem
2643 851 2979 921 imponamus
3008 853 3298 905 narrationi
3330 860 3383 905 et
3408 852 3577 907 histo-

1972 945 2066 999 ria:
2104 943 2310 1011 Jacobi,
2340 953 2393 997 et
2430 943 2707 998 videamus
2734 957 2979 1012 quantam
3019 943 3127 996 sint
3174 944 3259 995 illa
3304 957 3421 1013 qum
3460 943 3575 1014 jam

1972 1040 2262 1091 moriturus
2282 1037 2530 1107 di..-punat
2559 1045 2612 1090 et
2638 1035 2867 1090 ordinet.
2888 1034 3087 1101 Verum
3116 1036 3293 1090 nullus
3333 1036 3401 1091 ad
3443 1053 3570 1107 prae.

1973 1126 2202 1180 sentiunt
2228 1142 2407 1181 rerum
2441 1134 2635 1179 statum
2664 1134 2935 1196 spectans,
2956 1126 3079 1179 talia
3104 1126 3280 1196 exigat
3307 1126 3373 1181 ab
3397 1128 3458 1182 iis
3480 1127 3572 1197 qui

1973 1226 2097 1275 tunc
2128 1215 2341 1271 fuerunt
2376 1217 2529 1287 justi,
2561 1217 2737 1287 qualia
2769 1232 2911 1272 nunc
2948 1218 2999 1271 in
3030 1218 3135 1272 vita
3183 1220 3454 1286 sapienter
3492 1219 3574 1273 in-
3620 1238 3623 1240 ν

1973 1308 2155 1361 stituta
2182 1308 2366 1363 tldeles
2398 1317 2651 1378 prtestare
2678 1310 2947 1373 convenit,
2979 1309 3072 1363 sed
3100 1310 3393 1365 secundum
3437 1320 3574 1365 teni-

1974 1413 2100 1467 pora
2147 1408 2200 1453 et
2245 1414 2332 1453 res
2368 1399 2594 1468 judicet.
2625 1398 2751 1455 [late
2779 1410 2957 1455 autem
3006 1400 3185 1455 dedita
3212 1416 3394 1469 opera
3423 1403 3571 1471 prius

1972 1490 2221 1557 dixerim,
2257 1502 2474 1560 propter
2498 1507 2562 1546 ca
2591 1507 2709 1561 qua!
2734 1508 2764 1547 a
2794 1492 3093 1561 patriarcha
3118 1494 3225 1563 ipsi
3257 1494 3456 1563 Ioseph
3486 1494 3570 1549 di-

1972 1592 2178 1636 centur.
2208 1583 2393 1649 Qualia
2422 1591 2599 1637 autem
2635 1584 2776 1651 sint,
2804 1583 3103 1639 audiamus.
3146 1584 3236 1639 29.
3276 1588 3573 1657 Appropin-

1971 1684 2247 1746 quavertmt
2272 1684 2436 1728 autem
2455 1716 2468 1737 ,
2503 1676 2703 1744 inquit,
2734 1676 2840 1729 dies
2871 1674 3071 1741 Israel,
3106 1687 3159 1729 ut
3187 1686 3465 1731 moreretur
3485 1717 3500 1745 ,
3528 1688 3575 1732 et

1971 1767 2161 1820 vocavit
2187 1766 2352 1834 ﬁlium
2380 1783 2526 1819 suum
2554 1765 2747 1836 Ioseplt
2772 1808 2787 1831 ,
2811 1777 2856 1819 et
2887 1766 3082 1820 dixitei
3107 1783 3125 1820 :
3154 1767 3215 1821 Si
3260 1768 3428 1820 inveni
3452 1784 3571 1839 gra-

1973 1859 2094 1911 tiam
2118 1858 2256 1926 apud
2280 1867 2346 1923 te,
2366 1875 2597 1929 suppone
2615 1872 2822 1911 manum
2849 1867 2986 1911 tuam
3006 1858 3176 1911 subter
3192 1860 3357 1929 femur
3380 1874 3570 1923 meum,

1970 1960 2018 2004 et
2043 1952 2197 2020 facies
2226 1966 2419 2003 mecum
2449 1948 2847 2002 misericordiam
2877 1957 2924 2002 et
2961 1949 3241 2014 ceritatem,
3274 1958 3327 2002 ut
3354 1964 3455 2003 non
3494 1966 3574 2004 sc-

1972 2044 2133 2113 peliur
2160 2060 2249 2113 ego
2289 2043 2340 2097 in
2367 2041 2599 2115 [Egyplo
2625 2061 2645 2109 ,'
2674 2044 2763 2099 50.
2796 2043 2882 2097 sed
2911 2044 3161 2097 dormiam
3190 2060 3303 2097 cum
3346 2041 3577 2114 patribus

1969 2135 2093 2187 meis
2116 2149 2133 2197 ;
2158 2143 2207 2188 et
2226 2140 2425 2205 auferes
2452 2151 2532 2189 me
2558 2150 2621 2188 ea:
2655 2133 2908 2205 zEgypto,
2929 2144 2971 2188 et
2991 2136 3199 2203 sepelies
3224 2150 3301 2187 me
3328 2136 3380 2189 in
3404 2134 3574 2204 sepul-

1971 2241 2057 2279 cro
2082 2240 2273 2278 eorum.
2307 2222 2408 2278 Ille
2428 2234 2595 2278 autem
2621 2226 2749 2280 dixit
2776 2241 2794 2279 .'
2827 2224 3035 2279 Faciam
3067 2227 3344 2279 secundum
3371 2225 3574 2278 verbum

1972 2327 2131 2371 tuum.
2190 2319 2279 2372 51.
2308 2316 2453 2377 Dixit
2484 2328 2692 2373 autem:
2717 2317 2854 2372 Iura
2891 2318 3035 2371 mihi.
3070 2317 3133 2372 Et
3174 2320 3371 2390 juravit
3410 2319 3475 2373 ei.
3509 2318 3575 2373 Et

1970 2408 2198 2463 adorarit
2228 2398 2392 2464 Israel
2421 2410 2488 2462 ad
2519 2411 2776 2481 fastigium
2803 2410 2958 2480 virga:
2981 2413 3109 2475 eius.

2041 2499 2145 2555 Cur
2182 2502 2389 2554 coluerit
2418 2502 2470 2555 in
2506 2502 2673 2570 patria
2706 2500 2908 2571 sepeliri
2934 2500 3117 2555 Iacob.
3145 2531 3215 2543 -
3246 2502 3393 2557 Multi
3423 2502 3572 2573 obje-

1970 2593 2153 2647 ctioris
2197 2592 2389 2655 animi,
2423 2594 2636 2661 quando
2678 2608 2709 2647 a
2757 2594 2911 2648 nobis
2939 2594 3325 2662 admonentur,
3358 2611 3425 2650 ne
3453 2610 3571 2650 nta~

1969 2699 2125 2754 gnam
2168 2699 2350 2738 curam
2391 2685 2682 2754 sepultura:
2717 2684 2979 2751 habeant,
3032 2702 3205 2757 neque
3249 2702 3360 2740 rem
3404 2687 3574 2742 multo

1968 2773 2146 2829 studio
2174 2774 2387 2843 dignam
2432 2774 2797 2842 arbitrentur,
2825 2775 2893 2830 ab
2933 2776 3106 2834 aliena
3142 2788 3282 2833 terra
3325 2777 3376 2831 in
3416 2792 3566 2833 suam

1970 2866 2191 2935 patriam
2221 2878 2547 2921 mortuorum
2575 2868 2825 2937 reliquias
2853 2869 3056 2937 reduci,
3084 2871 3221 2924 hanc
3249 2870 3402 2925 nobis
3429 2887 3569 2940 pra:-

1971 2964 2154 3009 texuut
2198 2956 2475 3011 historiam
2496 2998 2510 3022 ,
2543 2958 2804 3023 dicentes,
2834 2960 2993 3013 etiam
3026 2960 3383 3029 patriarebam
3414 2961 3570 3032 hujus

1968 3047 2047 3101 rei
2079 3044 2277 3100 tantam
2324 3046 2518 3103 fecisse
2559 3063 2764 3103 curam.
2804 3048 2997 3103 Verum
3048 3052 3275 3119 primum
3306 3053 3564 3121 quidem,

1968 3138 2105 3193 sicut
2129 3137 2369 3197 dixi.hoc
2390 3139 2625 3208 cogitare
2647 3148 2858 3208 Oportet
2883 3157 2897 3194 :
2927 3148 3051 3194 tunc
3077 3156 3181 3195 non
3215 3149 3358 3195 tanta
3381 3144 3561 3213 exige-

1969 3229 2126 3283 batur
2152 3230 2506 3301 philosophia,
2530 3240 2728 3301 quanta
2754 3232 2823 3288 ab
2849 3234 2915 3289 iis
2932 3234 3021 3304 qui
3049 3249 3189 3289 nunc
3212 3235 3435 3290 vivunt:
3466 3236 3566 3291 de-

1969 3323 2092 3377 inde
2114 3322 2411 3391 patriarcha
2443 3323 2545 3379 hoc
2587 3340 2692 3379 non
2741 3325 3058 3395 sirnpliciter
3087 3326 3253 3381 voluit
3294 3327 3405 3382 ﬁeri
3427 3369 3442 3394 ,
3470 3328 3565 3386 sed

1968 3430 2117 3483 spem
2162 3416 2352 3470 bonam
2396 3416 2499 3471 illis
2530 3417 2811 3487 pollicens,
2837 3416 2951 3472 fore
2981 3427 3037 3472 ut
3064 3419 3144 3472 sui
3177 3419 3257 3473 vel
3300 3434 3426 3476 sero
3458 3429 3572 3476 tan-

1967 3507 2090 3561 dem
2141 3508 2379 3563 redirent
2428 3508 2503 3562 in
2533 3520 2728 3564 terram
2781 3510 3169 3579 promisimus.
3206 3513 3270 3567 Et
3311 3514 3450 3582 quod
3502 3516 3573 3570 ob

1971 3599 2107 3653 hanc
2133 3613 2347 3653 causam
2382 3599 2482 3653 hoc
2522 3601 2860 3669 prmeeperit,
2909 3601 3243 3658 manifesdus
3288 3619 3386 3657 nos
3414 3604 3572 3658 docet

1968 3689 2108 3744 illius
2142 3690 2309 3753 li'ius,
2350 3691 2534 3745 dicens
2569 3708 2581 3745 :
2625 3689 2889 3746 Visitanda
2934 3692 3151 3746 cisitabit
3197 3709 3283 3748 vos
3326 3694 3500 3759 Deus,
3526 3704 3573 3749 ct

1967 3781 2121 3834 simul
2140 3781 2310 3850 feretis
2338 3798 2452 3836 ossa
2485 3798 2597 3836 mea
2623 3782 2741 3836 hinc
2768 3785 2786 3853 (
2810 3782 2938 3837 Gen.
2969 3785 3056 3839 50.
3084 3784 3216 3855 21).
3235 3786 3396 3852 Quod
3424 3786 3581 3841 enim

1967 3873 2137 3927 oculis
2167 3873 2287 3929 tidei
2318 3874 2490 3928 l'utura
2515 3875 2887 3944 prmviderent,
2912 3876 3035 3930 audi
3060 3877 3206 3931 illum
3232 3877 3343 3947 jam
3375 3893 3570 3934 vocare

1966 3976 2196 4020 mortem
2247 3980 2398 4021 suam
2447 3967 2821 4024 dormitiouem
2851 3985 2867 4023 :
2894 3970 3024 4025 dicit
3068 3972 3245 4036 cuitu,
3300 3970 3569 4026 Dormiam

1967 4074 2081 4112 cum
2110 4058 2336 4127 patribus
2360 4061 2502 4115 meis.
2530 4060 2818 4131 Propterea
2841 4072 2897 4117 et
2924 4062 3122 4118 Paulus
3142 4062 3382 4118 dicebat:
3403 4062 3571 4120 quta

1968 4153 2121 4220 fidem
2151 4154 2335 4205 mortui
2360 4164 2475 4206 sunt
2505 4154 2559 4206 lii
2588 4170 2778 4218 omnes,
2820 4171 2921 4208 non
2950 4167 3160 4225 accep'a
3189 4157 3524 4225 promissione
3551 4172 3571 4210 :

1967 4242 2057 4296 sed
2083 4247 2263 4312 procul
2303 4260 2412 4297 eain
2450 4244 2679 4298 viderunt
2717 4254 2763 4299 et
2789 4244 3079 4300 ulularunt
3108 4245 3127 4319 (
3158 4246 3315 4303 Hebr.
3342 4249 3432 4302 Η.
3458 4250 3570 4319 15).

1967 4332 2290 4399 Quomodo?
2329 4334 2508 4390 Oculis
2536 4335 2654 4391 lidei
2683 4336 2860 4391 futura
2886 4337 3158 4393 videbant.
3194 4338 3576 4410 Nullusigitnr

1970 4434 2116 4495 putet
2156 4426 2602 4495 pusillanimitatis
2631 4443 2751 4485 esse
2796 4430 2898 4487 hoc
2941 4429 3288 4498 mandatum,
3330 4430 3424 4486 sed
3457 4439 3511 4486 et
3538 4446 3570 4486 a

1969 4526 2231 4587 tempore,
2263 4528 2317 4573 et
2343 4534 2370 4571 a
2410 4520 2726 4587 prtevisione
2772 4520 2935 4575 futuri
2978 4520 3201 4587 reditus,
3233 4521 3382 4575 omni
3408 4523 3566 4591 culpa

1972 4620 2190 4664 excuset
2208 4611 2432 4676 justum.
2452 4612 2602 4665 Nunc
2623 4611 2767 4667 enim
2788 4613 3038 4681 quoniam
3056 4627 3119 4667 ea
3138 4628 3255 4683 qua:
3276 4612 3341 4667 ad
3359 4614 3575 4683 sapien-

1971 4703 2158 4757 tiorem
2189 4704 2349 4759 vitam
2377 4704 2640 4769 attinent,
2686 4714 2803 4773 post
2859 4705 3144 4761 adventum
3194 4704 3393 4777 Christi
3415 4714 3573 4762 aucta

1968 4806 2111 4862 sunt,
2128 4798 2317 4851 merito
2330 4800 2449 4867 quis
2468 4798 3003 4867 repreliendcriteunt
3018 4800 3102 4853 cui
3119 4798 3242 4853 talia
3255 4807 3382 4853 sunt
3402 4814 3572 4857 cum.

2043 4887 2163 4941 Non
2193 4898 2265 4942 est
2294 4890 2538 4944 miserum
2559 4906 2764 4961 peregre
2788 4890 2937 4945 mori.
2964 4919 3033 4933 -ο
3064 4888 3248 4960 Neque
3274 4900 3421 4958 putet
3449 4892 3573 4962 quis

1970 4978 2226 5035 miserum
2272 4994 2547 5034 cumesse
2589 4982 2678 5049 qui
2726 4982 2776 5033 in
2824 4981 3001 5035 alieno
3045 4980 3163 5034 solo
3191 4981 3351 5034 vitam
3397 4980 3567 5045 liniat.

1972 5083 2147 5136 neque
2194 5083 2314 5121 eum
2345 5070 2433 5138 qui
2482 5070 2533 5123 in
2578 5070 2868 5125 solitudine
2908 5087 2975 5125 ex
3026 5071 3125 5125 hac
3170 5071 3277 5124 vita
3318 5071 3567 5127 decedat.

1970 5157 2153 5228 Neque
2178 5160 2320 5213 enim
2354 5160 2442 5213 ille
2481 5160 2673 5229 dignus
2703 5171 2761 5215 ut
2792 5163 2955 5215 miSer
2982 5162 3190 5217 dicatur
3211 5202 3225 5227 ,
3272 5160 3365 5215 sed
3396 5162 3487 5231 qui
3515 5163 3569 5216 in

1975 5251 2207 5320 peccatis
2243 5260 2485 5305 mortuus
2512 5263 2626 5315 est,
2658 5253 2868 5307 etiamsi
2906 5268 3067 5318 super
3098 5252 3290 5306 lectum
3317 5295 3331 5317 ,
3361 5253 3571 5307 etiamsi

1973 5342 2329 5413 praesentibus
2371 5345 2559 5397 amicis
2602 5343 2850 5398 omnibus
2892 5352 3119 5398 mortem
3162 5344 3338 5398 obeat.
3391 5345 3459 5399 Et
3502 5360 3573 5399 ne

1974 5436 2103 5490 mihi
2154 5436 2338 5505 frigida
2389 5437 2476 5488 illa
2525 5436 2725 5499 verba,
2768 5437 3102 5506 ridiculaque
3146 5446 3199 5491 et
3247 5437 3570 5506 insipientia)

1974 5529 2126 5597 plena
2156 5529 2294 5581 dicat
2321 5528 2514 5596 aliquis
2544 5547 2554 5581 :
2586 5530 2677 5584 Ille
2706 5529 2823 5583 talis
2854 5544 2985 5584 cane
3014 5530 3165 5582 vilius
3196 5539 3275 5585 est
3302 5539 3563 5597 mortuus,

1975 5621 2119 5683 nullo
2150 5619 2487 5673 familiarium
2523 5630 2805 5687 przesente,
2832 5635 3004 5690 neque
3031 5621 3302 5689 sepultura
3329 5629 3383 5676 et
3411 5621 3569 5675 funus

1972 5713 2021 5767 ei
2052 5711 2389 5779 Contigerunt
2416 5726 2428 5775 ;
2462 5711 2554 5765 sed
2584 5711 2865 5766 collectltia
2908 5711 3045 5779 stipe
3082 5710 3224 5778 jusla
3254 5710 3390 5766 facta
3419 5720 3562 5765 sunt.

1976 5803 2092 5863 Non
2120 5788 2201 5863 esi
2229 5804 2350 5873 hec,
2380 5804 2451 5861 mi
2479 5803 2670 5876 homo,
2698 5818 2829 5861 cane
2862 5802 3267 5874 ignominiosius
3289 5807 3564 5856 mortuum
