4186 6324
624 372 729 428 567

621 504 765 543 esse.
813 489 947 555 Quid
992 489 1136 543 enim
1165 487 1250 542 ille
1281 488 1460 541 damni
1506 490 1715 544 sensit?
1765 490 1894 545 Illud
1941 505 2125 553 unum,
2169 490 2213 543 si

630 581 841 633 \it‘fuiis
886 579 1138 632 amictum
1187 595 1246 635 se
1297 589 1562 649 tegentem
1611 596 1718 635 non
1767 580 2030 636 habuerit.
2085 580 2216 635 Nam

621 672 761 740 quod
802 670 850 724 id
883 670 1012 724 nihil
1046 670 1206 726 laedat
1243 671 1446 740 justum
1478 673 1672 727 virtute
1700 672 1980 742 praeditum
2002 715 2016 739 ,
2046 673 2214 739 disce,

622 779 745 832 quia
783 763 1021 832 plerique
1043 763 1331 834 iustorum.
1375 765 1661 833 proiibctas
1693 766 1814 820 dico
1841 775 1894 820 et
1922 762 2213 835 apostolos,

622 855 708 906 ubi
742 854 828 908 siti
859 855 987 918 sint,
1021 856 1202 926 paucis
1231 857 1467 924 exceptis
1488 897 1504 920 ,
1533 858 1859 926 ignoramus.
1892 857 2100 911 Etenim
2126 857 2212 910 alii

620 946 838 1015 quidem
869 950 1044 1018 capite
1075 948 1322 1009 truncati.
1365 948 1458 1002 alii
1489 949 1706 1019 lapidati
1739 951 1930 1003 mortui
1969 959 2090 1002 sunt
2121 966 2132 1000 :
2165 959 2219 1002 et

623 1039 706 1091 alii
752 1039 1050 1093 innumeris
1084 1050 1134 1094 et
1173 1038 1335 1093 variis
1377 1041 1552 1109 poenis
1595 1040 1805 1108 δεῖρειῶ
1847 1048 2216 1106 CSposttertJtt

623 1139 840 1201 propter
868 1129 1113 1200 pietatem
1137 1172 1150 1193 ,
1195 1146 1384 1185 omnes
1415 1140 1630 1200 pr0pter
1657 1131 1928 1185 Christum
1956 1140 2217 1201 martyres

622 1219 746 1273 tacti
775 1229 939 1274 sunt:
970 1229 1023 1274 et
1061 1221 1235 1274 nullus
1266 1220 1333 1276 de
1360 1222 1465 1275 illis
1492 1222 1671 1275 dicere
1714 1221 1962 1286 audebit,
1993 1222 2217 1290 ignomi-

623 1311 828 1364 ninsmn
856 1327 975 1367 esse
1003 1329 1188 1366 eorum
1235 1321 1460 1366 mortem
1502 1331 1514 1366 :
1558 1312 1649 1366 sed
1683 1323 1936 1382 sequetur
1979 1314 2212 1368 divinant

621 1402 952 1472 Seripturani
973 1444 987 1467 ,
1023 1403 1286 1458 dicentem
1324 1419 1336 1455 :
1381 1402 1608 1456 Pretiosa
1634 1404 1684 1455 in
1712 1415 1980 1473 conspectu
2013 1403 2216 1456 Domini

621 1511 755 1548 mors
785 1505 1074 1548 sanctorum
1101 1497 1207 1564 ejus
1239 1494 1407 1565 (Psal.
1438 1495 1557 1549 115.
1593 1495 1698 1564 15).
1731 1495 1797 1548 Ει
1822 1497 1960 1549 sicut
1988 1506 2211 1549 mortem

621 1596 928 1639 sanctorum
959 1587 1243 1654 pretimaui
1276 1586 1502 1648 vocavit,
1528 1585 1649 1638 audi
1691 1585 1957 1653 quomodo
1991 1595 2043 1639 et
2071 1601 2214 1638 inor-

622 1687 730 1730 tcni
775 1686 1114 1744 peccatorum
1159 1678 1352 1730 malam
1393 1686 1567 1730 vocet.
1608 1674 1750 1729 ,ναῖε
1796 1677 1969 1742 enim,
2021 1677 2210 1746 inquit,

619 1777 935 1834 peccatorum
969 1767 1103 1820 mala
1134 1765 1305 1839 (Psal.
1334 1769 1419 1823 35.
1451 1767 1563 1836 2‘2).
1599 1769 1778 1836 Itaque
1807 1768 1967 1822 etiam
1995 1769 2038 1822 si
2065 1768 2211 1822 domi

615 1875 723 1911 sna:
769 1861 1096 1922 moriantur,
1136 1868 1190 1913 ct
1233 1875 1398 1915 uvore
1445 1869 1499 1914 et
1551 1860 1668 1914 ﬁliis
1721 1861 2111 1929 priesentibns,
2158 1871 2212 1916 et

620 1950 972 2004 tauiiliaribus
993 1992 1006 2014 ,
1036 1962 1089 2006 et
1129 1953 1269 2006 notis
1300 1953 1634 2007 adstantibus
1655 1995 1670 2019 ,
1703 1954 1894 2008 virtute
1921 1961 2097 2008 autem
2125 1969 2214 2009 ea-

620 2038 791 2108 re:int,
824 2045 962 2098 mala
992 2044 1182 2100 horum
1214 2063 1357 2102 mors
1383 2056 1484 2102 est.
1517 2047 1605 2101 Sic
1629 2047 1730 2101 etsi
1760 2049 1813 2101 iit
1840 2047 2014 2102 aliena
2046 2055 2207 2112 terra,

615 2139 713 2189 i-tsi
760 2153 921 2205 super
966 2138 1331 2205 pavimentum
1376 2139 1494 2208 quis
1536 2139 1721 2207 jacens
1766 2148 1866 2193 :et
1911 2138 2037 2208 quid
2067 2138 2209 2203 dico,

616 2227 715 2282 eui
744 2223 797 2280 in
825 2227 998 2282 aliena
1023 2229 1046 2281 ?
1075 2229 1288 2283 etiamsi
1323 2230 1376 2283 in
1408 2229 1646 2284 bitrones
1681 2230 1914 2294 incidat,
1943 2230 2152 2284 etiamsi
2180 2245 2210 2286 a

614 2319 796 2372 heaiis
820 2319 1131 2388 deviiretur,
1158 2323 1350 2376 virtute
1372 2330 1548 2375 autem
1579 2321 1834 2390 przeditus
1855 2321 1944 2383 sit,
1976 2322 2207 2390 pretiosa

617 2414 735 2480 ejus
780 2430 924 2468 mors
965 2417 1086 2469 erit.
1123 2416 1214 2470 Dic
1258 2416 1424 2480 enim,
1456 2416 1721 2481 obsecro,
1753 2414 2025 2469 Zacliar'ue
2069 2415 2210 2469 ﬁlius

618 2521 794 2558 nonne
818 2507 1112 2560 dccollatus
1129 2507 1247 2562 est?
1264 2505 1568 2576 Stephanus
1593 2516 1768 2561 autem
1789 2507 1991 2576 primus
2017 2516 2212 2577 marty-

613 2601 674 2649 ιιι
697 2610 891 2648 corona
914 2595 1221 2662 redimitus,
1245 2613 1422 2651 nonne
1447 2597 1709 2665 lapidatus
1727 2598 1889 2651 vitam
1919 2598 2052 2652 [iniit
2077 2599 2100 2651 ?

684 2685 882 2740 Paulus
920 2689 1084 2756 capite
1113 2705 1312 2750 cwsus;
1354 2686 1536 2742 Petrus
1565 2689 1761 2742 inverso
1793 2690 1956 2759 capite
2001 2691 2207 2759 crucifi~

611 2795 728 2832 aiis.
760 2808 828 2817 —
855 2779 1049 2833 Paulus
1089 2792 1267 2834 autem
1307 2790 1360 2833 ct
1402 2781 1591 2835 Petrus
1613 2821 1627 2845 ,
1671 2795 1847 2836 nonne
1877 2782 1964 2836 ille
1991 2783 2205 2850 quidem

609 2869 782 2935 capite
804 2879 1100 2936 truncatus,
1121 2870 1398 2924 hicautein
1422 2870 1581 2925 modo
1603 2871 1871 2925 coiitrario
1901 2885 2058 2942 quam
2089 2873 2208 2927 Do—

611 2961 784 3014 minus
804 2961 1118 3029 eruciﬁxus,
1141 2964 1210 3016 ita
1236 2963 1332 3018 hac
1353 2964 1458 3017 vita
1479 2965 1709 3019 excessit
1731 2963 1754 3017 ?
1774 2964 1962 3020 Nonne
1990 2977 2206 3035 pr0pter

612 3053 711 3105 hoc
743 3055 907 3123 magis
934 3055 984 3106 in
1011 3063 1121 3108 toto
1144 3055 1340 3109 mundo
1366 3056 1706 3111 celebrantur
1731 3067 1784 3111 et
1807 3058 2203 3127 prmdicantur?

679 3146 732 3200 2.
777 3147 903 3202 llarc
931 3158 1110 3203 autem
1138 3149 1315 3202 omnia
1343 3149 1639 3220 cogitantes
1666 3191 1680 3215 ,
1715 3166 1885 3220 neque
1912 3167 2003 3206 eos
2029 3153 2118 3221 qui
2152 3153 2203 3206 in

609 3242 779 3294 aliena
805 3248 944 3295 terra
973 3243 1296 3308 moriuntur,
1323 3242 1550 3296 miseros
1571 3241 1832 3308 dicamus,
1863 3260 2033 3312 neque
2059 3244 2202 3297 domi

606 3347 716 3384 sine
744 3332 1036 3387 morientes
1063 3333 1248 3386 beatos
1287 3333 1638 3402 prmdiccmus
1670 3352 1682 3388 :
1709 3334 1803 3388 sed
1834 3334 2023 3389 divina:
2051 3335 2200 3388 Scri-

612 3435 778 3493 pturae
806 3441 1067 3480 canonem
1095 3435 1401 3496 sequentes,
1435 3426 1612 3480 claros
1642 3427 1923 3481 virtutibus
1957 3427 2077 3483 hinc
2103 3428 2202 3480 mi-

607 3533 823 3588 grantes
853 3522 1038 3575 beatos
1062 3521 1303 3575 dii-anius
1324 3561 1337 3587 ,
1381 3529 1436 3575 et
1459 3537 1552 3576 eos
1575 3522 1665 3592 qui
1695 3522 1747 3575 in
1775 3521 2006 3592 peccatis
2032 3522 2198 3576 mori-

612 3625 771 3667 untur
811 3615 1037 3668 miseros
1077 3614 1449 3684 pricdicemus.
1493 3614 1640 3669 Sicut
1686 3615 1828 3669 enim
1868 3614 1958 3686 qui
2007 3616 2200 3669 virtute

607 3706 861 3772 praeditus
903 3713 985 3759 est
1030 3706 1081 3758 in
1134 3706 1411 3760 meliorem
1453 3704 1614 3758 vitam
1657 3705 1882 3768 transit,
1932 3706 2200 3775 accipiens

611 3795 844 3848 laborum
874 3811 1091 3849 suorum
1124 3797 1338 3862 przemia
1368 3814 1380 3848 :
1407 3798 1473 3850 ita
1498 3795 1656 3866 etqui
1686 3796 1770 3850 illa
1793 3806 1957 3858 caret,
1980 3798 2124 3850 initia
2147 3807 2200 3852 et

611 3885 868 3952 prun-inin
903 3887 1406 3955 suppliciorumjam
1429 3888 1642 3955 accipit,
1667 3896 1719 3940 ct
1739 3897 2006 3956 gestorum
2038 3888 2198 3941 ratio-

605 3993 696 4031 nes
720 3977 942 4030 reddere
967 3977 1636 4042 coactus,intolerabilibus
1654 3978 2002 4046 complicatur
2024 3979 2196 4032 malis.

687 4069 795 4119 Vita
813 4085 1034 4138 prwsens
1052 4069 1308 4136 pala'stra.
1337 4070 1602 4136 Quomodo
1622 4069 1645 4121 Ι
1653 4071 1787 4123 srael
1809 4070 2035 4123 adorarit
2051 4070 2201 4124 Iose-

599 4159 986 4224 plium.-—ltleo
1020 4176 1069 4226 οε
1090 4169 1228 4213 ortet
1255 4163 1370 4214 lucc
1411 4162 1701 4229 Cogitantes
1723 4162 1974 4215 virtutum
1999 4161 2197 4216 habere

604 4267 810 4310 curam,
827 4251 952 4303 etin
986 4251 1233 4319 pimseuti
1259 4252 1360 4303 vita
1377 4252 1528 4320 quasi
1554 4252 1603 4304 in
1625 4252 1867 4318 palzestra
1887 4262 2112 4316 certare,
2142 4267 2196 4308 ut

603 4359 723 4394 einn
740 4342 968 4395 solutum
986 4342 1136 4396 fuerit
1156 4342 1442 4407 theatrum,
1462 4343 1734 4411 splendida
1752 4344 1985 4399 redimiri
1999 4361 2195 4400 corona

601 4448 880 4503 queamus,
909 4449 975 4487 ne
999 4433 1190 4486 frustra
1212 4435 1527 4502 pmnitentes
1555 4433 1909 4488 inveniamur.
1935 4438 2196 4503 Quamdiu

601 4526 741 4578 enim
771 4527 928 4579 durat
948 4536 1239 4588 certamen,
1271 4525 1523 4594 possibile
1547 4536 1628 4579 est
1653 4569 1666 4591 ,
1696 4528 1738 4580 si
1765 4528 2111 4593 voluerimus,
2141 4539 2195 4582 et

603 4616 861 4669 «ιυμῐιιιςιιιι
878 4627 1148 4679 excutere,
1166 4618 1472 4670 ctvirtutem
1493 4633 1766 4680 exercere,
1788 4628 1843 4671 ut
1866 4620 2192 4687 propositam

603 4725 951 4778 assequamur
977 4724 1250 4763 coronam.
1276 4711 1557 4770 (lictorum,
1582 4711 1625 4762 si
1655 4710 1880 4774 videtur,
1908 4712 2192 4766 redeamus

602 4800 666 4852 ad
700 4801 962 4853 sermonis
987 4801 1201 4854 seriem.
1234 4800 1362 4853 Nam
1393 4811 1670 4869 pestqnam
1697 4803 1960 4855 commisit
1991 4804 2099 4857 lilio
2128 4804 2194 4858 de

605 4895 876 4961 sepultura
902 4936 914 4957 ,
946 4904 1000 4947 et
1037 4895 1167 4946 dixit
1193 4894 1388 4962 Ioseph
1425 4910 1438 4945 :
1471 4892 1577 4964 Ego
1608 4895 1791 4963 faciam
1815 4895 1966 4964 juxta
1994 4897 2194 4949 verbum

603 4999 781 5049 tuum,
810 4987 994 5050 addit,
1023 4986 1153 5040 Iura
1183 4988 1326 5040 mihi.
1374 4986 1438 5039 Et
1477 4988 1668 5057 juravit
1713 4989 1775 5041 ei.
1834 4986 1900 5039 Et
1943 4988 2190 5054 adoravit,

604 5083 812 5148 inquit,
847 5079 1007 5132 Israel
1035 5081 1101 5132 ad
1131 5081 1398 5150 fastigium
1445 5082 1597 5150 virga:
1623 5081 1780 5134 illius.
1813 5081 1943 5135 Vide
1985 5097 2190 5145 senem,

603 5175 930 5240 ili-crepitum
953 5216 964 5237 ,
1000 5173 1354 5242 patriarcliani
1388 5173 1696 5227 adoratione
1741 5176 1994 5229 honorem
2027 5176 2076 5229 in
2105 5175 2193 5230 I0-

605 5267 732 5331 st'plt
757 5265 1056 5337 declarare,
1089 5275 1141 5318 et
1181 5266 1352 5333 reipsa
1405 5266 1625 5332 implere
1667 5268 1883 5320 visionis
1921 5279 2188 5322 eventum.

605 5356 829 5420 Quando
859 5358 1000 5408 enim
1031 5358 1260 5409 narravit
1284 5356 1480 5424 Ioseph
1507 5357 1786 5417 visionem.
1815 5358 1973 5423 Dixit,
2001 5360 2188 5428 inquit,

608 5447 871 5515 Numquid
902 5466 990 5517 ego
1021 5460 1064 5500 et
1097 5459 1251 5501 mater
1271 5440 1366 5500 tua
1397 5449 1643 5501 veniemus
1665 5490 1678 5513 ,
1723 5457 1767 5502 et
1794 5449 2116 5503 adorabimus
2146 5461 2193 5504 te

605 5558 755 5606 super
786 5551 968 5592 terram
995 5542 1018 5591 ἔ)
1045 5540 1146 5594 Sed
1177 5540 1309 5594 forte
1335 5541 1529 5595 dixerit
1568 5540 1757 5610 aliquis
1787 5560 1800 5598 :
1830 5541 1894 5596 Et
1922 5543 2190 5611 quomodo

609 5636 876 5700 impletum
907 5644 986 5688 est
1026 5636 1291 5688 somnium
1333 5634 1384 5687 in
1422 5645 1611 5700 matre,
1657 5652 1774 5704 quae
1806 5636 1914 5704 jam
1939 5646 2063 5691 ante
2091 5636 2185 5690 dc-

608 5732 780 5778 tum-ta
818 5738 959 5790 erat,
989 5740 1037 5782 et
1080 5731 1240 5782 illium
1283 5746 1386 5782 non
1415 5729 1697 5782 adoravit?
1725 5730 2019 5798 Perpetuus
2047 5731 2186 5784 Scri-

606 5832 770 5892 ptum
802 5842 914 5876 inus
941 5833 1022 5878 est
1045 5868 1057 5892 ,
1091 5840 1117 5876 a
1158 5824 1322 5895 magis
1351 5823 1623 5896 principali
1669 5834 1830 5881 totum
1862 5825 2176 5892 signiﬁcare.

1364 373 1419 429 S.
1462 374 1740 431 IOANNIS
1765 374 2238 431 CIIRYSETOMI
2283 372 2600 428 ARtIlllEl’.
2642 374 3175 430 CONSTAN'I'INOI’.

3821 376 3943 430 563

2327 486 2588 550 Quoniam
2645 486 2819 555 igitur,
2864 485 3028 556 Caput
3057 487 3281 540 mulieris
3316 489 3389 539 t'ir
3412 506 3429 539 .'
3460 484 3622 539 Erunt
3649 487 3812 550 enim,
3845 489 3932 539 in-

2327 579 2458 649 quit,
2491 580 2593 632 duo
2621 581 2671 631 in
2699 595 2901 632 carnem
2930 596 3082 632 unam
3113 581 3188 648 (Ι.
3216 579 3335 634 Cor.
3367 581 3448 633 il.
3474 580 3541 643 ὃς
3571 578 3696 632 Gen.
3719 579 3772 633 2.
3795 579 3896 648 ‘35)

2325 683 2447 723 eum
2495 671 2737 724 adoravit
2779 681 2975 738 caput,
3018 669 3357 724 manifestum
3391 680 3472 726 est
3516 685 3711 739 corpus
3759 681 3937 724 totum

2327 771 2483 828 eaput
2513 772 2794 830 sequutum
2823 775 2963 816 esse.
2996 761 3052 816 Si
3078 763 3220 816 enim
3254 772 3407 832 pater
3439 763 3538 816 hoc
3580 761 3723 827 fecit,
3759 762 3940 815 multo

2333 853 2500 922 magis
2528 853 2612 906 illa
2635 893 2650 919 ,
2685 853 2785 906 nisi
2813 867 2878 907 ex
2908 853 3007 908 hac
3035 853 3140 906 vita
3173 863 3436 922 pratrepla
3469 851 3680 918 luisset,
3714 853 3817 907 hoc
3846 853 3938 907 fe-

2324 941 2509 996 cisset.
2561 942 2625 996 Et
2663 943 2927 1006 adoravit,
2977 943 3186 1013 inquit,
3218 944 3287 995 ad
3315 945 3578 1014 fastigium
3607 946 3762 1015 virga
3793 945 3932 1013 ejus.

2326 1031 2614 1100 Propterea
2642 1042 2694 1086 et
2725 1033 2922 1086 Paulus
2948 1034 3157 1088 dicebat
3190 1050 3203 1086 :
3236 1032 3366 1088 Fide
3385 1033 3545 1087 Iacob
3576 1036 3795 1088 moriens
3821 1036 3937 1088 sin-

2327 1123 2476 1190 gulos
2507 1124 2640 1191 filios
2667 1124 2860 1192 Ioseph
2891 1126 3176 1188 benedixit,
3207 1137 3257 1178 et
3297 1126 3526 1178 adoravit
3555 1126 3624 1178 ad
3664 1128 3935 1196 fastigium

2323 1214 2478 1282 virgce
2522 1215 2661 1267 illius
2701 1213 2901 1283 (Hebr.
2927 1217 3164 1284 H.2l).
3212 1217 3369 1270 Vides
3413 1232 3533 1271 cum
3566 1216 3701 1271 istud
3752 1217 3934 1285 ipsum

2325 1305 2429 1360 fide
2457 1314 2660 1359 motum
2691 1306 2904 1369 fecisse,
2936 1307 3348 1376 praevidentem,
3386 1308 3512 1377 regii
3539 1308 3751 1376 generis
3780 1308 3933 1361 futn-

2323 1413 2438 1452 rum
2468 1413 2587 1454 esse
2624 1415 2745 1453 eum
2789 1398 2877 1468 qui
2910 1415 2974 1454 ex
3009 1401 3215 1455 semine
3247 1400 3390 1453 illius
3423 1402 3724 1454 nasciturus
3767 1402 3934 1455 erat?

2328 1489 2509 1559 Itaque
2533 1506 2654 1544 cum
2685 1505 3033 1560 qua‘cumque
3060 1491 3275 1544 volebat
3301 1491 3410 1544 ﬁlio
3453 1491 3787 1558 imperasset,
3820 1507 3930 1543 non

2319 1582 2488 1635 multo
2521 1593 2636 1650 post
2677 1591 2731 1635 tit
2762 1582 2947 1636 didicit
2985 1581 3184 1651 Ioseph
3215 1592 3478 1651 aegrotare
3511 1589 3713 1649 patrem
3745 1594 3928 1642 suum,

2320 1682 2375 1727 et
2397 1672 2509 1742 jam
2549 1673 2600 1726 in
2631 1671 2838 1726 foribus
2875 1687 2995 1727 esse
3026 1683 3286 1737 mortem,
3315 1671 3436 1740 quia
3465 1670 3932 1738 apprOpinqnave-

2320 1771 2436 1817 rant
2467 1761 2583 1817 dies
2613 1762 2803 1817 mortis
2831 1762 2974 1816 illius
2993 1803 3009 1826 ,
3046 1761 3096 1816 1.
3123 1760 3357 1827 Acceptis
3400 1760 3598 1814 duobus
3642 1760 3766 1827 ﬁliis
3796 1760 3929 1823 suis,

2319 1853 2448 1907 venit
2481 1853 2547 1906 ad
2568 1851 2755 1907 Iacob.
2784 1853 2841 1906 Ξ.
2867 1853 3238 1906 Αηηιιιιιὶαιιυιι
3266 1861 3337 1906 est
3365 1861 3531 1904 autem
3553 1850 3647 1904 hoc
3663 1848 3854 1912 Iacob,
3878 1862 3932 1904 et

2318 1943 2672 1998 corroboratus
2703 1941 2874 1998 Israel
2905 1944 3033 1998 sedit
3061 1959 3214 2012 super
3243 1941 3428 1996 lectum
3458 1940 3606 2012 (Cap.
3632 1943 3703 1996 ιδ
3718 1944 3756 2011 ).
3795 1942 3932 1996 Vide

2319 2035 2592 2108 quomodo
2621 2051 2773 2093 amor
2801 2051 2926 2106 erga
2960 2034 3126 2089 ﬁlium
3170 2049 3356 2089 senem
3388 2033 3669 2098 ﬁrmabat,
3713 2042 3768 2087 et
3810 2037 3894 2086 ala

2319 2129 2485 2182 critas
2516 2127 2759 2183 vincebat
2789 2127 3177 2181 infirmitatem.
3215 2125 3406 2180 Audita
3435 2125 3577 2180 enim
3610 2125 3754 2179 illius
3783 2141 3928 2194 pra:-

2317 2220 2487 2273 sentia
2509 2259 2524 2284 ,
2557 2219 2750 2290 inquit,
2796 2218 2944 2274 Sedit
2972 2235 3125 2288 super
3155 2219 3358 2272 lectum.
3391 2216 3459 2271 Et
3489 2226 3545 2270 ut
3576 2217 3708 2271 vidit
3749 2218 3926 2280 illum,

2316 2317 2596 2382 paternam
2638 2309 2982 2366 dilectionem
3013 2309 3062 2365 ei
3091 2308 3316 2364 exhibet
3336 2349 3351 2373 ,
3393 2317 3449 2363 et
3476 2309 3597 2378 quia
3629 2309 3926 2362 moriturus

2315 2411 2467 2468 erat,
2516 2402 2890 2458 benedictione
2937 2417 3034 2457 sua
3080 2403 3257 2455 lirmat
3301 2400 3461 2465 ﬁlios,
3509 2399 3777 2454 maximas
3827 2400 3928 2454 has

2317 2491 2597 2547 facultates
2624 2495 2952 2566 relinquens,
2981 2500 3036 2549 et
3059 2491 3276 2547 divitias
3299 2507 3419 2562 qua:
3445 2491 3653 2546 absumi
3687 2506 3794 2546 non
3829 2507 3922 2560 po-

2318 2593 2513 2639 terant.
2547 2585 2616 2640 Et
2647 2584 2766 2640 vide
2796 2587 3067 2656 quomodo
3095 2585 3298 2655 incipit.
3332 2584 3570 2638 Primum
3608 2594 3792 2638 narrat
3825 2585 3922 2640 bc-

2316 2678 2676 2731 nevolentiam
2709 2693 2830 2748 qua:
2872 2677 2974 2732 sibi
3017 2693 3048 2732 a
3093 2678 3204 2732 Deo
3243 2691 3498 2732 concessa
3526 2685 3674 2740 erat,
3710 2685 3765 2731 et
3793 2687 3923 2733 tunc

2313 2765 2715 2822 benedictiones
2760 2767 2884 2823 ﬁliis
2927 2767 3196 2837 impertit,
3229 2775 3282 2822 et
3321 2766 3492 2821 dicit:
3521 2767 3573 2823 5.
3604 2764 3746 2819 Deus
3780 2783 3922 2821 meus

2312 2861 2551 2929 apparuit
2579 2855 2704 2914 mihi
2743 2861 2796 2914 in
2827 2859 3000 2926 Lusa,
3033 2861 3086 2914 in
3115 2870 3250 2913 terra
3275 2859 3520 2914 Chanaan
3547 2900 3560 2923 ,
3591 2869 3635 2915 et
3663 2859 3921 2913 benedixit

2310 2951 2455 3015 mihi,
2483 2962 2529 3006 et
2554 2953 2683 3006 dixit
2714 2953 2838 3008 mihi
2861 2969 2880 3007 :
2908 2955 2963 3007 4.
2994 2951 3104 3023 Ego
3134 2961 3180 3006 te
3210 2968 3430 3006 crescere
3460 2953 3648 3023 faciam
3670 2994 3684 3019 ,
3712 2962 3758 3006 et
3785 2956 3922 3006 mul-

2312 3044 2550 3114 tiplicabo
2581 3055 2628 3098 te
2647 3088 2664 3112 ,
2690 3056 2735 3100 et
2761 3045 2951 3114 faciam
2980 3056 3028 3099 te
3053 3045 3104 3098 in
3135 3045 3552 3115 congregationes
3577 3045 3837 3118 gentium,
3872 3057 3920 3098 et

2311 3134 2442 3188 dabo
2470 3135 2558 3189 tibi
2589 3146 2775 3189 terram
2803 3135 2933 3188 lianc
2953 3177 2968 3202 ,
2995 3144 3042 3190 et
3071 3135 3253 3190 semini
3279 3144 3364 3188 tuo
3397 3144 3510 3203 post
3536 3144 3603 3202 te,
3630 3135 3681 3188 in
3713 3151 3913 3206 posses-

2309 3225 2502 3281 sionem
2530 3237 2789 3280 a'ternam.
2822 3226 3074 3281 Promisit
3099 3225 3250 3290 mihi,
3283 3225 3474 3294 inquit,
3505 3225 3666 3288 Deus,
3695 3227 3920 3289 quando

2308 3317 2365 3372 in
2395 3317 2534 3374 Luza
2576 3334 2605 3375 a
2647 3335 2733 3372 me
2762 3319 2906 3373 visus
2933 3327 3016 3374 est
3040 3357 3053 3380 ,
3103 3326 3305 3372 tantum
3335 3332 3396 3372 se
3435 3318 3918 3389 multiplicaturnin

2307 3423 2492 3467 semen
2518 3427 2717 3477 meum,
2743 3421 2798 3465 ut
2819 3411 3260 3482 congregationes
3279 3413 3517 3480 gentium
3539 3427 3604 3466 ex
3625 3427 3692 3468 eo
3721 3412 3919 3466 (litura:

2306 3500 2436 3567 sint,
2465 3512 2518 3555 et
2559 3512 2754 3560 terram
2795 3502 2924 3556 mihi
2955 3510 3010 3556 et
3037 3502 3230 3557 semini
3257 3517 3377 3558 meo
3413 3517 3474 3557 se
3502 3502 3751 3556 daturum
3784 3520 3915 3572 pro-

2307 3592 2472 3648 misit.
2505 3593 2560 3647 5.
2589 3591 2747 3650 Nunc
2778 3594 2933 3664 igitur
2962 3592 3065 3646 duo
3089 3593 3167 3647 illi
3191 3593 3322 3662 filii,
3351 3594 3436 3660 qui
3459 3595 3570 3651 nati
3598 3603 3716 3648 sunt
3743 3595 3832 3647 tibi
3859 3600 3915 3648 in

2306 3681 2569 3757 zEgypm,
2595 3686 2693 3739 mei
2717 3695 2836 3738 sunt
2862 3703 2876 3740 :
2907 3683 3158 3756 Ephreim
3186 3695 3236 3739 et
3265 3683 3553 3751 Ilanasses,
3580 3688 3707 3741 sicut
3734 3687 3913 3743 Ilubcu

2305 3785 2354 3829 et
2381 3777 2628 3847 Symeon,
2659 3788 2806 3832 erunt
2831 3777 2946 3830 mei.
2977 3777 3107 3843 Hos,
3141 3777 3331 3849 inquit,
3361 3793 3495 3849 quos
3521 3777 3755 3834 habuisti
3784 3792 3916 3837 ante

2306 3869 2592 3927 adventum
2621 3887 2832 3937 meum,
2862 3887 2963 3941 ego
3006 3872 3059 3928 in
3090 3886 3334 3927 nieorum
3365 3870 3593 3926 ﬁliorum
3623 3888 3913 3929 numerum

2306 3961 2503 4031 adopto
2523 4003 2538 4027 ,
2565 3971 2621 4018 et
2643 3979 2825 4034 parem
2855 3965 2920 4018 iis
2944 3964 3036 4035 qui
3065 3979 3131 4019 ex
3162 3979 3250 4020 me
3276 3964 3386 4018 nati
3420 3975 3543 4018 sunt
3567 3980 3598 4018 a
3628 3981 3714 4020 me
3740 3967 3913 4022 bene-

2305 4051 2594 4109 dictionem
2620 4054 2904 4125 accipient.
2949 4058 3001 4111 6.
3036 4055 3390 4126 Quoscumque
3416 4065 3583 4111 autem
3613 4067 3786 4125 postea
3817 4074 3912 4128 ge-

2302 4147 2472 4199 nueris
2492 4186 2506 4210 ,
2534 4147 2571 4199 ii
2601 4147 2674 4200 tui
2699 4156 2885 4211 erunt;
2935 4147 2990 4202 in
3019 4148 3222 4203 nomine
3249 4151 3472 4218 fratrum
3511 4163 3720 4201 suorum
3761 4166 3907 4202 cocu-

2302 4235 2486 4290 buntur
2529 4238 2581 4290 in
2626 4238 2832 4290 illorum
2875 4238 3115 4293 sortibus.
3162 4240 3215 4292 Ἰ.
3260 4238 3408 4294 Scias
3447 4248 3652 4304 autem,
3693 4240 3833 4309 quod
3859 4252 3912 4295 et

2303 4339 2462 4381 mater
2498 4337 2588 4382 tua
2616 4329 2847 4394 Rachel,
2890 4333 3095 4399 quando
3141 4331 3669 4400 appropinquaveram
3695 4328 3911 4386 Bethle-

2303 4419 2450 4484 liem,
2493 4429 2692 4473 mortua
2722 4430 2828 4486 est,
2873 4430 2919 4475 et
2956 4421 3128 4491 defodi
3167 4438 3279 4474 eam
3327 4421 3380 4474 in
3425 4422 3505 4474 ria
3537 4419 3907 4492 Hippodromi.

2302 4513 2357 4566 8.
2391 4511 2455 4565 Et
2486 4514 2656 4568 videns
2683 4514 2808 4567 duos
2847 4515 2983 4581 ﬁlios
3017 4512 3251 4582 Ioseph,
3293 4514 3423 4566 dixit
3454 4529 3472 4567 :
3507 4511 3608 4578 Qui
3645 4525 3764 4567 sunt
3809 4516 3859 4567 ιιι
3883 4516 3910 4569 ?

2301 4603 2354 4658 9.
2383 4603 2408 4656 1
2417 4605 2481 4658 lle
2505 4616 2671 4660 autem
2698 4622 2715 4660 .'
2740 4605 2865 4660 Filii
2894 4606 3010 4672 mei,
3039 4622 3164 4676 quos
3185 4605 3322 4658 dedit
3350 4605 3474 4658 mihi
3496 4604 3652 4660 Deus.
3685 4603 3751 4657 Et
3774 4607 3908 4659 dixit

2299 4696 2462 4750 Iacob
2490 4714 2507 4750 :
2531 4698 2708 4753 Adduc
2745 4698 2870 4751 mihi
2895 4715 3014 4763 eos,
3045 4708 3100 4751 ut
3136 4698 3427 4751 benedicam
3456 4713 3559 4751 eos.
3595 4699 3679 4751 10.
3717 4698 3778 4749 Et
3812 4716 3907 4764 ap-

2303 4790 2644 4858 pr0pinquare
2670 4806 2752 4842 eos
2779 4791 2853 4844 illi
2877 4791 3014 4858 fecit.
3045 4789 3110 4845 Et
3136 4789 3392 4844 osculatus
3417 4799 3487 4841 est
3509 4805 3610 4851 eos,
3641 4799 3687 4840 et
3709 4791 3909 4858 ample-

2300 4893 2454 4936 xatus
2483 4893 2554 4934 est
2582 4898 2686 4935 eos.
2716 4882 2867 4945 Vide,
2897 4882 3144 4946 obsecro,
3173 4897 3356 4934 senem
3385 4881 3655 4948 quomodo
3687 4882 3908 4936 festinat

2302 4984 2357 5027 et
2388 4985 2537 5042 urget
2567 4983 2624 5026 ut
2665 4974 2946 5028 benedicat
2978 4974 3117 5028 ﬁlios
3147 4973 3370 5041 Ioseph.
3402 4973 3465 5026 Et
3490 4977 3912 5043 appropinquare

2299 5082 2383 5117 eos
2411 5067 2527 5134 fecit
2559 5065 2656 5127 illi,
2689 5065 2880 5133 inquit.
2908 5064 2975 5118 Et
2999 5067 3258 5118 osculatus
3283 5077 3354 5119 est
3381 5083 3484 5127 eos,
3509 5077 3553 5118 et
3581 5067 3907 5135 amplexatus

2299 5167 2370 5209 est
2396 5174 2500 5222 eos,
2534 5160 2618 5210 il.
2643 5167 2687 5211 et
2719 5159 2849 5210 dixit
2875 5159 2942 5209 ad
2966 5156 3162 5226 Ioseph
3188 5173 3206 5210 :
3233 5157 3362 5212 Ecce
3389 5161 3520 5226 facie
3545 5174 3634 5210 tua
3661 5175 3761 5211 non
3789 5177 3903 5214 sum

2301 5253 2561 5318 privatus,
2604 5261 2648 5303 et
2693 5267 2807 5304 ecce
2852 5252 3144 5303 monstravit
3185 5251 3308 5302 mihi
3349 5248 3490 5303 Dens
3528 5267 3693 5304 semen
3733 5262 3900 5305 tnuin.

2298 5343 2483 5413 Magna
2515 5343 2667 5408 milii,
2703 5342 2891 5411 inquit,
2921 5343 3170 5411 pratstitit
3203 5342 3294 5396 Dei
3332 5342 3642 5406 clementia,
3667 5353 3721 5395 et
3749 5343 3900 5412 plura

2297 5451 2455 5505 quam
2499 5436 2802 5506 exspectavi
2828 5452 2841 5500 ;
2889 5437 2997 5490 imo
3028 5447 3081 5488 et
3113 5451 3231 5504 qua!
3259 5451 3546 5504 numquam
3569 5437 3899 5504 exspectavi.

2297 5526 2412 5582 Non
2435 5529 2579 5582 enim
2607 5527 2780 5581 solutn
2807 5544 2910 5580 non
2939 5543 3054 5581 sum
3084 5527 3323 5596 privatus
3351 5528 3484 5580 faeie
3511 5536 3621 5592 tua,
3650 5528 3742 5581 sed
3772 5544 3904 5583 ecce

2297 5620 2454 5673 etiam
2485 5619 2588 5673 vidi
2619 5634 2712 5672 eos
2741 5621 2829 5688 qui
2860 5635 2921 5673 ex
2963 5629 3014 5673 te
3046 5620 3151 5672 nati
3192 5629 3337 5672 sunt.
3375 5619 3457 5670 l2.
3488 5615 3554 5670 Et
3604 5619 3778 5671 σάω-ιε
3813 5637 3903 5673 eos

2295 5711 2486 5780 Ioseph
2533 5729 2562 5763 a
2608 5712 2814 5780 genibus
2841 5753 2854 5775 ,
2901 5721 2947 5764 et
2976 5711 3312 5763 adorarerunt
3357 5727 3467 5762 cum
3496 5727 3649 5778 super
3695 5712 3900 5778 facient,

2297 5822 2446 5875 super
2477 5815 2679 5860 terrain.
2717 5806 2844 5861 Vide
2871 5805 3142 5877 quomodo
3172 5815 3224 5861 ct
3256 5821 3449 5876 pueros
3492 5805 3670 5861 statim
3700 5805 3765 5859 ab
3797 5803 3898 5859 iui-
