4186 6324
255 414 368 471 569

255 528 341 582 tio
368 524 606 580 debitum
631 520 749 576 seni
777 519 1033 574 honorem
1062 512 1287 569 reddere
1314 512 1515 566 docuit.
1550 510 1612 564 Et
1636 505 1861 576 .luscpb,

260 617 439 685 inqttit
461 654 479 681 ,
506 612 806 669 secundum
833 608 1143 678 dignitatem
1184 601 1619 676 primogenitum
1646 596 1870 653 adduxit

259 706 571 770 Manassen,
616 714 671 758 et
712 713 839 756 tunc
877 698 1150 768 Ephraim.

336 802 391 856 '5.
416 798 579 853 Iacob
606 796 765 849 oculis
792 796 969 847 mentis
995 791 1213 846 uidebat.
1230 817 1301 828 —
1322 787 1455 841 Vide
1488 786 1573 839 hic
1596 781 1869 855 quomodo

261 889 440 961 justus
463 887 708 956 corporis
752 884 938 939 oculos
980 897 1089 952 pra:
1128 888 1404 935 senectute
1446 893 1587 930 nunc
1626 875 1870 929 inﬁrmos

264 981 512 1044 haberet,
540 980 559 1047 (
576 978 654 1032 l0.
681 974 887 1029 συναυαιὶ
916 973 1050 1027 enim
1077 982 1218 1026 erant
1262 969 1396 1023 oculi
1433 969 1543 1037 ejus
1571 981 1679 1037 prat
1705 966 1868 1029 senio,

259 1082 311 1128 α
339 1088 440 1125 nou
468 1079 665 1140 poterat
692 1064 906 1138 sidere),
937 1064 1138 1118 valeret
1162 1070 1342 1116 autem
1369 1060 1540 1114 oculis
1570 1056 1788 1123 tuentis,
1817 1064 1872 1109 et

266 1161 379 1216 ﬁde
406 1159 725 1231 praevideret
764 1158 957 1212 futura.
995 1153 1186 1224 Neque
1219 1152 1362 1207 enim
1402 1150 1523 1204 tulit
1545 1147 1745 1218 Joseph
1775 1161 1870 1201 or-

266 1250 477 1315 dinent,
521 1249 614 1305 sed
655 1248 871 1304 mutatis
893 1245 1137 1300 manibus
1176 1242 1523 1303 benedicens,
1554 1240 1869 1315 dignitatem

259 1342 466 1413 juniori
509 1341 771 1405 contulit,
823 1336 1116 1409 prtel‘erens
1177 1334 1403 1388 blattassi
1452 1332 1710 1402 Epitraim
1757 1347 1771 1382 :
1815 1338 1873 1385 et

268 1432 407 1488 dixit
440 1448 455 1485 :
485 1433 579 1488 15.
606 1429 740 1484 Deus
763 1472 779 1497 ,
808 1429 889 1484 cui
930 1430 1051 1483 bene
1094 1429 1391 1498 placuerunt
1420 1434 1589 1494 patres
1623 1423 1738 1476 mei.
1772 1424 1870 1476 At-

270 1522 436 1577 tende
483 1521 796 1574 modestiam
842 1518 1039 1582 Jacob,
1081 1516 1204 1571 vide
1252 1519 1487 1571 animam
1537 1514 1867 1585 religiosam.

269 1611 387 1667 Non
410 1611 643 1667 audebat
668 1610 867 1674 dicere,
897 1610 1039 1664 Deus
1064 1610 1152 1663 cui
1178 1610 1314 1664 bene
1340 1609 1509 1677 placui
1542 1626 1559 1664 :
1584 1607 1679 1662 scd
1704 1606 1873 1678 quid?

269 1703 369 1761 Cui
393 1703 518 1757 bene
552 1702 850 1771 placuerunt
891 1712 1062 1771 patres
1095 1699 1213 1753 inci.
1250 1687 1439 1754 Vidisti
1478 1699 1711 1752 animam
1751 1713 1873 1767 gra-

268 1794 426 1849 tam?
460 1793 669 1848 tametsi
702 1790 857 1862 paulo
898 1800 1053 1846 antea
1098 1805 1323 1846 narrans
1356 1790 1569 1846 dicebat
1594 1810 1608 1847 :
1637 1788 1703 1844 In
1730 1790 1872 1844 Luca

266 1884 512 1954 apparuit
552 1883 697 1946 milii,
734 1890 780 1937 et
810 1882 1041 1953 promisit
1073 1880 1314 1935 daturum
1351 1897 1406 1937 se
1443 1882 1566 1935 nti/ti
1606 1892 1653 1936 et
1691 1880 1874 1934 semini

270 1990 384 2031 tuo
425 1992 622 2032 onmem
667 1985 886 2041 terram,
933 1983 982 2028 et
1020 1974 1075 2027 in
1114 1975 1526 2044 congregatione:
1555 1974 1778 2045 gentium
1820 1989 1873 2028 se

269 2068 535 2137 facturum
561 2080 727 2118 semen
752 2080 937 2118 meum.
982 2063 1050 2120 Et
1094 2074 1202 2119 tam
1240 2064 1513 2120 evidentia
1544 2065 1749 2120 habens
1788 2065 1872 2118 itt-

268 2154 410 2210 dieia
457 2154 653 2209 divina:
702 2169 826 2223 erga
882 2169 942 2209 se
986 2155 1413 2218 benevolentiae,
1458 2155 1634 2210 adhuc
1693 2166 1873 2211 tamen

271 2244 608 2301 humiliatatn
641 2245 824 2299 habuit
870 2255 1103 2300 mentem
1126 2286 1141 2310 ,
1171 2254 1225 2299 et
1261 2247 1434 2300 dicit:
1461 2246 1603 2302 Deus
1635 2249 1716 2301 cui
1751 2249 1877 2303 bene

273 2339 576 2410 placuerunt
614 2349 784 2409 patres
808 2340 905 2393 mei
933 2356 1103 2394 coram
1146 2340 1280 2408 ipso,
1322 2339 1580 2394 Abraham
1617 2349 1666 2394 et
1699 2338 1869 2394 Isaac.

275 2427 480 2483 Deinde
507 2428 700 2483 iterum
728 2445 741 2481 :
769 2428 873 2496 Qui
900 2431 1061 2500 pascit
1083 2447 1161 2483 nte
1185 2447 1217 2483 a
1237 2432 1500 2500 iuventute
1523 2447 1653 2485 mea.
1676 2432 1875 2501 Accipe

271 2527 324 2572 et
357 2533 421 2572 ex
460 2517 562 2571 hoc
596 2517 960 2588 gratissimum
982 2520 1098 2589 ejus
1119 2522 1380 2575 animum.
1424 2520 1539 2575 Non
1584 2520 1715 2576 dicit
1753 2536 1877 2591 pro-

272 2608 444 2676 priam
469 2608 743 2674 virtutem,
772 2609 867 2664 sed
889 2624 949 2664 ca
991 2626 1109 2679 qua:
1138 2610 1245 2664 sibi
1277 2626 1305 2663 a
1332 2610 1443 2665 Deo
1467 2610 1682 2665 luerunt
1714 2612 1873 2667 facta.

274 2698 376 2766 Qui
403 2700 570 2768 pascit
608 2716 688 2755 nte
724 2717 755 2753 α
789 2702 1055 2769 just-utute
1101 2717 1212 2757 meo
1256 2718 1414 2771 usque
1449 2704 1503 2755 in
1541 2703 1674 2756 diem
1718 2702 1873 2760 hanc.

272 2789 391 2859 Ipse
420 2790 587 2854 enim,
618 2790 808 2860 inquit,
837 2801 921 2846 est
947 2793 1038 2861 qui
1069 2791 1136 2846 sb
1165 2792 1322 2846 initio
1347 2808 1515 2862 usque
1541 2792 1607 2847 ad
1636 2808 1876 2863 przusens

272 2895 363 2935 res
393 2895 540 2935 meas
568 2880 931 2951 dispensavit,
963 2892 1018 2937 et
1048 2882 1355 2937 moderatus
1378 2891 1482 2939 est.
1530 2884 1608 2939 ita
1644 2892 1698 2938 et
1729 2883 1877 2952 prius

269 2968 485 3025 dicebat
526 2987 540 3025 :
579 2969 646 3025 In
676 2972 819 3043 virga
857 2974 992 3027 enim
1024 2989 1135 3027 mea
1175 2974 1273 3026 Itac
1313 2975 1520 3027 transiri
1544 2973 1827 3028 Jordanetn
1855 2990 1874 3027 :

269 3070 316 3115 et
343 3077 457 3115 ecce
480 3077 617 3115 nunc
643 3065 812 3132 factus
856 3079 969 3117 sunt
1011 3064 1065 3117 in
1104 3063 1206 3117 duo
1245 3073 1414 3118 castra
1441 3063 1594 3135 (Gen.
1627 3064 1722 3123 52.
1750 3064 1873 3135 10).

272 3153 338 3209 Et
382 3168 523 3208 nunc
566 3156 759 3209 iterum
804 3153 930 3210 aliis
952 3154 1131 3210 verbis
1160 3155 1284 3210 dicit
1320 3172 1335 3213 :
1375 3156 1478 3223 Qui
1520 3157 1683 3226 pascit
1724 3173 1804 3211 tne
1842 3172 1877 3210 α

264 3246 531 3317 inmittite
551 3262 661 3300 utea
687 3262 842 3317 usque
867 3246 919 3299 in
943 3246 1074 3300 diem
1101 3247 1255 3311 hunc,
1287 3247 1375 3302 16.
1397 3248 1612 3319 angelus
1637 3248 1724 3320 qui
1750 3248 1877 3303 libe-

268 3338 399 3390 rauit
435 3354 514 3389 nte
538 3338 602 3391 de
642 3336 874 3392 omnibus
916 3337 1085 3391 molis.
1129 3336 1308 3393 Grata:
1335 3339 1525 3393 animae
1557 3354 1621 3394 ac
1650 3341 1749 3411 piae
1774 3381 1789 3403 ,
1820 3350 1875 3396 ct

269 3428 408 3485 bene
446 3430 703 3484 memoris
730 3429 1107 3485 beneﬁciorum
1139 3429 1253 3495 Dei,
1284 3432 1469 3485 verba.
1521 3432 1650 3501 Ille,
1682 3433 1875 3503 inquit,

267 3520 352 3575 cui
396 3531 576 3590 patres
606 3524 710 3575 mei
742 3519 879 3576 bene
909 3521 1239 3590 placuerunt,
1286 3523 1375 3591 qui
1405 3538 1491 3576 me
1529 3538 1561 3577 ιι
1596 3523 1874 3595 iuventute

268 3627 389 3667 mea
419 3626 587 3682 usque
625 3614 679 3669 in
723 3623 1042 3684 pnesentem
1072 3613 1215 3668 diem
1260 3616 1504 3671 educavit
1527 3658 1547 3682 ,
1574 3618 1665 3687 qui
1694 3634 1781 3673 me
1803 3620 1877 3675 ab

270 3701 423 3757 iuitio
444 3701 511 3756 ab
535 3702 785 3757 omnibus
812 3703 965 3757 malis
998 3704 1256 3767 liberavit,
1288 3705 1378 3774 qui
1405 3715 1603 3759 tantam
1635 3723 1757 3777 erga
1786 3724 1873 3765 me

266 3792 559 3849 declaravit
599 3794 1013 3864 providentiam,
1063 3791 1175 3865 ipse
1201 3795 1473 3853 Bcnedicet
1510 3800 1603 3853 nos
1642 3817 1825 3870 pueros
1853 3818 1873 3857 :

268 3894 317 3939 et
353 3884 665 3937 t'ttrocabitur
695 3883 748 3938 in
776 3886 847 3939 eis
891 3903 1071 3941 nomen
1114 3904 1279 3941 nteant
1301 3929 1316 3953 ,
1357 3899 1405 3943 et
1442 3906 1625 3945 nomen
1670 3902 1872 3960 patrum

268 3992 521 4043 meorum,
560 3978 816 4031 Abraham
843 3989 887 4035 et
920 3978 1093 4045 Isaac,
1140 3989 1184 4035 et
1226 3983 1627 4050 multiplicemur
1652 3986 1703 4037 in
1735 3985 1871 4041 mul-

270 4069 534 4122 titudinem
565 4086 803 4142 magnam
831 4088 983 4142 super
1011 4083 1215 4127 terram.
1240 4074 1425 4129 Vidisti
1452 4076 1610 4130 simul
1638 4087 1689 4131 et
1719 4078 1875 4134 intel-

272 4156 582 4228 ligentiam,
628 4171 684 4216 ct
743 4164 1111 4218 modestiam?
1161 4165 1568 4237 Intelligendum
1617 4170 1867 4237 quidem,

269 4249 391 4316 quia
416 4248 540 4304 ﬁdei
562 4253 734 4306 oculis
754 4253 1053 4321 praevidens
1075 4255 1329 4323 Ephraitn
1354 4260 1585 4328 prattulit
1606 4259 1831 4315 Manassi
1854 4280 1869 4318 :

271 4342 591 4398 modestiam
606 4359 755 4408 vero,
769 4346 893 4415 quia
916 4360 1172 4416 nusquam
1189 4363 1299 4403 sua:
1314 4351 1524 4405 virtutis
1541 4354 1869 4409 mentionem

274 4434 431 4501 fecit;
462 4436 558 4492 sed
585 4452 653 4491 es
682 4436 908 4507 probata
939 4451 1147 4507 patrum
1176 4442 1303 4507 vita,
1337 4453 1392 4498 et
1416 4460 1484 4497 ex
1518 4446 1789 4500 beneﬁciis
1818 4448 1869 4501 in

270 4540 329 4581 se
357 4526 569 4581 collatis
600 4528 713 4595 ipse
760 4544 945 4599 preces
991 4530 1144 4598 ludit,
1191 4543 1244 4586 et
1275 4534 1701 4591 benedictionem
1748 4538 1871 4594 ﬁliis

270 4630 522 4687 precatus
547 4628 649 4674 est.
686 4619 883 4676 Verum
904 4622 1073 4677 Jacoh
1095 4624 1311 4694 quidem
1342 4627 1641 4695 prtevideus
1669 4628 1868 4697 futura,

271 4706 339 4763 ita
374 4708 481 4762 illis
510 4709 783 4766 benedixit
826 4729 839 4765 :
876 4713 962 4767 i7.
998 4713 1195 4784 Joseplt
1240 4732 1356 4771 vero
1399 4719 1573 4772 videns
1608 4721 1872 4790 juniorem

271 4802 543 4869 prclalunt
566 4804 772 4868 seniori,
805 4821 958 4876 grave
984 4815 1029 4861 et
1051 4807 1316 4879 indignant
1343 4827 1451 4864 esse
1479 4822 1685 4880 putans,
1715 4814 1871 4869 dicit:

273 4894 358 4949 18.
394 4893 492 4947 llic
514 4905 589 4950 est
627 4898 1034 4969 primogenitus;
1073 4917 1204 4970 pone
1239 4901 1499 4956 dexteram
1543 4915 1679 4957 tuam
1720 4923 1872 4975 super

268 4994 422 5053 caput
448 4986 576 5054 eius.
605 4988 693 5041 19.
720 4987 787 5042 Et
810 4990 1006 5056 noluit,
1032 4993 1125 5046 sed
1144 4993 1271 5047 dixit
1296 5010 1315 5046 :
1338 4994 1489 5057 Scio,
1514 4997 1591 5065 [ili
1609 5038 1623 5061 ,
1652 4998 1776 5053 scio.
1807 4998 1872 5052 Et

270 5076 351 5130 ltic
376 5077 472 5130 erit
496 5078 546 5130 itt
575 5080 818 5146 populum
836 5122 849 5147 ,
880 5093 926 5136 ct
952 5083 1034 5137 hic
1061 5087 1367 5141 exaltabitttr
1384 5106 1402 5153 ;
1444 5090 1534 5143 sed
1568 5094 1729 5159 frater
1763 5094 1872 5157 ejus

262 5168 443 5235 junior
466 5168 631 5237 major
650 5186 709 5224 eo
739 5172 851 5235 erit,
882 5184 928 5226 ct
950 5192 1118 5229 semen
1145 5179 1255 5247 ejus
1285 5190 1377 5232 ertt
1409 5180 1461 5233 in
1489 5181 1870 5237 multitudinem

267 5260 514 5327 gentium.
557 5259 636 5314 Ne
668 5271 820 5331 putes
851 5280 970 5330 nte,
1005 5267 1209 5335 inquit,
1248 5284 1375 5323 casu
1416 5287 1480 5325 ac
1519 5273 1737 5328 fortuito
1770 5276 1874 5335 hoc

270 5348 482 5413 fecisse,
515 5350 597 5405 vel
626 5367 719 5421 per
749 5353 1123 5423 ignorantiam.
1156 5358 1281 5414 Seio
1302 5361 1467 5426 enim,
1492 5374 1546 5418 et
1574 5366 1872 5434 praevidens

266 5441 444 5497 futura
468 5486 483 5507 ,
514 5444 584 5498 ita
616 5446 665 5501 ei
695 5447 1123 5506 benedictionem
1156 5452 1298 5507 dedi.
1343 5454 1471 5510 Nam
1516 5457 1640 5514 licet
1681 5470 1873 5518 natura

268 5538 555 5607 primatum
588 5540 779 5595 habeat
812 5541 1081 5599 Manasses
1104 5586 1117 5609 ,
1148 5545 1241 5599 sed
1272 5546 1480 5603 Iuvenis
1508 5552 1595 5605 ille
1624 5555 1789 5623 major
1815 5574 1873 5609 eo

266 5630 384 5693 crit,
412 5640 458 5681 et
482 5646 652 5684 semen
675 5632 785 5701 ejus
812 5634 867 5686 itt
888 5635 1264 5690 multitudinem
1286 5642 1529 5708 gentium.
1557 5642 1668 5697 lloc
1694 5654 1871 5702 autem

268 5731 435 5775 totum
470 5720 666 5777 factum
698 5736 800 5792 est,
832 5728 955 5797 quia
988 5729 1110 5784 hinc
1141 5746 1363 5801 regnum
1392 5732 1869 5797 demonstrabatur

266 5816 620 5872 exoriturutu.
671 5818 958 5892 Propterea
1012 5824 1308 5896 pmdicens
1360 5824 1573 5896 futura,
1622 5832 1700 5889 sic
1744 5848 1868 5891 cum

1298 397 1364 454 IN
1405 396 1557 452 CAP.
1592 393 1801 451 XLV!“
1865 389 2113 447 GENBS.
2159 385 2387 444 IIOMIL.
2430 384 2616 442 LXVI.

3484 375 3592 434 ω

1977 500 2266 558 benedicit.
2296 500 2389 556 20.
2418 499 2485 555 Et
2508 496 2768 554 benedixit
2788 512 2892 561 eos,
2922 494 3094 548 dicens
3117 510 3136 547 ,ο
3163 489 3230 545 In
3255 490 3395 545 vobis
3428 492 3581 545 bane-

1975 590 2145 648 dicent
2166 590 2355 657 Israel,
2399 592 2623 645 dicentes
2649 604 2671 644 :
2697 586 2877 643 Faciat
2902 596 2949 640 te
2992 584 3129 639 Deus
3171 584 3301 637 sicut
3338 581 3590 652 Eplmtitn

1972 694 2023 739 et
2064 682 2325 738 ﬂuitasse.
2367 680 2438 737 Et
2480 681 2649 753 posuit
2696 678 2949 750 Epltraim
2988 686 3108 731 ante
3151 673 3448 730 Manassen.
3489 673 3598 740 ita,

1980 774 2173 844 inquit,
2205 775 2367 829 ambo
2394 782 2556 828 erunt
2580 771 2842 843 gloriosi,
2874 779 2930 824 ut
2956 782 3147 822 omnes
3179 767 3233 821 in
3261 765 3463 837 optatis
3490 763 3591 820 ba-

1976 868 2135 922 beaut
2166 866 2234 922 ad
2259 867 2503 921 eamdem
2532 881 2654 920 cum
2697 864 2805 918 illis
2830 864 3056 934 gloriam
3089 859 3373 934 pervenire
3402 876 3415 912 :
3447 868 3592 911 atta-

1976 973 2101 1014 men
2147 957 2299 1030 prior
2343 958 2447 1013 erit
2492 956 2749 1028 Ephraitn
2795 956 3067 1008 liturasse.
3113 951 3275 1005 Vides
3319 947 3594 1020 quomodo

1976 1049 2147 1119 gratia
2194 1048 2290 1103 Dei
2341 1046 2789 1117 praemonstrabat
2818 1045 2867 1101 ei
2920 1044 3132 1107 futura,
3179 1056 3243 1096 ac
3274 1039 3595 1113 protrhctioo

1977 1138 2193 1193 amatus
2214 1137 2406 1207 spiritu
2438 1137 2561 1191 ﬁliis
2590 1134 2793 1207 loscph
2824 1131 3181 1198 bencdiucsit,
3214 1140 3269 1186 et
3297 1130 3441 1201 quod
3470 1136 3590 1185 tan-

1979 1230 2047 1285 tis
2073 1230 2405 1299 temporibus
2423 1229 2629 1295 aberat,
2662 1238 2932 1298 tamqnam
2958 1240 3197 1296 praesens
3222 1233 3281 1280 et
3301 1236 3426 1278 ante
3456 1238 3593 1279 ocu-

1980 1320 2059 1376 los
2082 1320 2243 1374 situm
2270 1319 2462 1375 viderit
2483 1320 2506 1371 ’1
2530 1319 2640 1374 lloc
2660 1319 2803 1374 enim
2822 1316 2982 1373 modo
3005 1332 3065 1371 sc
3096 1316 3263 1373 habet.
3285 1314 3589 1386 pmpltctiu.

2058 1408 2208 1465 Oculi
2230 1410 2352 1481 ﬁdei
2377 1410 2775 1481 perspicaciores
2797 1408 3072 1479 corporeis.
3098 1407 3316 1461 Moralis
3336 1407 3591 1478 epilogus.

1977 1531 2051 1543 --
2073 1502 2205 1557 Nam
2237 1503 2375 1558 sicut
2412 1502 2555 1557 oculi
2597 1502 2909 1573 corporales
2939 1499 3070 1555 nihil
3100 1498 3329 1570 amplius
3360 1508 3587 1568 praetcr-

1979 1608 2138 1663 quatn
2167 1593 2395 1649 visibilia
2432 1602 2679 1664 spectare
2708 1600 2952 1662 possunt,
2982 1592 3050 1645 ita
3082 1600 3137 1646 et
3162 1589 3451 1645 oculiﬁdei
3482 1604 3590 1644 non

1979 1702 2099 1756 qua:
2124 1686 2372 1742 videntur
2388 1694 2658 1758 spectant,
2678 1685 2773 1741 sed
2803 1685 2888 1742 illa
2908 1684 3109 1745 vident,
3135 1698 3255 1753 qua:
3279 1682 3448 1736 multo
3474 1691 3593 1751 past

1980 1775 2155 1831 futura
2182 1785 2329 1832 sunt.
2365 1778 2428 1831 Et
2461 1776 2563 1831 hoc
2588 1774 2924 1832 manifestius
2952 1776 3137 1831 scietis
3162 1790 3226 1829 ex
3260 1773 3600 1829 benedictio-

1981 1870 2161 1934 nibus,
2184 1884 2317 1939 quas
2339 1870 2450 1923 suis
2477 1868 2598 1925 ﬁliis
2619 1869 2731 1925 dat.
2760 1867 3028 1924 Caeterum
3054 1884 3121 1922 ne
3142 1868 3362 1936 longum
3388 1881 3597 1921 sermo.

1981 1976 2105 2016 nem
2136 1960 2394 2017 faciamus
2416 2002 2436 2028 ,
2462 1961 2740 2031 multoque
2765 1974 2863 2014 vos
2886 1974 3178 2016 oneremus
3210 1959 3432 2024 labore,
3464 1972 3595 2013 con-

1982 2057 2116 2109 tenti
2155 2054 2354 2121 dietis,
2388 2055 2441 2108 iu
2484 2062 2800 2123 sequentem
2846 2067 3153 2108 sermonem
3196 2051 3597 2106 reservabinuts

1983 2147 2214 2201 ﬁliorum
2246 2146 2365 2213 ejus
2395 2146 2846 2200 benedictionem.
2900 2144 3047 2202 Illud.
3070 2154 3247 2198 tamen
3274 2143 3606 2199 olsceravh

1982 2239 2082 2295 rim
2111 2248 2342 2294 vestram
2371 2239 2682 2305 caritatem,
2711 2247 2768 2291 ut
2794 2235 3075 2293 imitemini
3103 2236 3308 2306 justum
3339 2237 3510 2299 hunc,
3540 2244 3597 2290 et

1983 2332 2118 2387 tales
2143 2330 2473 2387 hereditates
2502 2329 2623 2383 ﬁliis
2646 2327 2840 2383 vestris
2860 2327 3181 2398 relinquatis
3202 2367 3219 2391 ,
3248 2342 3367 2396 qua:
3393 2341 3422 2381 a
3452 2326 3602 2379 nullo

1981 2437 2236 2493 umquam
2258 2421 2514 2477 damnum
2532 2421 2780 2489 accipere
2796 2420 3025 2490 possint.
3052 2419 3257 2473 Divitis:
3276 2418 3418 2476 enim
3442 2427 3589 2487 sure

1981 2514 2144 2569 etiam
2170 2512 2557 2584 accipientibus
2581 2511 2874 2580 perniciem
2900 2519 3250 2581 pepererunt,
3274 2522 3321 2565 et
3350 2509 3570 2565 insidias

1981 2612 2038 2658 et
2067 2602 2233 2658 multa
2266 2603 2501 2673 pericula
2537 2618 2551 2655 :
2584 2600 2668 2657 hic
2700 2610 2880 2658 autem
2902 2600 3036 2655 nihil
3073 2600 3178 2656 tale
3200 2599 3459 2670 suspicari
3498 2615 3602 2669 pn-

1982 2696 2113 2751 teris
2152 2711 2427 2766 umquam.
2480 2693 2792 2751 Thessalus
2828 2694 2975 2749 enim
3015 2702 3140 2762 est,
3176 2694 3265 2764 qui
3306 2710 3595 2764 mnuqnat.

1981 2790 2275 2856 exhauriri,
2305 2804 2599 2860 numquam
2628 2796 2805 2859 potest
2833 2789 3114 2847 consumi:
3149 2788 3467 2855 thesaurus,
3500 2789 3592 2859 qui

1981 2898 2088 2939 non
2118 2867 2396 2938 hominum
2418 2882 2581 2950 dolis,
2610 2897 2712 2938 nec
2735 2882 3007 2939 latronum
3033 2879 3263 2948 insidiis,
3289 2896 3395 2935 non
3426 2880 3600 2935 lamu-

1982 2974 2162 3027 lorum
2191 2974 2415 3040 malitia,
2442 2989 2547 3029 non
2577 2973 2683 3030 alio
2710 2972 2961 3044 quopiam
2990 2971 3237 3027 imminui
3268 2981 3475 3042 potest.
3501 2974 3597 3028 sed

1982 3076 2243 3137 perpetuo
2276 3075 2457 3121 manet
2491 3084 2505 3119 :
2534 3065 2829 3135 spiritualis
2868 3066 3013 3120 enim
3047 3073 3129 3119 est
3155 3106 3170 3127 ,
3203 3064 3453 3120 humanis
3490 3080 3601 3122 non

1979 3156 2179 3211 cedens
2218 3155 2428 3211 insidiis
2452 3196 2469 3220 ,
2501 3155 2598 3211 sed
2640 3171 2766 3210 cum
2796 3154 2861 3208 iis
2886 3152 2980 3223 qui
3018 3153 3173 3207 illum
3198 3154 3473 3223 accipiunt
3494 3195 3510 3219 ,
3543 3165 3598 3211 et

1980 3245 2145 3300 sobrii
2174 3259 2297 3301 esse
2337 3245 2522 3300 volunt
2565 3258 2629 3300 ac
2669 3243 3002 3315 prudentes,
3046 3240 3101 3297 in
3152 3240 3383 3297 futuram
3430 3244 3601 3301 vitam

1980 3336 2251 3406 migrabit,
2284 3346 2338 3392 ct
2362 3338 2441 3393 eis
2469 3346 2669 3393 teterna
2700 3335 3025 3407 praeparabit
3046 3336 3419 3394 tabernacula.

2051 3429 2107 3484 4.
2145 3427 2224 3484 Ne
2262 3430 2423 3499 igitur
2461 3442 2680 3499 operam
2723 3436 2966 3483 nostram
3004 3431 3056 3483 in
3096 3427 3431 3498 colligendas
3462 3443 3598 3500 opes

1978 3521 2309 3577 collocemus
2332 3563 2349 3588 ,
2380 3535 2517 3591 quas
2559 3520 2929 3592 relinquamus
2966 3519 3124 3584 ﬁliis;
3174 3520 3267 3575 sed
3305 3518 3603 3576 doeoauuts

1979 3629 2075 3670 eos
2104 3615 2377 3680 virtutem,
2402 3622 2458 3667 et
2485 3602 2912 3668 benedictionem
2944 3612 3038 3671 Dei
3072 3614 3179 3668 illis
3206 3627 3589 3683 appreeemur.

1981 3703 2098 3760 Istae
2135 3706 2280 3759 enim
2307 3746 2322 3767 ,
2363 3705 2481 3759 istae
2527 3706 2776 3760 maxima:
2802 3715 2927 3759 sunt
2958 3704 3239 3760 facultates
3268 3722 3282 3759 :
3317 3705 3439 3758 istzc
3464 3712 3596 3761 sunt

1978 3798 2280 3854 ineffabiles
2304 3796 2504 3852 divitia:
2524 3838 2540 3863 ,
2568 3813 2689 3867 qua:
2711 3812 2825 3851 .non
2852 3796 3232 3863 absumuntur,
3260 3813 3382 3869 qua:
3413 3801 3595 3867 quotl-

1978 3889 2067 3944 die
2109 3888 2464 3944 substantiam
2508 3899 2747 3943 uosmm
2787 3898 3009 3958 augent.
3056 3888 3198 3944 Nihil
3225 3889 3371 3944 enim
3413 3888 3601 3945 virtuti

1980 3996 2075 4051 par
2096 4020 2113 4045 ,
2152 3980 2283 4035 nihil
2312 3981 2509 4036 virtute
2550 3978 2817 4050 potentius
2850 3995 2867 4035 :
2895 3980 3105 4036 etiamsi
3134 3980 3263 4036 mihi
3293 3980 3443 4037 dicas
3468 3995 3597 4037 cum

1978 4074 2066 4144 qui
2094 4089 2317 4143 regnum
2343 4073 2524 4138 habet,
2547 4089 2611 4129 ae
2635 4073 2877 4129 diadema
2904 4074 3058 4145 gerit,
3086 4075 3185 4129 nisi
3214 4073 3351 4130 hanc
3374 4074 3596 4140 habeat,

1978 4166 2169 4236 quovis
2201 4166 2551 4235 panniculoso
2582 4180 2817 4236 paupere
2844 4167 3094 4222 miserior
3122 4167 3244 4222 erit.
3280 4166 3418 4234 Quid
3446 4166 3597 4223 enim

1979 4257 2054 4311 illi
2085 4256 2341 4327 prodesse
2382 4257 2578 4325 poterit
2613 4244 2859 4313 diadema
2890 4268 2982 4311 aut
3009 4273 3264 4327 purpura,
3297 4259 3385 4329 qui
3414 4257 3597 4314 virtu-

1979 4359 2089 4405 tem
2130 4364 2225 4403 sua
2257 4348 2456 4403 desidia
2491 4349 3016 4420 perditi-Numquid
3047 4351 3306 4405 Dominus
3332 4360 3591 4406 externa-

1979 4459 2096 4497 rum
2129 4443 2445 4512 dignitatum
2474 4444 2787 4497 variecttetu
2820 4443 3069 4512 spectat?
3094 4444 3351 4513 numquid
3397 4458 3595 4512 perso-

1979 4552 2167 4591 narum
2196 4536 2362 4607 gloria
2397 4538 2779 4605 permovetur?
2811 4536 2984 4592 Unum
3016 4546 3101 4593 est
3132 4537 3239 4591 illic
3267 4537 3409 4607 quod
3441 4554 3594 4608 qum...

1979 4629 2114 4683 ritur
2137 4671 2150 4693 ,
2184 4640 2242 4684 ut
2289 4645 2383 4699 per
2413 4630 2780 4699 operationem
2814 4630 3071 4683 virtutum
3103 4638 3318 4698 apertas
3350 4630 3603 4686 invenire

1980 4722 2249 4791 possimus
2291 4721 2486 4792 ianuas
2532 4722 2736 4778 ﬁducia:
2788 4724 2841 4777 in
2896 4724 3065 4777 Deum
3102 4741 3265 4783 :naut
3315 4726 3403 4794 qni
3458 4725 3599 4781 nihil

1982 4816 2189 4870 ﬁducia:
2220 4816 2343 4870 hinc
2363 4817 2553 4883 defert,
2584 4817 2725 4873 inter
2752 4817 3137 4887 ignominiosos
3162 4829 3214 4873 et
3241 4819 3597 4888 desperantes

1979 4909 2154 4963 locum
2184 4909 2420 4963 habebit.

2058 5002 2296 5055 Pecunia:
2342 5003 2514 5057 virtuti
2542 5002 2764 5057 obstant.
2806 5032 2878 5042 ——
2907 5002 3018 5056 Hoc
3046 5003 3205 5072 igitur
3236 5018 3427 5057 nautes
3458 5019 3589 5058 cnu-

1984 5094 2278 5149 sidcremus
2302 5134 2317 5155 ,
2356 5103 2410 5148 et
2440 5104 2655 5148 nostros
2702 5094 2838 5148 ﬁlios
2880 5094 3169 5147 doceamus
3198 5137 3212 5156 ,
3247 5104 3302 5147 ut
3335 5096 3594 5153 vit-lutea:

1979 5187 2141 5241 rebus
2158 5188 2407 5241 omnibus
2420 5187 2726 5257 praeferant.
2748 5188 3007 5257 nihilique
3024 5187 3211 5241 faciant
3237 5190 3590 5257 pecuniarum

1980 5279 2384 5333 abundantiam.
2419 5279 2545 5334 [huc
2576 5281 2752 5342 cuitu,
2787 5279 2899 5335 lure
2941 5292 3023 5335 est
3065 5298 3182 5350 qna:
3230 5283 3411 5335 virtuti
3453 5300 3599 5352 δτι-ιτα

1983 5372 2271 5439 plurimum
2319 5373 2495 5426 obstat
2527 5391 2540 5427 :
2569 5374 3002 5442 quandoqnitL-tn
3054 5376 3303 5429 nesciunt
3354 5378 3598 5446 pecuniis

1984 5463 2057 5527 uti
2099 5465 2327 5531 juvenes
2375 5475 2433 5518 ut
2477 5474 2712 5535 oportet.
2748 5466 2815 5522 Et
2858 5466 2999 5522 sicut
3037 5469 3184 5537 parvi
3230 5471 3379 5537 pueri
3409 5486 3601 5541 sa-pe,

1981 5558 2196 5629 quando
2218 5560 2463 5613 cultellos
2485 5571 2535 5614 et
2557 5561 2763 5631 gbtdios
2786 5564 3069 5631 arripiunt,
3094 5578 3161 5616 eo
3183 5564 3323 5632 quod
3351 5568 3597 5622 nesciunt

1982 5651 2118 5706 bene
2150 5650 2254 5705 illis
2282 5652 2376 5715 uti,
2412 5653 2803 5719 periclitantur,
2838 5655 2981 5709 unde
3012 5666 3213 5711 matres
3238 5674 3343 5710 non
3374 5661 3595 5727 permit-

1982 5754 2102 5801 tunt
2134 5746 2236 5800 illis
2267 5761 2361 5801 eos
2400 5747 2617 5815 impune
2647 5750 2911 5819 attingere
2942 5769 2956 5802 :
2988 5752 3053 5803 ita
3085 5751 3328 5819 profecto
3360 5763 3413 5807 et
3442 5756 3599 5823 juve-

1983 5852 2100 5905 nes,
2132 5836 2223 5909 qui
2279 5839 2625 5910 pecuniarum
2669 5840 3049 5897 abundantiam
3089 5844 3427 5914 susceperint
3472 5861 3601 5903 euut
