4186 6324
237 396 344 455 i175

232 529 595 593 migraturus,
614 519 740 574 volo
760 515 1059 587 unicuique
1074 520 1316 570 vestrum
1343 510 1501 583 quasi
1522 509 1577 564 in
1598 505 1762 562 titulo
1778 511 1833 560 et

232 614 488 671 columna
499 625 640 667 :rrea
654 608 975 665 memoriam
988 605 1316 675 insculpere.
1332 600 1630 658 Considera
1647 604 1829 651 autem

227 705 467 777 justum.
489 701 770 775 quomodo
793 700 1145 771 congregatis
1167 696 1383 759 liberis,
1404 691 1669 747 natalium
1711 703 1832 743 scr-

232 804 360 851 vato
382 794 604 855 ordine.
628 792 931 861 unicuique
950 796 1345 861 congruentem
1380 786 1471 841 det
1489 785 1571 839 vel
1593 781 1827 837 maledi-

232 888 475 943 ctionem
489 884 572 939 vel
600 880 1037 937 benedictionem
1060 888 1147 935 :et
1169 879 1223 933 in
1244 878 1348 933 hoc
1372 884 1689 931 monstrans
1717 884 1830 927 suae

232 976 459 1032 virtutis
480 970 1118 1041 eminentiam,incipiat
1145 984 1174 1023 a
1208 969 1406 1039 primo.
1436 967 1489 1021 5.
1516 963 1714 1023 Ruben.
1745 963 1800 1015 in

230 1070 370 1142 quit,
389 1066 797 1138 primogenitus.
827 1063 1088 1135 fortitudo
1113 1058 1650 1129 ntea.etprincipium
1686 1057 1831 1125 ﬁlio-

231 1176 351 1215 rum
381 1154 844 1214 incantandqu
879 1154 1262 1223 adferendum,
1288 1151 1457 1206 durus
1487 1159 1537 1205 et
1556 1152 1825 1218 pervicax.

232 1250 371 1307 Vide
387 1259 602 1323 quanta
632 1249 905 1321 sapientia
923 1248 1083 1318 justi.
1114 1246 1317 1301 Volens
1343 1244 1488 1301 enim
1515 1241 1831 1297 accusatio-

231 1357 356 1399 nem
384 1342 563 1413 magis
596 1340 824 1403 intendi,
848 1340 1001 1410 prius
1022 1340 1158 1394 dixit
1181 1337 1465 1409 privilegia
1492 1336 1543 1391 ei
1569 1350 1599 1390 a
1633 1341 1829 1389 natura

230 1449 528 1501 concessa,
558 1443 611 1488 et
644 1432 969 1504 d-gnitatem
1002 1445 1170 1502 quam
1197 1429 1440 1492 tenebat,
1475 1443 1603 1484 eum
1633 1440 1831 1497 nempe

230 1524 570 1596 principium
591 1524 909 1586 liliorum,et
929 1523 1600 1594 primogenitumhonore
1615 1525 1827 1574 clarum

229 1631 389 1672 esse:
421 1625 477 1670 et
501 1626 689 1687 postea
714 1625 938 1686 peccata
968 1615 1115 1671 illius
1137 1614 1296 1686 quasi
1320 1615 1537 1668 interea
1570 1610 1826 1666 columna

226 1704 534 1760 inscribit:
568 1714 887 1760 monstrans
919 1704 1054 1759 nihil
1086 1703 1376 1774 profutura
1406 1702 1565 1757 nobis
1601 1714 1725 1757 esse
1758 1714 1825 1753 ca

231 1810 358 1866 qua
387 1810 418 1850 a
455 1804 651 1849 natura
676 1796 888 1858 insunt,
920 1794 1027 1849 nisi
1063 1803 1118 1848 et
1149 1792 1454 1847 voluntatis
1486 1791 1628 1846 bona
1660 1802 1828 1860 opera

233 1894 545 1957 sequantur
579 1905 592 1940 :
618 1886 735 1940 haec
759 1885 1057 1941 enimsunt
1080 1899 1204 1955 qua:
1221 1891 1275 1938 et
1300 1883 1517 1937 laudem
1543 1881 1746 1935 habent
1775 1887 1830 1932 et

231 1978 599 2051 vituperium.
640 1977 843 2040 Durus,
880 1976 1082 2046 inquit,
1136 1975 1206 2029 ad
1240 1973 1540 2045 ferendum,
1571 1972 1740 2026 durus
1775 1978 1827 2025 et

227 2067 755 2139 pervicax.Natura,
788 2067 987 2138 inquit,
1012 2066 1335 2138 dignitatem
1362 2065 1459 2120 tibi
1484 2065 1668 2119 datam
1689 2061 1828 2117 ami-

230 2160 357 2216 sisti
381 2161 606 2231 propria
629 2166 724 2213 tua
756 2158 1089 2214 temeritate.
1115 2157 1324 2213 Deinde
1355 2165 1412 2211 tt
1442 2156 1683 2227 speciem
1710 2168 1830 2223 pee-

231 2252 345 2308 cati
377 2252 518 2309 bene
548 2252 813 2323 scriptam
839 2251 1123 2327 relinquit,
1158 2251 1231 2305 ita
1266 2257 1324 2304 ut
1352 2246 1499 2319 quod
1530 2248 1622 2303 ille
1662 2262 1826 2301 accu-

230 2349 394 2397 satus
415 2344 895 2411 reprehensusque
926 2342 1021 2405 sit,
1049 2341 1288 2411 posteris
1310 2354 1507 2408 magna
1537 2338 1610 2393 sit
1633 2338 1825 2393 erudi-

231 2430 334 2496 tio,
358 2448 431 2487 ne
461 2430 663 2486 similia
678 2439 969 2485 attentent.
1010 2431 1066 2486 4.
1100 2430 1440 2486 Contumelia
1475 2429 1725 2498 aﬂ'ecisti,
1757 2429 1827 2481 si-

228 2530 322 2576 cut
356 2539 501 2592 aqua
528 2539 633 2577 non
656 2522 985 2591 e/fcrrescas.
1010 2522 1482 2586 Ascendistienim,
1509 2519 1709 2591 inquit,
1732 2535 1825 2572 stt-

222 2626 326 2681 μιν
370 2612 574 2667 lectum
594 2615 765 2682 patris
802 2613 881 2665 tui
916 2627 937 2667 :
988 2622 1113 2666 tunc
1156 2612 1398 2681 polluisti
1425 2621 1654 2667 stratum
1681 2610 1821 2682 quod

226 2704 545 2759 ostendisti.
582 2703 868 2775 Significat
897 2704 1254 2759 concubitum
1279 2703 1402 2772 ejus
1435 2718 1559 2757 cum
1596 2701 1765 2777 Bella.

300 2790 359 2845 2.
400 2790 529 2845 Vide
566 2789 831 2861 quomodo
863 2805 960 2860 per
984 2790 1301 2860 sapientiam
1331 2805 1361 2844 a
1402 2788 1600 2858 Spiritu
1641 2785 1827 2842 sancto

227 2884 333 2937 sibi
364 2882 563 2950 datam,
588 2882 732 2951 prius
752 2883 883 2937 dixit
911 2882 961 2937 id
994 2881 1134 2951 quod
1165 2890 1347 2952 postea
1380 2878 1556 2934 Moses
1586 2879 1724 2934 inter
1755 2880 1828 2933 lc-

233 2989 336 3045 ges
366 2974 725 3028 rcccnsitnrus
751 2984 888 3042 erat,
918 2989 1023 3027 non
1056 2972 1213 3028 licere
1240 2988 1359 3026 cum
1390 2972 1574 3026 eadem
1604 2971 1827 3025 muliere

228 3076 441 3134 patrem
487 3072 545 3118 et
590 3064 754 3117 (ilium
805 3078 917 3119 rem
947 3062 1143 3118 trahere
1186 3060 1329 3134 (Leo.
1365 3063 1443 3117 t8.
1478 3062 1554 3132 8).
1593 3062 1658 3115 Et
1688 3076 1828 3114 nunc

227 3156 375 3209 istud
401 3156 535 3227 ipse,
568 3154 732 3211 lilium
763 3170 918 3211 suum
942 3155 1285 3225 increpando,
1316 3155 1391 3209 sic
1415 3154 1677 3223 prohibet.
1709 3152 1830 3206 Pat-

230 3248 399 3313 iuisti,
429 3247 619 3317 inquit,
649 3255 884 3313 stratum,
925 3245 1222 3301 ascendens
1248 3261 1412 3316 super
1440 3244 1633 3317 lectum
1663 3244 1829 3315 patris

231 3342 332 3395 tui.
369 3341 502 3396 Rem
525 3355 829 3411 perversam
859 3341 1043 3394 iecisti.
1069 3339 1293 3408 Propter
1315 3338 1417 3393 hoc
1442 3337 1580 3405 quod
1609 3336 1832 3392 ita‘Con—

235 3432 451 3487 tumelia
489 3447 576 3486 me
617 3430 852 3499 «πει-ἰαὶ,
882 3432 1011 3485 sicut
1051 3447 1183 3499 aqua
1212 3446 1312 3483 non
1353 3428 1664 3495 e/I'ercescas.
1711 3427 1828 3482 luu-

230 3528 344 3584 tilis
362 3526 487 3593 erit,
516 3526 705 3597 inquit,
731 3525 819 3582 ille
843 3532 1065 3580 conatus
1087 3533 1206 3577 tuus
1230 3540 1244 3576 :
1267 3522 1408 3593 quod
1436 3537 1606 3591 neque
1628 3531 1828 3591 patrem

231 3620 519 3685 reveritus,
546 3618 784 3689 polluere
809 3616 926 3686 ejus
950 3617 1143 3670 lectum
1172 3629 1334 3669 ausus
1360 3614 1543 3667 fueris.
1578 3610 1644 3672 Ut
1671 3610 1832 3681 igitur

230 3724 381 3765 nunc
422 3708 473 3763 in
504 3709 847 3778 sequentibus
885 3705 1321 3777 generationibus
1352 3704 1473 3758 talia
1517 3717 1675 3769 nemo
1706 3700 1830 3755 imi-

230 3808 410 3866 tetur,
447 3810 725 3871 propterea
754 3798 987 3869 Spiritus
1015 3807 1232 3852 sanctus
1259 3795 1543 3859 ordinavit,
1576 3802 1633 3851 ut
1664 3794 1831 3849 literis

227 3891 641 3949 commendetur
678 3890 793 3945 hzec
821 3891 1126 3944 accusatio:
1172 3897 1228 3944 et
1256 3902 1443 3943 omnes
1472 3886 1561 3956 qui
1610 3887 1832 3941 audiunt

229 3982 552 4038 erudiantur
573 4020 589 4045 ,
619 3980 897 4051 sciantque
927 3978 1210 4035 manifeste
1230 4020 1246 4042 .
1279 3976 1411 4033 nihil
1455 3977 1707 4048 prodesse
1746 3978 1830 4031 di-

231 4074 503 4145 gnitatem
523 4081 723 4137 natura'
737 4086 1069 4139 concessam,
1087 4071 1187 4125 nisi
1209 4081 1257 4126 et
1276 4070 1563 4125 voluntatis
1580 4068 1831 4127 accedant

233 4172 581 4218 ornamenta.
606 4161 806 4225 Deinde
826 4162 946 4234 quia
970 4165 1100 4217 satis
1122 4161 1427 4227 traduxerat
1449 4160 1708 4216 nefarium
1734 4161 1833 4213 hoc

230 4269 401 4324 opus,
436 4254 580 4309 venit
603 4253 669 4308 ad
695 4254 1015 4325 Symeonem
1044 4264 1097 4309 et
1124 4254 1272 4310 Levi.
1302 4254 1355 4310 5.
1390 4255 1612 4325 Synteon
1643 4263 1688 4307 et
1714 4252 1835 4306 Leri

232 4348 616 4416 cotrrpteummt
641 4330 944 4419 inbstitiam
964 4345 1236 4401 voluntatis
1262 4360 1388 4400 sum.
1422 4345 1707 4400 Contentio
1735 4359 1833 4399 ro-

236 4452 387 4503 rum,
418 4452 577 4507 quam
624 4447 841 4508 promer
880 4453 1121 4495 sororem
1153 4453 1304 4493 suam
1335 4438 1694 4504 declararunt,
1741 4453 1836 4494 eos

236 4529 291 4584 in
322 4529 636 4599 injustitiam
667 4530 811 4585 illam
842 4531 1077 4600 impulit.
1114 4531 1315 4587 Deinde
1344 4529 1623 4585 declarans
1656 4546 1749 4586 eos
1778 4546 1837 4585 se

237 4622 431 4692 ignaro
460 4635 572 4675 rem
600 4620 805 4687 iecisse,
835 4621 1000 4677 dicit:
1042 4621 1095 4677 6.
1134 4620 1199 4675 In
1235 4623 1502 4676 consilium
1536 4639 1709 4676 eorum
1737 4639 1837 4675 non

237 4712 410 4766 veniat
435 4712 607 4765 anima
631 4729 761 4777 mea,
789 4722 837 4765 et
870 4714 922 4767 in
961 4724 1090 4767 creta
1116 4730 1290 4767 eorum
1325 4730 1426 4767 non
1466 4715 1734 4781 ﬁrmentur
1750 4714 1836 4785 je-

237 4817 366 4856 cora
402 4818 531 4856 mea.
560 4802 730 4867 Absit,
762 4804 953 4874 inquit,
982 4817 1039 4858 ut
1065 4806 1454 4860 communicem
1486 4820 1671 4861 eorum
1710 4822 1841 4860 sen-

240 4894 451 4959 tentiae,
483 4902 539 4947 et
572 4893 835 4965 obsequar
878 4897 955 4951 eis
994 4896 1046 4950 in
1097 4897 1159 4950 iis
1200 4913 1320 4967 qure
1362 4896 1557 4966 injuste
1591 4907 1835 4969 egerunt.

241 4983 384 5049 Quia
416 4983 468 5036 in
496 4986 671 5053 furore
698 5001 788 5038 suo
817 4986 1110 5040 occiderunt
1141 4988 1387 5042 homines.
1425 4987 1838 5053 lrrationahilis,

242 5072 444 5144 inquit,
473 5071 569 5128 luit
593 5066 777 5129 eorum
800 5074 1111 5143 indignatio.
1140 5076 1272 5131 Nam
1302 5077 1425 5131 licet
1454 5090 1726 5147 peccasset
1751 5080 1843 5150 Sy-

241 5168 446 5235 rbem,
475 5176 712 5224 attamen
740 5183 845 5223 n0n
870 5170 1152 5238 Oportebat
1178 5180 1377 5225 tantam
1406 5181 1637 5242 stragem
1668 5170 1845 5227 facere

240 5269 301 5316 et
321 5273 515 5314 omnes
540 5258 785 5328 perdere.
819 5257 884 5313 Et
914 5260 965 5313 in
991 5261 1393 5328 concupiscentia
1429 5278 1525 5316 sua
1568 5262 1844 5317 subucrra.

245 5361 429 5405 rerum
471 5350 736 5403 taurum‘.
774 5350 963 5405 Filiqu
1008 5350 1225 5405 Etnmor
1272 5351 1356 5406 hic
1398 5354 1679 5423 signiﬁcat.
1713 5352 1844 5407 Nam

247 5440 375 5512 quia
414 5441 469 5495 in
507 5438 717 5496 ﬂorenti
747 5452 903 5497 :etate
938 5440 1086 5506 erat,
1118 5451 1325 5496 taurum
1363 5459 1486 5498 eum
1535 5445 1846 5497 nominavit.

252 5532 459 5589 Deinde
484 5544 540 5587 ut
563 5533 699 5588 dixit
724 5549 785 5588 ea
814 5549 931 5604 qua:
953 5532 1206 5599 fect-rant,
1228 5535 1388 5588 etiam
1420 5536 1846 5590 maledictioncm

249 5626 474 5695 appoint
497 5634 554 5679 et
574 5623 740 5679 dicit:
769 5625 820 5679 ἲ.
852 5609 1153 5679 Halcdictus
1183 5630 1326 5696 furor
1351 5644 1523 5681 eorum
1546 5668 1558 5690 ,
1589 5632 1706 5697 quia
1734 5647 1849 5698 pcr-

254 5726 815 5847 ”:ulliinuﬁ’dermtt
857 5740 1087 5793 murum;
1127 5729 1199 5779 sic
1234 5729 1449 5792 vulgata.
1489 5729 1589 5779 \‘iJ.
1636 5730 1853 5794 “exaptat

379 5810 439 5847 π.

379 5810 439 5847 ’³.

1215 388 1282 449 IN
1322 388 1476 447 CAP.
1519 383 1678 443 XLIX
1739 377 1979 439 CENES.
2021 378 2249 437 llOillL.
2292 377 2509 439 LXVII.

3432 377 3537 437 57$

1936 500 2083 553 ricax
2119 513 2136 552 :
2164 510 2208 551 ct
2236 498 2315 551 ira
2339 513 2536 563 eorum,
2568 496 2687 568 quia
2718 493 2967 550 obdurato
2990 504 3085 551 est.
3122 494 3309 550 Dolum
3336 492 3540 565 signifi-

1933 600 2040 647 cat.
2088 603 2193 658 quo
2240 588 2360 642 illos
2401 586 2902 649 circumvenerunt,
2948 601 3011 640 ac
3047 600 3168 640 cum
3216 584 3343 640 dolo
3388 583 3536 656 ipso!

1933 680 2105 734 adorti
2135 687 2278 732 sunt.
2308 677 2561 732 Pervicax
2591 676 2735 731 enim
2757 716 2774 743 ,
2809 677 2998 746 inquit,
3032 674 3183 731 furor
3211 692 3421 743 eorum,
3452 685 3533 732 te-

1934 772 2214 828 merarius.
2246 772 2595 840 impetuosus,
2624 770 2832 825 ratione
2858 786 3067 826 carens.
3103 769 3169 824 Et
3218 772 3295 825 ira
3332 786 3532 836 eorum.

1932 863 2053 932 quia
2086 863 2335 915 obdurata
2368 869 2461 915 est.
2491 859 2717 927 Quando
2746 862 2888 916 enirn
2914 860 3180 915 Sccintita:
3207 872 3530 929 putaverunt

1932 968 2026 1009 eos
2056 952 2156 1006 sibi
2185 951 2337 1006 valde
2366 953 2590 1016 amicus,
2625 961 2749 1005 tunc
2780 953 2924 1021 gravi
2959 952 3115 1007 ira'et
3146 953 3286 1007 bello
3312 968 3408 1008 eos
3432 968 3533 1022 op-

1931 1052 2263 1114 presserunt.
2310 1043 2373 1097 Et
2398 1042 2539 1096 dicto
2569 1058 2754 1097 eorum
2798 1053 3039 1113 peccato,
3084 1044 3214 1099 dicit
3243 1055 3296 1100 et
3322 1046 3533 1115 suppli-

1932 1134 2070 1187 cium
2102 1132 2241 1201 quod
2272 1125 2450 1186 iuituri
2480 1141 2633 1186 erant
2684 1132 2894 1187 Partiar
2923 1152 3007 1188 eos
3035 1138 3087 1188 iu
3117 1134 3298 1197 Iacob,
3340 1146 3390 1191 et
3423 1136 3535 1191 dis-

1930 1222 2185 1277 seminabo
2214 1238 2299 1279 eos
2327 1224 2380 1276 in
2403 1222 2589 1279 Israel.
2622 1223 2847 1293 Ubique,
2878 1226 3065 1295 inquit,
3096 1226 3321 1297 dispersi
3353 1240 3531 1295 erunt,
3601 1228 3604 1230 ⁷

1934 1323 1989 1367 ut
2015 1314 2157 1370 ismd
2185 1316 2357 1385 ipsum
2389 1317 2568 1370 manili
2587 1327 2727 1371 stum
2768 1317 2892 1383 ﬁat,
2940 1335 3035 1373 eos
3072 1332 3290 1389 propter
3330 1321 3535 1378 facinus

1931 1408 2273 1461 commissum
2306 1407 2355 1463 id
2385 1422 2573 1479 passos
2617 1396 2799 1464 Παῦε-ἐ.
2833 1412 2885 1466 8.
2912 1409 3073 1473 Inda,
3111 1423 3158 1464 te
3182 1413 3393 1467 laudent
3421 1414 3534 1483 {ra-

1931 1507 2031 1551 tres
2057 1498 2149 1551 tui.
2175 1498 2483 1553 Benedictio
2511 1499 2662 1554 Juda:
2683 1488 2801 1555 data
2832 1503 3052 1571 mystica
3075 1513 3178 1569 est,
3204 1506 3533 1575 praesignem

1930 1589 2106 1641 omnia
2135 1604 2252 1657 qum
2278 1587 2343 1643 ad
2376 1588 2645 1644 Christum
2667 1591 2916 1645 attint-nt.
2940 1592 3102 1656 Iuda,
3127 1593 3316 1663 inquit.
3346 1605 3395 1649 te
3417 1595 3536 1649 latt-

1930 1676 2049 1731 dent
2094 1676 2279 1748 fratres
2327 1680 2418 1732 tui.
2468 1680 2599 1746 Quia
2649 1695 2712 1735 ex
2762 1680 2861 1735 hac
2892 1682 3029 1735 tribu
3060 1685 3363 1739 exoriturns
3412 1697 3529 1742 emt

1928 1765 2174 1823 Christus
2203 1760 2494 1824 secundum
2527 1769 2943 1838 dispensationis
2960 1775 3243 1838 rationem,
3274 1785 3526 1844 propter-

1928 1872 1991 1913 ea
2019 1857 2215 1927 Spiritu
2246 1869 2434 1927 sancto
2458 1859 2669 1915 amatus
2695 1861 2881 1928 Jacoh,
2906 1862 3147 1933 praedicit
3178 1879 3270 1931 per
3296 1861 3379 1925 ea.
3408 1881 3529 1935 qua:

1932 1948 1981 2001 in
2012 1948 2202 2005 ludam
2229 1950 2501 2017 dicuntur,
2533 1966 2635 2007 non
2667 1952 2839 2006 solum
2872 1952 3191 2009 descensura
3229 1956 3438 2011 Domini
3460 1955 3528 2011 ad

1931 2039 2195 2105 homines,
2220 2041 2311 2096 sed
2336 2051 2386 2095 et
2410 2044 2742 2113 mysterium,
2774 2053 2825 2099 et
2847 2058 3081 2110 crucem,
3104 2056 3158 2101 et
3179 2047 3531 2117 sepulturam,

1930 2140 1984 2186 et
2014 2132 2487 2199 resurrectionem,
2528 2142 2669 2189 etut
2710 2134 2876 2189 semel
2915 2135 3111 2201 dicam,
3146 2140 3344 2192 omnia.
3392 2138 3535 2193 Juda

1930 2221 2093 2283 enim,
2125 2222 2317 2291 inquit,
2345 2231 2391 2276 te
2417 2224 2625 2278 laudent
2646 2229 2831 2296 fratres
2851 2226 2923 2278 tui
2944 2241 2964 2280 :
2988 2243 3169 2280 manus
3195 2240 3294 2282 tua:
3316 2230 3367 2284 in
3392 2239 3533 2301 tergo

1929 2311 2250 2365 inimicorum
2297 2322 2503 2368 tuorum
2534 2330 2553 2368 :
2595 2324 2643 2383 ct
2684 2316 2971 2372 adorabunt
3016 2326 3063 2373 te
3106 2317 3205 2388 ﬁlii
3233 2322 3393 2389 patris
3436 2321 3533 2375 tui.

1930 2400 2130 2468 Quibus
2158 2402 2411 2466 declarat,
2444 2419 2539 2460 eos
2570 2405 2931 2475 subjiciendos
2959 2408 3031 2462 illi
3065 2424 3205 2465 esse.
3240 2410 3291 2464 9.
3318 2410 3531 2467 Catulus

1931 2492 2088 2545 leonis
2113 2491 2275 2549 Juda.
2317 2493 2398 2549 De
2443 2498 2686 2567 germine,
2721 2497 2798 2565 ﬁli
2840 2500 2929 2562 mi,
2962 2500 3251 2555 ascendisti.
3289 2500 3531 2572 Regnum

1930 2583 2048 2650 ejus
2090 2584 2346 2650 prmdicit.
2378 2585 2603 2655 Semper
2635 2588 2779 2642 enim
2820 2586 3111 2660 Scriptum:
3141 2605 3257 2645 mos
3295 2601 3405 2654 est,
3441 2606 3536 2661 per

1933 2669 2154 2742 ligurum
2186 2673 2344 2752 hujus
2369 2676 2616 2732 animalis
2647 2679 2848 2748 regiam
2880 2684 3249 2737 auctoritatem
3294 2683 3531 2738 insinua-

1931 2777 2010 2817 re.
2044 2762 2355 2819 liecumbens
2380 2766 2657 2822 dormioisti
2695 2781 2748 2823 ut
2777 2771 2875 2837 (eo,
2906 2782 2954 2826 et
2994 2772 3122 2827 sicut
3149 2775 3370 2829 catulus.
3400 2775 3529 2840 Quis

1932 2852 2167 2906 excitabit
2210 2855 2367 2909 eum?
2425 2858 2648 2913 Crucem
2715 2858 2792 2915 et
2831 2862 3161 2932 sepulturam
3227 2863 3313 2919 hic
3359 2866 3531 2936 signi-

1933 2941 2072 2995 ficat.
2130 2943 2255 3009 Quis
2298 2947 2553 3013 excitabit,
2604 2950 2807 3019 inquit,
2846 2954 3007 3006 eum?
3052 2952 3198 3009 Sicut
3228 2955 3373 3009 enim
3420 2958 3531 3012 leo-

1932 3027 2055 3085 nem
2084 3035 2165 3088 vel
2194 3036 2425 3091 catulum
2468 3038 2822 3097 dormientem
2857 3045 3033 3098 nullus
3060 3046 3221 3101 audet
3260 3050 3529 3117 excitare,

1934 3121 2003 3177 ita
2036 3123 2331 3180 Dormiristi
2360 3138 2413 3181 ut
2440 3129 2537 3196 lca,
2570 3140 2618 3184 et
2644 3144 2696 3185 ut
2717 3134 2937 3190 catulus.
2966 3135 3093 3202 Quis
3117 3139 3353 3192 excitabit
3383 3141 3537 3200 eum!

1935 3215 2055 3286 Ipse
2102 3221 2243 3273 enim
2297 3231 2375 3276 est
2418 3224 2506 3291 qui
2553 3224 2724 3279 dicit:
2774 3225 3082 3282 I’ott'statcm
3121 3231 3279 3285 habeo
3318 3234 3540 3301 ponendi

1933 3311 2155 3362 animam
2188 3328 2372 3375 meam,
2420 3323 2467 3367 et
2511 3325 2803 3383 potestatem
2848 3320 3007 3373 Imbeo
3035 3322 3214 3375 iterum
3262 3324 3539 3388 recipiendi

1934 3415 2042 3452 eam
2072 3399 2249 3463 (Joan.
2284 3402 2365 3456 iO.
2414 3403 2736 3474 i8).Postea
2775 3417 2828 3461 ct
2859 3418 3067 3478 tempus
3107 3414 3319 3481 quoque
3363 3414 3541 3468 manl-

1938 3486 2071 3543 feste
2099 3491 2334 3546 declarat
2358 3534 2371 3556 ,
2401 3507 2507 3560 quo
2526 3495 2851 3553 adventuros
2874 3500 2937 3552 sit
2968 3499 3213 3556 Christus
3242 3503 3537 3561 secundum

1935 3577 2346 3648 dispensationis
2405 3586 2686 3640 rationem.
2747 3588 2827 3642 l0.
2862 3587 2984 3642 Non
3040 3590 3268 3660 deﬁciet,
3324 3595 3534 3665 inquit,

1937 3672 2169 3742 princeps
2197 3672 2260 3726 de
2284 3670 2447 3739 Iuda,
2482 3692 2640 3745 neque
2675 3678 2782 3732 dua:
2816 3679 2879 3731 de
2906 3682 3181 3750 fautoribus
3212 3684 3342 3754 ejus,
3373 3686 3537 3748 donec

1940 3764 2128 3828 veniat,
2158 3765 2239 3817 cui
2264 3766 2539 3834 repositum
2567 3779 2638 3822 cst
2666 3785 2684 3823 :
2714 3780 2762 3824 et
2786 3770 2896 3839 ipse
2939 3773 3033 3826 erit
3072 3779 3377 3845 exspectatio
3414 3794 3541 3850 gen-

1938 3855 2086 3911 tium.
2120 3856 2365 3925 Tamdiu,
2397 3860 2599 3929 inquit,
2628 3861 2893 3917 durabunt
2920 3863 3160 3933 Jndaica,
3188 3876 3243 3923 et
3266 3870 3534 3941 principes

1935 3946 2262 4015 Juda‘orum,
2290 3950 2461 4006 donec
2484 3952 2569 4005 ille
2595 3954 2817 4007 venerit.
2841 3954 2903 4008 Et
2930 3954 3234 4026 benedixit,
3259 3959 3426 4016 Donec
3449 3960 3537 4017 ille

1936 4039 2146 4106 venerit,
2178 4042 2259 4093 cui
2278 4042 2553 4110 repositum
2580 4058 2651 4097 est
2675 4060 2693 4097 :
2720 4045 2867 4113 quasi
2895 4044 3053 4111 dicat,
3090 4046 3185 4103 Ille
3212 4050 3294 4103 cui
3329 4066 3536 4121 prama-

1939 4137 2110 4184 ratum
2138 4140 2219 4183 est
2244 4147 2464 4202 regnum
2492 4150 2504 4185 :
2540 4144 2819 4204 propterea
2848 4137 2967 4205 Ipse
2994 4146 3067 4191 est
3093 4142 3397 4210 exspectatio
3420 4159 3545 4213 gen-

1940 4222 2084 4274 tium.
2118 4222 2249 4277 Vide
2276 4224 2545 4293 quomodo
2567 4226 2676 4295 jam
2702 4226 2829 4281 dicit
2848 4227 3008 4283 etiam
3028 4239 3216 4300 gentes
3244 4232 3416 4289 salute
3444 4233 3542 4290 du-

1940 4314 2162 4369 nandas.
2192 4314 2255 4368 Et
2281 4316 2387 4383 ipse
2410 4317 2522 4383 erit,
2551 4318 2719 4387 inquit
2746 4323 3056 4388 exspectatio
3085 4323 3331 4392 gentium.
3365 4324 3536 4395 llnjus

1940 4407 2223 4463 adventum
2251 4421 2437 4479 gentes
2461 4421 2795 4481 exspectant.
2825 4414 2911 4467 il.
2936 4411 3126 4483 Ligans
3156 4416 3223 4467 art
3254 4417 3398 4470 vitem
3430 4419 3547 4487 pul-

1942 4499 2049 4552 lum
2074 4515 2243 4566 suum,
2273 4510 2318 4554 ct
2341 4502 2409 4552 ad
2438 4501 2694 4570 palmitem
2725 4504 2921 4572 pullum
2950 4506 3110 4558 asina:
3138 4522 3263 4561 suae.
3292 4507 3393 4563 l‘er
3422 4508 3545 4579 pul-

1947 4593 2053 4647 lum
2080 4592 2269 4645 iterum
2297 4594 2533 4663 gentium
2556 4594 2820 4662 signiﬁcat
2847 4595 3238 4651 adductionetn.
3269 4598 3401 4652 Nam
3425 4599 3549 4669 quia

1944 4686 2126 4741 asinus
2156 4686 2485 4740 immundum
2525 4670 2641 4741 erat
2671 4688 2891 4753 animal,
2925 4684 3208 4757 propterea
3239 4690 3405 4747 dicit:
3441 4690 3549 4748 illa

1947 4776 2235 4831 immunda:
2280 4787 2465 4846 gentes
2507 4791 2627 4830 cum
2685 4787 2828 4832 tanta
2874 4774 3127 4834 facilitate
3176 4779 3510 4837 adducentur
3540 4823 3554 4847 ,

1944 4868 2095 4937 quasi
2134 4867 2255 4937 quis
2296 4867 2361 4921 ad
2409 4866 2679 4937 pultnitem
2722 4867 2848 4922 vitis
2877 4868 3085 4922 asinam
3125 4870 3343 4941 alliget:
3384 4872 3547 4927 simul

1948 4958 2223 5014 insinuans
2260 4968 2313 5013 et
2358 4958 2637 5028 potestatis
2661 4959 3034 5014 excellentiam
3063 4970 3117 5014 et
3153 4962 3392 5031 gentium
3420 4962 3554 5017 obc-

1950 5052 2223 5108 dicntiarn.
2243 5051 2443 5121 Magna:
2460 5051 2602 5107 enim
2627 5052 3049 5107 mansuetudinis
3076 5062 3179 5117 eSI,
3206 5052 3347 5122 quod
3369 5054 3553 5109 asinus

1957 5147 2187 5215 patiatur
2212 5160 2271 5199 se
2297 5145 2362 5197 ad
2397 5144 2667 5213 palmitem
2705 5143 2826 5197 vitis
2854 5144 3024 5214 ligari.
3059 5143 3162 5198 \‘iti
3196 5154 3375 5200 autem
3405 5160 3556 5201 suam

1953 5236 2250 5291 doctrinam
2266 5245 2576 5305 comparat:
2599 5234 2707 5306 Ego
2733 5234 2875 5291 enim
2898 5251 3031 5301 sum,
3056 5235 3247 5305 inquit,
3271 5238 3385 5290 vitis
3412 5252 3550 5303 ocra,

1953 5339 1999 5382 et
2026 5340 2169 5399 pater
2188 5345 2328 5381 utens
2357 5328 2584 5399 agricola
2613 5338 2685 5381 est
2732 5326 2915 5398 (Joan.
2946 5328 3031 5383 i5.
3069 5329 3145 5398 i).
3182 5327 3435 5383 Pahnites
3462 5345 3557 5383 au-

1957 5428 2061 5474 tem
2091 5419 2305 5472 vocavit
2337 5418 2749 5474 teneritudinem
2794 5430 3206 5488 prmceptornm,
3241 5431 3297 5475 et
3334 5416 3560 5477 facilitm

1958 5518 2062 5564 tem
2108 5509 2240 5579 legis
2282 5508 2516 5562 fercrnlac
2549 5525 2563 5563 :
2604 5519 2661 5562 ut
2702 5507 2813 5576 jam
2840 5510 3145 5578 prasiguet
3174 5521 3362 5579 gentes
3394 5512 3562 5574 magis

1957 5601 2199 5655 credulas
2242 5599 2374 5662 fore,
2419 5614 2580 5669 quam
2610 5598 2847 5654 Juda‘os.
2879 5598 3087 5654 Larabit
3130 5602 3183 5655 iu
3222 5601 3336 5655 vino
3379 5590 3563 5656 stolam

1960 5711 2126 5759 suam,
2158 5704 2208 5746 et
2238 5695 2289 5746 in
2320 5694 2567 5763 sanguine
2594 5708 2706 5747 utne
2732 5694 2973 5746 amictum
3006 5710 3171 5747 suurn.

2034 5786 2087 5842 ὃ.
2118 5782 2171 5837 11
2178 5784 2419 5857 ystcrium
2448 5781 2787 5839 Eucharistia:
2810 5784 3170 5857 pra-signatur.
3188 5812 3257 5824 --
3280 5781 3412 5839 Vide
3433 5796 3553 5855 quo
