4186 6324
677 356 782 415 B75

676 494 835 549 modo
873 491 1023 546 nobis
1058 500 1222 545 totum
1264 490 1572 560 mysterium
1617 490 1914 543 insinuavit.
1946 487 2131 543 Sciunt
2162 488 2249 557 qui

677 589 865 643 initiati
896 596 1037 651 sunt,
1068 584 1207 655 quod
1239 583 1436 639 dictum
1464 592 1547 639 est
1573 600 1586 637 :
1619 581 1828 636 Lavabit
1856 584 1905 635 in
1930 582 2043 635 riuo
2069 583 2253 635 stolam

674 698 839 734 suam.
862 678 1061 734 Stolam
1091 686 1215 747 puto
1243 690 1435 746 corpus
1461 674 1586 738 dici,
1617 676 1755 745 quod
1787 683 2003 743 propter
2030 673 2253 740 diSpeu-

674 772 931 826 sationem
972 769 1111 823 ferre
1141 768 1384 838 dignatus
1409 775 1510 821 est.
1543 766 1742 820 Deinde
1788 775 1844 818 ut
1869 764 2149 834 diligenter
2172 763 2253 818 di-

670 878 786 916 scas
804 862 980 915 vinum
1001 860 1126 931 quid
1154 859 1455 930 appellarit,
1481 858 1657 913 subdit
1680 875 1694 911 :
1725 857 1785 911 Et
1802 858 1853 910 in
1876 860 2122 927 sanguine
2144 872 2252 910 nuce

668 952 907 1004 amictum
937 967 1104 1003 suum.
1138 949 1265 1003 Vide
1291 948 1557 1018 quomodo
1587 948 1857 1017 sanguinis
1884 949 2095 1002 nomine
2124 962 2250 1001 cru-

667 1056 783 1098 cem
812 1042 964 1095 nobis
989 1051 1043 1099 et
1067 1040 1384 1094 occisionem
1416 1038 1695 1107 signiﬁcet,
1727 1049 1781 1093 et
1806 1053 2017 1091 onmem
2044 1047 2250 1108 mystc-

671 1134 869 1188 riorum
919 1132 1387 1201 dispensationem.
1441 1130 1525 1184 i2.
1571 1130 1909 1185 lucundiares
1956 1132 2087 1184 oculi
2137 1133 2249 1201 ejus

668 1226 780 1278 vino
800 1241 819 1288 ;
838 1235 884 1278 et
899 1224 1217 1277 candidiores
1242 1225 1412 1277 dentes
1430 1223 1535 1293 ejus
1553 1223 1698 1276 lacte.
1722 1223 1817 1277 llic
1844 1223 2064 1292 gloriam
2096 1222 2248 1277 nobis

666 1315 1031 1367 demonstrare
1066 1314 1179 1366 vult
1205 1329 1299 1384 per
1326 1314 1692 1382 metaphoram
1732 1313 1835 1366 vini
1867 1323 1919 1367 et
1948 1314 2243 1366 oculorum.

671 1404 736 1459 Et
780 1404 1095 1458 candidiores
1126 1404 1295 1457 dentes
1337 1404 1636 1473 ejus.lacte.
1680 1402 1945 1457 Justitiam
1981 1403 2153 1473 signat
2194 1411 2249 1456 ct

665 1501 960 1555 claritatem
992 1500 1201 1569 judieis.
1247 1499 1376 1553 Nam
1411 1516 1503 1567 per
1530 1498 1720 1552 dentes
1745 1508 1798 1551 et
1828 1498 1908 1550 lac
1934 1496 2061 1549 nihil
2100 1494 2243 1548 aliud

667 1590 964 1661 signiﬁcare
995 1590 1102 1642 vult
1144 1603 1299 1658 quam
1329 1590 1440 1643 fore
1482 1587 1766 1644 candidum
1810 1598 1865 1641 ct
1906 1586 2242 1640 manufestum

662 1680 912 1750 judicium
933 1688 1083 1733 utest
1102 1678 1249 1731 lactis
1268 1688 1321 1732 ct
1344 1678 1580 1732 dentium
1601 1678 1852 1732 conditio.
1881 1678 1963 1731 I3.
1990 1675 2241 1739 Zabnlon,

663 1771 849 1839 inquit,
895 1771 944 1822 in
971 1770 1219 1822 maritimo
1256 1770 1514 1836 habitabit,
1557 1781 1603 1823 et
1643 1770 1753 1839 ipse
1795 1770 1935 1838 apud
1977 1768 2243 1821 stationem

660 1862 883 1923 nauium,
930 1870 973 1913 et
1015 1860 1305 1913 extendetur
1348 1875 1502 1927 usque
1536 1859 1602 1911 ad
1644 1859 1907 1913 Sidonem.
1936 1858 2067 1912 Vide
2106 1873 2240 1927 quo—

666 1950 825 2003 modo
854 1958 906 2003 et
936 1950 1058 2003 huic
1100 1949 1335 2019 prmdicit
1364 1949 1451 2003 ubi
1483 1949 1805 2003 domicilium
1838 1949 2113 2003 habiturus
2142 1949 2239 2015 sit,

662 2050 712 2094 ct
744 2040 884 2109 quod
916 2055 1081 2109 usque
1118 2039 1183 2092 ad
1222 2039 1471 2094 Sidouem
1511 2038 1843 2093 extendetur.
1875 2039 1961 2093 ﬂ.
2003 2036 2243 2092 Issachar

659 2131 841 2184 bonum
868 2130 1183 2192 desideravit,
1211 2130 1501 2183 recumbens
1525 2131 1652 2182 inter
1676 2142 1869 2183 sortes:
1894 2128 1980 2182 15.
2004 2139 2048 2182 et
2071 2129 2241 2183 videns

659 2224 875 2291 requiem
912 2220 1046 2289 quod
1071 2221 1221 2283 bona,
1254 2229 1301 2274 et
1337 2232 1520 2273 terram
1558 2219 1694 2288 quod
1724 2220 1944 2289 pinguis,
1976 2220 2241 2289 supposuit

660 2316 921 2367 innueram
951 2331 1094 2367 suum
1122 2316 1188 2367 ad
1220 2312 1574 2379 laborandum,
1616 2321 1663 2365 et
1702 2313 1866 2381 {actus
1895 2323 1965 2365 est
1995 2313 2070 2364 vir
2097 2312 2237 2382 agri-

656 2406 787 2459 cola.
819 2406 1022 2459 Laudat
1060 2406 1200 2459 hunc
1227 2404 1365 2473 qttod
1396 2404 1759 2473 operationem
1794 2414 1948 2458 terrm
1983 2404 2233 2473 elegerit,

656 2508 712 2550 ct
740 2496 879 2551 hanc
917 2496 1163 2550 onmibus
1199 2496 1318 2549 aliis
1360 2495 1667 2565 prtetulcrit.
1711 2496 1799 2549 lli.
1842 2493 1952 2547 Dan
1984 2496 2238 2565 judicabit

657 2588 895 2656 populum
936 2604 1103 2652 suum,
1149 2587 1278 2640 sicut
1316 2594 1362 2639 et
1389 2602 1491 2637 una
1534 2584 1691 2638 tribus
1729 2585 1782 2637 in
1813 2583 1995 2638 Israel.
2039 2587 2122 2639 Π.
2168 2585 2238 2640 Et

658 2682 748 2745 [iul
781 2679 893 2731 Dan
920 2696 1121 2747 serpens
1144 2678 1194 2731 in
1216 2679 1315 2745 via,
1342 2678 1562 2732 insidens
1586 2678 1638 2730 in
1666 2679 1863 2743 semita,
1890 2679 2125 2733 mordens
2142 2698 2238 2733 nn-

654 2772 827 2839 gulam
868 2770 1017 2840 equi:
1046 2780 1092 2823 et
1112 2770 1258 2822 cadet
1286 2785 1432 2839 eques
1458 2778 1755 2834 retrorsum,
1790 2768 1875 2822 18.
1913 2770 2126 2823 salutem
2154 2788 2237 2826 c1:-

651 2870 880 2931 spectans
905 2861 1127 2914 Domini.
1161 2861 1383 2930 Dignum
1410 2869 1467 2914 ut
1494 2860 1611 2929 quis
1639 2859 1933 2915 admiretur
1962 2871 2016 2917 et
2043 2863 2233 2918 obstu-

651 2962 847 3021 peseat,
873 2952 1137 3022 quomodo
1160 2953 1331 3022 justus
1352 2952 1439 3007 ille
1460 2952 1624 3007 oculTs
1650 2954 1871 3023 Spiritus
1890 2958 2065 3010 omnia
2092 2974 2229 3026 prae-

650 3045 854 3107 videns,
886 3046 1008 3099 ﬁliis
1033 3046 1143 3099 suis
1164 3046 1538 3115 pncuuntiaret
1554 3045 1594 3100 it
1618 3047 1743 3114 quid
1768 3049 2047 3117 unicuique
2071 3066 2237 3104 even-

650 3146 822 3189 turum
849 3138 952 3189 sit:
985 3152 1103 3190 nam
1127 3137 1284 3191 etiam
1314 3137 1399 3190 illa
1430 3152 1546 3205 qua:
1578 3148 1695 3206 post
1725 3140 1947 3192 multum
1978 3142 2232 3211 temporis

650 3228 820 3279 futura
852 3235 975 3280 sunt
1019 3227 1276 3297 przcdicit.
1308 3228 1393 3283 19.
1437 3227 1569 3291 Gud,
1612 3231 1815 3282 tentalio
1846 3232 2051 3283 tenlobit
2082 3248 2232 3297 eunt;

648 3320 755 3386 ipse
794 3328 957 3370 autem
984 3319 1187 3371 tentabit
1226 3318 1370 3371 illum
1409 3319 1477 3369 ad
1517 3319 1685 3386 pedes.
1714 3319 1783 3373 20
1835 3320 1979 3382 Aser,
2028 3323 2231 3391 pinguis

644 3412 751 3478 ejus
776 3410 940 3477 panis,
972 3418 1015 3461 et
1054 3410 1157 3477 ipse
1192 3408 1330 3463 dabit
1359 3410 1522 3462 cibum
1560 3410 1895 3479 principibus.
1924 3411 2011 3467 2|.
2047 3412 2229 3483 Neph-

644 3500 840 3564 thalim,
875 3499 1146 3570 virgultum
1178 3500 1475 3565 resolutum,
1506 3501 1634 3553 dans
1660 3503 1714 3554 in
1743 3504 1966 3571 germine
1996 3507 2227 3573 pulchri-

644 3593 886 3644 tudinem.
937 3591 1001 3644 Et
1043 3592 1164 3660 quia
1211 3593 1388 3661 paucis
1435 3594 1626 3646 transit
1670 3593 1816 3658 illos,
1850 3596 1994 3648 venit
2034 3612 2225 3651 conse-

644 3694 865 3751 quenter
892 3682 955 3736 ad
990 3682 1207 3752 Joscpli,
1249 3694 1302 3737 et
1327 3685 1441 3737 ait:
1487 3685 1577 3737 22.
1620 3685 1810 3754 Joseph
1852 3686 1991 3755 ﬁlius
2026 3700 2224 3752 auctus,

644 3775 915 3827 invidiosus
936 3789 955 3827 :
981 3772 1172 3841 Ioseph
1199 3775 1337 3841 ﬁlius
1362 3785 1556 3838 auctus,
1584 3777 1719 3844 (ilius
1759 3794 1896 3830 meus
1910 3779 2111 3847 junior.
2147 3781 2228 3833 lu-

645 3867 900 3931 vidiosus,
927 3865 1109 3933 inquit,
1135 3866 1301 3920 factus
1320 3882 1377 3920 cs
1390 3868 1456 3920 ab
1474 3869 1599 3936 ipsis
1618 3868 1795 3923 initiis.
1814 3870 1901 3924 25.
1928 3871 2086 3936 Quem
2108 3891 2226 3927 con-

639 3957 752 4009 silio
781 3957 1149 4009 communicato
1171 3958 1407 4010 conviciis
1436 3960 1759 4013 incesserunt.
1791 3960 2033 4015 Fratrqu
2064 3966 2227 4033 signi-

644 4046 763 4099 ﬁcat
799 4046 1245 4115 conspirationem
1283 4055 1467 4101 contra
1506 4065 1649 4102 eum.
1698 4051 1760 4103 Et
1793 4051 1842 4104 id
1885 4054 2024 4121 quod
2062 4070 2220 4125 snpra

638 4122 845 4191 dicebat
873 4139 1167 4207 Scriptura,
1198 4157 1289 4193 cos
1316 4143 1536 4196 crimine
1568 4146 1706 4197 malo
1740 4146 1788 4199 d.
1810 4148 1992 4201 tulisse
2020 4148 2219 4218 Jnseplt

638 4227 773 4295 apud
804 4236 1004 4295 patrem
1036 4243 1189 4281 suum
1217 4230 1363 4299 (Gen.
1397 4232 1484 4282 57.
1516 4232 1593 4298 2),
1623 4234 1721 4287 hnc
1744 4236 1839 4288 istc
1865 4236 1988 4290 dicit
2016 4256 2027 4289 :
2058 4238 2217 4301 Quem

638 4320 996 4371 communicato
1033 4322 1243 4373 consilio
1280 4322 1512 4375 conviciis
1541 4324 1865 4391 incesserunt,
1914 4341 1955 4380 et
1992 4329 2221 4382 intende-

636 4408 752 4462 bant
788 4412 839 4463 in
875 4428 985 4464 eum
1015 4414 1205 4466 domini
1243 4415 1640 4485 sagittationum.
1665 4416 2070 4487 Sauguiuarium
2102 4421 2219 4474 illo-

637 4516 751 4555 rum
778 4504 1034 4573 signiﬁcat
1061 4506 1315 4559 animum.
1342 4506 1427 4560 ΞΗ.
1460 4506 1528 4560 Ει
1553 4511 1753 4563 contriti
1782 4521 1897 4564 sunt
1922 4529 2035 4565 cum
2067 4514 2214 4585 [orti-

641 4592 808 4645 tudine
837 4610 981 4646 arcus
1008 4611 1199 4648 eorum.
1236 4596 1362 4651 Vide
1390 4599 1655 4667 quomodo
1686 4611 1961 4672 postquam
1994 4604 2127 4659 dixit
2152 4622 2213 4660 ea

637 4700 753 4752 qua:
790 4695 974 4739 contra
1008 4685 1207 4756 Just-ph
1248 4698 1595 4756 attentarunt,
1640 4692 1764 4747 dicit
1805 4708 1858 4749 et
1891 4712 1952 4749 ea
1982 4713 2098 4766 qua:
2137 4699 2215 4753 eis

636 4779 985 4843 contigerunt.
1017 4780 1409 4846 Contriticuim,
1442 4784 1629 4851 inquit,
1658 4802 1804 4839 arcus
1824 4803 2013 4848 eorum,
2039 4798 2083 4841 et
2110 4791 2211 4844 dis-

632 4870 781 4921 soluti
811 4880 927 4922 sunt
968 4872 1101 4923 nerei
1129 4874 1445 4927 brachiorum
1475 4892 1714 4928 manuum
1742 4894 1935 4931 eorum.
1963 4879 2064 4947 Ipsi
2088 4881 2207 4949 qui-

632 4958 751 5011 dem
774 4959 1016 5013 occidere
1046 4972 1095 5015 le
1123 4963 1295 5016 conati
1322 4974 1463 5025 sunt,
1488 4976 1541 5019 et
1566 4977 1817 5033 quantum
1840 4985 1901 5021 ex
1935 4970 2060 5036 ipsis
2085 4986 2212 5039 pen-

632 5050 809 5115 debat,
839 5066 999 5119 opere
1027 5055 1383 5123 complessent
1418 5073 1430 5108 :
1472 5056 1562 5109 sed
1603 5067 1655 5111 ct
1680 5073 1832 5112 arcus
1862 5074 2046 5113 eorum
2075 5076 2209 5115 con-

634 5144 738 5195 triti
772 5155 912 5203 suut,
938 5152 989 5197 et
1020 5144 1258 5199 dissoluti
1289 5157 1411 5200 sunt
1438 5164 1619 5201 eorum
1654 5151 1817 5203 nervi.
1849 5151 1933 5205 Sic
1959 5153 2102 5206 enim
2130 5155 2208 5208 eis

628 5235 834 5297 accidit,
870 5236 1079 5302 quando
1102 5236 1381 5291 audierunt
1409 5238 1605 5307 Joscph
1637 5240 1897 5295 dicentem
1928 5262 1939 5296 :
1966 5242 2076 5311 Ego
2095 5263 2205 5298 sum

630 5328 781 5390 frater
825 5335 980 5377 rester
1016 5325 1237 5396 Ioseph,
1285 5345 1427 5397 quem
1473 5332 1759 5383 vendidistis
1804 5334 1854 5384 in
1923 5334 2205 5405 (Egyptian

626 5417 778 5478 (Gen.
829 5417 919 5471 45.
962 5420 1040 5484 5).
1070 5420 1216 5475 Tunc
1250 5421 1413 5486 enim,
1451 5432 1574 5476 tunc
1619 5424 1846 5478 maxime
1884 5427 2037 5480 soluti
2079 5441 2203 5482 sunt

626 5506 768 5558 n'rri
815 5524 1033 5573 etu'um,
1086 5510 1182 5563 Per
1223 5529 1425 5564 manum
1456 5514 1670 5581 potentis
1710 5513 1888 5568 Jacob.
2072 5518 2202 5573 Inde

624 5596 707 5654 qui
734 5597 1069 5651 corroborat-it
1110 5599 1272 5655 Israel
1299 5619 1329 5654 a
1358 5602 1465 5655 Deo
1506 5594 1661 5671 patris
1696 5607 1766 5657 tui
1786 5647 1798 5665 ,
1832 5618 1878 5658 et
1916 5609 2110 5677 adjuvit
2152 5623 2199 5665 te

626 5682 758 5738 Dens
778 5704 933 5743 ineas.
960 5691 1053 5754 Qui
1081 5690 1318 5745 dissolvit
1340 5708 1522 5746 eorum
1556 5710 1764 5759 nervos,
1793 5698 1980 5767 inquit,
2009 5711 2197 5769 potens

616 5787 715 5831 est.
737 5775 760 5829 Ι
769 5796 852 5848 pse
867 5782 994 5834 enim
1011 5783 1199 5854 adjurit
1213 5794 1259 5839 te
1274 5783 1411 5840 Deus
1429 5801 1581 5841 meus.
1604 5786 1734 5843 Vide
1750 5805 2052 5860 germanam
2067 5795 2196 5863 justi

1412 354 1470 412 S.
1510 353 1784 411 JOANNIS
1820 352 2293 412 CllRYSOSTOMl
2331 354 2654 413 ARCillEP.
2695 358 3235 421 CONSTANTINOP.

3858 375 3970 434 575

2364 481 2487 537 erga
2521 469 2800 526 Dominum
2829 473 3189 541 dilectionem,
3211 478 3481 548 quomodo
3506 480 3654 537 orbis
3680 482 3971 541 Dominum

2360 572 2515 612 suum
2538 574 2658 616 esse
2683 562 2845 617 Deum
2862 564 3023 632 dicat,
3047 582 3151 621 non
3170 569 3494 626 concludens
3514 572 3630 643 ejus
3644 574 3972 644 dominium,

2362 665 2533 720 nisque
2551 656 2763 721 privatis
2778 670 2898 710 cum
2919 668 3177 726 potestati
3193 662 3503 731 universali,
3516 666 3608 721 sed
3624 669 3974 724 suumdecla-

2330 804 2331 807 η
2361 759 2485 798 rans
2501 762 2760 803 amorem.
2782 750 2847 803 Et
2878 753 3128 806 benedixit
3144 756 3234 808 tibi
3245 756 3590 813 benedictione
3608 761 3721 814 cali
3739 778 3767 815 e
3784 779 3975 831 super.

2358 835 2457 888 nis.
2479 834 2590 890 Non
2610 837 2803 903 solum,
2830 840 3018 912 inquit,
3038 842 3239 914 adjuvit
3259 853 3332 912 te,
3349 845 3445 901 sed
3458 858 3508 903 et
3530 847 3798 905 Benedixit
3816 863 3865 905 te
3883 850 3973 906 be-

2359 926 2637 981 nedictione
2655 939 2799 985 terra:
2819 934 2990 985 omnia
3005 936 3323 999 continentis,
3346 948 3553 1006 propter
3566 938 3967 996 benedictionem

2358 1015 2565 1070 uberum
2594 1029 2641 1072 et
2668 1021 2849 1089 valete,
2876 1023 2967 1078 26.
2995 1025 3389 1081 benedictionem
3416 1030 3575 1097 patris
3602 1034 3681 1083 tui
3705 1043 3755 1085 et
3782 1040 3967 1089 matris

2356 1117 2474 1161 tuae.
2500 1107 2773 1165 Pra’valuit
2801 1114 3227 1171 benedictionibus
3244 1121 3487 1173 montium
3506 1122 3795 1191 firmarunt,
3814 1136 3862 1177 et
3884 1126 3931 1176 di
3952 1156 3981 1167 -

2354 1202 2554 1256 sideriis
2578 1207 2784 1259 collium
2814 1218 3138 1264 Meritorum.
3164 1212 3266 1267 Per
3281 1214 3449 1270 colles
3469 1225 3702 1272 aeternos
3730 1220 3960 1290 gloriam

2354 1302 2407 1344 ct
2455 1294 2809 1363 majestatem,
2852 1308 2907 1353 et
2955 1315 3177 1369 regnum
3217 1302 3435 1374 Egypti
3473 1321 3611 1376 :per
3646 1319 3861 1365 montes
3903 1322 3955 1366 et

2353 1389 2539 1452 colles,
2582 1394 2962 1450 sublimitatem
3008 1405 3060 1450 ct
3101 1396 3463 1455 fortitudinem
3500 1401 3764 1473 derigunt.
3806 1414 3861 1460 et
3902 1405 3964 1460 in

2353 1496 2620 1537 sutumum
2652 1488 2915 1555 fastigium
2943 1490 3266 1557 priueipatm
3293 1503 3534 1546 evectum
3561 1509 3682 1548 e556:
3710 1496 3797 1549 hic
3825 1496 3950 1550 insi-

2353 1585 2498 1627 nuat.
2538 1575 2635 1630 lla:
2667 1580 2821 1643 enim,
2861 1580 3051 1648 inquit,
3084 1583 3454 1637 benedictiones
3482 1598 3627 1639 erunt
3668 1604 3825 1656 super
3866 1606 3952 1641 ca-

2352 1678 2441 1733 put
2473 1665 2687 1735 Joseph,
2719 1680 2767 1722 et
2801 1671 2850 1723 in
2883 1672 3062 1724 vertice
3089 1674 3326 1739 fratrum,
3357 1691 3570 1743 quorum
3599 1678 3709 1730 dna:
3733 1690 3826 1732 est.
3860 1678 3953 1734 llze

2348 1757 2571 1821 scilicet,
2599 1758 2787 1827 inquit,
2814 1759 3213 1817 benediCtiones
3238 1773 3393 1816 erunt
3413 1778 3577 1833 super
3595 1778 3754 1837 caput
3776 1778 3948 1824 ιιι-ειη.

2348 1846 2436 1903 9.7.
2465 1847 2736 1917 Benjamin
2765 1852 2917 1921 lupus
2945 1869 3131 1922 rapax,
3165 1872 3311 1908 ntane
3332 1858 3576 1921 comedet,
3611 1870 3659 1911 et
3682 1862 3750 1910 ad
3771 1876 3949 1930 νίψει

2347 1959 2456 1995 ram
2495 1945 2757 1998 distribuet
2793 1962 2979 2000 escam.
3011 1947 3075 2001 Et
3104 1948 3188 2002 hic
3226 1948 3511 2018 prmsiguat
3535 1950 3584 2004 ei
3615 1951 3756 2021 quod
3788 1952 3954 2018 longo

2348 2043 2469 2102 pust
2500 2041 2739 2104 tempore
2765 2035 3001 2091 futurum
3028 2048 3163 2101 crat,
3196 2048 3247 2093 et
3271 2040 3410 2109 quod
3437 2053 3776 2110 graSSaturus
3802 2057 3956 2102 esset

2347 2124 2484 2178 sicut
2528 2126 2683 2195 lupus
2723 2126 2957 2196 rapiens,
2990 2129 3243 2183 occidens
3274 2138 3328 2182 et
3370 2130 3651 2186 innumera
3684 2134 3822 2187 mala
3867 2138 3956 2189 ia-

2345 2218 2512 2270 ciens.
2535 2217 2798 2284 Quoniam
2821 2228 3001 2273 autem
3027 2220 3273 2274 omnibus
3304 2220 3425 2275 tiliis
3460 2234 3821 2292 congruentes
3853 2225 3960 2281 be-

2346 2306 2675 2362 nedictiones
2700 2310 3058 2379 przesignavit,
3088 2309 3178 2365 28.
3216 2309 3279 2363 Et
3310 2311 3582 2377 benedixit,
3614 2315 3806 2384 inquit,
3831 2314 3957 2370 siu-

2342 2400 2475 2468 gulis
2494 2398 2649 2468 juxta
2686 2399 3076 2454 benedictionem
3115 2419 3281 2463 suam,
3324 2421 3422 2471 qua
3464 2404 3790 2460 benedixerat
3829 2408 3951 2463 eis:

2348 2491 2447 2546 hoc
2473 2503 2574 2557 cst,
2608 2493 2890 2563 unicuique
2917 2494 3237 2565 prmdicebat
3256 2512 3375 2565 qua:
3396 2496 3637 2563 decebat,
3671 2508 3724 2552 et
3742 2515 3863 2569 qua:
3888 2501 3948 2556 in

2344 2599 2658 2654 unaquaque
2691 2584 2829 2639 tribu
2859 2596 3115 2640 eventum
3146 2596 3325 2643 essent
3355 2590 3618 2658 prasdixit.
3650 2590 3945 2660 POStquam

2342 2686 2520 2731 autem
2548 2677 2812 2732 ordinavit
2838 2691 2899 2732 ca
2924 2694 3042 2747 qua:
3067 2693 3096 2731 a
3123 2678 3326 2748 Spiritu
3350 2680 3447 2749 ipsi
3478 2682 3791 2751 pnesiguata
3818 2684 3948 2739 fue-

2342 2778 2483 2831 rant,
2515 2768 2655 2822 dicit
2682 2770 2758 2823 cis
2784 2786 2796 2822 :
2839 2768 2927 2823 29.
2962 2768 3070 2838 Ego
3109 2787 3343 2839 apponor
3368 2771 3437 2824 ad
3462 2773 3709 2841 popula»;
3746 2791 3943 2841 omnm,

2338 2871 2385 2913 et
2422 2861 2670 2930 scpelietis
2698 2878 2776 2914 me
2803 2878 2918 2913 cum
2940 2862 3168 2930 patribus
3191 2863 3334 2915 meis.

2408 2952 2461 3005 4.
2498 2950 2626 3005 Vide
2656 2952 2925 3020 quomodo
2952 2967 3046 3021 per
3076 2951 3383 3007 mandatum
3414 2952 3515 3007 hoc
3544 2955 3828 3007 maximam
3853 2955 3939 3011 cis

2336 3043 2758 3097 consolationem
2801 3041 3008 3097 aﬁ‘crat.
3057 3041 3485 3098 Cunsidcrabant
3523 3046 3704 3111 enim,
3730 3047 3942 3115 jusuuu

2340 3134 2441 3187 hoc
2467 3148 2573 3186 non
2619 3133 2992 3188 mamlaturum
3040 3134 3235 3195 fuisse,
3283 3134 3386 3189 nisi
3426 3137 3645 3191 omnino
3686 3139 3944 3193 SciviSset

2338 3224 2566 3277 reditum
2600 3223 2835 3294 ipSnrum
2864 3223 3098 3277 futurum
3123 3264 3138 3287 ,
3171 3234 3225 3279 et
3260 3225 3565 3280 liberandos
3608 3241 3666 3282 se
3705 3243 3735 3281 a
3767 3229 3945 3284 servi-

2338 3324 2447 3368 tute
2478 3313 2714 3385 IEgypti.
2754 3314 2940 3367 Postea
2972 3329 3185 3384 quoque
3209 3317 3380 3369 locum
3413 3318 3654 3373 nominat
3683 3336 3695 3369 :
3727 3317 3791 3370 In
3820 3336 3944 3389 spe-

2332 3405 2505 3467 llnca,
2545 3405 2709 3473 inquit
2732 3445 2746 3469 ,
2770 3421 2885 3471 quis!
2910 3415 2983 3458 est
3007 3408 3061 3458 in
3087 3422 3212 3475 agro
3239 3404 3453 3476 Ephron
3476 3408 3706 3461 Cltetta'i.
3741 3410 3832 3465 33.
3870 3409 3940 3464 Et

2332 3508 2385 3549 ut
2416 3497 2519 3549 Inth
2549 3497 2706 3561 dixit,
2737 3498 2946 3550 cessavit
2990 3498 3240 3566 imperare
3270 3501 3391 3567 filiis
3414 3502 3537 3554 suis.
3566 3499 3633 3554 Et
3656 3502 3940 3558 sublevavit

2331 3590 2491 3642 Jucob
2521 3592 2672 3657 pedes
2701 3608 2817 3643 suos
2848 3606 2999 3657 super
3020 3592 3202 3643 lectum
3222 3633 3235 3655 ,
3272 3604 3316 3644 et
3347 3593 3562 3660 defecit,
3589 3606 3637 3647 et
3664 3597 3938 3663 appositus

2332 3692 2402 3734 est
2431 3681 2499 3735 ad
2526 3683 2770 3751 populum
2796 3699 2965 3735 suum.
2988 3682 3116 3736 \‘idc
3142 3696 3368 3755 mortem
3388 3686 3515 3751 justi
3544 3685 3706 3739 etiam
3736 3702 3936 3757 magno

2333 3773 2588 3826 miraculo
2637 3774 2868 3842 plenam.
2921 3772 3053 3827 Nam
3100 3787 3379 3844 postquam
3426 3777 3710 3847 imperavit
3751 3782 3933 3848 pueris

2331 3865 2463 3928 suis,
2498 3863 2785 3918 Sublevavit
2812 3866 2963 3935 pedes
2986 3868 3039 3919 in
3066 3868 3249 3920 lectum
3288 3885 3457 3936 suum,
3490 3871 3642 3939 quasi
3670 3887 3796 3927 cum
3831 3890 3930 3927 vo-

2331 3958 2532 4026 luptate
2564 3974 2675 4013 rem
2704 3961 2984 4028 reciperet.
3035 3960 3110 4015 lla
3161 3962 3393 4030 impletis
3435 3964 3717 4028 omnibus,
3760 3965 3931 4022 Pedes

2328 4053 2531 4105 sustulit
2560 4067 2579 4105 :
2612 4052 2713 4106 hoc
2740 4062 2841 4118 est,
2876 4054 3063 4123 planos
3090 4065 3144 4108 ct
3173 4072 3244 4107 rei
3265 4065 3347 4108 tos
3376 4053 3521 4115 iccit.
3552 4067 3606 4111 et
3633 4058 3879 4113 extendit
3908 4078 3925 4114 :

2327 4136 2547 4212 Defecit,
2581 4144 2681 4197 hoc
2704 4155 2805 4207 est,
2842 4144 3012 4198 ﬁnivit
3036 4146 3219 4209 vitam,
3258 4145 3320 4199 Et
3349 4148 3614 4216 appositus
3640 4160 3714 4202 est
3744 4152 3813 4203 ad
3834 4170 3928 4221 po-

2326 4236 2502 4302 pulum
2531 4252 2696 4289 suum.
2732 4238 2782 4291 l.
2818 4235 2882 4289 Et
2923 4238 3097 4291 recidit
3134 4237 3325 4307 .loseph
3369 4256 3522 4308 super
3550 4240 3734 4308 facian
3766 4248 3928 4311 patris

2324 4327 2423 4389 sui,
2448 4337 2494 4379 et
2521 4328 2655 4396 ﬂevit
2676 4345 2829 4395 super
2848 4346 2979 4389 emn,
3000 4339 3046 4382 et
3072 4330 3327 4383 osculatus
3351 4340 3551 4383 esteum
3584 4332 3775 4403 (Caput
3804 4335 3922 4395 50).

2327 4417 2517 4473 Vidisti
2562 4419 2653 4473 ﬁlii
2681 4421 3070 4475 dilectionem?
3119 4421 3292 4475 vidisti
3341 4423 3559 4492 ignitum
3595 4428 3926 4484 caritatem?

2322 4509 2389 4563 Et
2417 4522 2535 4579 post
2565 4513 2758 4566 animm
2785 4528 3053 4567 recessum
3096 4514 3295 4569 Recidit
3323 4516 3516 4585 Ioseph
3557 4535 3713 4589 super
3738 4525 3923 4591 faciem

2320 4605 2430 4673 ejus
2454 4646 2469 4671 ,
2502 4614 2547 4660 et
2575 4606 2828 4660 osculatus
2852 4616 2925 4660 est
2946 4649 2959 4671 ,
2998 4615 3043 4660 et
3076 4608 3213 4677 fierit
3242 4625 3392 4676 super
3417 4626 3493 4663 eo.
3525 4610 3619 4665 llis
3648 4612 3806 4670 factis
3826 4616 3918 4670 .ln.

2320 4700 2449 4768 seph
2480 4715 2599 4769 qum
2642 4716 2670 4752 a
2718 4709 2867 4770 patre
2897 4699 3144 4754 mandata
3177 4712 3330 4756 erant
3355 4705 3574 4772 exsequi
3603 4709 3836 4762 curarit.
3864 4712 3917 4763 2.

2322 4788 2385 4841 Et
2414 4807 2533 4843 mox
2560 4793 2821 4845 mandavit
2847 4792 3231 4863 pollinctoribus
3257 4834 3271 4857 ,
3315 4805 3368 4846 nt
3414 4797 3681 4863 sepelirent
3722 4812 3917 4868 patrem

2317 4897 2479 4933 suum
2514 4882 2564 4935 5.
2600 4881 2664 4933 Et
2691 4883 2797 4948 ipse
2820 4883 3019 4952 quidem
3042 4886 3377 4953 quadraginta
3407 4886 3580 4941 diebus
3599 4928 3613 4951 ,
3651 4889 3916 4962 Afgyptus

2317 4984 2484 5026 autem
2510 4976 2830 5043 septuaginta
2860 4975 3032 5028 diebus
3052 4992 3164 5028 cum
3188 4978 3337 5029 luxit.
3374 4978 3435 5032 Et
3462 4992 3752 5051 postquam
3773 4985 3913 5053 justa

2316 5067 2491 5119 onmia
2523 5068 2788 5135 persoluta
2821 5077 2963 5133 sunt,
2996 5069 3312 5138 siguiliCaVit
3337 5071 3622 5131 Pharaoni.
3654 5086 3708 5131 et
3737 5078 3806 5131 iis
3829 5082 3910 5149 qui

2312 5172 2431 5211 cum
2460 5172 2525 5211 eo
2553 5165 2736 5219 erant,
2778 5174 2896 5227 qua:
2941 5160 3009 5212 illi
3044 5170 3194 5229 pater
3220 5161 3393 5217 adhuc
3431 5166 3583 5219 vivus
3610 5165 3909 5221 demanda-

2314 5259 2411 5308 rat,
2442 5257 2494 5301 et
2519 5247 2651 5301 dixit
2684 5266 2696 5300 :
2730 5250 2782 5304 5.
2813 5250 3078 5315 Adjurarit
3106 5268 3185 5304 me
3214 5264 3356 5318 pater
3380 5272 3519 5307 uicus
3543 5296 3558 5319 ,
3592 5258 3773 5312 dicens
3801 5278 3818 5313 :
3853 5261 3907 5313 In

2310 5338 2541 5404 sepulcro
2559 5379 2571 5400 ,
2600 5339 2734 5407 quod
2760 5341 2867 5409 [odi
2892 5341 3015 5392 mihi
3043 5341 3094 5394 in
3120 5353 3253 5395 terra
3281 5344 3524 5397 Chanaan
3547 5387 3561 5410 ,
3595 5348 3704 5417 illic
3729 5368 3811 5404 me
3829 5369 3907 5406 se-

2310 5432 2481 5498 pelies.
2502 5428 2656 5482 Nunc
2680 5431 2832 5500 igitur
2852 5434 3142 5497 ascendam,
3167 5445 3212 5485 et
3234 5436 3473 5503 sepeliant
3497 5447 3693 5506 patrem
3718 5459 3900 5508 meum,

2308 5535 2352 5575 et
2384 5523 2571 5575 redibo.
2604 5522 2831 5592 .Equum
2855 5539 2885 5577 e
2918 5533 2967 5585 t,
3015 5526 3202 5594 inquit,
3231 5538 3285 5579 ut
3306 5544 3427 5595 qua:
3452 5529 3518 5583 al)
3544 5546 3611 5585 en
3637 5546 3905 5605 pra‘Cepta

2307 5623 2451 5678 sunt,
2484 5617 2730 5684 impleam
2789 5615 2885 5671 ΕΜ
2919 5617 3076 5685 igitur
3100 5632 3160 5671 ca
3194 5619 3371 5673 iecero
3402 5636 3519 5690 qua-
3542 5624 3785 5689 jusserit,
3818 5645 3899 5682 rc-

2307 5704 2448 5759 diho.
2482 5704 2601 5758 lla'c
2626 5708 2867 5759 utamliit
2888 5747 2903 5769 ,
2940 5708 3177 5775 permisit
3211 5709 3435 5765 I’harao.
3466 5712 3515 5765 7.
3549 5712 3614 5766 Et
3641 5722 3896 5782 ascendit,

2305 5796 2494 5865 inquit,
2522 5797 2710 5868 Joseph
2740 5810 2790 5854 ut
2817 5817 2889 5871 se;
2909 5802 3047 5856 eliret
3073 5815 3266 5874 putrem
3288 5821 3455 5863 suum.
3481 5818 3525 5861 et
3550 5809 3706 5862 simul
3724 5826 3889 5865 lescen-
