4186 6324
260 471 374 531 577

240 584 433 641 derunt
458 602 579 640 cunt
614 600 676 640 eo
716 600 891 640 omnes
934 583 1065 639 serti
1113 581 1423 637 Pharaonis.
1455 579 1509 636 8.
1554 576 1635 655 Et
1657 593 1853 649 cognao

242 674 433 729 tionem
459 717 477 742 ,
508 686 556 732 et
584 677 731 733 boues
758 687 805 733 et
834 693 948 731 oves
972 677 1313 747 reliquerunt,
1346 674 1399 731 9.
1431 683 1480 729 et
1499 672 1651 727 simul
1674 686 1855 725 ascen-

241 763 428 820 derunt
454 784 576 821 cum
616 785 676 823 eo
712 784 895 822 currus
933 776 981 821 et
1007 768 1197 838 equites
1214 806 1230 829 ,
1277 776 1324 821 et
1353 765 1491 835 facta
1526 773 1648 820 sunt
1689 771 1858 817 castra

227 872 434 926 magna
462 859 628 913 valde.
660 857 794 915 Vide
815 870 1075 931 quantum
1112 858 1346 914 officium
1368 855 1654 912 declarent
1688 853 1859 925 Egy-

241 946 333 1015 ptii
364 949 420 1003 in
450 948 713 1006 honorem
741 949 966 1022 Ioseph,
994 959 1051 1006 et
1077 958 1341 1006 venerunt
1363 964 1486 1005 cum
1513 946 1712 1018 Ioseph
1734 988 1750 1013 ,
1783 945 1856 1001 ita

240 1049 295 1093 ut
331 1038 530 1093 tierent
556 1049 735 1097 castra
761 1056 975 1113 magna.
1015 1042 1104 1097 10.
1128 1040 1201 1095 Et
1226 1051 1281 1095 ut
1318 1049 1561 1095 uenerunt
1589 1039 1659 1094 ad
1683 1037 1856 1093 locum

238 1128 541 1197 quemdam,
571 1131 879 1201 planxerunt
907 1148 1022 1186 eum
1045 1133 1256 1204 planctu
1284 1148 1499 1203 magno,
1531 1140 1579 1187 et
1601 1130 1748 1186 valde
1774 1145 1857 1186 tte-

239 1220 484 1276 hementi.
511 1223 579 1277 Et
605 1226 727 1295 fecit
747 1226 1007 1295 planctum
1032 1226 1170 1297 patri
1189 1241 1283 1282 suo
1303 1234 1493 1296 septem
1513 1225 1640 1281 dies.
1666 1225 1755 1280 ll.
1785 1222 1856 1279 Et

240 1311 481 1367 viderunt
520 1314 827 1370 habitatores
864 1315 1114 1371 Chanaan
1135 1356 1152 1382 ,
1193 1326 1243 1371 et
1289 1317 1527 1377 dixerunt
1556 1331 1576 1370 :
1611 1313 1856 1371 Planctus

239 1419 463 1473 magnus
501 1415 577 1459 est
608 1404 899 1478 Egyptiis.
928 1406 1153 1479 Propter
1175 1409 1273 1463 hoc
1295 1408 1488 1462 vocarit
1513 1424 1697 1463 nomen
1723 1407 1851 1477 loci,

241 1493 499 1551 Planctus
524 1496 745 1570 IEgypti
761 1540 777 1564 ,
804 1500 897 1571 qui
922 1508 996 1555 est
1019 1509 1163 1555 trans
1188 1500 1492 1555 Iordanem.

312 1586 423 1643 Cur
443 1605 662 1660 magnus
691 1593 927 1662 planctus
946 1593 1002 1647 in
1038 1591 1208 1648 Veteri
1231 1592 1853 1649 Testamento.—Verum

240 1688 295 1733 tn
308 1679 437 1737 tunc
458 1682 711 1754 audiens,
724 1683 1013 1752 dila:te,ne
1026 1686 1343 1757 simpliciter
1361 1695 1734 1758 praetercurre,
1755 1683 1854 1742 sed

242 1780 459 1841 tempus
484 1775 678 1844 cogita,
696 1790 805 1845 quo
823 1775 960 1832 facta
981 1787 1126 1845 sunt,
1152 1788 1206 1833 et
1230 1779 1298 1834 ab
1327 1779 1471 1835 omni
1500 1778 1655 1849 culpa
1682 1778 1852 1834 libera

238 1860 466 1933 Ioseph.
500 1863 747 1920 Nondum
773 1867 917 1922 enim
945 1866 1159 1927 fuerant
1188 1878 1357 1939 portae
1402 1868 1596 1925 inferni
1639 1868 1854 1925 confra-

240 1963 363 2020 (ιω,
390 1971 569 2027 neque
591 1957 781 2014 mortis
804 1960 1016 2015 vincula
1037 1960 1317 2029 dissoluta,
1338 1977 1511 2034 neque
1531 1977 1678 2019 mors
1699 1962 1857 2019 dice-

243 2044 403 2101 batur
430 2047 705 2105 dormitio.
744 2050 813 2106 Et
841 2051 1045 2108 idcirco
1086 2054 1209 2125 quia
1256 2055 1549 2112 timuerunt
1572 2066 1799 2113 mortem
1831 2098 1849 2126 ,

243 2135 362 2192 iure
389 2136 665 2195 faciebant
698 2161 712 2198 :
746 2157 887 2198 nunc
911 2154 1090 2199 autem
1122 2153 1340 2216 propter
1358 2148 1588 2218 gratiam
1618 2146 1849 2216 Christi,

240 2228 367 2296 quia
398 2244 548 2286 mors
574 2231 709 2287 facta
741 2242 825 2288 est
851 2249 1075 2290 somnus
1096 2277 1115 2305 ,
1144 2239 1541 2293 consummatio
1568 2247 1624 2294 et
1652 2239 1806 2310 quies
1829 2280 1848 2307 ,

238 2333 304 2374 ac
328 2329 480 2377 certa
510 2322 790 2394 multaque
819 2333 946 2380 sunt
969 2328 1386 2384 resurrectionis
1415 2328 1609 2385 indicia
1634 2371 1650 2395 ,
1696 2330 1850 2400 quasi

241 2409 309 2464 de
329 2411 443 2465 vita
469 2410 522 2465 iu
543 2411 707 2467 vitam
739 2414 1100 2471 transferendi
1119 2457 1138 2484 ,
1168 2418 1247 2474 sic
1268 2418 1602 2475 exsultamus
1625 2427 1683 2475 et
1702 2420 1852 2475 heta-

241 2516 385 2555 mur.
420 2503 488 2557 Et
510 2502 638 2573 quid
673 2504 796 2561 dico
823 2505 892 2563 de
920 2506 1027 2562 vita
1055 2508 1107 2562 in
1136 2509 1340 2564 vitam?
1370 2511 1447 2566 De
1486 2512 1740 2589 deteriori
1781 2512 1851 2569 ad

241 2591 523 2647 meliorem
545 2634 560 2660 ,
593 2593 662 2649 de
690 2598 969 2667 temporali
996 2598 1063 2653 ad
1094 2609 1355 2655 :cternam
1388 2644 1402 2666 ,
1431 2601 1500 2657 de
1540 2611 1750 2658 terrena
1780 2604 1849 2659 ad

241 2680 537 2737 czelestcm.
564 2684 653 2738 ii.
681 2684 752 2739 Et
781 2688 1011 2755 peractis
1055 2690 1304 2745 omnibus
1332 2732 1348 2757 ,
1380 2691 1551 2761 inquit
1574 2734 1589 2757 ,
1621 2710 1851 2750 reversus

242 2780 313 2824 at
336 2771 538 2843 Ioseph
557 2775 609 2828 in
656 2775 947 2847 £gyptum
979 2821 995 2845 ,
1020 2779 1131 2850 ipse
1157 2792 1205 2834 et
1232 2786 1418 2851 fratres
1444 2786 1573 2854 ejus,
1603 2795 1651 2839 ct
1676 2801 1849 2840 omnes

240 2862 329 2930 qui
367 2878 487 2918 cum
516 2881 574 2919 eo
612 2868 967 2923 ascenderant.
1017 2869 1127 2927 Sed
1158 2872 1280 2928 vide
1314 2877 1851 2950 cotisequenter‘fra-

243 2958 385 3006 trum
410 2952 610 3025 Ioseph
643 2956 890 3013 timorem
913 2958 1020 3026 hic,
1043 2972 1099 3017 et
1119 2970 1378 3021 terrorem
1400 2982 1585 3023 eorum
1610 2980 1848 3026 mentem

240 3044 665 3102 concutientem.
711 3049 799 3104 l5.
845 3049 915 3105 Ut
944 3052 1175 3108 uiderunt
1201 3066 1370 3111 autem
1395 3058 1581 3126 fratres
1606 3059 1803 3133 Ioseph
1829 3104 1845 3129 ,

239 3136 378 3203 quod
398 3146 630 3191 mortuus
658 3148 786 3193 esset
814 3150 959 3209 pater
983 3159 1126 3208 suus,
1158 3145 1393 3199 dixerunt
1424 3164 1444 3201 :
1476 3148 1559 3203 Ne
1582 3154 1717 3220 forte
1745 3169 1849 3207 me-

239 3241 353 3277 mor
378 3225 446 3279 sit
473 3225 679 3297 injuria
704 3238 890 3284 nostra:
911 3229 1110 3304 Ioseph
1138 3276 1153 3300 ,
1185 3245 1234 3289 et
1274 3237 1516 3291 retribuat
1554 3241 1849 3299 retributio-

244 3330 357 3368 nem
390 3317 536 3373 nobis
565 3361 580 3385 ,
624 3330 672 3374 et
717 3324 890 3377 omnia
918 3326 1055 3379 male.
1083 3343 1199 3397 qua:
1237 3330 1291 3383 in
1327 3347 1440 3383 eum
1482 3334 1846 3390 commisimus.

241 3403 446 3462 Terror
470 3409 677 3464 validus
703 3427 888 3467 eorum
921 3428 1154 3473 mentem
1186 3422 1489 3488 perculerat
1528 3465 1542 3489 ,
1572 3434 1625 3479 et
1651 3442 1679 3477 a
1712 3441 1847 3482 cnn-

156 3531 171 3537 -
238 3495 463 3552 scicntia
479 3499 760 3570 stimulati,
776 3506 1089 3562 nesciebant
1109 3511 1236 3578 quid
1259 3511 1512 3567 facerent.
1531 3513 1845 3585 Propterea,

241 3588 392 3653 dicit,
426 3606 549 3646 cum
576 3592 832 3651 vidissent
863 3600 1029 3667 patris
1056 3610 1284 3659 mortem
1312 3646 1325 3668 ,
1355 3608 1511 3661 veriti
1539 3623 1608 3664 ne
1631 3610 1844 3679 dignam

238 3677 307 3735 tle
332 3694 392 3736 se
423 3698 634 3752 pinnam
682 3701 920 3746 sumeret
944 3690 1145 3764 Ioseph
1172 3736 1188 3763 ,
1234 3698 1304 3753 ob
1337 3714 1397 3754 ea
1444 3716 1566 3771 qua:
1608 3703 1659 3756 iu
1694 3705 1841 3758 illum

242 3784 620 3844 peccaverant,
650 3779 740 3835 16.
770 3781 1101 3841 Aduenientes
1124 3788 1194 3842 ad
1217 3805 1332 3845 eum
1370 3792 1610 3851 dixerunt
1636 3813 1656 3850 :
1682 3796 1845 3853 Pater

241 3871 358 3916 tuus
395 3867 655 3937 adjuraait
684 3888 778 3927 nos
806 3875 947 3943 prius
972 3894 1124 3948 quam
1155 3896 1439 3940 moreretur
1464 3930 1478 3955 ,
1503 3888 1676 3945 dicens
1703 3909 1721 3945 :
1748 3891 1844 3947 Di-

238 3952 337 4006 cite
359 3951 558 4025 Ioseph
588 4000 604 4024 ,
632 3959 828 4017 dimitte
871 3966 945 4019 eis
996 3968 1301 4039 injustitiam
1334 3951 1474 4031 hanc
1503 3989 1553 4034 et
1579 3993 1841 4051 peccatum

236 4057 432 4098 eorum.
483 4045 614 4103 Vide
660 4051 850 4108 iterum
881 4097 897 4122 ,
930 4060 1201 4126 quomodo
1236 4064 1335 4133 ipsi
1376 4045 1717 4126 accusatores
1758 4074 1839 4129 sui

237 4133 473 4201 ipsorum
503 4138 633 4193 sint.
667 4140 800 4198 Vide
826 4157 1021 4214 quanta
1057 4160 1141 4206 est
1160 4156 1502 4213 conscientia:
1540 4163 1837 4233 reprehen-

238 4224 337 4280 sio.
356 4227 592 4285 Omnino
617 4234 786 4303 scitis,
811 4252 911 4293 vos
931 4239 1241 4317 injustitiam
1270 4256 1324 4301 et
1350 4224 1627 4320 peccatum
1654 4269 1842 4325 opera-

239 4324 316 4370 tus
340 4332 481 4384 esse,
510 4324 756 4395 malaque
780 4329 832 4383 ei
854 4331 1183 4392 exhibuisse.
1219 4338 1289 4392 Et
1309 4358 1443 4396 nunc
1469 4348 1647 4415 accipe
1688 4324 1834 4417 inju-

237 4408 425 4462 stitiam
454 4428 715 4471 servorum
744 4418 840 4474 Dei
868 4424 1029 4492 patris
1055 4429 1148 4481 tui.
1178 4428 1340 4486 Vides
1386 4408 1657 4504 quomodo
1688 4408 1837 4497 nullo

230 4496 461 4570 cogente
486 4505 566 4559 sui
597 4512 801 4575 peccati
833 4525 959 4569 sunt
985 4525 1149 4575 testes
1179 4561 1193 4585 ,
1225 4531 1281 4577 et
1306 4496 1491 4593 dicunt
1526 4546 1539 4581 :
1569 4528 1715 4584 Dixit
1737 4549 1835 4603 pa-

238 4596 317 4643 ter
340 4599 482 4658 tuus,
516 4594 727 4653 Dimitte
753 4602 825 4656 eis
853 4644 870 4669 ,
919 4607 1038 4676 quia
1077 4609 1217 4665 mala
1241 4614 1332 4667 tibi
1374 4618 1711 4676 exhibuerunt
1787 4636 1834 4680 et

232 4682 407 4750 accipe
441 4686 746 4751 iniustitiam
770 4710 1031 4751 servorum
1070 4698 1162 4755 Dei
1188 4707 1348 4773 patris
1383 4709 1477 4764 tui.
1507 4712 1612 4766 Sed
1643 4682 1833 4770 beatus

233 4768 318 4826 hic
341 4783 395 4827 et
417 4783 559 4831 totus
588 4778 873 4838 virtutibus
899 4788 1074 4844 clarus
1101 4832 1115 4856 ,
1154 4768 1358 4849 tantum
1398 4798 1616 4869 aberat,
1645 4768 1701 4858 ut
1730 4807 1832 4861 ali-

230 4877 389 4931 quam
422 4872 737 4928 memoriam
764 4879 1022 4935 retineret
1041 4897 1229 4939 eorum
1256 4903 1376 4958 qua:
1400 4890 1452 4945 in
1482 4907 1541 4948 se
1570 4894 1827 4966 fecerant,

229 4964 287 5008 ει
308 4958 472 5013 etiam
503 4963 680 5019 verbis
701 4981 885 5023 eorum
913 4972 1113 5029 auditis
1134 4982 1483 5039 conturbatus
1510 4987 1601 5053 sit,
1632 4989 1700 5043 Et
1728 4993 1826 5059 fle-

225 5044 298 5097 eit
317 5088 334 5112 ,
367 5049 558 5119 inquit,
580 5053 795 5128 Ioseph,
818 5062 1132 5132 loquentibus
1156 5069 1259 5123 illis
1286 5091 1473 5127 secum.
1532 5044 1620 5132 id.
1649 5044 1829 5137 Et've-

222 5147 430 5205 ncrunt,
459 5150 507 5193 et
532 5142 772 5202 dixerunt
796 5191 811 5215 ,
857 5152 988 5208 Ecce
1024 5175 1115 5211 nos
1144 5164 1274 5215 servi
1307 5167 1541 5224 tui.Vide
1567 5184 1823 5241 quantum

227 5228 400 5281 valeat
428 5230 595 5286 virtus
617 5275 633 5299 ,
664 5252 825 5307 quam
854 5244 1027 5298 valida
1075 5260 1129 5303 et
1166 5228 1604 5327 inexpugnabilis
1630 5266 1697 5318 sit
1724 5307 1739 5331 ,
1772 5278 1827 5322 et

221 5325 419 5424 quanta
447 5321 661 5380 malitia:
702 5328 1004 5389 inﬁrmitas.
1047 5337 1186 5395 Ecce
1212 5321 1396 5409 enim:
1431 5349 1519 5405 illc
1546 5394 1558 5412 ,
1592 5358 1680 5424 qui
1711 5321 1824 5413 lia‘e

216 5407 438 5504 quidem
467 5425 661 5479 passus
676 5429 781 5484 est,
814 5434 1035 5494 regnat:
1069 5432 1157 5499 qui
1185 5445 1362 5491 autem
1392 5441 1458 5494 ita
1510 5407 1821 5504 afflixerunt

227 5496 465 5558 lratrem.
500 5504 682 5561 famuli
713 5510 830 5579 ejus
858 5530 978 5571 esse
1008 5531 1197 5589 orant,
1231 5540 1388 5595 quem
1420 5532 1471 5585 in
1501 5538 1814 5595 servitutem

218 5601 598 5657 exposuerunt.

284 5676 337 5728 5.
374 5676 521 5735 Finis
535 5685 759 5743 historia
783 5690 996 5765 Iosephi
1019 5718 1037 5763 ;
1064 5705 1248 5770 fratres
1272 5723 1383 5760 cum
1409 5711 1655 5781 ineﬂabili
1683 5737 1819 5777 man-

216 5769 481 5867 r'uetudine
504 5780 798 5834 consolatur
818 5798 864 5837 et
892 5787 1033 5843 bonis
1060 5798 1323 5861 cumulat;
1353 5805 1570 5860 moriens
1598 5812 1815 5867 reditum

223 5848 510 5915 ludaorum
548 5869 1074 5935 pra’dicit.—~Verum
1110 5894 1162 5940 tu
1190 5890 1311 5944 audi
1344 5894 1679 5954 clementiam
1722 5904 1813 5954 Jo-

1342 468 1410 526 lN
1449 467 1604 524 CAP.
1647 465 1709 523 L.
1750 461 2001 523 GENES.
2045 461 2280 519 liOSllL.
2320 461 2531 520 LXVII.

1972 574 2104 645 septi
2129 574 2183 628 in
2213 573 2403 630 fratres
2427 614 2443 641 ,
2475 589 2580 628 non
2610 571 2941 628 recordantis
2968 570 3301 645 iniuriarum
3326 612 3341 634 .
3363 580 3418 628 et
3441 587 3584 643 quo-

1968 667 2130 722 modo
2150 666 2402 721 omnibus
2428 664 2603 720 modis
2631 680 2726 721 eos
2754 663 3027 721 consulari
3056 665 3179 721 velit
3207 706 3224 731 ,
3255 674 3313 733 et
3349 665 3432 721 eis
3455 678 3584 736 per-

1967 757 2203 815 suadere
2230 799 2246 823 ,
2279 758 2434 829 quasi
2460 758 2594 812 nihil
2634 760 2686 811 in
2734 772 2795 813 se
2824 756 3188 828 peccaverint.
3220 754 3362 810 Dicit
3388 752 3538 811 enim
3565 774 3582 813 :

1968 851 2057 907 i9.
2093 849 2176 905 Ne
2205 852 2468 914 timeatis;
2497 847 2600 905 Dei
2627 849 2762 905 enim
2792 866 2908 904 sum
2945 865 3060 919 ego.
3102 847 3199 905 20.
3246 845 3353 904 Vas
3387 848 3588 920 cogita.

1966 943 2059 997 stis
2104 953 2400 1009 contrame
2439 944 2580 996 mala
2608 958 2627 1007 ;
2656 941 2798 997 Deus
2826 952 2997 997 autem
3035 942 3277 1015 cogitavit
3299 957 3395 1013 pro
3420 958 3502 995 me
3530 942 3587 997 in

1966 1033 2098 1089 bona
2121 1076 2134 1099 ,
2160 1034 2417 1106 quomodo
2442 1038 2657 1105 factum,
2688 1034 2820 1088 sicut
2852 1035 3006 1088 hodie
3024 1034 3219 1099 videtis,
3255 1043 3310 1087 ut
3340 1044 3587 1105 pascatur

1965 1126 2188 1197 populus
2219 1126 2425 1180 multus.
2446 1125 2524 1181 Ne
2547 1126 2802 1193 timentis,
2832 1126 3026 1196 inquit,
3059 1140 3235 1196 neque
3261 1125 3408 1181 anxii
3434 1125 3579 1184 sitis:

1969 1215 2064 1271 Dei
2088 1219 2222 1273 enini
2246 1235 2361 1273 sum
2385 1235 2499 1290 ego,
2528 1227 2583 1274 et
2606 1218 2890 1274 Dominum
2923 1234 3100 1274 meum
3131 1218 3313 1273 imitor
3336 1261 3352 1287 ,
3382 1234 3449 1276 ac
3484 1220 3587 1278 hee

1964 1310 2158 1367 neiieia
2202 1310 2503 1381 rependere
2546 1310 2739 1366 studeo
2783 1310 2850 1366 iis
2885 1311 2977 1382 qui
3006 1327 3112 1365 non
3142 1311 3364 1368 ferenda
3391 1322 3585 1372 contra

1964 1419 2053 1460 me
2083 1403 2364 1460 fecerunt:
2393 1402 2490 1458 Dei
2530 1404 2666 1459 enim
2701 1420 2818 1460 sum
2858 1420 2971 1476 ego.
3017 1404 3228 1461 Deinde
3253 1420 3379 1460 cum
3422 1422 3585 1462 mou-

1963 1506 2187 1552 strasset
2212 1504 2413 1568 quanta
2438 1512 2561 1552 eum
2591 1495 2969 1552 benevolentia
2996 1507 3357 1568 prosequutus
3384 1508 3533 1556 esset
3560 1540 3578 1565 ,

1962 1586 2121 1641 dicit:
2150 1587 2254 1642 Vos
2284 1587 2423 1642 mala
2452 1599 2635 1643 mente
2655 1586 2773 1643 htec
2797 1597 2986 1643 contra
3021 1603 3109 1643 me
3152 1588 3354 1645 fecistis
3382 1632 3399 1656 ,
3426 1589 3571 1648 Deus

1962 1686 2145 1735 autem
2173 1680 2227 1734 in
2266 1679 2466 1735 bonum
2499 1680 2630 1734 mihi
2656 1680 2836 1735 omnia
2864 1678 3044 1735 vertit.
3073 1678 3278 1735 Idcirco
3308 1690 3363 1735 et
3384 1680 3583 1738 Paulus

1963 1770 2207 1827 dicebat:
2234 1770 2581 1844 Diligentibus
2620 1771 2787 1827 Deum
2815 1772 2989 1827 omnia
3016 1783 3361 1844 cooperantur
3404 1775 3458 1829 in
3487 1778 3578 1831 bo-

1962 1881 2084 1919 num
2112 1864 2291 1935 (Rom.
2320 1868 2377 1921 8.
2407 1865 2523 1937 28).
2557 1865 2768 1932 Omnia,
2803 1865 2998 1937 inquit.
3027 1866 3165 1935 Quid
3194 1878 3299 1933 est,
3333 1868 3524 1923 Omnia
3555 1870 3584 1925 .’

1961 1956 2030 2013 Et
2057 1956 2306 2025 adversa,
2334 1968 2390 2014 et
2414 1974 2534 2029 qua:
2553 1959 2877 2015 contristare
2906 1959 3180 2028 videntur,
3208 1962 3372 2017 etiam
3402 1963 3501 2018 ista
3525 1965 3584 2021 in

1960 2045 2161 2103 bonum
2188 2058 2376 2105 mutat.
2422 2050 2535 2105 Hoc
2574 2051 2760 2121 utique
2784 2059 2841 2106 et
2863 2050 2917 2105 in
2945 2050 3049 2107 hoe
3070 2050 3217 2122 justo
3245 2051 3443 2109 factum
3473 2065 3579 2112 est.

1959 2139 2094 2197 Nam
2121 2157 2240 2214 qua:
2281 2158 2312 2198 a
2354 2142 2611 2202 fratribus
2637 2144 2775 2201 facta
2802 2155 2930 2201 sunt
2950 2188 2969 2215 ,
3000 2162 3063 2203 ea
3090 2148 3326 2205 maxime
3352 2165 3582 2221 regnum

1959 2232 2011 2287 ei
2053 2234 2413 2291 conciliarunt
2459 2245 2679 2307 propter
2706 2238 2800 2294 Det
2833 2239 3152 2309 sapientiam
3184 2281 3201 2307 ,
3242 2257 3365 2313 qua:
3392 2243 3577 2299 omnia

1960 2322 2099 2379 mala
2129 2323 2182 2379 in
2206 2325 2406 2381 bonum
2432 2336 2751 2383 commutat.
2784 2327 2851 2384 (lt
2880 2340 3141 2399 pascatur,
3174 2333 3365 2402 inquit,
3404 2351 3577 2403 popu-

1958 2416 2039 2472 lus
2066 2418 2280 2474 multus.
2324 2420 2442 2477 Non
2477 2421 2653 2478 solum
2705 2434 2883 2481 vestra
2913 2440 3075 2483 causa
3106 2428 3221 2483 inec
3266 2429 3318 2483 in
3374 2429 3577 2487 bonum

1958 2506 2162 2576 vertit,
2203 2511 2299 2567 sed
2328 2521 2386 2568 ut
2410 2522 2464 2569 et
2490 2515 2667 2569 omnis
2696 2516 2784 2571 ille
2811 2517 3042 2587 populus
3071 2519 3220 2590 pasci
3250 2522 3442 2591 possit.
3476 2521 3574 2578 2|.

1960 2598 2027 2653 Et
2048 2601 2177 2655 dixit
2202 2604 2274 2657 eis
2299 2620 2318 2658 :
2335 2603 2421 2659 Ne
2440 2606 2659 2661 linteatis
2680 2622 2699 2661 :
2720 2624 2812 2679 ego
2834 2625 3042 2679 pascam
3072 2626 3179 2677 vos,
3205 2623 3251 2665 et
3280 2612 3462 2668 domus
3488 2630 3578 2669 ve-

1956 2699 2109 2746 stras.
2141 2691 2210 2746 Et
2227 2696 2520 2751 consolatus
2540 2708 2613 2752 est
2637 2716 2742 2763 eos,
2769 2710 2816 2755 et
2839 2701 3080 2767 loquutus
3101 2712 3174 2756 est
3196 2703 3248 2757 in
3269 2720 3359 2757 cor
3376 2722 3573 2761 eorum.

1956 2783 2095 2852 Quid
2118 2786 2299 2857 igitur,
2326 2788 2515 2860 inquit,
2546 2790 2748 2847 timetis
2772 2793 2795 2845 ?
2825 2793 2938 2865 Ego
2966 2794 3325 2865 suppeditaho
3340 2797 3576 2853 alimen-

1959 2883 2010 2930 ta
2039 2877 2193 2932 vobis
2226 2921 2243 2946 ,
2274 2888 2328 2934 et
2348 2881 2601 2937 omnibus
2632 2883 2719 2952 qui
2752 2884 3028 2940 vobiscum
3052 2896 3196 2941 sunt.
3224 2884 3293 2941 Et
3324 2891 3571 2944 consola-

1959 2976 2040 3021 tus
2063 2977 2137 3022 est
2163 2984 2266 3033 eos,
2301 2979 2348 3023 et
2376 2970 2617 3042 loquutus
2638 2984 2714 3027 est
2739 2976 2793 3029 in
2818 2992 2909 3030 cor
2929 2992 3127 3031 eorum.
3156 2977 3273 3033 Non
3306 2980 3574 3054 simplici-

1957 3060 2093 3116 citer
2122 3076 2219 3117 eos
2244 3064 2556 3121 consolatus
2577 3076 2679 3134 est,
2706 3068 2801 3124 sed
2836 3079 2985 3126 tanto
3009 3088 3140 3128 usus
3166 3083 3250 3129 est
3274 3074 3479 3143 officio,
3510 3086 3572 3133 ut

1956 3153 2036 3223 eis
2061 3169 2276 3211 omnem
2317 3158 2593 3213 tristitiam
2618 3175 2649 3214 e
2676 3161 2841 3219 corde
2866 3163 3153 3221 eximeret.
3199 3167 3293 3223 22.
3330 3166 3397 3223 Et
3428 3172 3578 3227 habi-

1932 3234 2083 3302 .‘tavit
2107 3245 2303 3317 Ioseph
2329 3248 2384 3301 in
2414 3247 2672 3322 Ai'gyp‘to;
2701 3252 2809 3323 ipse
2837 3262 2886 3307 et
2914 3254 3103 3323 fratres
3127 3259 3260 3328 ejus,
3287 3276 3404 3315 cum
3431 3265 3575 3319 omni

1955 3334 2108 3390 domo
2154 3338 2316 3409 patris
2348 3340 2447 3394 sui.
2490 3341 2582 3397 25.
2622 3341 2693 3396 Et
2730 3343 2855 3398 vidit
2910 3345 3108 3419 Ioseph
3149 3348 3286 3417 filios
3320 3351 3576 3425 Epltraim

1954 3445 2114 3499 usque
2167 3432 2221 3485 in
2269 3434 2469 3513 tertiam
2508 3437 2908 3505 generationem.
2953 3438 3050 3496 ει.
3094 3440 3161 3496 Et
3201 3445 3445 3515 loquutus
3496 3459 3571 3505 est

1952 3522 2148 3593 Ioseph
2182 3526 2429 3594 fratribus
2449 3510 2576 3596 suis,
2603 3529 2777 3585 dicens
2805 3546 2825 3584 :
2852 3530 2987 3587 Ecce
3015 3516 3223 3589 moiior.
3260 3536 3566 3598 Visitatione

1956 3626 2129 3671 mitem
2160 3620 2382 3675 cisitabit
2409 3639 2495 3678 vos
2526 3622 2799 3694 Dominus,
2831 3636 2878 3680 et
2902 3628 3059 3683 simul
3088 3630 3423 3702 deportabitis
3451 3653 3571 3692 ossa

1953 3699 2066 3762 mea
2115 3712 2253 3765 hinc.
2310 3712 2442 3769 Vide
2485 3716 2758 3786 quomodo
2787 3726 2843 3772 et
2885 3719 2974 3775 illc
3002 3699 3193 3777 eadem
3240 3740 3361 3795 qua:
3418 3738 3574 3796 pater

1952 3806 2133 3853 curat:
2163 3802 2350 3856 volens
2406 3812 2464 3858 ut
2508 3807 2669 3861 simul
2695 3805 3039 3866 auferrenlur
3070 3812 3194 3868 inde
3224 3815 3393 3886 ipsius
3418 3834 3568 3886 ossa,

1951 3907 2057 3960 quo
2072 3893 2243 3963 magis
2264 3910 2453 3951 eorum
2473 3898 2889 3956 continuaretur
2909 3914 3165 3970 mens,.ct
3187 3908 3387 3963 bonam
3409 3926 3569 3982 spem

1951 3982 2212 4039 haberent
2230 3985 2299 4040 de
2324 3987 2499 4043 reditu
2521 4004 2641 4058 suo,
2674 3991 2904 4061 primum
2928 3992 3032 4050 hoc
3058 3998 3323 4067 prtcdicit,
3358 4003 3570 4059 reditu-

1948 4086 2041 4127 ros
2067 4072 2189 4128 illos
2222 4090 2347 4131 esse
2370 4118 2385 4143 ,
2415 4090 2469 4132 et
2498 4087 2625 4135 tunc
2670 4081 2800 4138 dicit
2832 4100 2847 4139 :
2891 4083 3072 4140 Simul
3116 4090 3287 4158 feretis
3312 4107 3429 4147 ossa
3456 4112 3569 4151 mea

1949 4164 2068 4219 hinc
2110 4167 2383 4222 uobiscum.
2418 4170 2534 4226 Hoc
2558 4181 2742 4229 autem
2770 4190 2879 4230 non
2914 4186 3121 4234 temere
3149 4195 3324 4251 neque
3356 4184 3560 4243 frustra

1949 4256 2176 4314 faciebat
2210 4279 2223 4316 :
2257 4261 2365 4315 duo
2395 4265 2541 4319 cnim
2559 4267 2746 4336 agebat
2774 4285 2788 4323 :
2824 4285 2989 4325 unum
3021 4312 3035 4336 ,
3072 4288 3140 4327 ne
3162 4273 3406 4349 Egyptii
3439 4297 3559 4338 me-

1945 4364 2127 4405 mores
2157 4352 2535 4410 beneficiorum
2566 4358 2704 4427 ejus,
2728 4374 2853 4415 cum
2880 4376 2978 4430 pro
3006 4378 3158 4420 more
3184 4381 3285 4422 suo
3316 4370 3468 4427 facile
3495 4389 3564 4432 ex

1946 4440 2254 4499 hominibus
2282 4446 2415 4503 deos
2444 4450 2794 4519 appellarent,
2824 4468 3025 4526 corpus
3044 4455 3177 4526 justi
3208 4459 3473 4521 haberent
3506 4469 3558 4523 in

1946 4533 2236 4604 impietatis
2275 4540 2657 4596 oceasionem:
2689 4544 2918 4599 alterum
2950 4586 2965 4610 ,
3010 4557 3069 4602 ut
3105 4552 3281 4607 securi
3324 4566 3378 4609 et
3421 4560 3559 4614 certi

1943 4627 2165 4681 omnino
2209 4640 2394 4686 essent
2440 4647 2500 4686 se
2548 4633 2840 4689 redituros.
2876 4636 3009 4691 Nam
3056 4641 3158 4693 nisi
3207 4641 3308 4698 hoc
3350 4657 3557 4705 certum

1944 4715 2151 4785 fuisset,
2180 4736 2284 4774 non
2305 4721 2554 4789 jussisset
2585 4740 2766 4780 secum
2800 4735 3078 4796 reportare
3108 4747 3250 4792 ossn.
3284 4736 3348 4792 Et
3370 4741 3556 4800 videre

1944 4807 2137 4863 licebat
2171 4826 2282 4865 rem
2321 4828 2515 4868 novam
2546 4826 2599 4869 et
2624 4816 2997 4875 admirabilem
3022 4865 3036 4888 ,
3063 4839 3191 4880 eum
3215 4829 3301 4897 qui
3329 4845 3551 4890 omnem

1940 4897 2191 4956 lsraelem
2216 4903 2267 4956 in
2290 4903 2526 4978 Egypto
2546 4909 2818 4977 pascebat,
2847 4911 2995 4969 illum
3024 4925 3078 4971 et
3102 4917 3297 4975 ducem
3325 4923 3553 4989 reditus.

1938 4999 1993 5045 et
2034 4991 2086 5045 in
2119 5002 2318 5049 terram
2351 4998 2731 5066 promissionis
2771 5003 2919 5072 ipsos
2967 5006 3421 5070 introduccutcm.
3455 5018 3551 5075 25.

1938 5079 2006 5133 Et
2036 5093 2264 5139 mortuus
2289 5096 2364 5140 est
2392 5086 2589 5157 Ioseph
2619 5108 2782 5147 annos
2822 5094 3013 5151 habens
3040 5111 3242 5155 centum
3271 5116 3320 5159 et
3349 5108 3549 5166 decem.

1936 5172 2114 5238 Quare
2150 5166 2317 5232 nobis
2359 5190 2414 5232 et
2461 5179 2602 5237 illius
2638 5200 2811 5240 annos
2856 5189 3179 5257 signiﬁcavit
3217 5195 3241 5247 ἲ
3272 5196 3339 5252 Ut
3370 5199 3551 5256 discas

1935 5274 2064 5334 quot
2105 5268 2262 5321 annis
2309 5268 2527 5341 Egypti
2568 5274 2925 5344 principatum
2958 5285 3454 5360 tenuerit.Septcm
3495 5302 3551 5348 et

1933 5354 2120 5411 decem
2148 5373 2415 5417 annorum
2444 5373 2561 5417 erat
2585 5407 2599 5429 ,
2630 5380 2751 5419 cum
2780 5370 2993 5426 veniret.
3040 5373 3090 5428 in
3134 5354 3427 5449 Egyptum
3452 5402 3467 5441 ;
3492 5399 3548 5441 et

1936 5449 2147 5518 triginta
2174 5467 2436 5508 annorum
2467 5455 2636 5511 factus
2666 5464 2969 5530 comparuit
2998 5482 3178 5522 coram
3210 5471 3491 5531 Pharaone
3522 5522 3536 5541 .

1931 5550 1984 5595 ct
2016 5541 2396 5610 interpretatus
2440 5556 2523 5601 est
2562 5552 2792 5605 somnia.
2838 5554 3037 5611 Deinde
3080 5565 3351 5633 octoginta
3383 5571 3539 5624 annis

1932 5632 2139 5699 prml’uit
2180 5636 2274 5688 toti
2329 5647 2485 5691 terra:
2511 5638 2751 5709 Egypti.
2798 5643 2990 5701 Vidisti
3032 5632 3305 5720 quomodo
3334 5658 3539 5725 majora

1928 5725 2037 5776 sint
2083 5728 2297 5792 prmmia
2344 5744 2504 5798 quam
2535 5730 2747 5789 labores
2775 5777 2787 5791 .
2822 5741 3313 5813 retributionesque
3354 5750 3541 5806 multi-

1929 5815 2092 5881 plices
2121 5815 2145 5868 ?
2172 5816 2453 5875 Trcdecim
2479 5826 2635 5877 annis
2662 5833 2885 5880 certavit
2920 5829 2971 5882 in
3007 5834 3391 5894 tentationibns
3412 5880 3427 5903 ,
3456 5841 3535 5897 fc-

1927 5922 2048 5959 rens
2074 5912 2384 5967 servitutem
2408 5955 2421 5982 ,
2453 5927 2504 5969 et
2536 5919 2860 5973 calumniam
2886 5923 3027 5979 illam
3053 5926 3309 6002 iniquam,
3330 5944 3384 5989 et
3405 5935 3539 5990 affli-
