4186 6324
251 346 351 409 581

778 459 1008 520 SERMO
1061 458 1338 528 ιιιιωυε,

263 596 485 654 Habitus
512 591 585 654 ἱιιε
613 596 871 669 principio
907 592 1333 668 Quadragesimar
1367 594 1424 649 in
1448 592 1603 659 illud,
1636 591 1693 647 In
1721 590 1869 662 prin-

329 688 476 763 cipio
503 685 807 743 fecit'Deus
841 685 1035 743 calum
1062 693 1120 742 et
1155 693 1353 743 terram
1376 681 1530 757 (Gen.
1583 683 1636 739 1.
1666 681 1763 754 1);
1806 695 1867 735 ac

328 780 396 836 de
410 779 694 853 jejunium!
720 779 1038 850 claraeque
1070 776 1168 850 (α).

337 911 393 967 1.
420 908 693 983 Ieiunium
738 909 843 966 reri
869 916 1219 981 comparatur.
1264 939 1338 952 —
1360 902 1665 966 Iucundum
1693 905 1870 962 nautis

255 1010 461 1059 est‘ver
486 1043 503 1070 ,
526 1000 823 1073 jucundum
854 1000 1140 1072 agricolis;
1164 1000 1262 1058 sed
1291 1016 1466 1073 neque
1493 1000 1671 1056 nautis
1696 1013 1872 1069 neque

254 1092 509 1165 agricolis
529 1093 602 1147 ita
626 1091 922 1162 jucundum
948 1107 1044 1147 ver
1079 1100 1185 1160 est,
1208 1100 1269 1148 ut
1292 1092 1598 1148 volentibus
1625 1089 1869 1161 philoso—

259 1184 417 1256 phari
453 1184 751 1256 jucundum
796 1196 881 1241 est
916 1184 1109 1257 jejunii
1161 1192 1395 1256 tempus,
1433 1184 1737 1240 animarum
1780 1198 1873 1235 ver

256 1276 580 1348 spirituale,
635 1276 1023 1349 cogitationum
1070 1293 1196 1335 vera
1245 1275 1675 1348 tranquillitas“.
1734 1273 1868 1328 Nam

256 1368 513 1439 agricolis
539 1383 635 1425 ver
683 1367 807 1424 ideo
826 1367 1127 1439 jucundum
1169 1377 1273 1434 est,
1328 1368 1452 1439 quia
1484 1376 1611 1423 tunc
1639 1378 1870 1423 corona-

257 1467 372 1515 tam
392 1460 577 1517 videat
605 1458 831 1516 naribus
858 1470 1054 1516 terram
1070 1486 1098 1527 ~,
1122 1469 1178 1516 et
1207 1460 1498 1516 herbarum
1534 1457 1708 1514 comis
1730 1456 1875 1512 velut

256 1550 461 1606 amictu
493 1549 729 1622 undique
752 1559 1001 1606 ornatam
1032 1567 1046 1604 :
1078 1551 1256 1606 nautis
1275 1550 1404 1607 item
1434 1565 1531 1606 ver
1552 1547 1871 1620 jucundum,

255 1639 385 1712 quia
416 1642 644 1695 marium
683 1640 841 1697 darsa
869 1649 984 1697 tuto
1012 1649 1239 1711 possunt
1266 1639 1493 1696 navibus
1521 1639 1754 1703 sulcare,
1783 1652 1875 1693 se-

256 1731 409 1791 datis.
429 1746 625 1802 nempe
650 1730 918 1798 fluctibus,
943 1732 1213 1802 delphinis
1235 1732 1521 1803 tranquille
1541 1730 1872 1797 ludentibus,

256 1834 316 1879 et
337 1823 405 1879 ad
451 1824 565 1894 ipsa
597 1826 749 1880 navis
791 1825 959 1882 latera
990 1824 1309 1894 plerumque
1338 1822 1736 1879 exsilientibus.
1769 1821 1876 1877 No-

259 1912 350 1970 bis
376 1924 559 1969 autem
589 1913 889 1984 jucundum
914 1914 1211 1986 est‘jejunii
1252 1930 1366 1978 ver,
1394 1914 1521 1985 quia
1551 1911 1747 1968 fluctus
1788 1926 1877 1965 no-

258 2002 370 2069 bis,
402 2018 510 2059 non
547 2003 832 2069 undarum,
878 2003 976 2059 sed
1005 2004 1365 2058 ahsurdorum
1399 2013 1642 2058 motuum
1673 2018 1875 2058 concu-

263 2096 763 2169 piscentiarumque
797 2097 1009 2162 sedare,
1044 2108 1098 2151 et
1128 2112 1385 2153 coronam
1428 2096 1605 2162 nobis,
1636 2109 1743 2151 non
1773 2094 1875 2148 lio-

262 2205 410 2257 rum,
459 2190 555 2246 sed
587 2190 884 2261 spiritualis
930 2191 1120 2262 gratia:
1176 2203 1360 2246 texere
1404 2191 1588 2247 solet:
1618 2190 1872 2246 Coronam

267 2283 560 2354 gratiarum
585 2326 601 2346 ,
649 2284 842 2355 inquit,
881 2285 1100 2355 accipies
1153 2286 1311 2357 capiti
1365 2295 1453 2339 tuo
1503 2284 1685 2356 (Prov.
1713 2286 1763 2340 1.
1794 2285 1876 2355 6).

265 2371 385 2429 Non
416 2374 496 2429 sic
520 2374 824 2432 adventans
851 2375 1083 2431 hirundo
1114 2376 1347 2432 hiemem
1374 2377 1515 2431 solet
1558 2377 1832 2448 depellere
1861 2418 1876 2441 ,

267 2464 653 2521 ut‘adventaus
681 2466 948 2536 jejunium
977 2466 1409 2523 turbulentorum
1438 2468 1603 2523 animi
1638 2478 1880 2523 motuum

270 2553 509 2611 hiemem
536 2570 566 2609 a
596 2556 755 2612 nobis
803 2556 970 2625 ejicit.
1014 2555 1132 2611 Non
1158 2557 1298 2612 ultra
1329 2572 1503 2630 pugna
1534 2558 1730 2613 animae
1757 2571 1880 2613 cum

268 2660 460 2711 carne,
493 2661 603 2702 non
648 2648 880 2719 insurgit
906 2648 1168 2704 adversus
1212 2649 1486 2705 dominam
1516 2649 1710 2707 ancilla
1736 2667 1753 2716 ;
1784 2648 1883 2707 sed

271 2734 583 2815 huiusmodi
614 2738 666 2792 in
713 2752 945 2807 corpore
968 2748 1174 2795 motum
1200 2741 1399 2797 bellum
1426 2750 1597 2799 totum
1631 2744 1881 2813 solvitur.

269 2826 721 2897 Quandoquidem
751 2828 915 2899 igitur
968 2844 1162 2901 magna
1191 2829 1422 2887 fruimur
1446 2846 1578 2903 pace
1602 2874 1618 2901 ,
1648 2833 1884 2904 ingenti-

271 2934 380 2990 que
430 2920 862 2991 tranquiltitate,
915 2936 1055 2993 age,
1106 2933 1163 2977 et
1217 2937 1318 2978 nos
1366 2941 1581 2994 quoque
1622 2925 1886 2981 doctrina:

271 3013 532 3085 scapham
564 3008 842 3071 trahamus
866 3058 884 3083 ,
937 3024 1101 3086 atque
1126 3031 1193 3072 ex
1224 3026 1385 3085 portu
1412 3017 1467 3071 in
1496 3018 1635 3073 bene
1666 3018 1884 3075 affecta-

272 3119 397 3161 rum
427 3106 639 3161 aurium
662 3115 965 3161 vestrarum
995 3115 1213 3177 portum
1236 3106 1689 3163 tmnsmittamus.
1737 3109 1851 3180 Age
1869 3150 1885 3174 ,

273 3197 555 3254 subtiliora
594 3197 892 3268 Scriptum
920 3212 1079 3255 sensa
1106 3198 1505 3269 aggrediamur,
1554 3214 1617 3255 ac
1636 3199 1705 3256 de
1728 3200 1884 3266 ezelo,

275 3287 347 3345 de
375 3300 554 3356 terra,
586 3288 655 3344 de
684 3289 844 3355 mari,
867 3288 1043 3360 deque
1067 3296 1175 3343 tota
1199 3303 1381 3345 rerum
1425 3299 1620 3345 natura
1644 3291 1887 3361 philoso~

279 3381 549 3453 phemur:
580 3380 698 3438 hcce
743 3382 942 3452 quippe
991 3380 1150 3437 nobis
1199 3380 1361 3437 hodie
1413 3383 1555 3438 lecta
1603 3390 1752 3437 sunt.
1780 3382 1888 3440 Sed

276 3471 408 3545 quid
433 3470 501 3527 ad
532 3486 653 3536 nos,
686 3470 919 3542 inquies,
945 3472 1236 3528 creationis
1259 3472 1439 3529 ratio?
1464 3473 1547 3529 Ad
1577 3488 1679 3529 nos
1705 3475 1891 3545 utique

279 3565 533 3637 pertinet.
558 3564 764 3620 dilecti.
793 3563 927 3620 Nam
956 3565 1002 3620 si
1023 3581 1089 3620 ex
1122 3567 1489 3635 magnitudine
1512 3577 1568 3622 et
1590 3567 1891 3638 pulchritu-

278 3654 409 3713 dine
435 3668 806 3714 creaturarum
840 3659 1191 3728 proportione
1211 3658 1447 3729 quadam
1467 3659 1697 3716 Creator
1725 3676 1895 3733 agno-

281 3748 472 3815 scitur,
505 3741 709 3819 quanto
736 3750 911 3822 magis
940 3758 1243 3807 creatarum
1294 3767 1478 3808 rerum
1531 3753 1892 3823 pulchritudi-

282 3853 408 3896 nem
449 3840 983 3914 magnitudinemque
1008 3844 1519 3914 contemplahimur,
1549 3848 1894 3919 tantomagis

280 3930 351 3995 ad
379 3931 551 4002 ipsius
569 3932 794 4004 Opiﬁcis
823 3933 1071 3989 notitiam
1093 3933 1447 3991 addueemur.

357 4024 773 4080 Manicheam»:
795 4034 843 4080 et
862 4023 1143 4080 Gentilium
1171 4042 1389 4081 errores.
1419 4057 1492 4067 —
1519 4026 1766 4099 Magnum
1796 4029 1892 4081 ho-

283 4131 414 4173 num
434 4126 518 4171 est
544 4129 708 4171 nosse
751 4115 878 4187 quid
907 4117 983 4172 sit
1000 4125 1267 4184 creatura,
1296 4117 1427 4189 quid
1456 4117 1719 4185 Creator;
1766 4120 1892 4189 quid

282 4222 446 4279 opus,
478 4206 608 4278 quid
624 4205 842 4277 Opifex.
869 4206 1005 4263 Nam
1031 4209 1077 4263 si
1109 4208 1225 4263 ha-c
1273 4218 1523 4265 accurate
1559 4211 1893 4283 distinguere

283 4299 493 4357 scirent
521 4300 765 4356 veritatis
788 4299 977 4357 hostes
997 4344 1013 4369 ,
1046 4316 1152 4357 non
1182 4303 1364 4358 omnia
1392 4303 1810 4371 confunderent,
1832 4321 1895 4360 ac

283 4407 381 4449 sus
400 4386 585 4464 deque
607 4402 883 4449 verterent
914 4412 929 4447 :
957 4408 1064 4449 non
1095 4394 1241 4465 quod
1267 4395 1456 4451 stellas
1480 4405 1534 4452 et
1577 4396 1769 4452 caelum
1794 4396 1894 4453 de-

282 4482 565 4550 duxerint,
590 4493 646 4539 et
674 4492 873 4540 terram
898 4484 1191 4541 sublimem
1223 4487 1480 4551 fecerint;
1505 4486 1599 4543 sed
1636 4489 1892 4544 mulorum

284 4577 489 4649 Regem
534 4578 749 4649 a-regio
796 4577 940 4635 solio
972 4579 1315 4635 deturbatum
1342 4596 1464 4635 cum
1490 4580 1688 4636 creatis
1732 4581 1896 4637 rebus

284 4658 696 4735 collocaverint,
727 4680 1037 4724 creaturam
1059 4685 1188 4725 vero
1213 4670 1512 4726 divinitatis
1542 4672 1761 4727 sedibus
1800 4671 1894 4727 ho-

286 4761 551 4816 norarint.
581 4760 640 4816 Si
684 4760 753 4818 de
781 4770 968 4817 natura
990 4777 1173 4819 rerum
1202 4772 1349 4820 recte
1392 4763 1625 4820 scissent
1653 4764 1895 4836 philoso-

286 4850 445 4921 phari
473 4852 757 4910 Manichtei
786 4895 803 4921 ,
849 4869 1144 4926 numquam
1184 4870 1324 4921 eam,
1354 4872 1480 4928 quae
1509 4873 1578 4914 ex
1620 4858 1793 4913 nihilo
1822 4858 1899 4913 fa-

285 4951 394 5009 cta,
426 4945 735 5015 coruptioni
761 4947 1016 5015 obnoxia,
1045 4946 1188 5005 ﬂuxa
1216 4958 1271 5004 et
1289 4948 1565 5005 mutabilis
1588 4957 1726 5017 erat,
1745 4950 1897 5020 quasi

284 5051 401 5093 non
437 5036 634 5093 factam
677 5039 1060 5096 honorassent.
1092 5041 1150 5096 Si
1184 5040 1254 5096 de
1312 5056 1495 5096 rerum
1529 5052 1721 5097 natura
1748 5051 1897 5098 recte

285 5130 525 5187 scissent
554 5131 865 5186 ratiocinari
892 5132 1145 5202 gentiles,
1171 5148 1278 5188 non
1305 5148 1335 5187 a
1366 5149 1497 5190 vero
1527 5134 1897 5191 aberrassrnt.

284 5236 464 5294 neque
483 5222 779 5282 coluissent
793 5223 1214 5295 adorassentque
1229 5235 1527 5282 creaturam
1546 5227 1723 5297 potius
1737 5244 1899 5299 quam

284 5315 623 5372 Creatorem.
665 5316 955 5372 Pulchrum
985 5324 1069 5373 est
1095 5318 1309 5385 celum,
1366 5320 1463 5375 sed
1505 5320 1627 5376 ideo
1654 5334 1897 5379 creatum

288 5416 375 5466 est
399 5418 460 5465 ut
488 5409 750 5467 adorares
776 5409 1037 5483 Opifiecm
1072 5432 1085 5467 :
1115 5412 1344 5484 pulcher
1367 5413 1470 5479 sol,
1498 5414 1596 5471 sed
1628 5414 1749 5471 ideo
1791 5417 1898 5486 pul-

351 5584 372 5618 ι
408 5590 549 5656 ιιεεε..
562 5587 934 5659 _rranquittitas,
955 5602 1137 5642 ancora
1157 5587 1397 5656 ﬁdelium,
1422 5596 1469 5643 et
1491 5605 1610 5657 pons
1632 5594 1702 5647 ad
1727 5602 1894 5652 own).

287 5651 347 5698 ει
361 5647 614 5709 apricum,
641 5658 741 5702 etc.

285 5706 439 5832 [η
457 5706 631 5838 (ἐξ,ίὶ
664 5721 781 5765 sunt
823 5713 873 5766 hi
911 5721 1175 5768 Sermones
1216 5729 1327 5767 cum
1364 5716 1536 5770 codice
1582 5720 1728 5785 Regio
1762 5718 1887 5772 2512

1533 341 1605 402 ΙΝ
1639 338 1953 404 αεαεεαι·
1979 340 2211 401 812113Ιο
2250 340 2290 397 Ι.

3484 344 3597 402 εει

1984 455 2118 514 cher
2146 465 2205 512 ut
2228 454 2380 512 colas
2400 453 2686 514 Factorem
2713 474 2728 512 :
2752 455 2849 513 sed
2876 455 3007 513 si-iu
3038 454 3175 513 mira
3208 471 3393 513 rerum
3415 453 3588 515 forma

1976 546 2265 614 consistas,
2305 556 2362 603 et
2391 560 2581 604 earum
2630 545 3023 620 pulchritudini
3051 547 3345 614 inhaereas,
3377 548 3468 604 lux
3495 546 3592 604 tibi

1977 650 2138 693 versa
2165 644 2253 693 est
2296 636 2350 691 in
2377 635 2629 693 tenebras
2649 678 2666 703 ,
2695 638 2809 694 imo
2852 635 3037 707 potius
3078 636 3200 694 luce
3227 634 3298 694 ad
3330 637 3587 694 tenebras

1979 744 2112 785 usus
2130 743 2213 786 es.
2236 727 2408 786 Vides
2438 738 2700 801 quantum
2729 730 2931 788 bonum
2970 730 3044 786 sit
3069 745 3255 788 rerum
3281 739 3589 788 creatarum

1980 836 2145 878 nosse
2205 822 2485 880 ηιίοηεεῒ
2520 822 2601 879 Ne
2665 824 2848 895 itaque
2893 823 3101 880 lucrum
3135 833 3469 895 praetereas,
3495 825 3600 882 sed

1978 914 2142 970 dictis
2170 924 2425 971 accurate
2444 915 2690 972 animum
2739 915 2939 973 adhibe
2963 933 2979 971 :
3012 932 3121 972 non
3146 917 3294 973 enim
3313 916 3384 973 de
3412 918 3551 973 cazln
3569 959 3595 984 ,

1978 1006 2046 1062 de
2074 1016 2238 1073 terra,
2265 1008 2335 1063 de
2358 1007 2503 1063 mari
2520 1015 2726 1063 tantum
2754 1007 2950 1064 dicturi
2977 1020 3187 1074 sumus,
3216 1006 3315 1065 sed
3340 1008 3502 1064 etiam
3528 1009 3605 1065 do“

1979 1097 2190 1168 origine
2236 1108 2444 1163 nostra,
2475 1107 2637 1170 atque
2666 1098 2810 1156 unde
2838 1114 2989 1155 mors
3015 1111 3136 1155 orta
3165 1100 3276 1167 sit,
3307 1100 3452 1157 unde
3486 1101 3595 1156 vita

1982 1183 2272 1256 laboriosa,
2304 1191 2449 1247 unde
2480 1191 2697 1247 tristitia
2729 1201 2785 1249 et
2811 1191 3225 1249 sollicitudines.
3260 1191 3397 1249 Nam
3424 1203 3483 1249 ut
3526 1192 3624 1249 de,

1983 1282 2069 1339 his
2096 1283 2269 1355 deque
2313 1284 2499 1341 multis
2534 1284 2656 1340 aliis
2686 1297 2807 1340 sese
2836 1294 3087 1356 purgaret
3125 1285 3288 1349 Deus,
3330 1284 3478 1341 hunc
3524 1285 3593 1340 ad

1982 1390 2082 1431 nos
2111 1375 2306 1431 librum
2334 1378 2481 1432 misit
2509 1394 2524 1432 :
2551 1392 2726 1448 neque
2756 1377 2903 1433 enim
2951 1388 3072 1435 sese
3098 1377 3397 1435 defendere
3446 1378 3589 1435 Dens

1980 1466 2321 1539 dedignatur.
2344 1469 2438 1525 sed
2460 1484 2558 1539 per
2575 1470 2892 1542 prophetam
2923 1470 3118 1527 clamat
3145 1490 3159 1526 :
3193 1471 3391 1538 Venite,
3420 1481 3468 1528 et
3490 1473 3571 1529 dis

1983 1574 2237 1632 putemus,
2267 1564 2391 1618 dicit
2418 1562 2670 1619 Dominus
2715 1563 2866 1637 (Isai.
2896 1568 2947 1620 1.
2994 1566 3104 1637 i8).
3141 1565 3251 1622 Nec
3291 1566 3455 1622 modo
3470 1580 3596 1623 sese

1983 1654 2225 1711 defendit
2253 1671 2317 1710 ac
2365 1654 2571 1726 judicio
2608 1656 2924 1724 contendit,
2958 1656 3053 1712 scd
3102 1659 3265 1713 etiam
3311 1657 3607 1729 quomndtr

1982 1748 2490 1803 condemnationem
2524 1746 2709 1819 fugere
2736 1749 3008 1819 possimus
3034 1748 3196 1805 docet
3229 1767 3241 1804 :
3290 1765 3401 1805 non
3447 1750 3609 1806 enim.

1986 1841 2159 1896 solum
2185 1839 2341 1904 dixit,
2379 1840 2576 1907 Venite,
2601 1852 2649 1897 et
2683 1843 3020 1914 disputemus,
3055 1841 3151 1898 scd
3182 1855 3468 1914 pOSIquam
3489 1843 3595 1899 du-

1984 1934 2095 1988 cuit
2123 1933 2248 2003 qnid
2276 1932 2564 1989 dicendum
2582 1977 2596 2002 ,
2627 1935 2755 2006 quid
2804 1935 3075 2006 agendum
3104 1945 3270 2003 esset,
3296 1937 3375 1991 sic
3400 1936 3468 1992 ad
3499 1937 3601 1993 Iri-

1985 2025 2150 2081 bunal
2184 2027 2363 2080 traxit.
2389 2026 2528 2082 Audi
2553 2029 2733 2099 itaque
2768 2028 3145 2099 propheticum
3172 2043 3481 2084 sermonem
3506 2044 3602 2085 su-

1985 2116 2169 2185 perius
2210 2118 2476 2186 prolatum
2506 2135 2520 2170 :
2548 2112 2841 2185 Lavamini,
2876 2119 3056 2173 mundi
3074 2129 3250 2184 estote,
3282 2124 3487 2193 auferte
3511 2139 3574 2177 ne

1986 2207 2177 2277 quitias
2219 2209 2282 2263 ab
2308 2209 2578 2265 animabus
2616 2212 2797 2266 uestris
2820 2229 2840 2265 :
2865 2211 3046 2267 discite
3075 2212 3198 2291 bene
3230 2211 3402 2285 facere
3421 2256 3435 2279 ,
3461 2214 3606 2285 iudi-

1987 2311 2099 2355 cate
2125 2303 2324 2372 pupillo
2349 2346 2364 2369 ,
2415 2312 2465 2357 et
2482 2304 2771 2376 justi/irate
2821 2306 3029 2361 uiduam
3069 2305 3231 2379 (Ibid.
3282 2323 3332 2361 υ.
3376 2307 3511 2377 id);
3552 2318 3609 2364 et

1990 2401 2120 2447 tunc
2144 2393 2258 2448 ait:
2297 2391 2497 2463 Venite,
2536 2404 2584 2450 et
2607 2396 2927 2466 disputemus
2951 2439 2966 2463 ,
2996 2398 3120 2453 dicit
3150 2397 3427 2455 Dominus.
3468 2398 3607 2455 Nolo

1989 2500 2109 2551 vos,
2153 2485 2347 2555 inquit,
2378 2486 2555 2542 nudos
2583 2496 2641 2543 et
2670 2486 2990 2543 defensione
3008 2504 3211 2545 vacuos
3231 2505 3473 2558 sumere,
3503 2490 3609 2546 sed

1992 2574 2286 2631 instructos
2308 2576 2594 2643 ratiocinio
2618 2585 2674 2633 et
2699 2576 3017 2635 defensione
3055 2579 3126 2635 ad
3160 2580 3430 2636 rationem
3483 2582 3612 2636 red-

1992 2667 2225 2725 dendam
2251 2684 2385 2725 voco
2417 2686 2431 2724 :
2465 2669 2734 2742 siquidem
2785 2672 3068 2729 vobiscum
3096 2672 3405 2743 disceptare
3447 2673 3571 2727 volo
3592 2716 3607 2739 ,

1993 2778 2102 2817 non
2136 2772 2190 2817 nt
2214 2761 2596 2829 condemnem,
2630 2762 2726 2820 sed
2760 2772 2821 2821 ut
2847 2779 3086 2835 parcam.
3118 2764 3211 2822 Sic
3252 2775 3308 2822 et
3336 2765 3448 2821 alio
3486 2766 3625 2822 loru-

1993 2853 2123 2909 dicit
2154 2871 2168 2908 :
2199 2850 2300 2908 Dic
2346 2862 2402 2908 tu
2464 2855 2608 2926 prior
2656 2856 2952 2926 iniquitates
3002 2866 3151 2922 tuas,
3196 2867 3255 2912 ut
3308 2858 3617 2930 justiﬁccris

1995 2943 2159 3015 (Ibid.
2196 2946 2286 2999 65.
2328 2944 2443 3019 26).
2499 2946 2679 3003 Habes
2706 2948 2971 3006 acerbum
2996 2959 3051 3006 et
3102 2950 3367 3006 immitem
3396 2965 3622 3008 accust-

1997 3044 2169 3088 torem
2198 3052 2211 3087 :
2245 3034 2482 3103 praeveni
2510 3050 2656 3104 eum,
2687 3035 2865 3094 locum
2897 3038 3048 3109 prius
3077 3053 3305 3112 occupa,
3338 3054 3403 3096 os
3430 3040 3607 3115 impu-

1998 3124 2138 3182 dens
2175 3126 2389 3183 οιιιυτ...
3276 3184 3285 3187 -

2068 3218 2124 3273 9..
2149 3218 2292 3276 Deus
2316 3238 2409 3291 per
2429 3222 2604 3277 literas
2619 3224 2725 3295 agit
2746 3239 2861 3278 cum
2880 3224 3263 3298 bomine.—(a)
3283 3225 3441 3283 [uitio
3463 3238 3615 3287 certe

2000 3312 2145 3371 Deus
2184 3330 2281 3386 per
2318 3329 2377 3370 se
2404 3314 2719 3372 hominibus
2748 3316 3094 3388 loquebatur,
3126 3331 3386 3392 quantum
3406 3323 3617 3381 scilicet

2001 3405 2312 3461 hominibus
2330 3406 2519 3462 audire
2552 3405 2632 3463 fas
2660 3416 2764 3463 est.
2793 3408 2882 3465 Sic
2908 3409 3177 3467 Adamum
3204 3412 3357 3478 adiit,
3383 3414 3463 3470 sic
3487 3414 3614 3471 Cui-‘-

2001 3513 2129 3553 num
2178 3498 2514 3569 increpavit;
2543 3499 2625 3555 sic
2653 3515 2779 3557 cum
2819 3501 2933 3559 Noe
2976 3503 3232 3574 loquutus
3257 3514 3384 3572 est;
3417 3508 3497 3562 sic
3542 3508 3614 3564 ab

2000 3590 2312 3646 Abrahamo
2356 3592 2595 3662 hospitio
2640 3605 2946 3667 susceptus.
2981 3594 3183 3652 Verum
3233 3600 3359 3669 quia
3421 3610 3626 3655 natura

2002 3689 2185 3735 nostra
2208 3681 2276 3737 ad
2299 3683 2497 3738 malum
2524 3682 2835 3754 declinavit,
2866 3695 2923 3742 et
2966 3687 3123 3759 quasi
3152 3688 3207 3743 in
3259 3689 3616 3763 longinqumn

2002 3772 2253 3828 exsilium
2272 3773 2513 3845 seipsam
2546 3777 2825 3835 transtulit
2851 3795 2867 3843 ;
2896 3777 3118 3834 demum
3140 3778 3233 3835 ille
3259 3781 3440 3848 nobis,
3464 3783 3622 3852 quasi

2001 3862 2217 3935 longam
2246 3866 2743 3937 peregrinationem
2764 3865 3407 3939 snseepcrimus,literas
3432 3875 3619 3939 mittit,
3642 3921 3662 3939 ,

2002 3956 2157 4026 quasi
2184 3971 2283 4027 per
2306 3958 2595 4027 epistulam
2626 3959 2908 4015 nobiscum
2933 3971 3173 4018 veterem
3198 3979 3467 4021 renovans
3489 3968 3626 4021 ami-

2002 4046 2207 4101 citiam.
2235 4047 2551 4117 Hujusmodi
2586 4050 2773 4106 literas
2796 4052 2943 4106 misit
2975 4053 3140 4117 Deus,
3172 4055 3352 4111 attulit
3381 4056 3598 4131 Moyses

2002 4136 2144 4209 Quid
2174 4139 2355 4195 ferunt
2402 4140 2575 4198 literae
2595 4144 2618 4195 ?
2641 4140 2709 4197 In
2730 4145 2986 4216 principio
3038 4147 3160 4215 fecit
3192 4146 3331 4203 Deus
3350 4152 3537 4206 calum
3574 4162 3623 4207 ct

2003 4239 2194 4287 ternum
2249 4230 2417 4306 (Gen.
2474 4235 2525 4289 1.
2561 4235 2660 4305 1).
2703 4235 2816 4293 Cur
2868 4252 2975 4292 non
3034 4238 3109 4295 de
3150 4242 3359 4312 angelis
3416 4244 3502 4298 vel
3551 4245 3623 4301 de

2005 4325 2349 4398 archangelis
2398 4326 2636 4399 loquitur
2683 4329 2887 4385 nobis?
2936 4330 3072 4387 Nam
3127 4334 3173 4388 si
3227 4350 3292 4389 ex
3351 4340 3621 4393 creaturis

2005 4416 2234 4475 Creator
2290 4422 2664 4494 conspicitur,
2721 4423 2893 4480 multo
2948 4427 3120 4498 magis
3176 4444 3242 4485 ex
3298 4429 3405 4485 illis
3465 4435 3617 4489 nosci

2010 4510 2203 4581 potuit.
2235 4512 2529 4570 Pulchrum
2560 4525 2645 4571 est
2668 4518 2885 4584 ctutum,
2911 4518 3008 4574 sed
3046 4536 3154 4575 non
3210 4522 3282 4576 ita
3329 4524 3620 4593 pulchrum

2009 4614 2065 4658 ut
2093 4605 2351 4674 angelus;
2383 4607 2701 4677 splendidus
2734 4611 2839 4679 sol,
2865 4612 2962 4667 sed
2985 4627 3094 4668 non
3123 4613 3193 4668 ita
3226 4616 3546 4686 splendidus
3569 4632 3630 4676 ut

2007 4698 2389 4771 archangelus.
2414 4702 2524 4757 Cur
2576 4704 2755 4774 itaque
2773 4706 3095 4765 sublimiore
3121 4708 3355 4767 dimissa
3379 4710 3496 4780 via,
3531 4728 3631 4783 per

2008 4790 2352 4848 humiliorem
2385 4809 2485 4850 nos
2514 4797 2681 4850 ducit.
2704 4796 2837 4863 Quia
2865 4814 2991 4854 cum
3017 4798 3221 4857 Judmis
3251 4804 3510 4875 loquitur,
3529 4808 3623 4877 qui

2009 4884 2289 4940 intelleau
2318 4887 2498 4942 minus
2528 4888 2777 4944 instructi
2803 4898 2980 4955 erant,
3004 4894 3095 4962 qui
3128 4894 3423 4951 sensilibus
3452 4896 3625 4953 barro.

2007 4977 2165 5045 bant,
2194 4979 2287 5051 qui
2333 4993 2401 5035 ex
2443 4978 2685 5053 Egypto
2715 4998 2891 5054 nuper
2915 4985 3159 5056 egressi,
3196 4987 3287 5042 ubi
3316 4990 3581 5046 crocodili
3609 5035 3625 5058 ,

2007 5086 2195 5138 canes,
2238 5073 2410 5128 simia:
2436 5075 2505 5131 ab
2544 5074 2857 5133 hominibus
2908 5078 3246 5147 colebantur,
3282 5096 3383 5137 nec
3430 5083 3630 5141 licebat

2008 5165 2326 5221 sublimiore
2378 5170 2462 5223 via
2508 5168 2631 5226 illus
2693 5170 2761 5225 ad
2802 5172 3119 5227 Creatorem
3170 5173 3395 5231 ducere.
3436 5176 3625 5233 Subli-

2010 5256 2151 5311 mior
2203 5258 2388 5329 utique
2438 5260 2522 5314 via
2565 5261 2656 5315 illa
2697 5270 2837 5328 erat,
2889 5264 2984 5319 sed
3032 5266 3320 5335 τιενρτίοιο,
3355 5283 3629 5341 prerupit)

2006 5357 2062 5404 et
2084 5349 2248 5405 ardua
2279 5350 2686 5408 inﬁrmioribus.
2716 5352 2839 5408 Ideo
2868 5355 2986 5411 illos
3010 5372 3105 5426 per
3127 5356 3424 5413 faciliorem
3458 5360 3604 5416 dttrit

2009 5456 2107 5511 per
2134 5443 2324 5497 caelum
2395 5454 2814 5511 terram,_mare,
2844 5457 2967 5501 οιιιιι
2980 5463 3147 5519 mque
3175 5449 3405 5506 visibilia
3425 5465 3626 5507 creata.

2070 5595 2145 5665 ((ι)
2182 5602 2291 5665 ιιίιξε
2307 5595 2481 5665 iisdem
2504 5609 2634 5659 pene
2662 5601 2829 5650 verbis
2848 5600 3005 5665 habes
3018 5615 3166 5665 supra
3192 5604 3395 5655 Humilia
3413 5606 3445 5654 2
3465 5606 3514 5654 in
3531 5608 3627 5656 tie.

2005 5658 2165 5708 ausim
2188 5657 2282 5706 col.
2308 5657 2370 5707 28
2403 5665 2455 5708 et
2476 5657 2583 5724 εἰμι(
2608 5697 2619 5709 .
2647 5675 2659 5710 :
2686 5670 2801 5711 sunt
2826 5663 2975 5713 etiam
3000 5657 3093 5714 alia
3110 5668 3261 5716 multa
3277 5670 3457 5730 passim
3484 5670 3539 5719 in
3555 5677 3630 5721 tus

2005 5720 2338 5775 sermonibus,
2362 5735 2475 5775 (tua:
2516 5675 2813 5775 eademinsa
2846 5725 3095 5775 habentur
3136 5730 3185 5775 iu
3220 5728 3455 5775 “emittis.
3509 5734 3630 5775 \hge

2004 5721 2338 5776 sermonibus,
2362 5735 2475 5784 (ιυίυ
2516 5721 2813 5789 eademipsa
2846 5725 3095 5780 habentur
3136 5730 3185 5779 iu
3220 5721 3455 5781 ltoiniliis.
3509 5734 3633 5783 me

2008 5782 2235 5833 Nondum
2258 5795 2423 5849 supra.
