4186 6324
631 499 786 570 Quod
817 507 997 554 autem
1024 495 1138 551 hzec
1163 510 1289 551 vera
1309 495 1378 551 sit
1406 509 1593 563 causa,
1613 494 1739 550 audi
1761 494 2054 564 quomodo,
2085 503 2223 566 post-

631 605 794 665 quam
833 587 1047 659 paulum
1085 585 1427 656 profecerant
1451 589 1491 653 ',
1534 583 1791 658 propheta
1816 584 1884 641 de
1911 583 2018 641 illis
2041 599 2229 656 super-

636 683 720 738 nis
749 679 1032 736 virtutibus
1059 679 1326 749 loquatur.
1355 676 1586 732 Laudate
1616 674 1916 743 Dominum,
1942 677 2131 748 inquit,
2162 673 2228 730 de

632 771 773 829 caelis
796 811 813 837 ,
842 770 1048 826 laudate
1098 786 1212 825 eum
1253 769 1307 823 in
1358 768 1609 824 excelsis:
1644 767 1853 823 laudate
1897 783 2014 823 eum
2055 784 2229 824 omnes

628 862 798 932 angeli
837 863 971 930 eius,
1001 861 1208 917 laudate
1234 877 1348 916 eum
1375 875 1546 915 omnes
1575 860 1783 916 uirtutes
1803 861 1914 930 ejus
1941 877 1960 916 :
1988 860 2229 930 quoniam

629 956 739 1024 ipse
766 954 918 1018 dixit,
946 963 993 1008 et
1020 956 1157 1024 facta
1181 962 1299 1008 sunt
1319 969 1340 1018 ;
1363 953 1468 1022 ipse
1496 951 1756 1006 mandavit
1777 993 1793 1017 ,
1823 962 1871 1007 et
1912 961 2083 1006 creata
2110 962 2228 1008 sunt

629 1047 650 1114 (
681 1043 831 1100 Psal.
858 1045 981 1101 M8.
1016 1045 1066 1098 l.
1091 1041 1148 1096 2.
1181 1043 1214 1099 5
1235 1041 1278 1115 ).
1308 1041 1519 1113 thnid
1545 1042 1737 1097 mirum
1761 1043 1806 1097 si
1834 1043 1887 1096 in
1919 1042 2100 1098 Veteri
2126 1042 2228 1098 Te-

629 1145 898 1194 stamento
933 1135 1021 1191 ltic
1045 1136 1310 1191 doctrina:
1358 1135 1551 1192 modus
1578 1135 1847 1206 reperitur
1871 1177 1884 1202 ,
1913 1151 2038 1191 cum
2064 1136 2224 1191 etiam

631 1231 684 1284 in
709 1227 860 1283 Novo
888 1268 905 1294 ,
928 1227 1145 1298 quando
1168 1227 1544 1283 sublimiorum
1571 1227 2013 1283 documentorum
2033 1229 2054 1260 ²
2086 1235 2225 1281 tem-

630 1335 731 1388 pus
759 1327 897 1387 erat,
925 1333 1050 1374 cum
1088 1317 1506 1375 Atheniensibus
1552 1318 1778 1389 loquens
1801 1318 2002 1374 Paulus
2027 1359 2042 1384 ,
2072 1333 2223 1374 eam-

629 1416 752 1467 dem
785 1412 1015 1468 tenuerit
1039 1412 1206 1475 viam,
1230 1425 1395 1481 quam
1433 1407 1647 1484 Moyses
1676 1423 1795 1464 cum
1827 1408 2043 1464 Judmos
2076 1408 2225 1463 insti-

630 1505 850 1560 tueret?
879 1503 1063 1573 Neque
1093 1501 1238 1558 enim
1281 1500 1350 1556 de
1403 1501 1606 1572 angelis
1661 1500 1836 1571 deque
1888 1500 2225 1570 arcltangelis

628 1609 932 1651 sermonem
958 1593 1114 1649 fecit:
1142 1592 1237 1648 sed
1256 1592 1325 1648 de
1351 1592 1504 1656 caelo,
1527 1591 1596 1654 de
1626 1601 1789 1657 terra,
1806 1590 1947 1646 etde
1969 1591 2124 1657 mari,
2151 1590 2222 1645 ita

629 1685 977 1744 roncionatus
1002 1702 1016 1739 :
1049 1683 1191 1737 Deus
1217 1683 1305 1753 qui
1327 1681 1447 1752 fecit
1476 1681 1741 1746 mundum,
1768 1692 1816 1735 et
1845 1682 2018 1736 omnia
2036 1695 2151 1751 quae
2169 1681 2224 1736 in

627 1791 686 1828 eo
713 1781 830 1828 sunt
849 1789 868 1827 .'
893 1773 975 1827 hic
1003 1771 1114 1827 ccli
1139 1781 1188 1827 et
1211 1782 1358 1827 terret
1377 1789 1494 1826 cum
1519 1772 1584 1826 sit
1609 1769 1875 1839 Dominus,
1900 1773 2078 1826 nonin
2108 1787 2223 1825 nta-

629 1865 854 1940 nufactis
879 1864 1079 1935 tentplis
1107 1862 1298 1918 habitat
1355 1864 1375 1934 (
1408 1865 1520 1918 Act.
1551 1864 1637 1918 l7.
1667 1864 1738 1920 24
1761 1865 1801 1934 ).
1851 1865 1920 1918 At
1948 1878 2068 1919 cum
2101 1863 2224 1918 Phi-

628 1957 902 2027 lippenses
923 1955 1001 2026 (a)
1027 1954 1400 2026 alloquebatur
1421 1995 1436 2020 ,
1483 1971 1590 2010 non
1623 1954 1726 2010 hac
1767 1955 1887 2014 illos
1917 1956 1999 2009 via
2027 1954 2221 2022 duxit;

627 2047 722 2104 sed
743 2046 814 2105 ad
841 2045 1209 2104 sublimiorem
1239 2047 1359 2102 illos
1384 2047 1700 2102 concionem
1724 2045 1976 2116 provehit
2006 2045 2090 2101 his
2105 2061 2227 2102 ver—

626 2137 708 2193 bis
736 2154 752 2191 :
789 2137 1046 2206 Quoniam
1069 2138 1124 2192 in
1148 2137 1261 2208 ipsa
1279 2146 1450 2190 creata
1497 2145 1614 2190 sunt
1639 2135 1870 2189 universa
1895 2151 2012 2203 qua:
2036 2140 2091 2189 tn
2119 2152 2223 2190 cte-

629 2228 694 2281 lis
716 2236 763 2282 et
784 2243 897 2298 qua:
918 2229 971 2282 in
993 2237 1126 2283 terra
1145 2269 1160 2292 ,
1186 2228 1288 2282 sive
1311 2227 1481 2281 throni
1505 2268 1519 2293 ,
1548 2227 1653 2281 sive
1691 2226 2085 2296 dominationes,
2122 2227 2226 2282 sive

627 2319 967 2388 principatus,
991 2319 1093 2371 sive
1118 2326 1422 2388 potestates:
1442 2317 1617 2371 omnia
1644 2332 1734 2386 per
1758 2317 1926 2385 ipsum
1955 2326 2004 2371 et
2032 2318 2087 2371 in
2110 2319 2223 2388 ipso

625 2418 795 2461 creata
820 2419 940 2463 sunt
966 2406 985 2479 (
1013 2407 1209 2480 Coloss.
1243 2410 1298 2463 1.
1318 2406 1386 2463 16
1413 2410 1454 2480 ).
1489 2407 1580 2463 Sic
1603 2415 1658 2463 et
1682 2407 1916 2463 Joannes
1946 2410 2070 2478 quia
2095 2425 2221 2480 per-

635 2498 886 2554 tectiores
915 2473 1100 2554 habuit
1141 2497 1453 2569 discipulos,
1475 2500 1776 2554 universam
1807 2499 1968 2553 simul
1994 2500 2226 2555 creatio-

633 2603 756 2642 nem
777 2590 1239 2646 commemoravit.
1293 2588 1413 2644 Non
1442 2589 1586 2644 enim
1616 2588 1772 2655 dixit,
1798 2590 1989 2644 caelum
2018 2598 2074 2646 et
2116 2600 2223 2646 ter-

628 2689 736 2732 tatn
762 2689 817 2735 et
838 2693 1005 2747 mare,
1037 2681 1157 2747 sed,
1184 2677 1370 2735 Omnia
1396 2696 1486 2750 per
1509 2681 1678 2749 ipsum
1706 2684 1844 2750 [acta
1863 2691 1984 2735 sunt
2001 2723 2017 2750 ,
2045 2691 2093 2736 et
2115 2683 2226 2737 sine

627 2771 740 2836 ipso
788 2769 983 2839 factum
1028 2781 1102 2824 est
1145 2771 1280 2826 nihil
1307 2770 1444 2841 quod
1471 2774 1663 2842 factum
1690 2770 1801 2842 est(
1825 2769 1987 2826 Joan.
2011 2773 2064 2827 l.
2090 2773 2125 2829 5
2149 2773 2169 2845 )
2197 2792 2210 2838 ;

631 2859 747 2916 sive
776 2858 988 2914 visibile
1013 2901 1029 2927 ,
1055 2859 1261 2930 inquit,
1304 2861 1375 2917 sit
1401 2901 1418 2926 ,
1445 2863 1558 2916 sive
1587 2862 1872 2918 invisibile.
1901 2862 2051 2920 Sicut
2075 2866 2221 2920 enim

631 2949 772 3021 apud
797 2949 1218 3023 ludimagistros,
1248 2953 1387 3009 alius
1411 2952 1649 3023 puellum
1676 2968 1706 3007 a
1732 2963 1904 3011 matre
1932 2957 2220 3026 accipiens,

629 3041 798 3109 prima
839 3041 1011 3111 ipsum
1035 3042 1196 3099 docet
1217 3042 1482 3100 elementa
1505 3061 1519 3108 ;
1548 3044 1688 3100 alius
1711 3045 1906 3101 deinde
1926 3047 2220 3118 excipiens,

623 3130 945 3203 discipulum
971 3132 1039 3188 ad
1060 3134 1374 3190 sublimiora
1401 3136 1722 3191 documenta
1767 3137 2011 3207 provehit
2037 3155 2053 3194 :
2096 3140 2168 3194 ita
2192 3156 2223 3195 a

629 3223 810 3295 Moyse
838 3222 1076 3280 etPaulo
1109 3233 1163 3282 et
1190 3225 1396 3281 Joanne
1443 3235 1618 3282 aetum
1662 3239 1763 3283 est.
1820 3228 2028 3300 Moyses
2078 3231 2221 3286 enim

630 3320 870 3387 ignaram
899 3321 1136 3375 omnium
1167 3329 1224 3376 et
1261 3335 1431 3391 nuper
1473 3322 1792 3377 alilaetatam
1832 3333 2074 3379 naturam
2121 3341 2222 3381 no-

624 3419 788 3468 stram
816 3411 986 3481 prima
1007 3411 1201 3466 divina:
1218 3412 1539 3482 cognitionis
1555 3413 1818 3470 elementa
1835 3413 2034 3471 docuit.
2056 3415 2219 3472 Joan-

625 3515 721 3554 nes
740 3511 920 3555 autem
951 3511 1005 3556 et
1040 3502 1258 3570 Paulus,
1281 3505 1432 3573 quasi
1461 3519 1492 3558 a
1520 3505 1891 3576 ludimagistro
1920 3519 2168 3578 acceptos
2190 3525 2218 3564 a

623 3589 824 3663 Moyse,
856 3590 1103 3647 homines
1127 3593 1194 3647 ad
1223 3595 1531 3650 sublimiora
1558 3596 1876 3653 documenta
1925 3599 2216 3667 deducunt,

628 3684 804 3756 priora
849 3693 1030 3739 tamen
1085 3688 1267 3755 paucis
1298 3700 1804 3746 commemorantes.
1845 3691 2036 3746 Vidisti
2086 3694 2218 3746 utri-

627 3791 795 3846 usque
819 3775 1154 3833 Testamenti
1205 3779 1520 3836 affinitatem
1547 3784 1572 3836 ?
1607 3783 1785 3838 vidisti
1813 3799 2132 3839 consensum
2165 3785 2217 3841 iu

626 3867 1010 3927 documentis?
1060 3871 1269 3927 Audisti
1323 3872 1377 3927 in
1431 3873 1614 3934 Veteri
1668 3876 1996 3930 sensibilium
2038 3892 2216 3934 rerum

621 3965 975 4029 creationem,
1005 3971 1060 4018 et
1089 3963 1156 4019 de
1201 3964 1570 4033 spiritualibns
1612 3965 1866 4020 Davidcm
1907 3967 2170 4023 dicentem
2201 3989 2214 4024 :

627 4052 747 4120 Ipse
768 4055 925 4116 dixit,
956 4063 1002 4106 et
1035 4057 1168 4124 facta
1196 4063 1312 4108 sunt
1341 4055 1362 4123 (
1398 4053 1542 4110 Psal.
1575 4056 1661 4112 52.
1692 4056 1727 4111 9
1753 4058 1769 4125 )
1793 4058 1816 4109 7
1837 4057 1925 4113 Sic
1953 4059 2142 4114 iterum
2165 4066 2214 4116 in

625 4143 796 4211 Novo,
829 4154 1108 4215 postquam
1129 4145 1327 4200 dictum
1357 4156 1437 4201 est
1465 4147 1531 4200 de
1554 4148 1906 4206 invisibilibus
1933 4157 2217 4219 potestati-

624 4238 742 4301 bus,
775 4238 936 4292 etiam
965 4237 1032 4293 de
1064 4247 1308 4293 creatura
1357 4240 1595 4295 sensibili
1651 4255 1830 4297 sermo
1871 4242 2118 4300 habetur.
2149 4247 2217 4301 In

622 4328 874 4400 principio
910 4328 1025 4398 feeit
1067 4327 1202 4383 Deus
1228 4330 1410 4383 caelum
1443 4339 1494 4384 et
1531 4341 1738 4390 terram.
1772 4332 1962 4389 Sermo
2002 4337 2214 4406 quidem

623 4419 807 4472 brevis
833 4428 888 4472 et
909 4419 1158 4488 simplex,
1179 4435 1244 4474 ac
1272 4419 1470 4475 dictum
1501 4437 1662 4476 unum
1691 4463 1707 4488 ,
1737 4425 1830 4477 sed
1863 4426 2000 4494 quod
2023 4441 2216 4483 omnes

627 4509 1054 4567 adversariorum
1099 4523 1270 4567 turres
1323 4514 1637 4570 subvertere
1687 4520 1874 4587 possit.
1930 4519 2026 4575 llic
2055 4537 2212 4579 men-

595 4652 601 4658 .
629 4610 734 4656 tem
764 4602 978 4657 adhibe.

697 4693 970 4749 Hanichwi
1018 4695 1276 4749 veritatem
1306 4695 1553 4749 mendacii
1592 4710 1854 4752 accusant.
1882 4731 1954 4739 —
1983 4705 2204 4757 Accedit

623 4785 949 4841 Manicharus
975 4787 1179 4852 dicens,
1211 4787 1425 4841 Materia
1461 4803 1568 4841 non
1603 4787 1742 4842 facta
1788 4789 1917 4843 fuit:
1942 4794 2209 4861 responde

625 4875 701 4928 illi
734 4893 746 4931 :
779 4874 843 4927 In
876 4876 1124 4947 principio
1157 4877 1272 4945 fecit
1299 4876 1436 4930 Deus
1484 4878 1665 4932 cwlum
1706 4889 1752 4934 et
1796 4890 1980 4936 terram
2009 4899 2027 4934 :
2057 4894 2110 4937 et
2133 4893 2212 4936 to-

624 4977 728 5019 tatn
772 4965 890 5033 ejus
929 4967 1285 5037 arrogantiam
1336 4968 1516 5022 statim
1567 4969 1892 5025 subvenisti.
1947 4972 2053 5027 Sed
2108 4991 2212 5030 non

622 5055 790 5110 credit
813 5056 1105 5125 Scriptura:
1128 5058 1305 5124 dictis,
1330 5057 1521 5128 inquit.
1547 5059 1685 5128 Ergo
1701 5077 1761 5114 ea
1791 5061 1858 5116 de
1880 5078 2040 5118 causa
2063 5069 2211 5134 quasi

621 5148 966 5202 furibundum
1018 5147 1169 5204 illum
1195 5149 1398 5220 repelle
1425 5159 1482 5206 et
1524 5165 1793 5207 aversare.
1816 5154 1946 5208 Nam
1977 5158 2068 5226 qui
2104 5159 2214 5214 Deo

619 5251 726 5290 non
765 5237 937 5292 credit
972 5239 1147 5308 palam
1198 5240 1478 5309 loquenti,
1521 5251 1575 5295 et
1616 5244 1704 5313 qui
1733 5245 2015 5301 veritatem
2057 5265 2210 5303 men-

619 5326 757 5382 dacii
788 5339 1028 5396 accusat,
1075 5346 1179 5401 quo
1227 5341 1385 5402 pacto
1439 5333 1660 5388 insanias
1691 5351 2059 5404 argumentum
2104 5358 2209 5396 non

619 5416 776 5481 ferat,
808 5433 1002 5489 nempe
1029 5421 1456 5478 incredulitatem
1478 5423 1502 5476 ?
1524 5426 1592 5478 At
1611 5428 1900 5495 quomodo,
1931 5431 2119 5501 inquit,
2143 5449 2209 5491 ex

620 5508 792 5568 nihilo
811 5509 924 5565 fieri
955 5512 1082 5580 quid
1117 5515 1321 5582 possit?
1351 5515 1432 5570 Tn
1465 5532 1592 5571 vero
1621 5518 1749 5573 mihi
1785 5521 1954 5586 dicas,
1983 5540 2208 5593 quomo.

681 5599 700 5667 ξ
734 5606 872 5663 tteg.,
896 5609 1145 5667 postqum
1168 5605 1362 5666 paulum
1385 5619 1435 5656 se
1458 5607 1625 5667 pietati
1645 5609 1956 5662 addixerunt.

682 5661 704 5730 ξ
734 5661 872 5730 θεᾶν
897 5661 1281 5730 philosophorum
1303 5661 1669 5730 prwcéptornm.

683 5720 770 5794 (ei
792 5720 873 5794 llic
897 5720 1126 5794 memoria
1174 5720 1345 5779 labitur
1368 5720 1741 5794 CbrS'sostomus.
1786 5743 1932 5784 Locus
1957 5738 2085 5787 enim
2110 5755 2202 5791 non

631 5792 678 5838 tt:
696 5784 897 5848 epistula
921 5786 977 5839 ad
1003 5787 1350 5853 Philippense;
1376 5784 1477 5842 sed'
1488 5794 1546 5844 ad
1569 5794 1884 5848 Colossenses
1907 5784 2099 5863 legitur.

1395 362 1453 417 S.
1493 359 1770 418 JOANNIS
1805 355 2286 416 CllllYSOSTOMI
2324 355 2645 415 ARCHIEP.
2687 356 3224 417 CONSTANTINOP.

3829 366 3967 424 588⁷

2335 485 2408 543 do
2435 505 2500 546 ex
2526 491 2676 561 prius
2697 492 3084 552 exsistentibus
3109 495 3226 552 fleri
3247 497 3374 568 quid
3403 499 3614 569 possit?
3635 500 3769 557 Nam
3789 504 3943 576 quod

2334 594 2403 636 ex
2442 597 2551 639 non
2580 585 2964 642 essistentibus
3019 597 3165 646 terra
3206 589 3344 646 facta
3387 593 3480 660 sit,
3512 609 3612 666 ego
3639 595 3842 662 aede,
3881 608 3944 655 tu

2333 681 2514 729 autem
2541 674 2789 744 dubitas;
2817 677 2961 748 quod
2987 687 3168 735 autem
3188 695 3257 737 ex
3285 691 3425 738 terra
3452 684 3626 741 factus
3646 687 3718 741 sit
3748 686 3941 752 homo.

2332 762 2494 818 ambo
2513 766 2854 826 confitemur.
2890 768 2984 825 Dic
3032 770 3194 842 igitur
3235 771 3369 828 illud
3398 775 3543 844 quod
3590 779 3644 833 in
3682 777 3946 836 confesso

2332 860 2390 908 et
2415 852 2628 912 facilius
2648 866 2754 926 est,
2787 859 3063 929 quomodo
3084 877 3153 917 ex
3176 871 3320 919 terra
3345 863 3486 922 facta
3512 866 3585 922 sit
3621 869 3806 926 carnis
3842 884 3946 928 na-

2336 953 2478 1000 tura.
2521 945 2601 1002 Ex
2631 961 2775 1004 terra
2802 951 2951 1008 enim
2977 952 3170 1022 lutum,
3217 954 3354 1012 later
3375 998 3392 1024 ,
3426 972 3522 1014 vas
3557 958 3745 1028 ﬁctile,
3771 971 3830 1018 et
3856 973 3940 1018 te-

2333 1047 2414 1092 sta
2442 1036 2559 1095 fieri
2618 1043 2755 1099 solet
2784 1059 3042 1102 :carnem
3071 1062 3205 1104 vero
3231 1064 3301 1104 ex
3351 1057 3492 1106 terra
3538 1051 3734 1109 factam
3776 1071 3946 1112 nemo

2334 1143 2587 1200 umquam
2607 1132 2824 1190 viderit.
2846 1135 3136 1206 Quomodo
3161 1139 3325 1212 igitur
3346 1141 3486 1201 facta
3506 1155 3592 1200 est
3617 1147 3805 1204 carnis
3833 1163 3940 1204 na-

2334 1220 2494 1274 tura?
2519 1222 2793 1292 quomodo
2814 1240 2940 1282 ossa
2962 1227 3243 1286 eﬁormata
3269 1233 3432 1288 sunt?
3455 1235 3731 1306 quomodo
3759 1240 3939 1305 nervi,

2331 1327 2485 1368 vena:
2505 1317 2833 1374 etarterim?
2861 1321 3141 1390 quomodo
3186 1323 3544 1394 membrana,
3575 1326 3769 1397 adeps,
3815 1343 3943 1386 car-

2331 1419 2451 1472 nes,
2483 1408 2645 1475 cutis,
2669 1424 2900 1482 ungues,
2933 1412 3137 1482 capilli,
3167 1422 3224 1470 et
3254 1423 3398 1470 tanta
3434 1415 3722 1474 diversitas
3761 1421 3942 1477 varia-

2329 1509 2450 1550 rum
2482 1498 2909 1557 substantiarum
2935 1517 3001 1556 ex
3029 1517 3134 1557 una
3169 1502 3487 1574 subjaeeute
3508 1509 3697 1566 terra?
3735 1510 3938 1570 Verum

2332 1584 2447 1641 lucc
2471 1589 2653 1646 dicere
2681 1591 2904 1650 minime
2940 1596 3134 1665 possis.
3163 1597 3450 1666 Quomodo
3475 1617 3606 1676 ergo
3635 1604 3937 1664 absurdum

2333 1692 2438 1732 non
2478 1677 2640 1735 fuerit
2675 1697 2798 1738 cum
2828 1684 2920 1754 qui
2963 1685 3015 1741 id
3059 1688 3205 1758 quod
3259 1689 3461 1746 clarius
3512 1705 3569 1749 et
3612 1693 3826 1752 facilius
3854 1708 3942 1754 est

2332 1768 2559 1838 ignorat,
2589 1771 2894 1830 dilllciliora
2924 1786 2980 1831 et
3002 1791 3202 1834 arcana
3232 1780 3449 1837 curiose
3479 1787 3707 1840 scrutari
3731 1789 3758 1841 ?

2401 1886 2455 1940 5.
2498 1885 2690 1942 Rerum
2742 1891 3056 1948 naturalium
3105 1895 3356 1951 rationem
3407 1914 3510 1954 non
3555 1899 3900 1972 intelligimus
3921 1947 3935 1969 .

2330 1985 2520 2048 quanto
2546 1978 2714 2034 minus
2734 1979 2925 2037 divina.
2958 2013 3032 2025 --
3056 1984 3149 2041 Vis
3181 1995 3233 2043 te
3256 1988 3435 2045 adhuc
3461 1990 3529 2045 ad
3561 1991 3803 2050 faciliora
3835 1995 3941 2051 du-

2330 2083 2472 2136 cam,
2496 2085 2618 2141 qua:
2643 2074 2883 2143 quotidie
2919 2075 3034 2132 ﬁeri
3078 2078 3295 2136 solent?
3325 2082 3578 2138 Attamen
3624 2101 3694 2141 ne
3735 2087 3810 2143 de
3853 2088 3941 2146 his

2329 2161 2546 2231 quidem
2573 2165 2834 2222 rationem
2857 2168 3072 2225 reddes.
3092 2170 3291 2227 Panem
3317 2173 3555 2244 qu0tidie
3575 2179 3937 2240 comedimus.

2329 2249 2614 2317 Quomodo
2643 2253 2823 2326 igitur.
2855 2273 3060 2329 quaeso.
3092 2261 3248 2332 panis
3277 2263 3393 2334 ipsa
3421 2275 3611 2322 natura
3640 2270 3692 2324 iu
3715 2274 3940 2342 sangui-

2329 2355 2454 2396 nem
2481 2345 2726 2413 vertitur,
2757 2349 2810 2402 in
2842 2350 3109 2420 pituitam,
3149 2353 3202 2408 in
3223 2354 3386 2412 bilem
3409 2366 3465 2413 et
3484 2358 3537 2412 in
3565 2361 3803 2433 reliquos
3831 2365 3939 2421 hu-

2331 2434 2548 2488 mores?
2605 2436 2738 2491 Nam
2783 2439 2937 2508 panis
2979 2442 3199 2513 quidem
3247 2445 3454 2503 densus
3499 2448 3778 2523 durusque
3827 2465 3936 2518 est.

2330 2524 2547 2596 sanguis
2571 2542 2700 2584 vero
2724 2531 2902 2586 mollis
2927 2541 2982 2588 et
3009 2531 3242 2602 liuidus;
3271 2539 3428 2610 panis
3454 2543 3538 2596 vel
3561 2544 3824 2601 candidus
3851 2549 3939 2602 vel

2332 2611 2582 2671 frumenti
2607 2619 2813 2687 colore,
2846 2623 3065 2694 sanguis
3095 2627 3259 2682 ruber
3279 2637 3336 2684 et
3373 2631 3551 2702 niger.
3597 2633 3937 2694 Ceterarum

2330 2704 2459 2761 item
2513 2711 2828 2778 qualitatum
2877 2715 3236 2775 diﬂ‘ercntiatn
3278 2723 3325 2778 si
3379 2726 3502 2795 quis
3543 2740 3936 2802 persequatur,

2329 2797 2554 2857 multum
2592 2801 2826 2860 inveniet
2868 2821 3062 2876 panem
3104 2809 3247 2867 inter
3288 2822 3346 2869 et
3383 2797 3942 2889 sanguinem'discriv-

2330 2901 2473 2943 men.
2514 2889 2796 2956 Quomodo
2819 2896 2981 2967 igitur
3002 2898 3118 2956 haec
3146 2900 3305 2968 fiunt,
3331 2907 3592 2964 rationem
3613 2911 3811 2971 reddas
3837 2931 3937 2973 ve-

2329 2977 2442 3076 lim.
2469 2978 2574 3037 Sed
2597 2999 2889 3055 numquam
2917 2991 3109 3059 possis.
3131 2992 3345 3066 Ergone
3368 3008 3421 3053 tu
3442 3000 3534 3070 qui
3557 3003 3664 3060 cibi
3690 3007 3939 3076 quotidie

2331 3070 2595 3130 immutati
2643 3079 2906 3136 rationem
2935 3083 3166 3143 reddere
3211 3092 3433 3161 nequis,
3463 3107 3495 3148 a
3544 3095 3658 3152 Deo
3700 3070 3939 3169 peracta:

2329 3164 2618 3220 ereationis
2640 3169 2877 3228 rationes
2896 3187 2928 3227 a
2949 3189 3037 3231 mc
3061 3181 3313 3247 repetes?
3331 3181 3524 3239 Annon
3544 3185 3647 3244 hoc
3671 3164 3938 3250 estremm

2328 3250 2613 3311 dementia:
2643 3258 2842 3315 fuerit?
2868 3263 2925 3319 Si
2952 3267 3123 3321 nostri
3150 3269 3345 3326 similis
3358 3283 3441 3328 est
3468 3275 3628 3346 Deus,
3663 3283 3934 3341 rationem

2327 3348 2479 3418 exige
2505 3365 2764 3419 operum;
2800 3354 2907 3409 imo
2936 3373 3002 3411 ne
3029 3360 3079 3412 id
3107 3361 3325 3431 quidem
3351 3368 3682 3426 concedatur
3712 3352 3932 3433 :‘multa

2325 3441 2525 3511 quippe
2552 3443 2781 3500 luunana
2809 3456 2957 3502 certe
2984 3447 3119 3505 facta
3163 3453 3255 3522 qui
3285 3453 3419 3512 (lant
3459 3457 3642 3517 dicere
3671 3479 3780 3520 non
3809 3481 3936 3536 pos-

2327 3545 2546 3595 sumus;
2578 3537 2812 3606 cxempli
2842 3553 3025 3607 causa,
3073 3545 3344 3614 quomodo
3391 3564 3458 3606 ex
3488 3555 3757 3612 metallica
3785 3568 3931 3617 terra

2326 3635 2515 3676 aurum
2545 3625 2666 3691 fiat;
2697 3631 2967 3696 quomodo
2987 3648 3151 3689 arena
3181 3634 3238 3691 in
3265 3639 3386 3694 vitri
3415 3643 3702 3710 puritatem
3753 3661 3934 3708 mute.

2329 3722 2432 3767 tur.
2459 3713 2729 3787 Multoque
2755 3720 2904 3789 plura
2936 3723 3042 3780 dici
3082 3738 3306 3795 possent
3336 3731 3572 3790 humano
3593 3739 3825 3796 artificio
3851 3745 3933 3799 fa.

2324 3813 2429 3872 eta,
2468 3823 2694 3878 quorum
2747 3812 3012 3869 rationem
3066 3817 3394 3887 ignoramus.
3446 3823 3834 3888 Verumtamen
3883 3836 3930 3892 si

2326 3898 2492 3950 nostri
2521 3901 2709 3954 similis
2727 3903 2798 3956 sit
2821 3904 2983 3971 Deus,
3013 3922 3108 3976 per
3132 3925 3218 3964 me
3240 3911 3367 3968 licet
3386 3915 3649 3974 rationem
3673 3932 3928 3991 repetas;

2324 3986 2406 4041 sin
2437 3988 2698 4046 immenso
2727 3995 2900 4062 spatio
2935 4011 2966 4051 a
3003 3999 3157 4055 nobis
3200 4001 3386 4071 distat,
3414 4015 3467 4061 et
3493 4023 3656 4078 supra
3705 3986 3928 4070 modum

2323 4078 2616 4148 antecellit,
2653 4096 2832 4137 annon
2859 4095 3119 4144 extremm
3170 4090 3327 4148 fuerit
3375 4095 3602 4154 insania:
3655 4114 3774 4169 eos,
3833 4106 3930 4176 qui

2323 4171 2640 4229 immensam
2669 4176 2811 4233 illius
2837 4182 3154 4250 sapientiam
3183 4194 3239 4240 et
3275 4188 3531 4245 virtutem
3571 4171 3925 4262 conﬁtentur,

2322 4279 2548 4336 eamque
2596 4269 2826 4324 divinam
2872 4283 2927 4326 et
2970 4275 3591 4347 incomprehensibilem,
3648 4289 3807 4356 quasi
3857 4290 3930 4345 de

2323 4357 2555 4414 humana
2585 4363 2814 4431 quadam
2845 4373 2962 4420 arte
2985 4407 3001 4433 ,
3038 4368 3115 4422 sic
3141 4383 3240 4438 per
3275 4370 3485 4442 singula
3531 4373 3799 4432 factorum
3839 4396 3931 4436 ra-

2321 4455 2522 4511 tionem
2565 4459 2861 4527 expetere?
2892 4459 3092 4517 Verum
3141 4461 3226 4518 his
3269 4465 3447 4521 missis
3487 4469 3808 4538 ratiociniis,
3857 4475 3926 4532 ad

2320 4556 2528 4616 petram
2556 4550 2702 4603 illam
2739 4552 2965 4607 solidam
3011 4553 3332 4612 redeamus:
3383 4556 3452 4612 In
3501 4561 3755 4632 principia
3806 4569 3927 4636 fecit
4009 4573 4015 4580 '

2320 4639 2461 4695 Deus
2491 4644 2671 4697 ctclum
2698 4655 2743 4698 et
2772 4656 2978 4701 terram.
3011 4646 3182 4717 Supra
3225 4650 3354 4704 illud
3378 4650 3784 4710 fundamentum
3817 4669 3922 4727 sta,

2321 4747 2388 4785 ne
2419 4735 2537 4802 quis
2566 4735 2616 4788 in
2651 4744 2702 4790 te
2730 4736 3084 4793 humanarum
3124 4741 3509 4810 cogitationum
3556 4743 3754 4803 ﬂuctus
3805 4767 3926 4806 mo-

2322 4833 2444 4879 veat
2477 4842 2489 4878 :
2523 4825 2861 4896 Cogitationes
2897 4832 3031 4883 enim
3074 4833 3368 4889 mortalium
3394 4837 3607 4902 timide,
3639 4849 3688 4895 et
3714 4843 3925 4901 incerta:

2320 4917 2696 4974 adinventiones
2724 4936 2897 4975 eorum
2931 4921 3201 5003 (Sap.__/9.
3232 4925 3295 4980 ιι
3314 4925 3359 4998 ).
3389 4926 3471 4984 Ne
3512 4930 3670 4998 igitur
3696 4933 3748 4986 id
3779 4937 3922 5003 quod

2321 5011 2529 5065 firmum
2558 5023 2640 5067 est
2671 5013 2910 5080 deseras,
2942 5026 2999 5069 ut
3040 4995 3364 5079 adimmtua:
3412 5022 3640 5078 salutem
3691 5027 3923 5086 inﬁrmis

2317 5112 2370 5156 et
2417 5102 2694 5160 fallacibus
2731 5107 3025 5162 ratiociniis
3059 5109 3369 5166 committas
3398 5128 3411 5165 :
3443 5114 3538 5169 sed
3567 5131 3730 5171 mane
3772 5120 3825 5174 in
3860 5122 3921 5176 iis

2317 5209 2435 5263 qua:
2464 5194 2716 5260 didicisti,
2745 5207 2801 5252 et
2839 5215 2958 5266 quze
2989 5200 3080 5254 tibi
3103 5203 3410 5258 concredita
3435 5215 3579 5271 sunt,
3610 5218 3665 5262 et
3690 5209 3780 5274 dic
3811 5232 3825 5268 :
3855 5212 3915 5268 ιη

2324 5290 2576 5359 principio
2604 5292 2721 5361 fecit
2747 5291 2883 5346 Deus
2903 5294 3086 5349 caelum
3107 5307 3152 5349 et
3179 5306 3383 5351 terram.
3408 5298 3460 5354 Si
3496 5299 3825 5361 Maniclttrus
3845 5306 3921 5378 (α)

2316 5381 2621 5447 παρεδερτίῐ,
2653 5383 2697 5436 si
2725 5382 2978 5448 Marcion,
3008 5389 3052 5440 si
3081 5387 3343 5444 Valentini
3371 5392 3557 5445 morbo
3581 5394 3916 5469 laborantes,

2318 5475 2359 5529 si
2389 5475 2568 5550 quivis
2600 5476 2762 5543 alius,
2799 5477 2900 5533 hoc
2927 5480 3128 5536 dictum
3159 5482 3367 5553 objiee;
3397 5485 3441 5540 si
3470 5485 3741 5544 ridentem
3768 5487 3918 5546 vide-

2374 5677 2768 5737 (1:)Matiichmtts,
2789 5683 3007 5738 Marcion,
3028 5681 3310 5733 Valentinus
3324 5693 3476 5735 neum
3495 5698 3777 5739 creatorem
3803 5705 3913 5740 esse

2310 5741 2577 5802 negabant.
2601 5743 2884 5791 ttanieltmns
2894 5746 2999 5791 sive
3018 5750 3178 5794 Maues
3195 5745 3909 5802 dicebatmaternum-tertiam

2314 5814 2444 5852 esse.
2468 5803 2575 5863 Ejus
2593 5804 2715 5853 libet:
2737 5807 2805 5854 sic
2829 5805 3109 5865 incipiebat.
3131 5814 3261 5857 testo
3282 5809 3556 5871 Epiphanio,
3591 5827 3623 5874 ι»
3663 5811 3783 5859 6.30;
3811 5810 3923 5859 the!
