4186 6324
294 330 405 392 885

295 449 393 516 ris,
420 454 480 502 tu
512 458 637 501 eum
666 452 727 499 ut
761 441 1029 498 furentem
1058 436 1305 509 deplora.
1336 434 1580 491 Buxeum
1607 432 1685 488 illi
1709 430 1911 501 habent

292 540 535 595 colorem
560 578 577 606 ,
632 535 932 594 demissum
963 529 1341 603 supercilium,
1385 526 1671 584 verborum
1718 522 1904 579 mode-

290 630 453 687 stiam
498 626 838 700 praeferunt:
871 635 928 680 tu
956 624 1078 695 fuge
1122 621 1408 678 illecebras
1431 659 1449 687 ,
1477 629 1534 675 et
1580 616 1766 688 lupum
1807 614 1910 669 sub

288 721 412 777 ovis
467 720 611 791 pelle
660 716 933 775 occultum
978 712 1354 786 deprehendo.
1405 710 1702 780 Propterea
1753 708 1904 762 illum

286 812 530 868 maxime
569 808 699 866 odio
732 807 955 873 habeas,
982 808 1107 878 quia
1145 806 1273 861 dum
1316 817 1442 875 erga
1484 812 1538 858 te
1582 812 1906 856 conservum

284 902 439 960 mitis
463 910 517 957 et
545 910 857 956 mansuetus
878 913 1005 955 esse
1020 896 1257 960 videtur,
1280 892 1541 950 adversus
1561 903 1906 948 cetnmunem

285 1005 535 1053 nostrum
561 996 807 1051 omnium
828 992 1113 1049 Dominum
1148 1004 1283 1046 cane
1314 987 1501 1044 rabido
1540 985 1773 1043 ferocior
1796 992 1902 1050 est,

286 1086 628 1159 implacabile
649 1085 855 1141 bellum
882 1082 1213 1154 etpraelium
1238 1094 1434 1150 gerens
1453 1087 1645 1133 contra
1689 1075 1903 1140 caelum,

281 1186 341 1233 et
365 1185 689 1248 potestatem
730 1174 1018 1245 quamdam
1066 1172 1178 1227 Deo
1225 1183 1530 1241 opponens.
1575 1166 1725 1237 Fuge
1756 1166 1906 1221 virus

280 1269 612 1341 iniquitatis,
643 1266 945 1339 perniciosa
973 1264 1258 1335 pharmaca
1290 1261 1416 1316 odio
1445 1258 1585 1316 habe
1616 1276 1630 1313 :
1661 1267 1721 1313 et
1744 1270 1904 1327 quam

280 1373 315 1415 ι
357 1359 603 1430 patribus
656 1356 909 1428 accepisti
966 1353 1371 1417 hereditatem,
1427 1364 1626 1420 nempe
1694 1349 1907 1430 divina-

280 1427 404 1511 rum
430 1427 829 1522 Scripturarum
871 1447 1209 1516 lidematque
1235 1444 1537 1500 doctrinam
1557 1442 1579 1505 ,’
1606 1440 1746 1494 hanc
1779 1427 1903 1493 cum

280 1546 451 1602 multa
490 1543 704 1600 cautela
734 1543 930 1598 retine.
970 1538 1034 1593 In
1057 1538 1309 1609 principio
1335 1536 1454 1607 fecit
1480 1532 1625 1587 Deus
1646 1531 1833 1587 saluus
1854 1538 1905 1584 et

279 1648 491 1692 terram.
519 1634 659 1703 Quid
692 1633 799 1689 hoc
823 1631 955 1689 est?
982 1631 1159 1703 primo
1183 1629 1379 1684 erlem
1412 1666 1426 1691 ,
1456 1635 1641 1698 postea
1663 1621 1905 1679 terram?

279 1729 460 1801 primo
515 1736 713 1782 tectum
744 1768 759 1790 ,
820 1733 1009 1794 postea
1060 1719 1282 1777 solum?
1330 1718 1449 1774 Non
1495 1717 1641 1772 enim
1696 1724 1903 1771 naturae

276 1819 591 1877 necessitati
635 1817 881 1873 subditus
925 1824 1048 1881 est,
1104 1828 1211 1868 non
1269 1812 1407 1868 artis
1464 1810 1664 1881 regulis
1707 1808 1898 1863 servit.

277 1914 490 1970 Etenim
517 1920 573 1967 et
600 1919 808 1966 naturae
835 1918 891 1963 et
913 1907 1070 1972 artis,
1097 1916 1153 1961 et
1173 1919 1355 1960 rerum
1382 1902 1625 1959 omnium
1650 1900 1902 1957 voluntas

280 2006 375 2062 Dei
404 2003 587 2076 opifex
626 2001 929 2072 artifexque
953 2008 1055 2056 est.
1085 1998 1249 2053 Terra
1301 2005 1473 2051 autem
1501 2003 1608 2049 erat
1632 1993 1902 2049 invisibilis

274 2109 324 2155 et
344 2096 708 2167 incomposita.
739 2092 849 2149 Cur
897 2092 1090 2147 caelum
1144 2089 1440 2160 perfectum
1470 2087 1747 2158 produxit,
1792 2098 1901 2141 ter-

270 2202 392 2244 ram
443 2195 627 2243 autem
678 2184 933 2256 paulatim
983 2180 1311 2237 fabricatum
1366 2195 1491 2234 cum
1537 2193 1662 2234 esse
1708 2185 1897 2234 narrat

271 2277 530 2352 Moyses?
562 2276 635 2334 Ut
657 2284 951 2347 postquam
986 2275 1039 2329 in
1066 2271 1431 2345 praestantiori
1462 2269 1734 2326 elemento
1777 2268 1896 2339 ejus

276 2371 536 2427 virtutem
574 2369 844 2425 didiceras
865 2408 881 2434 ,
926 2366 1130 2422 certior
1164 2364 1323 2419 lieres
1352 2361 1503 2417 illum
1548 2359 1775 2431 perinde
1800 2375 1894 2430 po-

272 2463 445 2518 tuisse
484 2472 681 2517 terram
711 2458 1001 2530 perfectam
1036 2456 1353 2528 producere,
1380 2452 1649 2509 utemlum
1672 2452 1889 2507 fecerat.

276 2555 385 2613 Sed
418 2566 638 2628 propter
670 2563 721 2608 te
750 2565 804 2607 et
833 2561 1052 2622 propter
1072 2551 1302 2605 salutem
1329 2557 1473 2602 tuam
1493 2561 1600 2601 non
1631 2546 1712 2600 sic
1740 2543 1890 2600 iecit.

270 2646 580 2716 Quomodo,
642 2644 873 2716 inquies,
927 2652 1146 2713 propter
1201 2655 1291 2695 me
1340 2648 1402 2695 et
1441 2647 1661 2708 propter
1717 2651 1893 2691 meam

267 2742 506 2798 salutem
524 2738 551 2794 Υ
577 2738 896 2795 Communis
920 2750 1107 2791 mensa
1137 2743 1191 2788 et
1217 2733 1389 2803 patria
1416 2740 1472 2786 et
1501 2731 1679 2785 nutrix
1704 2740 1757 2785 et
1780 2744 1895 2785 ma-

269 2841 354 2890 ter
395 2832 640 2887 omnium
669 2839 755 2885 est
780 2840 941 2889 terra,
975 2827 1106 2882 urbs
1133 2834 1189 2880 et
1241 2824 1550 2894 sepulcrum
1578 2836 1886 2878 commune.

267 2923 480 2981 Etenim
514 2935 745 2990 corpora
786 2929 967 2975 nostra
1012 2932 1081 2973 ex
1110 2917 1223 2987 ipsa
1259 2955 1276 2979 ,
1310 2915 1540 2984 indeque
1568 2912 1891 2983 corporibus

266 3016 469 3074 nostris
496 2998 732 3071 sumitur
745 3014 1083 3077 alimentum,
1115 3010 1170 3065 in
1206 3010 1319 3080 ipsa
1347 3007 1655 3062 habitamus
1680 3015 1735 3061 et
1766 3019 1890 3060 ver-

265 3123 476 3173 samur,
502 3117 557 3164 et
584 3105 715 3179 post
738 3114 968 3161 mortem
1007 3103 1206 3159 iterum
1252 3100 1307 3155 in
1339 3101 1511 3170 ipsam
1541 3097 1886 3153 revertimur.

264 3199 349 3257 Ne
396 3201 580 3271 itaque
619 3214 685 3254 ex
728 3196 1051 3253 necessariis
1101 3193 1287 3249 usibus
1334 3192 1503 3261 ipsam
1552 3191 1673 3261 plus
1725 3204 1885 3260 quam

266 3307 369 3366 par
396 3300 517 3348 erat
561 3290 863 3353 mirareris,
910 3301 1049 3341 neve
1096 3282 1485 3339 beneﬁciorum
1536 3281 1693 3353 copia
1749 3291 1800 3336 te
1829 3280 1883 3335 in

265 3383 603 3455 impietatem
638 3377 981 3451 pertraheret
1009 3390 1074 3430 ac
1107 3374 1480 3444 supplantaret
1502 3413 1517 3436 ,
1556 3372 1731 3441 ipsam
1788 3370 1884 3426 tibi

263 3476 418 3547 prius
440 3471 728 3527 informem
756 3478 811 3525 et
837 3465 1250 3537 incompositam
1276 3463 1535 3529 declarat,
1568 3472 1627 3517 ut
1654 3462 1772 3532 ejus
1801 3463 1886 3517 in-

262 3565 518 3620 ﬁmitate
546 3570 860 3632 conspecta,
911 3558 1127 3613 mireris
1181 3571 1305 3612 eum
1361 3554 1452 3626 qui
1504 3553 1777 3623 produxit,
1828 3564 1886 3610 et

259 3657 404 3714 hanc
431 3656 509 3713 illi
556 3662 725 3710 totam
765 3654 1017 3709 virtutem
1070 3650 1287 3716 indidit,
1329 3648 1686 3719 celebresque
1732 3662 1878 3714 cum,

259 3752 355 3822 qui
381 3763 471 3806 res
498 3757 674 3803 tantas
697 3746 766 3803 ad
804 3743 1151 3802 commodum
1202 3751 1448 3798 nostrum
1476 3742 1703 3811 paravit.
1739 3740 1882 3795 Deus

256 3852 442 3900 autem
465 3841 797 3913 gloriﬁcatur
821 3855 930 3894 non
962 3837 1125 3893 modo
1180 3851 1276 3907 per
1301 3844 1446 3892 recta
1485 3834 1757 3904 dogmata,
1782 3833 1879 3889 sed

259 3934 427 3991 etiam
456 3948 553 4004 per
582 3932 851 4002 optimum
883 3930 1008 3985 vitae
1055 3928 1362 3982 institutum
1415 3944 1429 3980 :
1474 3924 1669 3980 Luceat
1708 3925 1875 3994 enim,

260 4026 457 4097 inquit,
507 4024 601 4080 tua:
641 4033 809 4078 vestra
836 4038 1011 4077 coram
1032 4020 1348 4086 hominibus,
1406 4027 1461 4072 ut
1490 4017 1693 4072 videant
1720 4032 1881 4088 Opera

256 4126 427 4175 uestra
449 4118 613 4185 bona,
640 4127 687 4172 et
713 4116 998 4189 glorificent
1020 4112 1233 4170 Patrem
1260 4122 1501 4179 vestrum,
1527 4111 1614 4182 qui
1642 4111 1696 4165 in
1738 4109 1878 4164 caelis

256 4223 336 4270 est
359 4210 581 4285 (Matth.
604 4211 660 4267 5.
690 4207 806 4281 16).

332 4306 389 4364 ὁ.
422 4304 666 4362 Flaviani
691 4302 921 4375 episcopi
954 4299 1257 4355 Antioclieni
1281 4297 1484 4352 laudes.
1514 4326 1585 4337 —
1612 4292 1873 4351 Volebam

258 4399 332 4457 de
360 4400 711 4469 eleemosyna
756 4407 1064 4450 sermonem
1092 4391 1331 4462 adjicere
1360 4407 1373 4441 :
1402 4398 1459 4443 at
1501 4387 1635 4443 mibi
1684 4401 1877 4457 super-

258 4492 427 4550 auum
449 4506 572 4548 esse
594 4489 808 4545 videtur
835 4501 931 4543 vos
963 4486 1127 4541 verbo
1156 4485 1356 4541 docere
1376 4526 1392 4549 ,
1430 4498 1553 4539 cum
1609 4482 1657 4538 is
1684 4480 1774 4551 qui
1820 4480 1874 4536 in

259 4584 442 4641 mulio
468 4582 624 4637 sedet
646 4578 951 4636 communis
996 4586 1148 4646 pater
1173 4588 1229 4630 et
1266 4574 1458 4629 doctor
1498 4583 1681 4627 uoster
1707 4570 1876 4640 possit

258 4690 356 4733 vos
384 4674 642 4746 operibus
666 4681 722 4728 et
769 4670 1026 4739 exemplo
1066 4668 1289 4724 erudire
1311 4709 1327 4734 ,
1356 4666 1448 4737 qui
1478 4680 1542 4720 ac
1581 4666 1625 4720 si
1652 4664 1872 4719 domum

258 4778 540 4840 paternam
569 4766 637 4821 ad
677 4765 779 4821 boc
809 4763 986 4818 solum
1039 4778 1068 4815 a
1100 4760 1397 4830 majoribus
1447 4757 1769 4827 accepisset,
1816 4764 1876 4813 ut

253 4873 377 4916 eam
408 4857 465 4913 Ιι(
531 4856 712 4911 \itibus
731 4852 1065 4925 excipiendis
1081 4853 1373 4923 praeberet,
1398 4849 1477 4904 sic
1505 4864 1624 4903 eam
1656 4863 1875 4919 semper

256 4949 327 5009 iis
355 4950 448 5022 qui
471 4963 569 5020 pro
594 4946 821 5002 veritate
844 4945 1120 5016 pelluntur
1136 4943 1458 5014 recipiendis
1480 4940 1787 5007 destinavit,
1816 4950 1877 4997 ut

256 5058 353 5102 eos
394 5042 649 5099 omnibus
692 5038 867 5094 modis
916 5038 1151 5101 foveret;
1179 5036 1253 5091 ita
1295 5045 1355 5090 ut
1408 5035 1644 5090 nesciam
1683 5043 1869 5089 utrum

256 5150 378 5191 eam
402 5133 544 5205 ejus,
564 5132 631 5188 ad
655 5128 1066 5202 peregrinorum
1094 5127 1315 5183 domum
1341 5124 1616 5197 appellare
1644 5140 1740 5195 par
1763 5126 1868 5193 sit;

257 5226 370 5284 imo
402 5227 583 5298 potius
612 5238 791 5279 annon
817 5236 881 5279 ea
911 5221 1056 5277 illius
1081 5234 1205 5277 esse
1234 5220 1357 5276 ideo
1382 5217 1742 5275 existimanda
1772 5218 1866 5287 sit,

252 5440 388 5485 Deus
406 5434 454 5482 et
475 5430 699 5489 materia,
726 5430 817 5481 tua:
838 5434 883 5481 et
904 5426 1135 5479 latebrae.
1170 5427 1376 5476 Marcion
1401 5424 1762 5489 duoprlncipia
1786 5423 1872 5489 ad-

250 5492 505 5551 mittebat,
527 5486 709 5542 bonum
734 5500 789 5543 et
810 5491 1010 5541 malum.
1057 5497 1239 5551 Bonum
1263 5495 1417 5551 Deum
1438 5486 1581 5551 nihil
1598 5486 1871 5551 iu_mundo

246 5546 509 5616 uenisse
549 5552 774 5613 dicebat,
815 5553 984 5616 Epipb.
1023 5568 1070 5615 p.
1109 5550 1222 5616 504,
1260 5546 1606 5616 Valentiniani
1632 5547 1873 5616 agonibus

247 5616 426 5679 omnis
440 5607 803 5679 adsaibeliaut.
828 5607 973 5679 rinam
990 5678 993 5679 ί
1010 5607 1147 5679 post,
1173 5613 1404 5679 uagum
1430 5607 1608 5679 halient
1628 5610 1717 5679 an
1738 5607 1873 5679 colo-

248 5692 392 5739 rem;
416 5677 511 5730 hoc
530 5686 609 5728 est
631 5677 828 5736 navum,
854 5671 1084 5739 pallidum
1126 5675 1245 5725 him
1286 5674 1469 5739 instar:
1498 5671 1591 5722 hoc
1609 5673 1785 5739 dicitur
1802 5671 1870 5723 de

250 5742 314 5792 lis
334 5735 423 5803 qui
453 5739 705 5803 simulate,
731 5746 784 5789 et
806 5735 1003 5803 utalios
1035 5736 1444 5796 circumveniant,
1483 5735 1864 5793 uiscerationem

249 5810 306 5858 ct
323 5797 562 5865 pallidum
586 5797 778 5855 vultum
800 5800 1048 5853 electam.

1540 315 1607 379 ΙΝ
1646 313 1943 377 CENESI)!
1973 311 2208 373 saturo
2244 314 2311 374 ιι.

3528 328 3639 386 5κῖ

2019 434 2148 501 quia
2178 426 2586 502 peregrinorum
2605 442 2710 490 est.
2741 433 2953 492 Etenim
2970 433 3257 495 facultates
3280 445 3482 508 nostra:
3506 450 3642 498 tune

2019 524 2255 577 maxime
2283 530 2484 579 nostrae
2506 523 2660 592 llunt,
2689 524 2909 595 quando
2935 540 3043 583 non
3068 525 3251 594 nobis,
3267 526 3365 584 sed
3384 530 3643 599 pauperi.

2018 612 2121 669 bus
2145 629 2239 670 eas
2268 614 2611 687 possidemus
2638 626 2695 673 et
2713 618 3113 689 dispensamus.
3143 618 3432 689 Quomodo
3452 631 3638 679 autem

2018 702 2123 761 hoc
2146 705 2240 772 sit,
2268 720 2372 779 ego
2397 706 2599 764 dicam.
2630 708 2688 766 Si
2735 710 2803 766 ad
2841 710 3123 767 dexteram
3154 712 3411 783 pauperis
3434 728 3637 783 argen-

2017 805 2131 853 tum
2161 797 2424 871 deponas,
2460 817 2571 858 non
2615 804 2950 877 sycophanta
2984 805 3210 875 invadit,
3257 820 3367 861 non
3420 805 3637 861 invidus

2014 889 2209 947 oculus
2236 893 2476 964 respicit,
2510 909 2616 950 non
2648 894 2755 962 fur,
2788 911 2893 951 non
2935 896 3201 967 parietum
3231 897 3462 953 elfossor
3490 899 3638 954 abri-

2014 982 2113 1053 pit,
2147 998 2255 1039 non
2297 999 2491 1042 servus
2519 1002 2587 1043 eo
2621 988 2805 1044 ablato
2828 988 3009 1061 fugam
3040 987 3207 1045 facit:
3241 1006 3365 1044 nam
3398 990 3487 1047 illa
3543 1009 3640 1060 pc-

2014 1091 2117 1131 nus
2156 1091 2284 1134 vere
2312 1080 2523 1151 asylum
2561 1088 2667 1136 est.
2707 1080 2767 1138 Si
2810 1090 2992 1137 autem
3024 1081 3173 1138 domi
3201 1082 3471 1151 defudias,
3501 1082 3637 1148 furi,

2012 1182 2292 1224 murorum
2319 1168 2589 1239 eﬂossori,
2608 1172 2814 1241 invido,
2840 1174 3212 1245 schpbanta',
3238 1189 3421 1240 servo,
3444 1183 3499 1231 et
3521 1176 3642 1231 cui-t

2013 1258 2147 1316 libet
2189 1263 2448 1331 perniciei
2505 1280 2697 1320 aurum
2744 1276 2894 1321 tuum
2946 1266 3241 1323 obnoxium
3285 1268 3438 1324 facis.
3474 1268 3633 1337 Saepe

2012 1352 2229 1420 aecidit,
2263 1363 2322 1408 ut
2342 1355 2525 1425 januis
2554 1366 2610 1412 et
2640 1358 2886 1414 vectibus
2929 1360 3119 1415 multis
3144 1360 3414 1431 oppositis
3441 1370 3633 1417 exter-

2010 1457 2205 1497 norum
2253 1444 2448 1500 damna
2496 1449 2741 1518 pecuniae
2797 1451 3039 1517 vitarint,
3089 1451 3187 1507 sed
3244 1452 3631 1522 penuariorum

2010 1551 2205 1591 manus
2238 1553 2345 1593 non
2373 1538 2695 1610 effugerint,
2728 1543 2858 1613 ipsis
2889 1558 3012 1598 cum
3039 1546 3270 1615 pecunia
3303 1546 3632 1616 aufugieutio

2010 1629 2112 1684 bus
2168 1628 2332 1687 Vides
2381 1640 2508 1687 tunc
2539 1648 2640 1689 nos
2683 1650 2810 1690 vere
2848 1633 3164 1695 facultatum
3196 1646 3502 1693 nostrarum
3532 1637 3635 1693 dn-

2007 1722 2187 1776 minos
2216 1737 2358 1789 esse,
2382 1738 2505 1779 cum
2537 1739 2633 1780 eas
2660 1726 2803 1797 apud
2852 1741 3117 1798 pauperes
3147 1728 3492 1800 deponimus.
3518 1728 3629 1787 Ne-

2008 1829 2111 1883 que
2139 1814 2401 1869 custodiae
2421 1816 2597 1871 solum
2623 1817 2793 1887 gratia
2818 1818 2905 1873 hic
2929 1817 3263 1873 tatiorlocus
3290 1828 3396 1886 est,
3429 1820 3524 1875 sed
3542 1831 3629 1876 est

2006 1906 2169 1961 etiam
2216 1906 2439 1977 majoris
2468 1907 2601 1963 lucri
2648 1917 2702 1962 et
2740 1918 3037 1977 proventus
3075 1924 3258 1965 causa.
3289 1909 3422 1963 Nam
3449 1910 3495 1964 si
3526 1912 3628 1965 lio-

2008 1995 2142 2051 mini
2190 1994 2503 2063 fmnereris,
2536 1999 2892 2052 centesimam
2919 1999 3161 2069 accipis:
3210 2000 3256 2054 si
3300 2008 3481 2055 autem
3514 2000 3629 2056 Deo

2007 2103 2103 2158 per
2126 2102 2417 2158 pauperem
2470 2088 2781 2155 ftenereris,
2811 2091 2923 2159 jam
2956 2106 3065 2146 non
3108 2092 3492 2155 centesimam.
3525 2094 3622 2149 sed

2003 2178 2315 2249 centuplum
2344 2178 2601 2249 accipies.
2634 2178 2690 2235 Si
2714 2180 2768 2235 in
2798 2180 2962 2237 feraci
3003 2196 3155 2237 seras
3186 2197 3317 2254 agro
3338 2223 3353 2246 ,
3395 2192 3449 2239 et
3475 2181 3620 2249 larga

2004 2284 2163 2340 seges
2190 2267 2373 2336 fuerit,
2407 2269 2699 2340 decuplum
2724 2272 2952 2327 seminis
2976 2273 2994 2304 ⁸
3036 2270 3283 2339 referas;
3315 2273 3362 2329 si
3401 2273 3454 2328 in
3485 2274 3625 2331 caelo

2002 2378 2175 2429 seras,
2221 2374 2508 2435 postquam
2532 2365 2873 2436 «centuplum
2932 2367 3231 2436 acceperis,
3266 2368 3430 2433 vitam
3458 2368 3623 2423 etiam

2000 2466 2283 2525 aeternam,
2314 2471 2657 2529 perpetuam,
2692 2459 3055 2515 immortalem
3075 2458 3402 2530 possidebis.
3436 2459 3505 2514 Et
3534 2457 3625 2516 hic

1999 2547 2223 2619 quidem
2264 2550 2470 2607 multus
2498 2552 2653 2607 labor
2691 2551 2758 2606 iis
2798 2549 3113 2607 subeundus
3152 2559 3237 2606 est
3274 2551 3363 2622 qui
3413 2550 3622 2606 semina

1997 2642 2248 2713 jaciunt;
2283 2643 2395 2697 illic
2422 2659 2557 2699 vero
2596 2645 2715 2699 sine
2766 2654 2972 2708 aratro,
3015 2642 3211 2708 bobus,
3244 2642 3518 2715 agricolis,
3566 2654 3624 2699 et

1997 2734 2218 2806 reliquis
2244 2734 2539 2803 laboribus,
2566 2736 2710 2807 jacta
2738 2736 2945 2792 semina
2965 2735 3262 2806 pullulant;
3284 2750 3393 2791 non
3416 2745 3606 2802 zestus,

1997 2842 2106 2882 non
2137 2827 2331 2897 pluvia:
2355 2828 2558 2895 nimiae,
2584 2845 2693 2884 non
2726 2843 2913 2895 eruca,
2944 2828 3029 2883 vel
3075 2829 3310 2899 grando,
3344 2828 3430 2883 vel
3462 2829 3612 2884 locu~

1995 2928 2202 2973 starum
2233 2934 2450 2990 agmen,
2477 2919 2564 2974 vel
2613 2919 2902 2975 ﬂuviorum
2935 2919 3321 2975 inundationes
3347 2962 3361 2985 ,
3393 2920 3480 2976 vel
3509 2936 3619 2975 ca:-

1996 3021 2110 3067 tera
2152 3010 2461 3082 hujusmodi
2507 3012 2797 3066 metuenda
2826 3021 2955 3067 sunt
3003 3012 3247 3076 serenti;
3276 3010 3373 3067 sed
3398 3027 3519 3082 qua:
3543 3011 3615 3067 ibi

1988 3101 2132 3173 jacta
2161 3113 2289 3157 sunt
2330 3102 2559 3169 semina,
2588 3102 2721 3157 nulli
2751 3101 3013 3172 perniciei
3038 3110 3167 3157 sunt
3194 3101 3447 3157 obnoxia.
3479 3100 3615 3158 Cum

1992 3193 2155 3265 igitur
2182 3210 2283 3249 nec
2313 3194 2467 3249 labor
2491 3235 2506 3262 ,
2532 3208 2634 3251 nec
2660 3194 2983 3265 periculum,
3014 3209 3115 3250 nec
3144 3193 3404 3265 suSpieio,
3438 3209 3616 3265 neque

1985 3282 2197 3355 jactura
2219 3287 2488 3356 quaepiam
2520 3285 2698 3351 adsit,
2727 3285 2824 3341 sed
2849 3285 2999 3356 jacto
3023 3284 3233 3341 semine
3263 3285 3424 3357 longe
3455 3285 3613 3358 plura

1990 3386 2303 3444 nascantur,
2351 3386 2408 3433 et
2463 3386 2611 3433 tanta
2660 3378 2789 3434 hinc
2840 3376 3105 3448 pullulent
3147 3376 3314 3444 bona,
3371 3377 3499 3444 Quae
3521 3397 3613 3435 nec

1989 3468 2169 3525 oculus
2208 3470 2371 3537 vidit,
2410 3486 2504 3524 nec
2546 3471 2688 3524 auris
2737 3469 2959 3536 audivit,
3005 3485 3097 3524 nec
3144 3469 3198 3523 in
3236 3485 3326 3523 cor
3382 3469 3607 3525 hominis

1987 3562 2329 3618 ascenderunt
2360 3563 2440 3634 (l.
2469 3562 2591 3619 Cor.
2620 3563 2677 3618 2.
2720 3563 2778 3635 9)
2814 3581 2830 3617 :
2859 3578 3043 3620 annon
3093 3572 3355 3621 extremae
3383 3562 3612 3634 ignaviae

1989 3653 2170 3721 fuerit,
2212 3654 2408 3711 relicto
2452 3655 2687 3726 majore,
2722 3654 2774 3710 id
2803 3654 2950 3727 quod
3005 3655 3188 3711 minus
3216 3665 3302 3712 est
3332 3657 3607 3726 persequi,

1986 3757 2136 3804 eteo
2178 3746 2325 3817 quod
2378 3756 2555 3806 tutum
2586 3757 2706 3804 erat
2759 3748 3008 3815 deserto.
3067 3748 3297 3813 incerta,
3353 3748 3610 3818 periculis

1986 3840 2165 3909 plena,
2197 3848 2252 3893 et
2277 3837 2589 3894 infortuniis
2619 3839 2807 3895 multis
2849 3838 3085 3896 obnoxia
3112 3838 3309 3896 adire?
3332 3840 3467 3907 Qua:
3508 3857 3608 3896 no.

1985 3930 2068 3987 bis
2096 3930 2249 3986 venia
2279 3929 2335 3985 id
2363 3930 2671 4003 agentibus,
2714 3947 2835 4003 quae
2872 3933 3153 3989 excusatio
3172 3932 3199 3987 .’
3224 3932 3605 4005 Paupertatem

1982 4023 2330 4079 obtendimus
2377 4042 2392 4080 :
2432 4032 2493 4081 at
2538 4025 2895 4097 pauperiores
2922 4040 3031 4082 non
3075 4040 3267 4081 sumus
3296 4025 3458 4080 vidua
3488 4024 3603 4093 illa,

1980 4134 2103 4190 quae
2126 4134 2252 4174 cum
2279 4117 2389 4174 duo
2428 4118 2609 4175 solum
2641 4120 2853 4175 minuta
2906 4118 3157 4187 haberet,
3188 4118 3308 4176 haec
3353 4117 3606 4190 deposuit

1982 4208 2136 4284 (Luc.
2163 4209 2256 4266 2i.
2286 4210 2380 4282 2).
2414 4209 2569 4266 illius
2599 4210 2787 4281 itaque
2832 4208 3050 4267 divitias
3094 4209 3437 4271 aemulemur,
3482 4211 3607 4267 imi-

1983 4314 2161 4360 temur
2180 4303 2445 4376 propositi
2474 4302 2935 4375 magniﬁcentiam
2959 4344 2975 4367 .
3005 4311 3064 4358 ut
3089 4302 3329 4373 reposita
3350 4302 3429 4358 illi
3457 4303 3600 4359 bona

1978 4411 2421 4468 consequamur:
2453 4412 2575 4468 quae
2628 4411 2730 4451 nos
2770 4409 2965 4451 omnes
3004 4394 3237 4465 adipisci
3287 4385 3593 4466 contingat,

1977 4490 2150 4562 gratia
2180 4498 2237 4545 et
2258 4488 2592 4561 benignitate
2623 4486 2838 4543 Domini
2866 4486 3039 4542 nostri
3063 4486 3195 4543 Jesu
3219 4485 3445 4554 Christi,
3475 4503 3600 4543 cum

1979 4599 2087 4654 quo
2122 4579 2290 4648 Patri,
2344 4580 2617 4651 simulque
2660 4590 2852 4635 sancto
2882 4576 3133 4650 Spiritui,
3184 4577 3380 4649 gloria,
3430 4578 3604 4650 impe-

1978 4678 2341 4745 rinm,honor,
2371 4693 2513 4732 nunc
2534 4685 2589 4733 et
2611 4690 2727 4733 sem
2737 4689 2851 4746 per,
2873 4673 2998 4730 etin
3019 4671 3225 4729 saecula
3245 4672 3596 4729 saeculorum.

1977 4774 2175 4830 Amen.
2554 4828 2555 4831 η

2618 4881 2849 4939 SERMO
2886 4880 2949 4937 ll.

1977 4996 2083 5054 Cur
2110 4999 2163 5051 in
2187 4996 2295 5053 sole
2326 5006 2371 5050 et
2400 4997 2523 5051 (una
2550 5007 2595 5049 et
2623 4996 2749 5051 caelo
2770 5010 2817 5050 et
2847 4994 2970 5049 aliis
2998 4994 3184 5047 dixerit
3214 5008 3233 5046 :
3264 4992 3400 5056 Fiat,
3426 4994 3479 5047 in
3503 4994 3597 5048 Iw-

2050 5091 2189 5143 mine
2235 5097 2425 5153 autem,
2474 5086 2796 5154 Faciamus;
2841 5097 2891 5142 et
2918 5086 3168 5158 quidnam
3212 5086 3277 5141 sit
3323 5085 3477 5154 illud,
3510 5086 3594 5143 Ad

2052 5184 2340 5255 imaginem
2373 5182 2527 5254 (Gen.
2565 5183 2617 5237 i.
2641 5182 2695 5238 5.
2728 5182 2781 5237 6.
2811 5179 2948 5254 26

2054 5300 2108 5354 i.
2148 5297 2237 5352 Vis
2267 5296 2519 5352 orationis
2566 5293 2832 5350 Ecclesiae.
2860 5323 2931 5335 —
2960 5291 3231 5363 Numquid
3271 5294 3543 5347 meuuinn’
3571 5310 3598 5349 s

1977 5392 2361 5464 quaestionum,
2393 5405 2517 5462 quae
2562 5388 2716 5443 vobis
2767 5401 2943 5458 nuper
2979 5396 3105 5441 sunt
3150 5385 3487 5457 propositae?
3537 5389 3593 5442 In

1979 5494 2182 5541 tantam
2238 5483 2384 5539 enim
2413 5481 2776 5553 arrogantiam
2802 5489 2859 5536 et
2884 5479 3163 5535 audaciam
3204 5494 3307 5534 nos
3346 5480 3599 5551 provexi-

1976 5581 2096 5647 stis,
2130 5590 2188 5636 ut
2212 5577 2543 5651 quaestiones
2569 5574 2844 5648 intrepide
2872 5574 3255 5649 aggrediamur
3285 5590 3301 5656 ς
3336 5574 3447 5629 imo
3489 5587 3596 5629 nec

1978 5674 2221 5731 audaciae
2252 5685 2353 5729 nec
2379 5670 2713 5744 arrogantia:
2739 5668 2793 5726 id
2824 5668 3037 5725 facinus
3063 5675 3168 5724 est.
3198 5664 3318 5723 Non
3349 5663 3496 5724 enim
3516 5664 3591 5721 vi~

2048 5797 2063 5825 ί
2101 5799 2241 5857 ιιι-6.,
2260 5786 2521 5854 decuplmn
2536 5784 2754 5853 semotis,
2766 5784 2848 5839 vel
2870 5784 2941 5839 bis
2963 5782 3140 5850 dmpl
