4186 6324
650 483 801 536 ribus
823 473 1021 532 nostris
1045 467 1379 527 confidentes
1401 507 1417 532 ,
1450 463 1548 520 sed
1573 461 1871 518 antistitum
1897 453 2149 530 precibus
2169 464 2233 508 ac

647 570 838 628 vestris
879 564 1060 623 omnia
1085 561 1485 619 committentes
1509 555 1580 612 ad
1601 555 1833 612 stadium
1865 563 1964 606 nos
1993 544 2235 604 accinxi-

645 676 784 719 ntus.
811 659 982 716 Tanta
1009 671 1178 728 porro
1204 655 1285 710 vis
1312 661 1395 709 est
1423 664 1642 724 precum
1673 645 1931 704 Ecclesia:
1954 684 1969 709 ,
2002 647 2064 698 ut
2109 638 2236 695 licet

643 754 814 823 magis
834 752 967 809 muti
992 764 1152 823 quam
1198 746 1402 816 lapides
1428 754 1691 807 essemus,
1725 751 1900 809 penna
1929 733 2122 806 quavis
2159 731 2236 787 le-

647 825 854 918 vip'rem
877 844 1112 915 linguam
1147 847 1386 895 nostram
1415 833 1676 891 efficiant.
1707 830 1840 888 Nam
1878 826 2017 883 sicut
2041 825 2094 880 in
2123 835 2237 879 me-

643 917 734 998 dia
759 935 882 993 navi
911 933 1153 990 incidens
1170 930 1285 986 vela
1309 926 1578 998 zephyrus
1607 921 1799 994 sagitta
1825 917 2062 975 velocius
2079 927 2234 986 cym-

655 1007 778 1086 bam
807 1034 1084 1099 promovet
1115 1043 1131 1081 :
1158 1024 1236 1080 sic
1267 1030 1324 1078 et
1368 1022 1422 1076 in
1474 1019 1710 1089 linguam
1735 1010 1964 1070 dicentis
1991 1007 2233 1065 incidens

646 1120 820 1177 oratio
849 1115 1126 1182 Ecclesize,
1153 1111 1525 1168 vehementius
1548 1122 1706 1180 quam
1733 1104 2001 1176 zephyrus
2022 1113 2232 1182 sermo-

651 1225 775 1267 nem
799 1215 1097 1282 promovet.
1131 1204 1419 1274 Propterea
1467 1215 1567 1256 nos
1595 1198 1755 1255 etiam
1786 1193 2023 1291 quotidie
2051 1190 2231 1291 conli-

644 1281 835 1357 denter
881 1296 950 1353 ad
1007 1302 1279 1351 certamen
1319 1307 1417 1347 nos
1469 1288 1815 1360 accingimus.
1866 1284 1924 1340 Si
1980 1281 2122 1339 enim
2177 1281 2230 1333 in

640 1390 881 1447 externis
930 1385 1307 1444 certaminibus
1335 1382 1599 1453 quispiam
1631 1419 1646 1446 ,
1675 1379 1762 1435 cui
1791 1376 1979 1432 decem
2024 1381 2231 1429 tantum

639 1489 735 1537 aut
755 1480 936 1551 viginti
964 1476 1162 1533 fuerint
1188 1474 1344 1529 amici
1372 1473 1424 1528 in
1473 1480 1627 1528 tanto
1648 1469 1865 1541 populo,
1910 1467 2158 1522 alacriter
2177 1464 2229 1518 in

639 1588 858 1630 arenam
883 1569 1157 1627 descendit
1189 1585 1204 1621 :
1233 1566 1402 1622 multo
1427 1565 1596 1636 magis
1620 1577 1740 1631 nos,
1790 1561 1882 1632 qui
1909 1574 2016 1615 non
2043 1558 2231 1614 decem

638 1674 730 1719 aut
756 1662 966 1734 viginti,
1022 1657 1119 1716 sed
1151 1667 1321 1715 totum
1348 1657 1616 1714 theatrum
1664 1668 1733 1709 ex
1771 1650 2020 1707 fratribus
2067 1649 2234 1720 patri-

639 1755 844 1825 busque
894 1751 1182 1808 conflatum
1225 1748 1502 1811 habemus,
1532 1744 1866 1802 confidenter
1908 1740 1963 1797 id
1987 1753 2227 1811 agemus.

639 1844 873 1900 Tametsi
895 1843 947 1898 iu
972 1842 1214 1898 externis
1229 1837 1615 1896 certaminibus
1632 1850 1738 1891 non
1761 1833 1990 1889 multum
2015 1830 2234 1902 prodest

641 1935 859 1990 athleta:
910 1931 1137 1988 certanti
1193 1939 1483 2002 spectator,
1529 1927 1631 1983 nisi
1682 1925 1821 1982 forte
1847 1933 1908 1980 ut
1934 1923 2133 1979 clamet
2177 1930 2234 1977 et

641 2025 824 2082 laudet
873 2038 995 2094 qua:
1039 2030 1319 2093 geruntur,
1363 2028 1418 2075 et
1461 2020 1514 2075 in
1559 2015 1820 2089 superiori
1873 2016 1993 2070 loco
2038 2012 2234 2069 sedens

639 2131 761 2173 cum
814 2114 921 2170 illis
964 2112 1274 2176 contendat,
1318 2111 1410 2181 qui
1445 2107 1819 2164 contradicunt
1850 2124 1863 2160 :
1893 2105 1946 2159 in
2001 2103 2232 2159 stadium

638 2202 767 2263 vero
809 2203 1158 2270 descendere,
1190 2215 1514 2272 manumque
1540 2199 1832 2270 porrigere,
1859 2196 1947 2252 vel
1973 2194 2231 2250 adversa-

639 2298 703 2353 rii
751 2296 942 2368 pedem
995 2293 1242 2359 trahere,
1290 2291 1375 2348 vel
1427 2290 1573 2345 aliud
1623 2286 1888 2358 ejusmodi
1958 2283 2230 2355 quidpiam

638 2403 819 2460 agere,
851 2386 1073 2441 minime
1099 2385 1241 2441 licet.
1291 2383 1394 2452 Qui
1437 2382 1582 2438 enim
1624 2381 1694 2436 ab
1741 2379 1893 2435 initio
1935 2376 2230 2434 certamina

639 2480 729 2535 illa
754 2478 1164 2540 constituerunt,
1193 2475 1364 2532 acutis
1406 2474 1542 2545 palis
1569 2472 1782 2536 defixis,
1815 2484 1880 2526 ac
1929 2469 2143 2524 funibus
2173 2468 2226 2522 in

637 2585 826 2641 gyrum
850 2567 1089 2624 extensis
1115 2575 1481 2638 spectatorum
1529 2561 1790 2619 insaniam
1835 2568 2041 2616 arcent.
2092 2557 2233 2626 Quid

641 2673 771 2714 vero
796 2659 1014 2725 mirum,
1047 2657 1092 2712 si
1119 2656 1448 2713 descendere
1472 2653 1758 2725 spectatori
1786 2669 1892 2707 non
1927 2653 2073 2716 licet,
2105 2665 2228 2706 cum

642 2760 698 2807 et
723 2753 989 2820 palarstrte
1035 2749 1348 2819 magistrum
1370 2746 1594 2817 jubeant
1619 2745 1748 2800 foris
1773 2743 2051 2800 sedentem
2075 2741 2227 2812 juxta

640 2854 860 2895 arenam
888 2879 902 2904 ,
958 2853 988 2893 a
1040 2839 1196 2909 longe
1245 2837 1574 2893 certantibus
1618 2835 1877 2891 doctrinae
1925 2833 2225 2889 subsidium

633 2930 898 3001 praebere,
926 2945 1094 3002 prope
1132 2944 1264 2986 vero
1293 2944 1398 2985 non
1425 2928 1606 2984 sinant
1631 2926 1928 2984 accedere?
1973 2925 2073 2982 llic
2101 2941 2231 2982 vero

636 3038 744 3078 non
774 3022 845 3077 ita
893 3021 987 3088 fit;
1018 3021 1115 3077 sed
1142 3029 1201 3078 et
1240 3021 1446 3076 doctori
1474 3031 1529 3076 et
1567 3019 1858 3090 spectaturi
1887 3019 2013 3074 licet
2035 3019 2104 3073 ad
2133 3034 2232 3072 nos

635 3113 988 3182 descendere,
1040 3122 1200 3185 atque
1229 3112 1424 3170 affectu
1465 3127 1632 3184 prope
1671 3112 1906 3177 adstare,
1955 3111 2231 3182 precibus-

636 3223 740 3277 que
765 3207 908 3262 vires
929 3206 1148 3261 addere.
1185 3207 1298 3277 Age
1323 3220 1456 3276 ergo
1485 3220 1637 3260 more
1660 3205 1985 3260 athletarum
2015 3202 2228 3258 illorum

634 3293 1008 3367 aggrediamur
1059 3295 1373 3351 certamina.
1405 3295 1679 3366 Siquidem
1725 3295 1802 3350 illi
1832 3310 1952 3350 cum
1993 3309 2053 3349 se
2096 3294 2230 3349 invia

634 3405 751 3445 cem
782 3389 988 3446 medios
1015 3388 1420 3459 prehenderint,
1473 3403 1537 3444 ac
1589 3389 1642 3444 vi
1669 3404 1903 3444 neruum
1932 3387 2134 3443 fuerint
2161 3387 2228 3443 ad

633 3481 1073 3536 circumstantem
1122 3494 1184 3535 se
1226 3484 1355 3535 foris
1385 3481 1593 3536 turbam
1641 3481 1856 3550 impulsi
1885 3491 2104 3551 propter
2132 3496 2229 3534 an-

639 3572 845 3641 gustias
876 3571 999 3638 loci,
1053 3572 1278 3628 nexibus
1325 3573 1516 3628 solutis
1567 3573 1635 3628 ad
1686 3573 1999 3629 certaminis
2047 3573 2227 3628 locum

633 3677 821 3717 rursus
841 3671 1186 3718 revertuntur
1218 3663 1450 3719 :deinde
1481 3663 1766 3720 redeuntes
1793 3679 1901 3719 non
1930 3665 2064 3720 recti
2095 3679 2229 3720 con-

632 3752 947 3823 grediuntur
976 3767 1184 3819 rursus,
1202 3769 1389 3809 verum
1409 3755 1463 3809 in
1489 3756 1740 3810 eumdem
1766 3772 1826 3812 se
1848 3772 2079 3811 neruum
2108 3771 2227 3812 mo-

634 3843 762 3897 dum
788 3851 1093 3912 statumque
1121 3845 1427 3910 restituunt,
1460 3846 1511 3899 in
1537 3862 1642 3916 quo
1685 3855 1842 3902 antea
1878 3856 2002 3901 sunt
2046 3847 2225 3902 divisi.

634 3931 860 3999 Quando
890 3932 1051 4002 igitur
1078 3947 1175 3987 nos
1202 3948 1416 4005 quoque
1455 3950 1759 3991 sermonem
1788 3937 2069 3992 absolvere
2125 3939 2227 3993 loci

633 4023 878 4093 angustia
907 4023 1103 4093 coegit,
1132 4038 1229 4095 age
1266 4025 1334 4079 ad
1385 4025 1556 4094 ipsum
1584 4026 1760 4081 locum
1801 4029 2111 4083 certaminis
2139 4045 2226 4083 rc-

635 4123 948 4179 vertentes,
1011 4130 1180 4170 nexus
1236 4117 1303 4171 ab
1357 4117 1422 4172 iis
1470 4133 1589 4187 qua:
1643 4117 1902 4175 hodierno
1930 4121 2018 4176 die
2074 4124 2226 4179 nobis

633 4213 761 4258 sunt
785 4205 915 4260 lecta
943 4206 1230 4260 solvamus.
1270 4206 1336 4261 Et
1358 4210 1484 4264 dixit
1514 4209 1650 4264 Deus
1679 4253 1694 4275 ,
1731 4213 1921 4282 inquit,
1952 4215 2227 4272 Faciamus

635 4297 887 4350 hominem
947 4295 1017 4348 ad
1090 4297 1362 4367 imaginem
1427 4312 1475 4354 et
1541 4301 1925 4358 similitudinem
2002 4316 2228 4383 npstram

637 4385 789 4452 (lien.
820 4386 1015 4457 1.257.

704 4476 809 4531 Cur
851 4477 992 4532 Deus
1040 4479 1254 4548 dixerit,
1310 4481 1587 4539 Faciamus
1619 4483 1913 4554 hominem,
1956 4505 2081 4558 non,
2109 4490 2228 4547 Fiat

635 4567 816 4622 homo.
835 4567 999 4640 --(a)
1018 4569 1192 4625 Unum
1221 4573 1323 4628 hoc
1353 4576 1580 4643 primum
1607 4581 1831 4646 quaesito
1860 4580 2100 4652 dignum,
2133 4599 2228 4639 cur

635 4656 871 4723 tandem,
899 4672 1020 4713 cum
1050 4661 1237 4715 cmlum
1268 4661 1438 4729 fieret,
1469 4681 1729 4737 nusquam
1753 4670 1948 4725 dictum
1981 4674 2083 4738 sit,
2119 4674 2229 4727 Fa

631 4749 844 4814 ciamus,
874 4749 986 4815 sed,
1021 4749 1141 4805 Fiat
1167 4752 1367 4818 calum,
1394 4753 1514 4809 Fiat
1530 4743 1650 4823 lux,
1679 4768 1838 4829 atque
1868 4761 1938 4815 ita
1965 4763 2019 4816 in
2048 4763 2227 4833 singu-

633 4838 698 4892 lis
727 4847 1090 4893 creaturarum
1134 4841 1455 4911 generibus:
1500 4844 1587 4900 hic
1629 4861 1756 4902 vero
1784 4850 1956 4906 solum
1987 4853 2227 4909 additum

630 4930 702 4982 sit
728 4929 876 4995 illud,
903 4929 1196 4998 Faciamus,
1221 4941 1275 4988 et
1297 4937 1577 4992 consilium
1602 4953 1664 4993 ac
1691 4939 2007 4998 deliberatio
2030 4954 2226 5002 etcum

631 5021 804 5078 altero
823 5026 1072 5095 quopiam
1093 5025 1311 5082 honoris
1336 5041 1582 5087 consorte
1602 5036 2050 5093 communicatio?
2068 5033 2228 5108 Quis-

632 5129 756 5168 nam
787 5115 944 5185 igitur
973 5116 1062 5172 ille
1106 5119 1318 5175 tandem
1350 5124 1542 5191 estqui
1574 5126 1834 5182 creandas
1854 5169 1869 5195 ,
1901 5129 1985 5185 cui
2018 5141 2222 5186 tantum

633 5203 852 5262 honoris
880 5207 1193 5264 deferatur?
1218 5209 1390 5266 Homo
1418 5222 1500 5267 est
1524 5254 1538 5280 ,
1572 5229 1817 5284 magnum
1859 5219 1989 5273 illud
2027 5222 2225 5276 animal

623 5301 687 5348 et
705 5295 1019 5354 admirabile
1038 5339 1052 5363 ,
1083 5299 1329 5370 quodque
1356 5304 1500 5358 omni
1518 5313 1761 5360 creatura
1787 5311 2126 5375 prmstantius
2144 5323 2229 5366 est

633 5384 774 5454 apud
806 5385 968 5442 Deum
991 5428 1005 5455 ,
1036 5398 1253 5460 propter
1289 5409 1446 5463 quem
1477 5395 1666 5450 caelum
1709 5407 1764 5453 et
1793 5408 1934 5456 terra
1979 5411 2031 5457 et
2080 5418 2227 5460 mare

632 5488 698 5530 ac
735 5475 995 5547 reliquum
1041 5493 1202 5537 omne
1249 5493 1510 5540 creatura:
1548 5501 1738 5558 corpus
1785 5499 1869 5545 est
1909 5492 2222 5550 conditum:

699 5606 1607 5695 Sfi.1{5.Bf95.EiF'ili?hbel"9m-
1685 5626 1732 5674 in

635 5668 851 5751 intepet:
859 5745 867 5751 _
877 5668 1026 5751 totam
1045 5690 1184 5751 pene
1217 5668 1484 5749 Homiliam.
1496 5668 2226 5751 111-[

637 5740 785 5785 rauca
807 5730 1076 5794 huntsmodi
1099 5744 1341 5801 reperies.

1809 333 2286 398 CHRYSOSTOMI
2329 333 2646 392 ARCIIIEP.
2686 333 3222 395 CONS'I'ANTINOP.

2343 449 2525 518 homo,
2552 450 2705 522 cujus
2725 451 2795 509 ita
2827 452 2968 511 Deus
2995 455 3221 512 salutem
3245 455 3536 526 adamavit,
3559 467 3618 515 ut
3646 476 3717 518 ne
3743 462 3945 534 linige-

2341 541 2454 598 nite
2491 541 2706 614 quidem
2735 557 2836 601 suo
2863 555 3084 615 propter
3109 561 3233 603 eum
3265 559 3546 618 parceret:
3591 565 3768 621 neque
3793 533 3946 607 enim

2337 632 2518 688 omnia
2554 641 2812 704 prastare
2849 635 3134 707 molirique
3180 636 3405 704 destitit,
3450 637 3625 695 donec
3668 639 3724 696 in
3771 640 3944 695 altum

2337 733 2581 780 evectum
2609 725 2664 780 in
2695 739 2791 781 sua
2816 725 3038 784 dextera
3079 727 3383 785 collocavit.
3417 729 3702 787 Enimvero
3741 729 3948 787 clamat

2339 813 2394 871 id
2420 816 2618 873 Paulus
2639 816 2865 876 dicens:
2889 819 3314 877 Conresascitaeit
3337 833 3386 878 et
3412 824 3682 881 consedere
3705 825 3825 897 fecit
3849 842 3948 882 nos

2339 906 2394 961 ia
2418 908 2696 965 calcaribus
2719 911 2776 965 in
2811 911 3014 967 Christo
3036 912 3165 968 Iesu
3197 911 3416 987 (Ephes.
3443 915 3500 970 2.
3531 917 3610 985 6).
3641 915 3945 988 Propterea

2337 998 2625 1055 consilium
2657 1009 2713 1056 et
2738 999 3056 1059 deliberatio
3083 1011 3137 1060 et
3163 1006 3613 1073 communicatio,
3654 1021 3765 1062 non
3795 1007 3946 1078 quod

2337 1085 2574 1158 indigeat
2615 1091 2838 1147 consilio
2898 1091 3079 1160 Deus;
3127 1094 3270 1150 absit
3303 1096 3444 1152 :sed
3489 1096 3603 1167 ipsa
3649 1096 3946 1153 verborum

2337 1177 2506 1249 figura
2543 1196 2654 1251 prte
2689 1197 2751 1238 se
2796 1181 2902 1239 fert
2945 1184 3230 1252 honorem,
3268 1187 3360 1258 qui
3393 1190 3634 1244 nascenti
3675 1188 3942 1246 defertur.

2336 1267 2438 1336 Qui
2497 1269 2558 1325 t
2603 1281 2782 1328 autem
2809 1313 2826 1341 ,
2878 1272 3021 1331 dicet
3084 1275 3319 1348 aliquis,
3375 1277 3425 1334 si
3475 1282 3820 1348 praestantior
3859 1291 3949 1338 est

2338 1368 2452 1416 toto
2490 1362 2711 1432 mundo,
2746 1374 2803 1422 ut
2840 1377 2964 1438 post
3004 1368 3262 1425 mundum
3293 1371 3665 1441 producatur?
3708 1373 3794 1431 0b
3840 1373 3946 1431 hoc

2335 1452 2511 1522 ipsum
2556 1455 2844 1526 nimirum,
2883 1460 3028 1530 quod
3056 1462 3261 1518 mundo
3300 1465 3645 1533 praestantior
3681 1467 3774 1523 sit.
3807 1467 3948 1524 Nam

2335 1543 2786 1612 quemadmodum
2809 1549 3119 1620 ingressum
3146 1554 3200 1608 in
3228 1553 3418 1611 urbem
3441 1557 3730 1627 quamdam
3763 1558 3942 1631 impe-

2335 1639 2550 1702 ratore,
2597 1635 2797 1707 duces,
2825 1639 3063 1709 prmfecti
3087 1683 3103 1710 ,
3134 1645 3424 1710 satellites,
3453 1662 3753 1720 omnesque
3796 1651 3955 1707 servi.

2336 1724 2678 1794 praecedunt,
2709 1736 2771 1784 ut
2798 1730 2996 1801 palatio
3031 1734 3314 1802 adornato,
3350 1747 3407 1793 et
3442 1739 3588 1793 omni
3631 1740 3742 1795 alio
3781 1742 3946 1797 mini-

2337 1816 2503 1871 sterio
2541 1829 2876 1890 prmparato,
2920 1838 3116 1896 magno
3151 1841 3274 1884 cum
3318 1827 3524 1886 honore
3551 1829 3956 1902 imperatorem

2337 1908 2607 1978 excipiant
2645 1927 2660 1966 :
2693 1913 2771 1968 sic
2797 1914 3050 1972 nimirum
3079 1928 3134 1973 et
3163 1919 3284 1986 hic,
3325 1923 3477 1990 quasi
3515 1924 3952 1983 introducendus

2336 2011 2433 2054 rex
2463 2008 2643 2069 esset,
2675 2004 2755 2058 sol
2796 2009 3073 2075 prmeessit
3097 2049 3110 2072 ,
3140 2010 3330 2066 caelum
3375 2016 3726 2082 pratcucurrit
3748 2058 3765 2080 ,
3795 2018 3945 2086 prius

2337 2087 2639 2158 ingressum
2658 2103 2743 2150 est
2763 2093 2963 2160 lumen.
2991 2109 3170 2156 creata
3196 2110 3321 2156 sunt
3342 2106 3522 2158 omnia
3548 2116 3600 2160 et
3629 2106 3896 2162 adornata
3923 2150 3942 2175 ,

2340 2187 2560 2253 tumque
2585 2185 2758 2241 multo
2781 2201 2904 2243 cum
2932 2190 3138 2247 honore
3163 2191 3328 2249 homo
3358 2195 3715 2252 introducitur
3741 2199 3843 2270 ().

2419 2271 2622 2345 Vocem,
2650 2274 2932 2334 Faciamus
2954 2322 2971 2349 ,
2999 2282 3237 2350 discutit,
3280 2294 3334 2338 stt
3371 2288 3440 2339 ad
3468 2285 3802 2360 Unigenitam
3847 2290 3952 2346 Dei

2336 2363 2504 2430 liam
2541 2370 2918 2437 agnoscendum
2969 2374 3136 2428 hostes
3173 2376 3396 2433 ueritatis
3427 2379 3672 2434 adducat.
3707 2382 3944 2437 Anthro-

2338 2460 2688 2529 pomorphitas
2729 2464 3098 2535 redarguit.
3138 2467 3414 2525 Faciamus
3440 2471 3695 2528 hominem
3715 2475 3789 2527 ad
3811 2475 3947 2530 ima

2337 2545 2526 2616 ginem.
2571 2550 2767 2608 Audiat
2811 2553 3050 2612 Judzeus.
3093 2557 3177 2613 Ad
3205 2574 3367 2629 quem
3396 2561 3530 2620 dicit
3555 2562 3718 2630 Deus,
3749 2562 3948 2620 Facia-

2337 2656 2451 2695 mus
2467 2641 2674 2700 IMosis
2699 2655 2825 2702 sunt
2851 2646 3041 2716 literte,
3071 2649 3254 2720 Hosis,
3281 2655 3368 2708 cui
3397 2669 3457 2710 se
3480 2655 3706 2712 credere
3729 2657 3943 2722 dicunt.

2335 2739 2390 2786 et
2431 2734 2783 2792 mentiuntur.
2831 2738 2902 2796 Ut
2941 2741 3086 2798 enim
3125 2745 3266 2800 scias
3305 2744 3425 2802 illos
3467 2748 3683 2803 mentiri
3727 2757 3784 2804 et
3831 2764 3955 2804 non-

2335 2825 2577 2895 credere,
2603 2826 2875 2888 Christum
2906 2835 3026 2892 illos
3054 2838 3466 2896 convincentem
3491 2841 3636 2905 audi,
3661 2857 3727 2897 ac
3753 2842 3948 2898 dicen-

2337 2927 2444 2974 tem
2473 2939 2487 2976 :
2533 2921 2595 2976 Si
2618 2925 2887 2980 crederetis
2915 2925 3116 3000 Moysi,
3145 2932 3417 2987 crederetis
3440 2943 3488 2987 et
3517 2935 3642 2988 mihi
3667 2934 3810 3004 (Joa'
3836 2979 3848 2990 .
3882 2938 3943 2992 5.

2337 3011 2451 3079 46).
2481 3011 2600 3068 lam
2629 3029 2760 3071 vero
2785 3019 2927 3088 apud
2954 3019 3074 3076 illos
3099 3023 3315 3092 quidem
3342 3035 3466 3080 sunt
3495 3025 3638 3095 libri,
3667 3033 3812 3098 apud
3841 3046 3948 3086 nos

2336 3114 2515 3161 autem
2567 3109 2827 3166 librorum
2875 3113 3194 3171 thesaurus:
3221 3118 3363 3189 apud
3408 3119 3531 3176 illos
3559 3121 3748 3189 literae,
3795 3126 3948 3196 apud

2335 3214 2436 3255 nos
2482 3212 2537 3257 et
2576 3202 2767 3270 litem,
2811 3213 2867 3261 ct
2908 3209 3214 3263 sententiae.
3250 3210 3334 3264 Ad
3373 3227 3535 3281 quem
3583 3213 3747 3283 igitur
3785 3217 3946 3284 dicit,

2333 3288 2613 3347 Faciamus
2637 3293 2935 3350 hominem?
2961 3297 3041 3352 Ad
3069 3299 3317 3369 angelum
3337 3341 3352 3366 ,
3384 3301 3592 3370 inquit,
3622 3304 3707 3359 vel
3735 3306 3805 3361 ad
3847 3323 3947 3362 ar-

2333 3381 2650 3454 changelum
2693 3386 3010 3457 simpliciter
3055 3389 3216 3445 verba
3265 3391 3414 3447 facit.
3450 3393 3520 3450 Ut
3557 3397 3702 3450 enim
3745 3399 3950 3455 verbe-

2333 3489 2496 3530 rones
2524 3474 2735 3542 famuli,
2767 3477 2895 3532 dum
2925 3478 2993 3534 ab
3024 3478 3170 3536 heris
3209 3493 3564 3553 accusantur,
3598 3501 3703 3542 nec
3737 3488 3951 3546 habent

2334 3567 2476 3635 quod
2502 3568 2582 3622 eis
2611 3577 2795 3637 aperte
2821 3571 3205 3642 respondeant,
3233 3574 3492 3647 quidquid
3518 3578 3571 3632 in
3599 3578 3824 3635 buccim
3847 3598 3947 3639 ve-

2334 3660 2476 3712 nerit
2505 3658 2816 3727 proferunt:
2847 3663 2926 3717 sic
2947 3672 3003 3718 et
3042 3677 3138 3719 vos
3162 3665 3229 3719 ad
3268 3668 3518 3736 angelum
3546 3678 3606 3724 et
3641 3671 3949 3744 archange-

2335 3749 2443 3803 lum
2473 3749 2590 3805 haec
2627 3765 2749 3808 esse
2785 3753 2924 3808 dicta
2967 3756 3145 3811 vultis.
3173 3755 3346 3823 Quem
3387 3759 3602 3815 tandem
3641 3765 3896 3833 angelum

2333 3855 2493 3910 quem
2510 3842 2922 3914 archangelum?
2943 3847 3124 3917 Neque
3139 3851 3284 3905 enim
3301 3853 3610 3922 angelorum
3628 3865 3713 3910 est
3726 3871 3941 3926 creare,

2336 3942 2511 4002 neque
2540 3935 2983 4007 archangelorum
3028 3940 3144 3997 haec
3170 3946 3403 4012 operari.
3448 3948 3626 4013 Quare
3651 3964 3785 4005 vero
3811 3966 3944 4007 cum

2333 4023 2524 4078 caelum
2553 4025 2773 4095 quidem
2800 4030 3074 4099 conderet,
3108 4046 3217 4087 non
3247 4034 3384 4090 dixit
3406 4039 3599 4107 angelo
3624 4048 3680 4094 et
3705 4043 3944 4098 archan-

2331 4115 2473 4183 gelo,
2501 4116 2597 4172 sed
2629 4133 2725 4188 per
2750 4135 2812 4175 se
2837 4121 2987 4176 illum
3010 4123 3300 4195 produxit:
3330 4143 3451 4184 cum
3481 4145 3619 4188 vero
3636 4133 3774 4189 caelo
3801 4145 3943 4190 toto-

2333 4221 2437 4273 que
2479 4208 2678 4263 mundo
2711 4215 3054 4280 praestantius
3092 4219 3293 4273 animal
3340 4222 3590 4290 produxit
3617 4223 3897 4284 hominem
3921 4271 3942 4296 ,

2336 4301 2446 4350 tum
2473 4313 2666 4355 servos
2693 4301 2795 4356 sibi
2821 4307 2999 4361 socios
3024 4309 3314 4364 creationis
3339 4311 3635 4370 adsciscit?

2404 4389 2462 4443 2.
2501 4391 2616 4447 Non
2660 4396 2733 4450 ita
2763 4405 2876 4464 est,
2911 4400 3069 4468 plane
3099 4417 3204 4456 non
3231 4404 3301 4458 ita
3331 4414 3456 4471 est;
3486 4409 3690 4479 quippe
3715 4417 3938 4484 angelo.-

2332 4497 2450 4536 rum
2489 4493 2573 4539 est
2613 4489 2887 4554 assistere,
2931 4506 3036 4548 non
3086 4509 3309 4551 creare:
3359 4498 3810 4570 archangelorum
3859 4519 3941 4562 est

2332 4573 2657 4644 ministrare,
2687 4596 2795 4636 non
2819 4585 3131 4656 participem
3155 4603 3279 4645 esse
3307 4596 3590 4650 sententiae
3620 4605 3677 4651 et
3697 4601 3938 4656 consilii.

2332 4666 2472 4720 Audi
2498 4669 2627 4762 quid
2662 4671 2731 4726 de
2769 4675 3055 4731 virtutibus
3097 4677 3417 4749 Seraphim,
3459 4699 3578 4754 qua
3598 4689 3942 4762 archangelis

2335 4767 2459 4812 sunt
2485 4761 2760 4831 celsiores,
2792 4765 2934 4820 dicat
2967 4769 3126 4824 lsaias
3169 4789 3182 4824 :
3217 4770 3334 4826 Vidi
3366 4773 3648 4833 Dominum
3681 4761 3942 4852 sedaitem

2333 4863 2488 4918 super
2511 4851 2696 4906 solium
2725 4857 2977 4912 excelsum
3002 4869 3048 4913 et
3076 4863 3345 4946 siccatum,
3375 4877 3424 4922 et
3451 4868 3730 4939 Seraphin:
3756 4876 3941 4929 adsta-

2334 4944 2451 4995 bant
2481 4943 2532 4996 in
2554 4947 2768 5000 circuitu
2795 4949 2907 5018 ejus
2929 4967 2948 5004 :
2970 4969 3060 5006 sea:
3083 4943 3181 5008 alte
3205 4959 3317 5022 uni,
3351 4970 3398 5013 et
3421 4975 3510 5014 sex
3536 4964 3636 5017 alte
3671 4967 3822 5021 alteri
3844 4985 3869 5033 ;
3894 4980 3945 5024 et

2334 5035 2529 5091 duabus
2553 5041 2752 5108 quidem
2769 5043 2867 5097 alis
2883 5048 3171 5115 aperiebant
3197 5052 3354 5120 facies
3377 5069 3498 5110 suas
3513 5055 3670 5126 (1.
3696 5061 3750 5114 6.
3783 5063 3835 5116 i.
3855 5063 3940 5132 2),

2335 5137 2392 5180 ut
2416 5129 2620 5186 scilicet
2660 5134 2847 5189 oculos
2873 5151 2999 5192 suos
3028 5140 3336 5208 munirent,
3366 5149 3507 5215 quod
3535 5151 3876 5208 exsilientem

2332 5219 2467 5274 solio
2495 5220 2755 5291 fulgorem
2800 5228 3070 5285 sustinere
3098 5245 3202 5287 non
3232 5246 3472 5305 possent.
3501 5239 3639 5306 Quid
3684 5242 3806 5297 ais?
3833 5244 3942 5300 Se-

2333 5315 2540 5383 raphim
2568 5315 2804 5384 adstant,
2833 5329 3052 5376 ettanta
3084 5333 3208 5379 sunt
3237 5327 3593 5386 admiratione
3622 5346 3686 5388 ac
3714 5343 3943 5404 stupore

2333 5416 2600 5477 correpta,
2626 5408 2783 5480 idque
2805 5427 2926 5468 cum
2955 5413 3049 5469 Dei
3072 5417 3287 5473 videant
3315 5421 3696 5493 indulgentiam
3721 5446 3736 5495 ;
3759 5432 3942 5501 angeli

2333 5511 2461 5552 vero
2509 5506 2565 5552 et
2609 5502 2818 5558 consilii
2860 5518 2986 5562 sunt
3035 5510 3366 5581 participes,
3416 5518 3945 5594 consultationisque

2401 5762 2474 5824 ()
2510 5762 2622 5814 \ide
2645 5763 2853 5816 similem
2878 5770 3172 5819 sententiam
3204 5777 3336 5821 item.
3365 5771 3395 5822 8
3419 5787 3468 5824 tu
3491 5781 3610 5826 Gen.
