4186 6324
238 573 523 627 consortes
541 565 567 619 ‘t
592 561 653 620 id
683 560 828 618 nullo
854 556 1018 615 modo
1048 565 1134 615 est
1168 554 1373 614 rationi
1401 562 1846 612 consentanem.

240 656 346 715 Sed
372 656 497 729 quis
534 655 631 711 ille
653 661 737 710 est
763 652 830 707 ad
858 665 1020 722 quem
1059 648 1211 715 dicit,
1243 645 1520 701 Faciamus
1558 644 1816 698 hominem
1834 641 1860 694 t

240 745 612 810 Admirabilis,
636 742 1225 813 consiliarius,poten‘s,
1245 739 1381 793 Deus
1406 736 1580 803 fortis,
1608 734 1859 806 princeps

240 838 415 910 μό..
444 850 600 909 pater
622 835 785 890 lutttri
820 832 1003 888 saeculi
1037 830 1192 903 (Isai.
1220 830 1275 884 9.
1299 828 1380 898 6),
1416 829 1533 898 ipse
1562 835 1648 885 est
1673 824 1859 894 unige-

238 933 389 987 nitus
412 930 506 986 Dei
534 927 722 983 Filius.
756 927 835 982 Ad
857 942 979 982 cum
1002 925 1167 997 igitur
1190 923 1357 987 dicit,
1390 920 1667 976 Faciamus
1692 917 1860 972 homi-

236 1041 357 1078 nem
378 1022 451 1078 ad
466 1022 737 1090 imaginem
758 1032 804 1073 et
826 1017 1214 1072 similitudine»:
1239 1024 1485 1069 nostram.
1510 1011 1695 1083 Neque
1710 1009 1857 1065 enim

234 1118 375 1173 dixit
406 1132 581 1173 meam
611 1123 667 1170 ct
697 1125 839 1169 tuam
860 1154 875 1175 ,
904 1112 989 1168 vel
1018 1125 1195 1165 meam
1222 1118 1279 1163 et
1309 1115 1541 1163 vestram
1562 1146 1579 1173 ,
1611 1104 1709 1160 sed
1730 1145 1746 1171 ,
1774 1103 1858 1158 Ad

227 1209 517 1281 imaginem
540 1215 769 1261 nostram
788 1247 804 1272 ,
832 1202 1077 1257 iudicans
1102 1200 1392 1270 imaginem
1425 1211 1587 1252 unam
1617 1203 1674 1250 et
1692 1210 1856 1249 unam

236 1293 1351 1365 similitudinemmtbeietangelorum
1391 1288 1854 1359 uuaitnagonon

236 1400 357 1456 α,
385 1404 563 1461 neque
591 1404 697 1443 una
726 1385 1044 1442 similitudo.
1076 1385 1178 1453 Qui
1213 1382 1357 1438 enim
1392 1390 1578 1452 posset
1612 1395 1717 1434 una
1751 1379 1856 1433 Do-

237 1482 370 1539 mini
399 1490 454 1537 et
481 1480 804 1537 famulorum
842 1493 967 1533 esse
1006 1478 1181 1548 imago
1218 1486 1274 1530 et
1301 1473 1598 1529 similitudo
1619 1472 1643 1527 2
1668 1472 1855 1542 itaque

236 1572 386 1628 omni
420 1589 483 1628 ex
513 1580 680 1642 ‘parte
714 1569 1055 1625 convincitur
1107 1566 1226 1621 falsi
1272 1580 1454 1620 sermo
1481 1574 1701 1619 vester:
1728 1577 1851 1617 nam

234 1667 549 1721 dommatus
575 1662 860 1734 imaginem
891 1662 979 1717 hic
1008 1660 1294 1732 signiﬁcat,
1323 1667 1381 1713 ut
1412 1658 1613 1713 indicat
1633 1655 1853 1727 etquod

243 1761 500 1831 sequitur.
551 1756 688 1811 Cum
721 1755 867 1811 enim
908 1754 1169 1819 dixisset,
1200 1752 1281 1806 Ad
1315 1750 1587 1822 imaginem
1626 1758 1675 1804 et
1706 1748 1853 1803 simio

234 1850 544 1911 litudiaem,
599 1846 793 1917 adjecit
840 1863 854 1899 :
917 1844 984 1898 Et
1038 1843 1367 1897 dominentur
1420 1841 1641 1914 piscibus
1695 1839 1852 1894 maris

235 1940 392 2009 (Gen.
435 1956 487 1995 ι.
531 1937 670 2009 26):
709 1935 1016 1991 dominatus
1056 1943 1235 1989 autem
1283 1933 1378 1993 Dei
1428 1941 1483 1988 et
1532 1930 1849 2002 angelorum

235 2047 379 2089 unus
399 2047 520 2088 esse
560 2030 765 2102 nequit.
797 2028 1081 2099 Quomodo
1122 2029 1269 2083 enim
1311 2042 1433 2083 esse
1462 2035 1684 2096 posset,
1726 2040 1848 2080 cum

234 2138 377 2179 unus
432 2136 715 2184 servorum
770 2121 839 2176 sit
904 2129 960 2175 et
1012 2120 1149 2174 alter
1206 2117 1461 2183 Domini,
1525 2116 1847 2172 famulorum

232 2231 375 2271 unus
413 2224 466 2271 et
509 2214 648 2269 alter
681 2212 1029 2283 imperantis?
1058 2209 1165 2266 Sed
1198 2217 1253 2265 et
1288 2208 1376 2263 alii
1416 2208 1635 2279 quidam
1661 2221 1850 2262 rursus

233 2307 289 2362 in
328 2319 429 2361 nos
465 2306 745 2376 insurgunt
772 2303 1015 2359 dicentes
1038 2343 1053 2367 ,
1084 2301 1253 2357 Deum
1278 2300 1440 2355 talem
1484 2298 1686 2354 habere
1711 2298 1848 2353 ima-

230 2399 414 2468 ginem
463 2395 677 2465 qualem
725 2402 784 2449 et
828 2408 966 2459 nos,
1012 2392 1153 2447 male
1194 2391 1556 2461 intelligentes
1585 2387 1728 2459 quod
1768 2388 1850 2441 di-

229 2494 379 2542 ctum
426 2494 529 2542 est.
570 2484 758 2556 Neque
798 2485 945 2539 enim
976 2482 1291 2539 substantia:
1335 2480 1471 2535 dixit
1520 2480 1840 2550 imaginem,

229 2578 327 2634 sed
375 2577 687 2632 dominatus
744 2576 1071 2646 imaginem,
1128 2584 1186 2628 ut
1247 2588 1313 2627 ex
1373 2572 1438 2626 iis
1494 2586 1616 2644 qua:
1649 2571 1848 2627 deinde

229 2670 595 2741 adjiciuntur,
649 2668 1018 2724 ostendemus.
1074 2664 1147 2721 Ut
1203 2664 1346 2719 enim
1412 2664 1553 2718 scias
1610 2662 1845 2717 humana

229 2761 405 2818 forma
448 2760 733 2832 prmditum
761 2775 870 2814 non
908 2773 1031 2814 esse
1068 2755 1300 2822 Numen,
1342 2754 1467 2809 audi
1503 2754 1726 2809 Paulum
1764 2754 1846 2809 di-

228 2864 445 2910 centem
478 2871 492 2907 :
534 2849 625 2905 Vir
647 2848 853 2921 quidem
892 2864 996 2904 non
1025 2847 1169 2902 debet
1208 2846 1365 2901 uetari
1388 2886 1404 2911 ,
1429 2861 1546 2899 cum
1584 2845 1649 2899 sit
1673 2844 1844 2913 imago

227 2957 274 3001 et
292 2946 461 3018 gloria
480 2942 575 2998 Dei
595 2960 614 2996 :
638 2942 821 2997 mulier
841 2950 1008 2995 autem
1029 2938 1311 3012 gloria'uiri
1329 2947 1402 2993 est
1426 2936 1500 3010 (l.
1520 2935 1639 2993 Cor.
1662 2938 1750 2993 ll.
1765 2938 1839 3008 7):

228 3046 501 3108 propterea
547 3036 725 3099 debet,
778 3034 980 3104 inquit,
1033 3032 1199 3086 velum
1244 3030 1429 3085 habere
1476 3045 1636 3098 supra
1687 3039 1843 3100 caput

230 3130 396 3204 (Ibid.
438 3146 487 3184 υ.
521 3126 631 3199 l0).
672 3125 961 3181 Enimvero
985 3124 1028 3180 si
1070 3122 1177 3179 hoc
1199 3122 1319 3177 loco
1345 3121 1630 3192 imaginem
1659 3119 1710 3175 id
1742 3135 1840 3189 ap-

228 3221 472 3291 pellavit,
502 3219 766 3289 tequalem
795 3216 993 3271 divinae
1021 3214 1168 3270 omni
1198 3228 1265 3268 ex
1296 3222 1449 3283 parte
1476 3211 1663 3266 formae
1692 3210 1843 3267 simi—

228 3310 514 3367 litudinem
550 3306 880 3378 signiﬁcans,
928 3315 984 3362 et
1024 3305 1227 3361 idcirco
1272 3304 1369 3359 Dei
1412 3304 1590 3375 imago
1617 3312 1844 3358 vocatur

228 3403 415 3467 homo,
438 3402 559 3473 quia
584 3401 733 3461 Deus.
745 3400 847 3454 hoc
864 3407 1021 3468 pacto
1043 3397 1298 3467 ﬁguratus
1321 3404 1441 3451 est:
1472 3395 1629 3466 igitur
1650 3410 1841 3450 secun-

226 3495 356 3552 dum
384 3494 506 3549 illos
531 3507 638 3548 non
666 3490 839 3545 virum
868 3498 1078 3543 tantum
1097 3488 1163 3542 ad
1192 3487 1479 3558 imaginem
1509 3485 1707 3542 factum
1734 3485 1837 3541 dici

225 3586 535 3660 oportebat,
560 3583 655 3639 sed
678 3583 842 3639 etiam
872 3580 1173 3635 mulierem.
1194 3578 1434 3633 Mulieris
1463 3578 1608 3633 enim
1631 3578 1842 3649 virique

229 3681 399 3753 ﬁgura
429 3684 485 3733 et
512 3674 681 3731 forma
706 3681 763 3729 et
789 3670 1084 3727 similitudo
1111 3678 1194 3725 est
1221 3684 1345 3723 una.
1381 3667 1553 3736 Quam
1583 3668 1745 3739 igitur
1770 3668 1840 3723 ob

224 3786 449 3829 causam
475 3770 650 3840 imago
678 3768 772 3822 Dei
799 3766 882 3821 vir
909 3764 1127 3830 dicitur,
1157 3763 1356 3818 mulier
1374 3777 1505 3817 vero
1531 3776 1637 3816 non
1666 3761 1792 3817 item
1816 3760 1840 3815 ?

225 3863 362 3933 Quia
390 3861 645 3917 nimirum
669 3873 777 3913 non
806 3857 875 3913 de
906 3856 1138 3927 imagine
1168 3854 1499 3911 mentionem
1526 3852 1654 3908 facit
1675 3895 1689 3919 ,
1718 3867 1839 3923 qum

225 3957 283 4012 in
311 3955 483 4011 forma
524 3953 627 4008 sita
665 3951 757 4015 sit,
785 3949 880 4004 sed
909 3948 980 4003 de
1015 3946 1248 4017 imagine
1286 3960 1406 4015 qua:
1449 3944 1503 3999 in
1534 3943 1835 4006 dominatu,

224 4061 385 4119 quam
411 4045 562 4100 solus
587 4043 754 4097 homo
779 4038 964 4107 habet,
997 4051 1105 4091 non
1131 4044 1311 4091 autem
1341 4035 1555 4090 mulier.
1585 4033 1720 4089 Nam
1752 4032 1839 4087 hic

224 4138 445 4211 quidem
473 4133 676 4191 nemini
698 4130 943 4187 subditus
971 4136 1083 4193 est,
1113 4127 1201 4182 illa
1234 4127 1359 4182 huic
1385 4123 1621 4191 subdita,
1652 4140 1840 4195 quem-

224 4230 517 4287 admodum
575 4226 747 4297 inquit
788 4225 981 4279 Deus:
1037 4221 1118 4275 Ad
1172 4220 1338 4274 uirum
1380 4228 1522 4272 tuum
1579 4218 1837 4273 conversio

227 4334 352 4389 tua,
397 4332 443 4376 et
486 4323 595 4391 ipse
636 4318 711 4372 tui
752 4315 1097 4391 domjnabitur
1128 4313 1144 4382 (
1170 4311 1301 4366 Gen.
1353 4313 1405 4366 5.
1455 4308 1585 4381 16).
1633 4310 1838 4366 Idcirco

229 4416 325 4470 Dei
360 4414 576 4485 quidem
622 4413 797 4480 imago
840 4417 923 4464 est
974 4410 1076 4470 vir,
1129 4406 1251 4476 quia
1302 4405 1671 4459 sublimiorem
1718 4404 1839 4458 nul-

224 4510 338 4563 lum
370 4504 531 4561 habet
556 4548 570 4570 ,
601 4500 1055 4575 quemadmodum
1086 4499 1197 4553 Deo
1222 4497 1505 4552 sublimior
1525 4506 1609 4552 est
1636 4496 1834 4565 nullus,

224 4601 325 4660 sed
375 4600 625 4655 omnibus
672 4597 1023 4653 dominatur:
1082 4593 1279 4646 mulier
1334 4605 1463 4645 vero
1510 4589 1678 4660 gloria
1730 4589 1836 4643 viri

224 4701 349 4758 est,
403 4691 525 4760 quia
583 4688 699 4742 viro
750 4685 990 4755 subjecta
1047 4692 1149 4738 est.
1194 4682 1259 4735 Et
1305 4680 1430 4735 alibi
1487 4694 1675 4735 rursus
1716 4679 1834 4735 ait:

228 4783 353 4839 Non
409 4780 643 4834 debemus
691 4778 943 4833 aestimare
988 4791 1145 4839 auro,
1192 4782 1281 4827 aut
1326 4782 1572 4842 argento,
1619 4780 1706 4825 aut
1754 4772 1835 4825 la-

223 4875 371 4946 pidi,
425 4872 501 4927 uel
543 4871 820 4941 scalptum
857 4869 1013 4933 artis,
1063 4874 1152 4919 aut
1208 4864 1530 4935 cogitationis
1578 4862 1833 4929 hominis,

230 4965 559 5020 Dioiuitatem
603 4978 709 5018 esse
748 4961 963 5017 similem
1013 4958 1146 5030 (Act.
1181 4958 1267 5012 ΓΙ.
1300 4954 1407 5027 l6).
1452 4955 1605 5024 Quod
1654 4965 1834 5010 autem

224 5058 381 5122 dicit,
414 5058 552 5110 hanc
581 5053 905 5109 sententiam
932 5050 1093 5105 habet
1121 5070 1133 5104 :
1166 5063 1272 5103 non
1301 5046 1463 5101 modo
1492 5047 1689 5116 ﬁguras
1718 5062 1837 5117 qua:

226 5156 523 5207 cernuntur
547 5146 758 5201 excedit
785 5144 1017 5209 Numen,
1048 5142 1143 5199 sed
1172 5155 1346 5213 neque
1370 5155 1525 5195 mens
1550 5139 1837 5195 ell'ormare

227 5245 337 5301 tale
362 5240 615 5312 quiddam
642 5245 817 5308 potest
840 5280 855 5304 ,
885 5236 1061 5306 qualis
1087 5242 1171 5290 est
1197 5236 1358 5289 Deus.
1385 5234 1485 5301 Qui
1517 5234 1629 5287 ﬁeri
1664 5242 1833 5303 potest

224 5350 380 5406 ergo,
403 5342 460 5387 ut
492 5331 726 5387 hominis
753 5329 977 5399 figuram
1009 5325 1206 5382 habeat
1240 5327 1402 5391 Deus,
1434 5340 1555 5379 cum
1590 5342 1655 5380 ne
1687 5342 1837 5381 mcu-

227 5442 336 5487 tem
364 5427 583 5500 quidem
613 5427 778 5481 ullam
805 5439 962 5496 posse
1002 5424 1145 5479 dicat
1181 5422 1379 5478 Paulus
1418 5423 1708 5477 essentiam
1744 5421 1835 5475 Dei

225 5520 370 5591 apud
414 5535 475 5576 se
524 5518 847 5592 cogitatione
898 5516 1229 5571 informare?
1273 5515 1551 5585 Siquidem
1611 5513 1836 5567 formam

227 5624 468 5668 nostram
495 5626 559 5666 ac
587 5614 806 5683 ﬁguram
836 5624 1023 5665 omnes
1050 5607 1186 5677 apud
1220 5622 1315 5660 nos
1338 5607 1661 5676 cogitatione
1686 5605 1839 5660 facile

226 5708 500 5780 possimus
531 5704 841 5759 informare.
891 5702 1100 5757 Rursus
1142 5701 1211 5756 de
1250 5702 1594 5770 clcemoSyna
1634 5715 1839 5753 serum-

226 5814 349 5855 nem
378 5796 579 5852 inferre
603 5805 917 5861 statueram,
951 5792 1044 5848 sed
1076 5794 1230 5847 nobis
1261 5804 1471 5859 tempus
1503 5792 1553 5844 id
1586 5807 1690 5844 non
1720 5808 1840 5860 pcr-

226 5893 426 5948 mittit:
478 5896 804 5967 quaproptet
857 5886 1017 5941 ﬁnem
1065 5884 1152 5940 hic
1197 5884 1410 5939 dicendi
1457 5882 1735 5948 faciamus,
1792 5885 1834 5936 si

1489 438 1560 497 IN
1595 433 1894 496 GENESIM
1936 431 2167 492 SERMO
2202 433 2293 492 Ill.

1971 549 2120 620 prius
2146 547 2219 605 ad
2258 546 2391 605 illud
2433 562 2532 606 vos
2559 548 2826 607 cohortati
2872 550 3161 622 fuerimus,
3203 561 3263 609 ut
3300 552 3561 627 diligente
3587 572 3616 611 r

1969 641 2150 696 omnia
2176 655 2298 712 qute
2319 640 2463 698 dicta
2483 650 2611 698 sunt
2633 643 2913 699 memoriae
2940 642 3228 713 mandetis,
3257 645 3595 716 multamth

1970 744 2134 789 rectm
2157 735 2587 790 conversationis
2605 750 2790 790 curam
2815 736 3038 808 geratis,
3074 750 3145 791 ne
3170 736 3366 791 frustra
3397 744 3456 793 et
3473 737 3595 794 sine

1969 825 2145 880 fructu
2186 826 2445 882 collectas
2485 841 2731 898 agamus.
2782 827 3042 896 Quamvis
3083 829 3229 886 enim
3274 829 3593 900 dogmatum

1969 918 2345 975 rectitudinem
2373 934 2763 976 conservemus
2785 962 2801 988 ,
2834 921 2941 977 nisi
2970 936 3196 992 cperum
3224 922 3398 977 virtus
3435 936 3591 978 accc-

1965 1009 2093 1079 dat,
2140 1013 2362 1067 omnino
2408 1027 2439 1067 a
2482 1013 2590 1069 vita
2628 1022 2829 1069 aeterna
2883 1013 3217 1070 excidemus.
3270 1013 3395 1069 Non
3439 1014 3593 1073 enim

1968 1103 2154 1167 omnis,
2183 1103 2391 1174 inquit,
2416 1104 2505 1174 qui
2523 1104 2647 1157 dicit
2668 1104 2813 1170 mihi,
2843 1103 3081 1171 Domine,
3106 1103 3352 1173 Domine,
3377 1105 3589 1160 intrabit

1964 1193 2019 1246 in
2062 1208 2275 1265 regnum
2314 1195 2558 1249 caelorum
2576 1210 2599 1251 :
2634 1195 2726 1250 sed
2766 1196 2861 1265 qui
2902 1196 3025 1266 facit
3069 1197 3385 1251 uoluntatem
3411 1194 3607 1252 Patris

1963 1285 2068 1339 mei
2082 1327 2097 1351 ,
2123 1286 2219 1357 qui
2236 1296 2312 1341 est
2334 1287 2389 1340 in
2417 1288 2559 1342 aclis
2579 1286 2797 1359 (latri.
2820 1287 2877 1343 τ.
2898 1285 3031 1361 Si)-
3046 1286 3398 1343 Votuntatem
3424 1287 3591 1360 igitur

1965 1375 2059 1432 Dei
2091 1393 2213 1432 cum
2253 1378 2402 1433 omni
2431 1378 2614 1435 studio
2649 1378 2943 1443 faciamus,
2973 1385 3036 1434 ut
3062 1378 3117 1434 in
3143 1378 3308 1435 caries
3338 1378 3547 1435 intrare
3569 1420 3589 1448 ,

1962 1483 2027 1523 ac
2050 1467 2189 1522 bona
2220 1484 2340 1539 qua:
2368 1478 2667 1539 praeparata
2696 1477 2825 1525 sunt
2854 1468 2953 1535 iis,
2982 1470 3073 1541 qui
3120 1469 3289 1525 Deum
3316 1470 3587 1539 diligunt,

1962 1561 2185 1630 adipisci
2212 1562 2485 1632 possimus
2509 1580 2521 1615 :
2548 1576 2779 1633 quorum
2802 1563 3010 1618 utinam
3034 1577 3134 1617 nos
3156 1562 3447 1634 participes
3467 1561 3586 1618 ﬁeri

1962 1669 2155 1709 omnes
2181 1656 2489 1725 contingat,
2516 1655 2689 1726 gratia
2716 1664 2773 1711 et
2802 1654 3137 1727 benignitate
3166 1656 3381 1711 Domini
3413 1655 3586 1713 nostri

1959 1734 2089 1802 Jesu
2126 1747 2365 1813 Christi,
2396 1762 2520 1803 cum
2545 1762 2655 1819 quo
2684 1748 2864 1814 Patri,
2905 1747 3175 1818 simulque
3222 1757 3411 1804 sancto
3457 1747 3584 1817 Spi-

1960 1837 2086 1892 ritui
2113 1838 2307 1908 gloria,
2336 1838 2623 1909 imperium
2643 1880 2659 1906 ,
2693 1837 2894 1908 honor,
2927 1854 3071 1895 nunc
3099 1848 3155 1895 et
3173 1854 3410 1911 semper,
3444 1848 3498 1895 et
3528 1837 3583 1893 in

1958 1928 2160 1984 secula
2189 1927 2533 1985 smculorum.
2565 1931 2758 1984 Amen.

2585 2170 2822 2228 SERMO
2854 2172 2942 2227 Ill.

1959 2367 2098 2434 Quid
2123 2367 2188 2421 sit
2211 2365 2363 2433 illud,
2412 2367 2494 2423 Ad
2534 2368 2945 2426 similitudinem
2976 2367 3133 2441 (Gen.
3168 2370 3219 2425 i.
3250 2369 3366 2442 96),
3399 2380 3448 2425 et
3475 2386 3579 2442 qua

2027 2462 2093 2513 de
2120 2475 2277 2513 causa
2297 2500 2312 2523 ,
2354 2477 2473 2513 cum
2495 2461 2679 2515 dia-erit
2713 2460 2853 2516 Deus
2887 2477 2979 2516 nos
3016 2462 3275 2515 dominari
3304 2463 3355 2517 in
3393 2461 3531 2532 feras
3558 2504 3576 2529 ,

2027 2566 2129 2604 non
2165 2551 2488 2605 dominemur
2506 2594 2520 2619 ,
2553 2561 2599 2607 et
2626 2552 2723 2607 hoc
2754 2570 2955 2626 magna:
2989 2571 3111 2627 erga
3138 2572 3230 2610 nos
3257 2570 3396 2611 cura:
3418 2572 3579 2629 argu-

2027 2651 2249 2696 mentum
2277 2658 2403 2697 (⁵888.

2027 2860 2077 2913 l.
2121 2859 2424 2915 Accuratam
2446 2859 2730 2933 Scriptum
2753 2863 3015 2917 lectionem
3042 2865 3400 2929 commendat;
3430 2864 3575 2921 Scri-

1951 2961 2157 3023 pturam
2186 2957 2385 3023 confert
2424 2970 2539 3005 cum
2567 2954 2799 3023 gemmis.
2836 2985 2907 2995 —
2934 2954 3401 3023 Quemadmodum
3434 2955 3573 3011 nihil

1950 3043 2240 3113 proﬁciunt
2258 3044 2347 3113 qui
2376 3045 2664 3111 seminant,
2689 3061 2812 3101 cum
2835 3060 2994 3101 secus
3017 3048 3158 3101 viam
3187 3048 3395 3103 semina
3423 3050 3569 3117 jaeta

1952 3132 2149 3188 fuerint
2178 3151 2191 3185 :
2222 3134 2300 3189 sic
2331 3150 2506 3205 neque
2536 3135 2776 3204 proderit
2802 3136 2846 3190 is
2874 3136 2967 3207 qui
2990 3138 3141 3201 dicit,
3170 3138 3215 3191 si
3236 3137 3304 3192 ad
3332 3148 3569 3195 mentem

1949 3224 2253 3279 auditorum
2285 3225 2461 3280 oratio
2496 3240 2605 3282 non
2645 3227 2868 3291 feratur,
2900 3226 2995 3282 sed
3023 3243 3192 3283 sonus
3219 3229 3369 3283 vocis
3395 3230 3449 3284 in
3480 3245 3573 3285 ae-

1949 3332 2065 3372 rem
2089 3326 2292 3373 temere
2319 3316 2546 3373 dill‘usus
2571 3318 2874 3373 auditorem
2905 3319 3049 3373 nulla
3082 3330 3331 3391 percepta
3365 3321 3570 3377 utilita-

1951 3420 2003 3464 te
2042 3409 2332 3479 relinquat.
2378 3410 2504 3464 llicc
2549 3418 2729 3465 autem
2757 3425 2785 3463 a
2816 3426 2902 3466 me
2943 3428 3050 3465 non
3079 3412 3197 3468 sine
3224 3429 3385 3469 causa
3424 3414 3568 3471 dicta

1948 3511 2071 3558 sunt
2095 3502 2265 3568 vobis,
2297 3501 2391 3558 sed
2419 3504 2775 3559 nc'l'aciliores
2802 3514 3008 3559 tantum
3033 3508 3331 3563 sententias
3356 3520 3572 3580 appeza-

1950 3595 2038 3659 tis,
2062 3609 2250 3651 verum
2276 3592 2653 3666 profundiorcs
2669 3598 2830 3653 etiam
2858 3599 3264 3669 aggrediamini.
3287 3600 3399 3656 Nisi
3419 3603 3566 3659 enim

1944 3685 2055 3755 jam
2082 3684 2150 3740 ad
2177 3684 2577 3757 Seripturarum
2606 3687 2863 3745 interiora
2893 3690 3312 3762 descendamus,
3342 3692 3469 3748 dum
3497 3695 3566 3751 ad

1948 3778 2239 3833 natandum
2282 3780 2533 3850 expedita
2566 3781 2721 3837 nobis
2745 3790 2874 3838 sunt
2902 3784 3166 3851 membra,
3197 3783 3326 3840 dum
3356 3788 3569 3842 acutius

1947 3878 2176 3925 cernunt
2205 3870 2368 3937 oculi,
2404 3886 2581 3943 neque
2623 3872 2937 3928 deliciarum
2986 3874 3305 3932 humoribus
3347 3887 3569 3933 contur-

1946 3959 2160 4025 bantur,
2204 3960 2333 4016 dum
2363 3963 2697 4019 constantior
2728 3970 2811 4019 est
2847 3964 3095 4035 spiritus,
3142 3978 3199 4021 ut
3228 3982 3295 4023 ne
3330 3967 3567 4025 suffece-

1948 4068 2089 4120 nmr,
2136 4052 2352 4123 quando
2388 4053 2821 4111 descendemus?
2850 4059 2931 4111 An
2973 4073 3094 4113 cum
3131 4058 3341 4115 delicia:
3380 4061 3569 4117 adlue-

1946 4144 2073 4211 riut,
2104 4146 2277 4217 cpulm
2298 4186 2315 4209 ,
2345 4147 2602 4215 ebrietas,
2636 4158 2689 4204 et
2718 4149 2951 4220 ingluvie
2980 4150 3291 4208 redundans
3334 4154 3569 4209 mensa?

1946 4239 2105 4308 Atqui
2135 4248 2245 4292 tum
2269 4254 2335 4291 ne
2359 4240 2560 4294 moveri
2588 4241 2803 4310 quidem
2832 4242 2987 4297 facile
3005 4259 3293 4313 possumus
3317 4263 3328 4297 :
3358 4254 3565 4300 Lautum

1947 4329 2263 4386 deliciarum
2294 4345 2433 4385 onus
2458 4333 2693 4386 animam
2722 4342 2929 4403 gravat.
2974 4332 3169 4390 Nonne
3196 4335 3391 4392 videtis
3416 4347 3475 4391 ut
3504 4338 3562 4404 ii,

1947 4420 2036 4487 qui
2063 4420 2331 4489 pretiosos
2364 4422 2604 4490 reperire
2648 4422 2855 4493 lapides
2888 4423 3144 4494 cupiunt,
3175 4441 3282 4481 non
3313 4426 3366 4481 in
3405 4426 3568 4484 litore

1947 4525 2161 4564 sursum
2194 4510 2447 4566 sedentes
2499 4511 2801 4582 ﬂuctusque
2833 4524 3182 4571 lllllllet'alllcS
3233 4517 3363 4572 illud
3412 4518 3565 4576 inve—

1947 4600 2100 4653 niant
2118 4600 2259 4669 quod
2288 4611 2556 4669 quaerunt,
2582 4602 2676 4658 sed
2702 4604 2753 4657 in
2773 4604 3095 4673 profundum
3122 4608 3292 4677 ipsum
3316 4608 3568 4665 delaban-

1948 4700 2075 4754 tur;
2108 4692 2317 4744 tametsi
2345 4691 2543 4746 multus
2568 4700 2652 4746 est
2703 4694 2754 4746 iu
2786 4696 3081 4764 quaerendo
3108 4696 3281 4765 labor,
3315 4700 3567 4755 multum-

1947 4795 2051 4850 quc
2080 4780 2131 4833 in
2157 4780 2479 4835 inveniendo
2508 4781 2821 4848 discrimen,
2847 4794 2901 4839 ct
2928 4795 3212 4856 postquam
3234 4789 3561 4858 invenerint,

1948 4871 2156 4926 lucrum
2190 4872 2439 4927 nullum?
2466 4874 2634 4941 Quam
2666 4877 2810 4931 enim
2860 4893 3108 4948 magnam
3143 4881 3195 4935 in
3240 4883 3405 4938 vitam
3460 4900 3564 4940 no-

1947 4974 2114 5020 stram
2164 4965 2420 5021 invehere
2462 4976 2640 5035 potest
2698 4970 2979 5025 utilitatem
3031 4972 3269 5042 lapidum
3324 4977 3566 5035 inventio

1946 5056 2343 5126 pretiosorum?
2378 5057 2588 5113 Utinam
2614 5075 2679 5114 ne
2712 5062 2905 5116 multas
2931 5064 3264 5121 calamitates
3306 5068 3559 5139 importa-

1945 5151 2066 5204 ret!
2097 5148 2238 5204 Nihil
2289 5150 2432 5205 enim
2460 5150 2601 5205 aliud
2632 5152 2795 5206 vitam
2844 5155 3126 5221 subvertit,
3157 5166 3214 5212 et
3254 5173 3469 5215 sursum
3500 5178 3565 5217 ac

1945 5241 2200 5298 deorsum
2232 5252 2418 5297 cuncta
2441 5244 2631 5299 miscet
2658 5254 2856 5315 prmter
2878 5245 3016 5302 hanc
3036 5250 3385 5319 pecuniarum
3418 5254 3564 5307 iusa-

1947 5336 2109 5389 niam.
2145 5334 2525 5390 Verumtamen
2551 5336 2622 5390 illi
2644 5344 2700 5391 et
2725 5338 2959 5392 animam
2980 5350 3035 5395 et
3060 5357 3259 5414 corpus
3287 5361 3566 5416 exponunt

1946 5426 2241 5495 quoﬁdiani
2266 5428 2437 5482 victus
2458 5443 2641 5495 causa,
2669 5443 2837 5499 seque
2864 5429 3116 5488 ﬂuctibus
3136 5436 3391 5493 audacter
3412 5454 3531 5493 com
3548 5470 3564 5481 -

1950 5523 2166 5575 mittunt
2198 5536 2209 5572 :
2247 5520 2333 5575 hic
2362 5536 2491 5577 vero
2518 5536 2691 5591 neque
2721 5524 3035 5590 discrimen,
3069 5543 3245 5599 neque
3277 5541 3456 5587 tamus
3484 5534 3565 5586 ln-

1948 5613 2048 5666 hor
2078 5620 2180 5675 est,
2215 5627 2399 5666 verum
2429 5613 2675 5683 exiguus,
2706 5625 2759 5670 et
2791 5617 2834 5671 is
2867 5627 3085 5687 propter
3113 5634 3300 5675 eorum
3328 5639 3447 5692 qua:
3479 5628 3562 5679 in-

1950 5717 2105 5761 vcnta
2147 5715 2269 5761 sunt
2296 5709 2765 5765 conservationem
2789 5712 3098 5780 suscipitur.
3133 5713 3265 5768 Nam
3292 5733 3411 5785 qum
3439 5734 3560 5773 cum

1951 5796 2200 5851 facilitate
2231 5806 2443 5868 reperta
2476 5808 2619 5862 sunt,
2662 5800 2861 5855 nullius
2888 5803 3045 5871 pretii
3078 5805 3259 5859 multis
3292 5807 3560 5863 videntur.

1954 5887 2069 5940 Non
2098 5898 2178 5943 est
2229 5888 2279 5940 itt
2316 5888 2501 5960 pelago
2544 5890 2832 5959 Scriptum
2863 5893 3099 5964 procella
3131 5894 3385 5951 ﬂuctuum
3409 5940 3424 5965 ,
3470 5902 3564 5954 sed
