4186 6324
629 441 729 501 ὒἼί
1336 467 1340 470 η
1372 421 1431 480 S.
1475 416 1754 479 JOANNIS
1789 400 2267 470 CllRYSOSTOMl

627 546 824 620 quovis
860 551 1016 616 portu
1059 537 1394 610 tranquillius
1433 542 1518 591 est
1563 533 1668 586 hoc
1705 527 1923 620 pelagus
1954 541 1967 576 :
1999 532 2222 578 necesse

633 619 743 697 non
766 646 852 695 est
875 636 932 693 in
969 635 1227 690 obscuros
1251 630 1400 685 sinus
1424 625 1602 699 abyssi
1632 638 1692 678 se
1717 619 2022 682 demittere,
2050 626 2225 682 neque

637 730 864 787 rationis
907 725 1206 797 expertium
1233 735 1490 793 aquarum
1513 715 1778 774 violentia:
1802 711 2028 768 saiutem
2075 719 2226 797 suam

639 794 1008 883 committere;
1038 813 1135 871 sed
1171 810 1339 868 multa
1364 811 1452 866 lux
1480 808 1568 864 hic
1607 805 1826 879 alTulget
1868 805 2036 857 multo
2065 794 2229 855 radiis

638 907 902 967 solaribus
948 904 1076 974 ipsis
1119 899 1468 973 splendidior,
1522 895 1689 952 multa
1735 891 2029 953 serenitas;
2055 883 2232 942 omnis

640 995 872 1068 procella
898 993 1145 1076 submota
1175 1001 1278 1058 est,
1313 1000 1574 1048 eteorum
1600 999 1721 1076 quae
1749 981 2096 1076 reperiuntur
2113 989 2235 1034 tan-

643 1097 754 1140 tum
783 1095 867 1139 est
897 1072 1125 1148 lucrum,
1154 1090 1207 1138 ut
1233 1097 1300 1138 ne
1325 1079 1566 1136 oratione
1585 1075 1800 1147 quidem
1823 1074 1926 1128 ulla
1954 1072 2237 1145 possitex-

643 1175 850 1244 piicari.
889 1172 969 1229 Ne
996 1173 1156 1242 igitur
1178 1171 1553 1241 defatigemur,
1590 1167 1684 1222 sed
1715 1163 2112 1237 inquisitionem
2137 1177 2235 1234 ag-

643 1263 969 1336 grediamur.
1001 1261 1238 1318 Audistis
1265 1261 1432 1316 Deum
1460 1256 1528 1316 ad
1555 1257 1838 1328 imaginem
1876 1268 2029 1311 suam
2058 1253 2237 1310 homi-

645 1369 770 1410 nem
795 1352 1118 1417 condidisse,
1142 1360 1197 1407 ct
1222 1350 1347 1424 quid
1369 1351 1440 1408 sit
1463 1348 1616 1417 illud,
1638 1349 1720 1407 Ad
1742 1346 2016 1419 imaginem
2035 1356 2084 1402 et
2101 1346 2243 1401 simi.

648 1444 931 1506 “tudinem.
955 1441 1208 1507 diximus,
1237 1457 1430 1512 nempe
1455 1455 1562 1498 non
1584 1455 1704 1497 esse
1749 1438 2062 1495 substantia:
2089 1451 2242 1492 eom-

649 1535 1023 1604 parationem,
1078 1534 1172 1589 sed
1223 1531 1530 1592 dominatus
1583 1530 1985 1587 similitudinem
2043 1548 2056 1584 :
2110 1528 2243 1584 illud

651 1637 830 1682 autem
849 1666 866 1692 ,
898 1626 979 1680 Ad
1005 1625 1382 1680 similitudinem
1404 1665 1421 1691 ,
1450 1623 1651 1680 indicat
1689 1623 1878 1677 mitem
1903 1636 1966 1678 ac
1991 1634 2244 1678 mansuc-

656 1730 766 1771 tum
788 1700 910 1773 esse
928 1725 1196 1786 oportere,
1225 1715 1443 1784 Deoqne
1467 1729 1566 1786 pro
1586 1713 1791 1770 viribus
1810 1714 2018 1769 ratione
2037 1712 2247 1768 virtutis

656 1807 936 1863 nasimilari
960 1848 975 1870 ,
1007 1815 1168 1876 prout
1213 1806 1288 1860 ait
1327 1804 1616 1860 Christus:
1647 1803 1824 1859 Estots
1868 1803 2058 1858 similes
2096 1801 2249 1857 Patri

655 1913 802 1963 meo,
840 1897 927 1967 qui
949 1898 1004 1952 in
1031 1896 1168 1951 talis
1196 1907 1269 1950 est
1300 1895 1527 1968 (Matth.
1558 1897 1612 1952 δ.
1642 1895 1715 1951 45
1734 1896 1773 1964 ).
1801 1893 1872 1950 Ut
1898 1894 2041 1950 enim
2071 1894 2124 1948 in
2151 1883 2250 1948 hac

658 1992 762 2045 lata
784 1999 839 2046 et
861 1990 1094 2060 spatiosa
1120 1999 1262 2044 terra
1286 1988 1531 2059 quaedam
1559 1987 1806 2043 animalia
1829 1987 1996 2059 magis
2022 1995 2148 2042 sunt
2169 2000 2253 2041 ra-

659 2080 825 2136 tionis
851 2079 1112 2148 expertia,
1141 2077 1389 2148 quaedam
1422 2076 1680 2132 ferociora
1705 2093 1718 2130 :
1748 2078 1827 2134 sic
1852 2078 1904 2132 in
1929 2076 2122 2132 anima:
2150 2091 2252 2130 no-

660 2181 790 2228 stra:
814 2170 1091 2227 latitudine
1117 2168 1360 2241 quaedam
1391 2178 1517 2225 sunt
1553 2184 1584 2224 a
1627 2170 1835 2226 ratione
1874 2154 2045 2239 magis
2068 2168 2256 2223 alienas

664 2277 728 2318 ac
746 2262 995 2319 belluinte
1010 2261 1379 2332 cogitationes,
1403 2261 1647 2331 quardam
1679 2260 1966 2317 ferociores
1985 2269 2040 2314 et
2068 2261 2258 2314 imma-

664 2352 864 2409 niores.
889 2353 1207 2424 Subigendtn
1236 2351 1395 2424 igitttr
1421 2366 1486 2408 ac
1527 2350 1810 2407 domanda:
1844 2359 2001 2417 sunt,
2043 2365 2259 2406 earum-

664 2459 767 2516 quc
789 2444 1096 2500 dominatus
1123 2442 1315 2498 rationi
1339 2441 1777 2498 committendas.
1813 2441 1876 2496 Et
1904 2441 1993 2512 qui
2020 2439 2134 2496 ficri
2164 2453 2259 2510 po—

668 2543 807 2600 test,
861 2533 1006 2590 dicet
1053 2532 1245 2604 aliquis
1266 2574 1282 2599 ,
1313 2541 1374 2588 ut
1399 2531 1688 2588 belluinam
1715 2530 2093 2603 cogitationem
2138 2531 2258 2599 quis

668 2623 919 2696 subigat?
954 2621 1092 2692 Quid
1118 2622 1219 2688 ais,
1247 2622 1320 2677 mi
1346 2621 1541 2677 homo?
1568 2622 1780 2678 Leones
1814 2619 2132 2692 subigimus,
2161 2635 2260 2676 eo-

674 2730 900 2789 rumque
926 2717 1135 2772 animas
1158 2715 1369 2772 cicures
1393 2713 1689 2778 reddimus,
1711 2722 1767 2769 et
1786 2711 2000 2768 dubitas
2027 2726 2096 2767 an
2117 2713 2262 2783 cogi-

672 2805 929 2860 tationum
963 2803 1223 2859 feritatem
1244 2804 1312 2858 ad
1339 2801 1800 2858 mansuetudinem
1827 2804 1999 2871 possis
2021 2800 2263 2856 traduce-

672 2894 776 2950 re?
802 2893 1038 2950 Tametsi
1066 2892 1211 2949 leoni
1242 2893 1496 2948 naturalis
1531 2901 1615 2948 est
1642 2890 1860 2956 feritas,
1892 2900 2086 2962 prater
2111 2900 2266 2948 natu.

673 2999 788 3040 ram
824 2993 1002 3040 autem
1029 2980 1422 3056 mansuetudo;
1466 2981 1560 3038 tibi
1601 2995 1732 3040 vero
1771 2989 1959 3037 contra
2009 2981 2266 3037 naturalis

673 3087 756 3132 est
781 3073 1113 3145 benignitas,
1144 3071 1325 3129 feritas
1353 3086 1482 3128 vero
1522 3081 1720 3143 praeter
1755 3081 2018 3127 naturam.
2051 3070 2266 3142 Ergone

674 3164 766 3236 qui
794 3163 846 3219 id
865 3161 1092 3234 expellis
1115 3161 1258 3234 quod
1278 3173 1357 3217 est
1385 3161 1648 3227 naturale,
1677 3171 1735 3217 et
1753 3162 1946 3217 animo:
1972 3161 2160 3219 bellua:
2187 3162 2268 3218 in-

682 3256 820 3311 seris
847 3253 990 3325 quod
1028 3262 1227 3325 praeter
1261 3263 1504 3308 naturam
1534 3261 1644 3318 est,
1692 3253 1746 3307 in
1775 3261 1863 3308 tua
1891 3253 2057 3326 ipsius
2091 3253 2268 3308 anima

686 3343 828 3415 quod
866 3351 948 3399 est
983 3342 1226 3399 naturale
1255 3357 1363 3398 non
1397 3341 1599 3412 poteris
1625 3341 1983 3397 consonam?
2009 3347 2134 3413 quis
2169 3342 2274 3398 hoc

678 3451 902 3492 summa:
938 3449 1046 3492 non
1075 3433 1275 3491 tribuat
1298 3432 1672 3512 negligentia?
1707 3431 1843 3488 Nam
1873 3432 1927 3488 in
1952 3433 2125 3489 leonis
2147 3433 2270 3503 quis

679 3527 802 3583 dem
830 3527 1006 3585 anima
1052 3533 1250 3598 prater
1289 3523 1428 3580 hanc
1459 3523 1752 3584 difficultas
1798 3532 1883 3580 est
1908 3524 2077 3580 altera
2124 3541 2139 3577 :
2188 3533 2274 3580 est

682 3619 826 3676 enim
846 3634 1042 3690 expers
1066 3617 1533 3679 ratiocinationum
1556 3617 1732 3673 anima
1758 3615 1970 3673 bellum.
2000 3615 2070 3672 Et
2093 3625 2272 3673 tamen

683 3711 866 3766 leones
891 3723 1038 3783 saepe
1063 3709 1272 3771 vidistis
1307 3708 1496 3765 ovibus
1535 3707 1926 3766 mansuetiores
1962 3723 2057 3780 per
2099 3709 2274 3776 forum

680 3800 828 3867 duci,
858 3811 914 3857 et
943 3801 1094 3856 multi
1114 3801 1205 3872 qui
1235 3801 1288 3856 in
1311 3798 1541 3857 ofﬁcinis
1568 3810 1851 3857 versantur
1877 3801 2155 3872 pecuniam
2174 3815 2274 3856 co-

684 3906 803 3947 rum
832 3892 1038 3948 custodi
1080 3901 1362 3948 numerant
1398 3900 1668 3964 tamquam
1697 3892 1829 3947 artis
1872 3890 2172 3948 mercedem
2215 3905 2278 3946 ac

685 3982 893 4054 peritia
915 4025 933 4051 ,
974 3998 1079 4052 qua
1103 3981 1335 4038 belluam
1361 3983 1596 4038 cicurem
1635 3981 1868 4038 reddidit
1896 3999 1910 4035 :
1941 3990 1995 4037 at
2024 3981 2078 4037 in
2101 3982 2279 4037 anima

688 4083 775 4128 tua
819 4081 874 4127 ct
913 4072 1050 4127 ratio
1097 4079 1180 4127 est
1224 4083 1279 4128 et
1325 4071 1416 4134 Dei
1456 4072 1644 4138 timor,
1666 4072 2001 4144 multumque
2049 4073 2282 4145 undique

686 4161 946 4217 auxilium
987 4160 1308 4218 ostenditur.
1351 4161 1431 4219 Ne
1457 4162 1617 4235 igitur
1644 4171 1940 4235 pnutextus
1965 4172 2020 4220 et
2053 4178 2281 4220 excusa-

691 4254 865 4310 tiones
892 4252 1173 4309 obtentlas.
1198 4253 1356 4310 Potes
1381 4255 1546 4321 enim,
1577 4255 1622 4310 si
1648 4255 1803 4320 velis,
1827 4253 1942 4311 fieri
1968 4264 2283 4311 mansuetus

691 4353 747 4396 ct
771 4341 930 4398 lenis.
963 4341 1241 4397 Faciamus
1268 4343 1517 4397 hominem
1535 4345 1603 4396 ad
1629 4343 1900 4416 imaginem
1924 4352 1969 4398 et
1988 4343 2281 4398 similitudi-

695 4452 808 4491 nem
835 4443 1079 4500 nostram,
1101 4443 1152 4489 et
1176 4435 1465 4490 dominetur
1487 4434 1678 4491 bestiis.

761 4528 818 4582 3.
849 4525 1126 4583 Gentilium
1167 4527 1437 4596 objectioui
1471 4527 1760 4598 respondet.
1794 4525 1952 4582 Initio
1977 4529 2112 4600 feras
2137 4527 2286 4583 homo

695 4635 797 4673 non
817 4617 1038 4671 timebat.
1071 4647 1142 4657 —
1167 4615 1280 4671 lloc
1309 4616 1426 4671 loco
1449 4615 1729 4686 insurgunt
1750 4617 1802 4672 in
1830 4631 1929 4672 nos
1954 4617 2198 4687 gentiles,
2232 4627 2288 4672 et

701 4707 754 4762 id
782 4707 915 4762 falso
937 4705 1043 4761 dici
1072 4704 1434 4772 contendunt;
1467 4720 1570 4761 non
1608 4707 1750 4760 enim
1782 4722 1882 4762 nos
1905 4708 2091 4763 bestiis
2117 4708 2290 4764 domi-

699 4814 927 4864 namur;
976 4797 1106 4868 ipsa:
1153 4797 1307 4852 nobis
1351 4798 1526 4868 potius
1577 4797 1916 4853 dominantur
1957 4801 2289 4870 multumque

702 4889 902 4946 metum
935 4888 1197 4957 injiciunt.
1232 4887 1375 4944 Sane
1411 4885 1624 4958 quidem
1651 4886 1755 4941 hoc
1796 4903 1984 4943 verum
2028 4905 2134 4944 non
2163 4900 2244 4944 est
2273 4907 2286 4941 :

699 4980 899 5037 sufﬁcit
922 4979 1062 5035 enim
1092 4979 1158 5033 ad
1187 4977 1412 5034 bestiam
1441 4977 1758 5048 abigendam
1788 4979 1833 5033 si
1859 4977 2020 5033 facies
2061 4979 2289 5032 humana

699 5082 1006 5142 compareat
1045 5091 1058 5126 :
1111 5080 1287 5126 tantus
1327 5071 1379 5124 in
1420 5085 1512 5126 eas
1562 5087 1592 5126 a
1635 5070 1791 5126 nobis
1831 5072 1991 5126 timor
2031 5073 2286 5126 tlitnanat.

702 5161 856 5230 Quod
899 5161 1067 5217 sicubi
1095 5161 1159 5216 ad
1199 5177 1258 5217 se
1289 5160 1620 5216 ulciscendas
1649 5163 1903 5231 impetum
1930 5162 2146 5227 faciant,
2180 5166 2291 5221 sive

703 5256 842 5309 l'ame
872 5261 1114 5323 cogente,
1147 5251 1259 5307 sive
1280 5251 1420 5322 quod
1441 5253 1649 5322 nosipsi
1676 5267 1766 5307 eas
1788 5254 1839 5307 in
1870 5255 2137 5324 angustias
2167 5257 2291 5311 red-

706 5344 931 5414 igamus,
971 5343 1155 5410 eisque
1184 5343 1289 5396 vim
1334 5341 1653 5407 inferamus,
1702 5344 1803 5398 hoc
1857 5360 1983 5400 vero
2027 5349 2294 5416 perfectus

705 5452 810 5488 nott
840 5444 922 5489 est
945 5433 1270 5489 dominatus.
1297 5432 1480 5502 Neque
1501 5435 1710 5490 enimsi
1751 5437 1869 5505 quis
1900 5448 2137 5492 nostrum
2167 5441 2294 5496 Visis

709 5523 1004 5580 latronibus
1031 5524 1283 5593 impetum
1313 5521 1628 5580 facientibus
1654 5537 1909 5595 armetur,
1951 5539 2004 5584 ct
2033 5534 2097 5584 ad
2127 5549 2181 5585 se.
2211 5535 2293 5587 ul-

706 5616 1013 5672 ciscendnm
1040 5633 1097 5672 se
1128 5629 1436 5689 comparet,
1477 5619 1780 5676 dominatus
1806 5624 2056 5693 appellari
2089 5643 2171 5680 res
2207 5628 2291 5681 illa

709 5717 881 5776 potest
907 5751 922 5775 ,
954 5709 1045 5763 sed
1080 5712 1303 5778 propriae
1332 5711 1522 5765 salutis
1551 5712 1758 5765 tuenda:
1785 5713 2082 5770 sollicitudo
2115 5735 2125 5769 :
2156 5729 2290 5770 aua-

711 5818 828 5857 men
861 5818 965 5857 non
998 5803 1119 5858 inde
1143 5819 1323 5873 (puero
1349 5805 1732 5876 defensionem,
1758 5809 1848 5863 sed
1877 5810 2106 5877 aliunde,
2132 5827 2287 5880 quam

2334 399 2656 456 AliClllEl'.
2699 399 3241 456 CONSTANTINOP.

2337 515 2486 572 vobis
2516 513 2646 570 utile
2674 514 2834 570 fuerit
2860 513 3116 570 audiisse.
3149 514 3424 570 Timemus
3452 513 3650 570 bestias
3678 529 3744 572 ac
3769 515 3946 572 refor-

2335 606 2618 672 midamus,
2645 615 2806 675 atque
2829 604 3104 661 dominatu
3127 604 3462 662 excidimus:
3489 620 3597 661 non
3625 621 3798 678 nego;
3825 608 3947 664 imo

2337 709 2531 770 sponte
2554 698 2857 754 confiteor:
2887 712 2993 754 non
3037 707 3216 756 tamen
3256 698 3309 754 id
3347 697 3661 754 mendacem
3694 713 3818 754 esse
3850 699 3945 754 Dei

2339 789 2510 861 legem
2537 789 2792 846 ostendit.
2816 788 2933 845 Non
2959 790 3102 845 enim
3133 791 3206 845 ita
3234 804 3296 846 se
3319 804 3406 846 res
3438 789 3708 845 habebant
3733 804 3765 844 a
3791 790 3948 861 prin-

2339 883 2515 952 cipio,
2561 881 2656 938 sed
2702 881 3009 937 metuebant
3045 889 3103 937 et
3137 880 3483 947 tremebant,
3527 895 3695 952 seque
3737 880 3949 937 homini

2344 982 2613 1043 tamquam
2661 972 2880 1028 domino
2920 971 3307 1028 snbmittebant
3337 988 3351 1025 :
3380 971 3635 1042 quoniam
3664 980 3847 1033 autem
3879 969 3945 1026 lla

2342 1063 2499 1119 ducia
2545 1074 2601 1119 et
2643 1065 2847 1120 honore
2883 1064 3219 1130 excidimus,
3262 1061 3464 1119 idcirco
3507 1062 3629 1118 illas
3672 1063 3946 1119 timetus.

2346 1154 2500 1211 Unde
2525 1170 2653 1210 vero
2679 1155 2730 1208 id
2756 1154 3008 1210 constat?
3033 1154 3260 1208 Adduxit
3287 1154 3474 1208 bestias
3501 1153 3572 1206 ad
3593 1152 3762 1207 Adam
3781 1151 3950 1219 Deus.

2348 1253 2405 1300 ut
2429 1244 2623 1300 sideret
2650 1245 2774 1316 quid
2799 1253 2994 1298 uocaret
3020 1258 3110 1298 eas
3134 1243 3290 1312 (Gen.
3312 1243 3369 1297 2.
3401 1243 3491 1314 l9)
3516 1260 3531 1297 :
3555 1257 3733 1314 neque
3763 1242 3958 1300 miliit

2349 1333 2520 1389 Adam
2547 1335 2701 1404 quasi
2733 1334 2924 1389 timore
2951 1342 3232 1403 correptus
3255 1374 3269 1398 ,
3303 1333 3397 1389 sed
3423 1341 3694 1405 tamquam
3721 1334 3961 1391 subditis

2349 1423 2455 1478 sibi
2486 1424 2657 1478 servis
2685 1425 2901 1479 nomina
2936 1424 3144 1478 cum-tis
3171 1422 3446 1494 imposuit.
3480 1425 3594 1480 Hoc
3620 1440 3753 1482 vero
3775 1425 3958 1487 domi-

3831 400 3947 458 592

2353 1522 2508 1567 natus
2551 1524 2634 1568 est
2678 1513 2950 1568 indicium.
2997 1513 3358 1583 Quamobrem
3395 1515 3584 1571 volens
3617 1516 3780 1571 etiam
3815 1515 3960 1572 Deus

2353 1618 2450 1674 per
2478 1603 2582 1658 hoc
2610 1604 2684 1658 illi
2711 1618 2823 1657 sum
2853 1606 3131 1672 potestatis
3157 1604 3443 1660 ostendere
3473 1605 3790 1675 dignitatem
3812 1647 3829 1672 ,
3857 1620 3962 1661 nos

2357 1696 2560 1749 minum
2606 1693 3002 1766 impositionem
3048 1695 3147 1766 ipsi
3196 1697 3474 1766 permisit,
3507 1706 3670 1768 atque
3708 1697 3963 1768 imposita

2357 1785 2461 1843 illis
2500 1787 2712 1841 nomina
2759 1786 2814 1840 in
2859 1787 2940 1842 eis
2984 1801 3053 1842 ex
3098 1786 3193 1840 illo
3238 1797 3483 1859 tempore
3524 1800 3963 1858 permanserunt.

2361 1874 2527 1932 Omne
2550 1878 2692 1932 enim
2713 1876 2850 1948 quod
2869 1877 3063 1931 oorooit
3083 1875 3271 1943 Adam,
3295 1878 3391 1931 hoc
3411 1894 3598 1933 nomen
3617 1878 3744 1944 illis,
3769 1878 3964 1950 inquit.

2361 1966 2541 2036 Itaque
2571 1974 2733 2021 unum
2761 1967 2863 2020 hoc
2891 1965 3145 2022 indicium
3172 1977 3255 2022 est
3297 1967 3367 2023 ab
3403 1967 3556 2022 initio
3582 1967 3724 2024 feras
3755 1967 3962 2024 homini

2362 2056 2628 2112 terribiles
2654 2071 2759 2111 non
2787 2055 2950 2112 fuisse
2979 2072 2993 2110 :
3017 2055 3245 2111 alterum
3271 2072 3401 2111 vero
3423 2057 3585 2112 etiam
3607 2057 3773 2129 priori
3795 2060 3967 2113 mani-

2361 2147 2550 2204 festius
2577 2157 2662 2204 est
2683 2190 2698 2215 ,
2731 2150 3002 2219 serpentis
3043 2149 3366 2219 colloquium
3402 2164 3524 2204 cum
3555 2150 3802 2206 muliere.
3832 2149 3969 2206 Nam

2362 2241 2406 2295 si
2432 2240 2697 2296 terribiles
2712 2239 3019 2296 hominibus
3034 2239 3260 2296 fuissent
3279 2239 3485 2309 bestim,
3504 2241 3698 2297 mulier
3713 2253 3973 2314 serpente

2361 2343 2650 2404 conspecto
2669 2349 2773 2388 non
2790 2334 3097 2399 mansisset,
3113 2349 3299 2390 verum
3316 2334 3636 2407 aufugisset;
3656 2350 3832 2406 neque
3848 2350 3976 2392 con-

2361 2427 2537 2481 silium
2567 2424 2871 2481 admisisset
2890 2427 2931 2492 ¹,
2969 2441 3143 2497 neque
3173 2435 3316 2482 tanta
3345 2441 3466 2482 cum
3493 2425 3783 2483 securitate
3812 2427 3977 2485 collo-

2362 2523 2526 2586 quuta
2544 2529 2668 2571 eum
2691 2515 2782 2571 illo
2806 2513 3014 2580 fuisset,
3036 2515 3133 2572 sed
3158 2514 3440 2572 confestim
3461 2517 3527 2570 ad
3548 2526 3829 2587 aspectum
3854 2516 3978 2588 ejus

2364 2605 2729 2676 obstupefacta
2754 2603 3076 2676 profugisset
3101 2624 3115 2656 :
3137 2606 3250 2676 jam
3275 2619 3406 2662 vero
3424 2613 3479 2662 et
3498 2605 3845 2677 colloquitur,
3870 2621 3976 2663 nec

2367 2696 2717 2764 reformidat,
2747 2695 2888 2768 quod
2917 2696 3156 2753 nondum
3183 2697 3274 2752 ille
3299 2698 3457 2752 timor
3481 2705 3646 2752 esset.
3680 2697 3976 2768 Postquam

2369 2796 2547 2842 autem
2592 2796 2867 2858 peccatum
2911 2787 3168 2851 intravit,
3196 2786 3426 2856 dignitas
3465 2787 3627 2841 etiam
3658 2797 3737 2842 est
3767 2787 3978 2843 ablata.

2369 2878 2437 2934 Et
2465 2877 2604 2935 sicut
2633 2877 2772 2933 inter
2798 2875 3030 2934 famulos
3056 2878 3147 2948 qui
3174 2875 3515 2934 honestiores
3540 2887 3666 2933 sunt
3693 2887 3750 2934 et
3775 2879 3982 2934 clario~

2367 2983 2478 3037 res,
2500 2968 2776 3025 conservis
2795 2968 2908 3026 suis
2929 2969 3124 3026 terrori
3148 2977 3296 3036 sunt,
3321 2969 3414 3040 qui
3434 2979 3614 3024 autem
3637 2967 3983 3026 oﬂ’enderunt

2371 3059 2582 3127 herum,
2605 3073 2897 3117 conservos
2923 3059 3150 3116 timent:
3173 3060 3252 3115 sic
3270 3069 3326 3116 et
3349 3059 3552 3115 homini
3573 3060 3817 3132 contigit.
3843 3059 3983 3116 Nam

2370 3150 2500 3206 dum
2541 3149 2732 3206 fiducia
2771 3150 2912 3223 apud
2956 3151 3122 3229 Deum
3151 3151 3300 3206 salva
3330 3150 3568 3216 mansit,
3603 3151 3856 3207 terribilis
3885 3153 3985 3207 fuit

2372 3243 2560 3299 hcetiis
2588 3261 2603 3296 :
2632 3252 2913 3313 postquam
2938 3253 3118 3298 autem
3145 3242 3389 3310 offendit,
3413 3243 3576 3300 etiam
3605 3245 3826 3298 ultimos
3851 3259 3988 3299 con-

2374 3346 2656 3396 servorum
2697 3333 2954 3403 deinceps
2990 3334 3184 3389 timuit.
3225 3332 3379 3402 Quod
3414 3333 3459 3389 si
3494 3333 3600 3389 hoc
3637 3333 3710 3389 ita
3737 3349 3845 3389 non
3871 3336 3985 3402 sit,

2376 3424 2600 3480 ostende
2640 3434 2696 3480 tu
2740 3424 2872 3480 tnihi
2912 3422 3079 3480 fuisse
3124 3424 3391 3481 terribiles
3434 3422 3742 3480 hominibus
3783 3427 3989 3483 bestias

2375 3526 2502 3573 ante
2529 3524 2806 3587 peccatum
2836 3516 3017 3586 :atqui
3049 3532 3153 3573 non
3181 3516 3402 3586 poteris.

2449 3604 2626 3662 Timor
2661 3607 2936 3662 bestiarum
2975 3607 3116 3662 utilis
3159 3607 3376 3661 homini.
3423 3635 3493 3647 --
3520 3605 3673 3675 Quod
3711 3607 3756 3662 si
3799 3617 3991 3679 postea

2378 3696 2543 3753 subiit
2571 3697 2730 3753 timor
2753 3737 2770 3762 ,
2801 3697 2905 3753 hoc
2929 3699 3091 3753 etiam
3127 3697 3504 3754 sollicitudinis
3535 3697 3745 3754 Domini
3770 3709 3859 3755 est
3896 3718 3990 3756 ar-

2381 3799 2712 3860 gumentum.
2743 3789 2875 3845 Nam
2900 3790 2944 3844 si
2976 3799 3096 3860 post
3125 3789 3330 3846 bomini
3357 3789 3532 3846 traditi
3554 3805 3584 3844 a
3609 3790 3719 3847 Deo
3743 3795 3992 3850 mandati

2385 3882 2861 3953 transgressionem
2893 3881 3097 3953 integer
3122 3882 3175 3937 in
3207 3898 3331 3938 eum
3356 3897 3388 3937 a
3418 3882 3531 3939 Deo
3555 3882 3778 3940 collatus
3814 3883 3997 3942 honor

2385 3974 2674 4030 mansiSset
2700 3972 2976 4040 immotus,
3000 3973 3140 4029 haud
3171 3972 3327 4029 facile
3346 3988 3378 4029 a
3402 3973 3554 4044 lapsu
3582 3976 3992 4033 resurrexisset.

2385 4067 2610 4137 Quando
2644 4068 2788 4123 enim
2818 4079 2872 4125 et
2913 4067 3284 4125 inobedientes
3311 4078 3367 4126 et
3398 4068 3712 4127 obedientes
3741 4071 3858 4141 pari
3887 4071 3994 4128 bo-

2386 4173 2521 4214 nore
2557 4158 2841 4225 fruuntur,
2869 4159 2937 4214 ad
2984 4159 3381 4231 improbitatem
3419 4162 3735 4220 erudiuntur
3775 4165 3953 4237 magis
3975 4203 3993 4231 ,

2387 4265 2563 4321 neque
2591 4249 2748 4308 facile
2776 4266 2805 4306 a
2835 4252 2966 4306 vitio
2990 4251 3279 4310 desistunt.
3311 4252 3369 4310 Si
3398 4255 3546 4310 enim
3583 4255 3695 4326 jam
3721 4271 3849 4313 cum
3879 4267 3992 4314 tero

2387 4357 2541 4399 rores
2580 4352 2634 4398 et
2676 4358 2852 4414 pana:
2893 4358 2957 4400 ac
3003 4345 3264 4416 supplicia
3310 4330 3593 4404 iinminent
3613 4391 3630 4416 ,
3670 4351 3998 4422 resipiscam

2392 4447 2501 4488 non
2527 4433 2835 4505 dignantur.
2862 4435 3052 4504 quales
3080 4435 3311 4493 fuissent
3336 4438 3383 4492 si
3408 4437 3542 4492 nihil
3567 4453 3731 4511 grave
3756 4455 3857 4510 pro
3882 4442 3999 4498 suis

2391 4524 2600 4582 delictis
2628 4529 2768 4596 passi
2796 4528 3016 4582 essent?
3045 4528 3231 4598 Itaque
3257 4529 3414 4584 nobis
3439 4528 3749 4587 dominatus
3777 4533 3851 4588 ob
3878 4535 3997 4590 sin-

2389 4617 2630 4685 gularem
2676 4617 2844 4672 nostri
2890 4631 3074 4672 curam
3121 4627 3177 4673 et
3221 4619 3637 4676 sollicitudinem
3681 4636 3713 4677 a
3756 4623 3869 4678 Deo
3914 4634 4000 4679 est

2391 4707 2621 4763 ablatus.
2649 4707 2731 4762 Tu
2757 4723 2884 4764 vero
2908 4707 2996 4764 hic
3018 4724 3228 4781 quoque
3253 4709 3577 4767 inell'abilcm
3604 4713 3723 4784 ejus
3750 4712 3999 4786 benigni-

2396 4811 2557 4856 tatem
2596 4802 2897 4858 considera.
2940 4801 3218 4873 Siquidem
3259 4796 3429 4858 Adam
3472 4814 3641 4859 totum
3683 4804 3998 4863 mandatum

2396 4892 2630 4954 violarit,
2660 4903 2722 4946 ac
2749 4893 2920 4962 legero
2952 4901 3321 4962 transgressus
3351 4905 3433 4948 est
3459 4912 3474 4945 :
3507 4894 3648 4950 Deus
3676 4906 3858 4952 autem
3892 4914 4000 4954 non

2399 4993 2566 5038 totum
2613 4985 2870 5039 honorem
2910 4987 3166 5052 sustulit,
3202 5002 3370 5057 neque
3415 4997 3522 5042 tota
3566 5003 3690 5043 eum
3731 4999 4003 5059 potestate

2398 5078 2617 5147 deiecit,
2649 5078 2741 5134 sed
2770 5095 2833 5133 ea
2860 5079 3137 5134 dumtaxat
3161 5080 3227 5134 ab
3253 5079 3368 5150 ejus
3399 5081 3625 5152 imperio
3650 5086 3854 5140 exemit
3879 5091 3997 5141 ani-

2399 5173 2555 5226 malia
2582 5212 2594 5235 ,
2626 5189 2743 5240 quae
2771 5187 2874 5227 non
2908 5174 3132 5226 multum
3161 5174 3226 5227 ad
3257 5173 3414 5243 hujus
3443 5185 3562 5228 vna:
3593 5176 3892 5232 subsidium
3923 5181 4001 5235 iiii

2398 5265 2702 5319 conducunt
2729 5284 2740 5316 :
2771 5281 2888 5335 qua:
2921 5282 3048 5319 vero
3077 5267 3379 5320 necessaria
3404 5279 3528 5321 sunt
3553 5279 3606 5324 et
3633 5269 3780 5323 utilia
3801 5311 3817 5335 ,
3847 5288 3998 5340 qum—

2400 5372 2502 5425 que
2533 5358 2756 5410 multum
2784 5357 3077 5414 inserviunt
3107 5360 3224 5411 vita:
3255 5368 3450 5413 nostra:
3470 5403 3484 5424 ,
3516 5375 3578 5416 ea
3605 5359 3814 5415 subdita
3843 5364 4002 5419 nobis

2400 5465 2516 5504 esse
2547 5451 2807 5519 permisit.
2835 5449 3000 5506 Boom
3031 5449 3178 5502 nobis
3208 5453 3418 5520 reliquit
3444 5463 3707 5518 armenta,
3733 5465 3788 5505 ut
3809 5469 4001 5510 vome-

2402 5561 2510 5598 rem
2545 5545 2850 5607 trahatnus,
2881 5554 2939 5598 ut
2965 5554 3031 5598 tm
3051 5560 3156 5598 ram
3192 5548 3458 5600 sulcetnus
3478 5588 3492 5610 ,
3523 5556 3581 5600 ut
3604 5546 3809 5601 semina
3839 5554 4002 5602 terra:

2460 5765 2478 5832 f
2504 5772 2618 5875 ne?
2647 5805 2655 5812 .
2688 5773 2844 5830 Neque
2868 5768 3117 5814 consitum
3147 5765 3269 5817 £1:an
3289 5767 3469 5816 durum
3490 5772 3534 5816 ri
3553 5764 3879 5830 perniciosior:
3908 5769 3997 5814 ait

2460 5837 2586 5875 masc

2405 5837 2586 5876 ητιδιςςδο
