4186 6324
221 346 309 398 δηι
1418 341 1486 396 ΙΝ
1517 337 1809 398 GENESIM

1912 337 2101 395 EBMO
2141 338 2229 395 Ill.

216 461 313 513 οὐκ
330 458 477 512 ἔστιν
505 461 724 531 ἀνάγκη
778 458 912 531 πρὸς
959 460 1086 521 τοὺς
1131 457 1398 530 ζοφερούς
1431 459 1532 528 τῆς
1563 456 1807 510 ἀϐύσσου

218 547 446 610 κόλπους
511 547 926 618 κατενεχθῆναι,
970 548 1095 601 οὐδέ
1139 547 1352 601 ὑδάτων
1403 546 1629 614 ἀλόγων
1655 545 1805 617 ῥύμῃ

216 633 310 704 τὴν
339 633 434 686 τοῦ
472 639 725 704 σώματος
750 635 1039 704 ἐπιτρέψαι
1058 633 1355 705 σωτηρίων
1375 633 1512 688 ἀλλά
1545 633 1685 686 πολὺ
1708 633 1808 703 μὲν

217 719 449 774 ἐνταῦθα
478 721 542 773 τὸ
570 721 706 788 φῶς,
747 720 842 773 καὶ
877 719 1059 774 αὐτῶν
1103 721 1212 774 τῶν
1256 720 1495 774 ἀκτίνων
1520 719 1808 788 φαιδρότε-

219 822 328 876 ρον,
357 805 530 875 πολλὴ
553 806 667 876 δὲή
705 805 937 878 γαλήνη,
975 808 1126 860 πᾶσα
1160 807 1218 859 δέ
1261 806 1512 862 ἐκποδὼν
1565 805 1805 876 ταραχὴ,

219 895 443 948 καὶτῶν
477 894 880 965 εὑρισκομένων
913 894 1167 949 τοσοῦτον
1187 895 1248 948 τὸ
1284 895 1501 965 κέρδος,
1540 896 1665 948 ὅσον
1686 894 1810 947 οὐδέ

217 982 354 1051 λόγῳ
386 982 743 1052 παραστῆσαι
768 982 1016 1036 δυνατόν.
1048 982 1140 1052 Μὴ
1181 983 1363 1036 τοίνυν
1400 982 1806 1052 ἀποκάμωμεν.

216 1068 326 1120 ἀλλ’
361 1069 809 1138 ἐπιχειρήσωμεν
829 1071 896 1139 τῇ
931 1069 1161 1138 ζητήσει
1227 1067 1532 1122 ἸΙκούσατε
1567 1070 1651 1121 ὃτι
1681 1068 1806 1120 κατ’

216 1155 397 1206 εἰκόνα
442 1153 579 1206 Θεοῦ
627 1155 885 1224 ἐποίησεν
926 1155 954 1204 ό
1003 1154 1136 1217 Θεὸς
1169 1155 1262 1207 τὸν
1292 1153 1600 1225 ἄνθρωπον·
1637 1156 1733 1208 καλ⁸
1758 1155 1810 1206 τί

215 1238 341 1290 ποτέ
372 1241 491 1291 ἐστι
515 1240 575 1291 τὸ
600 1239 742 1292 Κατ’
764 1241 973 1293 εικόνα
996 1239 1156 1294 τοῦτο
1197 1240 1297 1293 καί
1349 1244 1483 1294 καθ’
1519 1241 1811 1308 ὁμοίωσιν

215 1325 536 1394 εἰρήκαμεν·
570 1324 826 1398 16561ότι
855 1327 955 1380 οὐκ
1001 1327 1194 1390 οὐσίας
1240 1327 1643 1398 ἀπαραλλαξία,
1692 1327 1809 1380 ἀλλ’

215 1411 393 1482 ἀρχῆς,
408 1413 668 1481 ὁμοιότης
703 1425 750 1452 ι·
781 1413 844 1466 τὸ
864 1413 944 1478 δέ,
970 1416 1113 1469 Καθ’
1157 1414 1468 1484 ὁμοίωσιν,
1501 1415 1562 1467 τὸ
1594 1415 1807 1486 ἥμερον

216 1493 352 1549 εἶναι
398 1499 494 1550 καὶ
541 1500 738 1567 πρᾶον,
780 1499 874 1552 καὶ
919 1502 1001 1562 εἰς
1039 1499 1271 1570 δύναμιν
1307 1499 1696 1571 ἐξομοιοῦσθαι
1729 1501 1809 1571 τῷ

215 1584 329 1652 Θεῷ
368 1584 617 1637 κατάτὸν
632 1585 732 1654 τῆς
762 1586 965 1657 ἀρετῆς
993 1587 1168 1654 λόγον,
1200 1587 1276 1650 ῶς
1298 1605 1461 1658 φησιν
1495 1591 1524 1641 ὁ
1549 1590 1806 1660 Χριστός·

215 1673 471 1725 Γίνεσθε
487 1673 675 1741 ὅμοιοι
706 1673 811 1726 τοῦ
836 1675 1068 1741 Πατρός
1086 1692 1208 1743 μου
1237 1674 1344 1728 τοῦ
1381 1677 1451 1729 ἐν
1478 1676 1602 1743 τοῖς
1629 1679 1809 1744 οὐρα-

216 1759 361 1824 νοῖς.
397 1760 668 1832 Καθάπερ
696 1762 803 1830 7&9
836 1764 894 1815 ἐν
927 1765 992 1832 τῇ
1026 1767 1096 1832 γῇ
1143 1766 1207 1833 τῇ
1263 1763 1498 1835 πλατείᾳ
1520 1765 1614 1817 καὶ
1644 1766 1808 1835 εὐρυ-

216 1845 373 1917 χώρῳ
401 1847 578 1918 ταύτῃ
614 1846 722 1900 τῶν
747 1847 902 1911 ζώων
927 1848 997 1900 τά
1043 1850 1144 1918 μέν
1187 1850 1329 1902 εἰσιν
1363 1851 1703 1920 άλογώτερα,
1737 1851 1810 1904 τά

214 1933 267 1984 δέ
299 1934 726 2004 θηριωδέοτερα·
767 1935 911 1988 οῦτω
933 1937 1025 1988 καὶ
1055 1938 1112 1988 ἐν
1152 1937 1228 2008 τῷ
1257 1937 1451 1991 πλάτει
1479 1938 1577 2008 τῆς
1608 1939 1810 2009 ἡμετέ-

216 2039 314 2091 ρας
341 2023 547 2093 ψυχῆς.
580 2024 689 2075 τῶν
735 2025 1013 2094 λογισμῶν
1041 2026 1091 2078 οί
1137 2028 1236 2092 μὲν
1281 2028 1422 2080 είσὶν
1473 2027 1809 2098 ἀλογώτεροι

215 2110 303 2162 καὶ
337 2110 658 2180 κτηνώδεις,
689 2113 738 2162 οί
763 2111 820 2164 δὲ
848 2111 1272 2183 θηριωδέστεροι
1316 2116 1411 2166 καὶ
1454 2114 1805 2185 ἀγριώτεροι.

215 2199 301 2248 Δεῖ
323 2199 510 2250 τοίνυν
553 2197 736 2250 αὐτῶν
787 2201 1010 2268 κρατεῖν
1043 2201 1136 2252 καὶ
1171 2201 1577 2271 περιγίνεσθαι.
1607 2203 1703 2256 καὶ
1730 2203 1808 2273 τῷ

215 2283 456 2354 λογισμῷ
491 2285 590 2354 τὴν
615 2286 821 2338 τούτων
851 2286 1027 2357 ἀρχὴν
1053 2287 1428 2358 παραδιδόναι.
1460 2289 1572 2342 Καὶ
1607 2289 1725 2352 πῶς
1742 2290 1808 2342 άν

213 2390 292 2434 τις
316 2373 660 2443 περιγένοιτο
687 2374 948 2445 λογισμοῦ
981 2376 1305 2448 θηριώδους,
1326 2379 1460 2448 φησί
1481 2395 1494 2441 ;
1515 2379 1580 2430 Τί
1603 2379 1806 2446 λέγεις,

213 2459 498 2529 ἀνθρωπες
526 2461 646 2513 Τῶν
675 2461 906 2515 λεόντων
925 2463 1342 2534 περιγινόμεθα,
1371 2467 1465 2516 καὶ
1495 2464 1593 2528 τάς
1615 2458 1809 2537 ’ψυχὰς

214 2546 391 2599 αὐτῶν
421 2546 764 2617 ἡμεροῦμεν,
803 2548 900 2600 καὶ
934 2550 1308 2619 ἀμφιϐάλλεις
1341 2553 1388 2604 εί
1421 2551 1682 2622 λογισμοῦ
1712 2553 1810 2624 θη-

215 2634 432 2703 ριωδίαν
463 2635 600 2705 πρὸς
635 2635 952 2706 ἡμερότητα
982 2636 1188 2708 δυνήσῃ
1219 2639 1580 2707 μεταϐαλείνς
1617 2639 1810 2694 Καίτοι

213 2719 289 2791 τῷ
316 2721 494 2774 λέοντι
522 2722 620 2792 μὲν
652 2723 794 2776 κατά
825 2724 986 2791 φύσιν
1021 2725 1082 2776 τὸ
1127 2728 1340 2797 ἄγριον,
1379 2728 1528 2798 παρά
1563 2726 1728 2797 φύσιν
1752 2729 1810 2782 δὲ

214 2808 271 2859 τὸ
305 2809 538 2880 ἥμερον·
581 2810 665 2862 σοὶ
719 2810 777 2862 δὲ
811 2811 873 2862 τὸ
933 2812 1198 2874 ἐναντίον,
1255 2814 1396 2866 κατά
1430 2815 1592 2883 φύσιν
1627 2806 1810 2889 μὲντὸ

213 2897 508 2966 προσηνὲς,
545 2896 696 2966 παρά
737 2897 899 2962 φύσιν
930 2897 988 2950 δὲ
1029 2901 1057 2968 ἡ
1089 2900 1375 2969 θηριωδία.
1433 2903 1491 2955 ὐ
1515 2903 1697 2957 τοίνυν
1739 2904 1805 2955 τὸ

215 2984 351 3036 κατὰ
384 2982 551 3051 φύσιν
579 2983 884 3046 ἐκϐάλλων,
933 2986 1027 3037 καὶ
1073 2986 1134 3036 τὸ
1183 2988 1332 3056 παρά
1387 2990 1551 3057 φύσιν
1575 2991 1808 3052 ἐντιθεὶς

213 3072 276 3139 τῇ
307 3069 401 3122 τοῦ
432 3072 624 3139 θηρίου
639 3071 808 3140 ψυχῇ,
838 3071 894 3121 ἐν
912 3074 974 3140 τῇ
1005 3072 1198 3124 ἐαυτοῦ
1227 3075 1373 3145 ψυχῇ
1388 3075 1449 3128 τὸ
1477 3079 1617 3129 κατά
1647 3078 1810 3146 φύσιν

214 3157 270 3208 οὐ
299 3157 507 3228 δυνήσῃ
527 3156 888 3224 διατηρῆσαι;
932 3158 1027 3211 καὶ
1072 3160 1242 3230 πόσης
1290 3163 1387 3215 οὐκ
1430 3162 1496 3216 ἂν
1536 3166 1621 3233 εἴη
1653 3166 1811 3219 τοῦτο

218 3242 527 3313 meum“;
566 3245 673 3295 Καὶ
709 3245 802 3295 ἐπί
838 3246 936 3313 μὲν
970 3246 1069 3315 τῆς
1097 3245 1206 3299 τῶν
1243 3247 1481 3301 λεόντων
1515 3251 1695 3322 ψυχῆς
1717 3254 1812 3306 καὶ

215 3330 375 3400 ἐτέρα
408 3330 664 3382 δυσκολία
706 3328 847 3399 μετά
875 3330 1076 3400 ταύτης
1109 3333 1246 3384 ἐστί·
1277 3334 1556 3402 λογισμῶν
1587 3339 1696 3411 γάρ
1721 3342 1810 3391 ἐσε-

214 3431 295 3469 τιν
323 3416 532 3486 ἔρημος
568 3416 594 3455 ι)
631 3419 664 3486 ἡ
692 3415 787 3468 τοῦ
812 3416 1002 3486 θηρίου
1033 3418 1199 3488 ψυχή.
1256 3421 1397 3475 Ἀλλ’
1429 3424 1578 3493 ὅμως
1635 3427 1812 3497 ἑωρά-

216 3520 340 3556 κατε
375 3503 640 3565 πολλάκις
683 3504 906 3566 λέοντας
961 3505 1251 3574 προϐάτων
1290 3511 1682 3581 ἡμερωτέρους
1721 3514 1812 3566 διὰ

215 3593 308 3659 τῆς
338 3590 551 3660 ἀγορᾶς
577 3591 901 3660 ἀγομένους,
929 3595 1022 3644 καὶ
1041 3593 1230 3646 πολλοὶ
1261 3596 1369 3648 τῶν
1403 3598 1460 3648 ἐν
1507 3602 1619 3662 τοῖς
1641 3602 1811 3671 ἐργα-

217 3676 452 3744 στηρίο·.ς
495 3675 756 3746 ἀργύριον
785 3678 1048 3741 πολλάκις
1079 3681 1382 3735 κατέϐαλον
1403 3685 1480 3754 τῷ
1498 3689 1808 3757 κατέχοντι,

219 3763 406 3830 μισθόν
438 3781 557 3814 τινα
584 3763 680 3833 τῆς
706 3763 899 3834 τέχνης
923 3765 1018 3819 καὶ
1047 3769 1145 3835 τῆς
1192 3771 1404 3836 σοφίας,
1435 3774 1502 3824 δι’
1528 3767 1593 3844 ἧς
1619 3775 1682 3828 τὸ
1714 3775 1811 3845 θηο

219 3849 326 3918 ρίον
360 3850 676 3920 ἡμέρωσεψ
721 3852 813 3902 ἐπί
851 3852 907 3904 δέ
940 3853 1038 3919 τῆς
1073 3858 1172 3923 σῆς
1202 3854 1382 3924 ψυχῆς
1421 3860 1512 3910 καὶ
1550 3861 1814 3932 λογισμός

217 3940 348 4000 ἐστι,
374 3939 470 3989 καὶ
497 3937 633 3989 Θεοῦ
664 3937 847 4006 φόϐος,
887 3939 981 3992 καὶ
1011 3940 1180 4012 πολλὴ
1245 3944 1576 4015 πολλαχόθεν
1610 3952 1642 4020 ἡ
1681 3951 1813 4022 βοή-

217 4025 350 4080 θεια.
395 4026 484 4094 Μὴ
530 4026 708 4078 τοίνυν
761 4028 993 4096 σκήψεις
1040 4047 1130 4100 μοι
1175 4031 1300 4099 λέγε
1352 4037 1445 4088 καὶ
1486 4039 1810 4106 προφάσεις.

215 4114 447 4164 Δυνατὸν
471 4114 600 4181 7&9.
637 4115 730 4166 ἐάν
757 4115 938 4186 θέλῃς,
979 4117 1185 4188 ῆμερόν
1222 4137 1279 4172 σε
1312 4117 1458 4175 εἶναι
1496 4127 1591 4178 καὶ
1614 4130 1808 4197 πρᾶον.

216 4201 571 4268 Ποιήσωμεν
597 4201 916 4269 ἄνθρωπον
939 4206 1065 4258 κατ’
1083 4209 1293 4260 εἰκόνα
1311 4211 1410 4263 καί
1439 4213 1570 4265 καθ’
1601 4216 1810 4281 ὁμοίω-

217 4301 316 4339 σιν
343 4287 673 4354 ἡμετέραν,
705 4290 802 4341 καί
838 4290 1192 4357 ἀρχέτωσαν
1219 4293 1339 4348 τῶν
1364 4299 1603 4365 θηρίων.

284 4429 346 4499 β’.
386 4428 655 4483 Ἐνταῦθα
669 4432 929 4503 ’Έλληνες
947 4437 1078 4504 ἡμῖν
1100 4437 1445 4503 ἐπιφύονται,
1475 4441 1568 4494 καί
1593 4460 1726 4509 φασι
1751 4447 1812 4498 τὸ

216 4516 386 4584 λόγιον
444 4516 760 4585 ψεύδεσθαιο
792 4521 854 4571 οὐ
894 4522 1004 4590 7&9
1058 4525 1221 4593 ἡμεῖς
1272 4527 1515 4597 ἄρχομεν
1561 4530 1670 4582 τῶν
1718 4532 1811 4602 Θη..

221 4605 364 4671 ρίων⁹
399 4603 543 4656 αὐτὰ
575 4605 731 4674 ἡμῶν
773 4606 952 4676 ἄρχει,
989 4611 1082 4660 καὶ
1131 4611 1333 4682 πολλὴν
1372 4615 1505 4682 ἡμῖν
1550 4618 1810 4687 ἐμϐάλλει

217 4691 311 4760 τὴν
346 4693 608 4758 ἀγωνίαν.
636 4693 886 4746 Μάλιστα
911 4696 1008 4763 μέν
1024 4693 1118 4748 οὖν
1154 4697 1313 4750 τοῦτο
1346 4703 1446 4753 οὐκ
1468 4702 1688 4773 ἀληθέςο
1719 4708 1813 4775 ἀρ-

219 4781 300 4828 κεῖ
325 4778 434 4846 γάρ
470 4779 564 4830 καὶ
593 4779 714 4848 ὄψις
745 4781 1060 4854 ἀνθρωπίνη
1098 4788 1331 4851 φανεῖσα
1380 4789 1625 4842 ἐκποδὼν
1657 4796 1813 4862 ποιῆ-

219 4878 304 4914 σαι
337 4864 549 4934 θηρίον’
585 4865 840 4928 τοσοῦτος
875 4868 1068 4931 αὐτοῖς
1099 4874 1214 4922 ἐστι
1249 4873 1381 4942 παρ’
1403 4877 1538 4944 ἡμῖν
1571 4880 1598 4928 ό
1621 4879 1806 4946 φόϐος.

221 4950 277 5001 EE
299 4951 352 5002 δέ
392 4968 496 5002 που
526 4955 663 5017 πρὸς
690 4954 904 5022 ἄμυναν
939 4957 1257 5027 ὁρμήσειεν,
1288 4962 1319 5030 ἢ
1354 4961 1514 5032 λιμοῦ
1543 4983 1810 5034 καταναγο

219 5035 494 5101 κάζοντος.
533 5039 566 5108 ἦ
595 5039 752 5108 ἡμῶν
779 5041 958 5094 αὐτῶν
999 5037 1489 5116 στενοχωρούντων
1520 5049 1807 5120 πολλάκις,

219 5124 474 5194 καὶπρὸς
518 5125 766 5195 ἀνάγκην
809 5128 1228 5200 ἐκϐαλλομένων
1272 5145 1293 5170 α
1339 5136 1503 5199 αὐτὰ,
1533 5139 1692 5193 τοῦτο
1715 5139 1810 5194 οὖν

217 5211 310 5297 οὐκ
358 5214 423 5263 ἂν
469 5215 557 5284 εἴη
602 5215 776 5285 ἀρχῆς
809 5217 1247 5290 ἀπηρτισμένης.
1300 5224 1436 5276 Οὐδὲ
1479 5227 1609 5297 γὰρ,
1648 5229 1702 5280 εί
1724 5247 1810 5294 τις

219 5296 368 5388 ημῶν
405 5299 609 5370 λῃστάς
632 5304 884 5366 ἐπιόντας
903 5305 1050 5375 ὁρῶν
1080 5307 1377 5372 όπλίζοιτο,
1410 5313 1504 5364 καὶ
1536 5296 1671 5386 πρὸς
1709 5319 1809 5388 τὴν

219 5385 422 5450 ἄμυναν
449 5390 676 5458 χωροίη,
700 5391 875 5460 ἀρχῆς
898 5393 957 5445 τὸ
984 5397 1218 5464 πρᾶγμά
1243 5399 1412 5461 ἐστιν,
1447 5385 1586 5458 ἀλλὰ
1612 5405 1709 5476 τῆς
1732 5385 1808 5460 οῖ-

280 5647 306 5715 ἶ
533 5644 913 5715 ὁμοιότης,λάλλ]
934 5647 1081 5715 ἀρχῆς
1103 5651 1288 5713 ἀξίωμα
1313 5653 1432 5715 Reg.

283 5705 307 5789 ξ
335 5699 452 5762 Heg.
481 5699 601 5750 ἐστί.
628 5699 824 5778 Ποίαδέ
849 5699 1284 5772 αύτη’;”Ᾰογισυλῖ›ν
1307 5699 1477 5778 ἐρὴῖιός
1495 5717 1709 5780 ὑπάρχει.

328 5759 831 5812 Πρκοὶκκαλονυενων.

381 5777 831 5825 ἐκοεκκαλονμενων.

525 5843 788 5904 Parnm.
834 5849 952 5909 Gn.
1003 5852 1160 5914 LIV.

3409 334 3519 396 διε

1919 455 2076 519 κείας
2123 457 2400 528 σωτηρίας
2435 457 2605 530 πολλὴ
2654 458 2904 530 πρόνοιαο
2946 455 3087 526 πλὴν
3138 456 3238 509 οὐκ
3270 456 3520 516 ἐντεῦθεν

1912 542 2174 613 ποιοῦμαι
2207 545 2306 612 τὴν
2341 544 2666 613 ἀπολογίαν,
2725 545 2841 598 ἀλλ’
2902 543 3191 614 ἑτέρωθεν,
3251 544 3374 596 ὅθεν
3426 549 3524 600 καὶ

1911 629 2041 698 ύμῖν
2073 631 2345 702 χρήσιμον
2377 630 2627 685 ἀκοῦσαι.
2669 630 2988 702 Φοϐούμεθα
3021 630 3092 684 τὰ
3121 630 3287 701 θηρία
3318 630 3414 684 καὶ
3437 630 3523 685 δε-

1907 716 2192 786 δοίκαμεν,
2224 719 2319 772 καὶ
2351 718 2454 788 τῆς
2484 718 2660 789 ἀρχῆς
2687 717 3150 788 ἐκπεπτώκαμενο
3170 716 3272 769 οὐκ
3304 717 3522 771 ἀντιλέ-

1912 820 2013 871 γω·
2037 821 2111 874 φη
2121 805 2182 872 μὶ
2205 806 2300 858 καὶ
2326 805 2512 868 αὐτός’
2537 804 2652 858 ἀλλ’
2677 806 2736 858 οὐ
2768 804 2928 858 τοῦτο
2948 803 3122 873 ψευδῆ
3147 803 3238 856 τὸν
3263 802 3358 856 τοῦ
3383 803 3522 857 Θεοῦ

1911 891 2078 961 νόμον
2107 891 2367 946 δείκνυσι.
2424 894 2585 965 Παρά
2628 892 2741 964 γάρ
2775 893 2876 963 τὴν
2921 891 3096 963 ἀρχὴν
3120 891 3220 961 οὐχ
3256 890 3403 944 οὕτω
3449 891 3522 946 τὰ

1912 979 2213 1047 πράγματα
2266 979 2517 1041 διέκειτο,
2574 979 2689 1032 ἀλλ’
2741 979 2998 1032 ἐδεδοίκει
3043 979 3137 1030 καὶ⁵
3177 978 3396 1049 ἔτρεμε,
3429 977 3525 1030 καὶ

1913 1066 2247 1129 ὐπέκυπτεν,
2277 1068 2352 1131 ὡς
2379 1068 2638 1138 δεσπότῃ,
2672 1067 2750 1137 τῷ
2801 1067 3098 1139 ἀνθρώπῳ,
3126 1066 3314 1137 ἐπειδὴ
3339 1067 3397 1121 δὲ
3422 1066 3526 1137 τῆς

1910 1156 2226 1225 παρρησίας
2258 1156 2590 1224 ἐξεπέσομεν
2615 1155 2829 1224 καὶτῆς
2854 1155 3040 1226 τιμῆς,
3067 1155 3158 1207 διὰ
3177 1152 3334 1206 τοῦτο
3357 1152 3526 1207 δεδοί-

1911 1258 2088 1310 καμεν
2107 1241 2265 1295 αὐτά.
2289 1241 2440 1314 [657]
2463 1241 2632 1294 Πόθεν
2650 1240 2809 1293 τοῦτο
2828 1241 2988 1309 δῆλον
3007 1258 3023 1306 ;
3055 1242 3308 1309 Ἦττιτεν
3323 1242 3356 1292 ό
3377 1237 3528 1304 Θεὸς

1911 1333 2174 1398 τὰθηρία
2187 1333 2340 1399 πρὸς
2359 1331 2469 1386 τὸν
2497 1331 2700 1400 Ἀδὰμ,
2725 1331 2874 1385 ἰδεῖν
2894 1333 2952 1384 τί
2971 1329 3406 1385 καλέσειαὺτά·
3431 1333 3526 1384 καὶ

1910 1420 2014 1471 οὐκ
2047 1419 2404 1489 ἀπεπήδησεν
2452 1419 2481 1470 ό
2545 1419 2738 1488 Ἀδάμ,
2791 1418 3045 1488 καθάπερ
3098 1416 3375 1480 δεδοικὼς,
3407 1416 3525 1470 ἀλλ’

1910 1504 2101 1573 ῶσπερ
2125 1504 2329 1568 δούλοις
2367 1505 2832 1574 ὑποτεταγμένοις
2862 1504 2929 1557 τὰ
2958 1505 3202 1574 ὀνόματα
3247 1503 3527 1573 ἐπέθηκεν

1911 1591 2106 1645 ἆπασι.
2139 1591 2315 1645 Τοῦτο
2337 1591 2394 1644 δέ
2423 1593 2744 1655 δεσποτείας
2773 1592 3066 1663 σύμϐολον.
3096 1591 3188 1643 Διὸ
3215 1592 3313 1642 καὶ
3336 1591 3365 1643 ό
3390 1590 3528 1654 Θεὸς

1912 1679 2239 1749 βουλόμενος
2283 1679 2434 1750 αὐτῷ
2470 1680 2566 1734 καὶ
2595 1680 2685 1734 διὰ
2730 1680 2922 1734 τούτου
2953 1679 3126 1744 δεῖξαι
3155 1678 3216 1731 τὸ
3243 1679 3343 1748 τῆς
3373 1677 3527 1744 ἐξου-

1913 1766 2034 1828 σίας
2057 1766 2297 1834 ἀξίωμα,
2321 1766 2419 1836 τὴν
2446 1766 2552 1819 τῶν
2577 1767 2862 1836 ὀνομάτων
2884 1766 3034 1836 αὐτῷ
3055 1767 3202 1820 θέσιν
3228 1763 3524 1836 ἐπέτρεψε,

1911 1853 2090 1906 καὶτὰ
2119 1854 2344 1907 τεθέντα
2376 1856 2618 1924 ὀνόματα
2649 1855 2866 1923 ἔμεινεν
2898 1853 2957 1918 ἐξ
2999 1854 3212 1907 ἐκείνου
3248 1854 3329 1916 εἰς
3359 1852 3523 1906 αὐτά.

1911 1939 2040 1995 Πᾶν
2084 1941 2193 2011 γὰρ
2228 1941 2259 1994 ὃ
2281 1941 2582 1995 ἐκάλεσεν
2632 1941 2836 2010 Ἀδὰμ,
2857 1941 3036 1995 τοῦτο
3071 1942 3261 2009 ὄνομα
3289 1938 3522 2005 αὐτοῖς,

1911 2029 2096 2098 φησίν.
2131 2030 2226 2080 Ἐν
2259 2028 2325 2098 δὴ
2360 2029 2521 2082 τοῦτο
2545 2031 2774 2098 σημεῖον
2805 2028 2900 2080 τοῦ
2936 2028 3011 2098 μὴ
3048 2027 3258 2097 φοϐερὰ
3281 2023 3422 2079 εἶναι
3446 2022 3528 2095 τῷ

1909 2114 2185 2186 ἀνθρώπῳ
2211 2114 2279 2166 τὰ
2305 2115 2474 2184 θηρία
2505 2116 2657 2184 παρὰ
2685 2115 2786 2184 τὴν
2831 2116 3029 2186 ἀρχήν·
3072 2114 3329 2185 δεύτερον
3349 2114 3407 2167 δέ
3430 2113 3526 2166 καὶ

1907 2202 2003 2255 τοῦ
2039 2202 2258 2273 πρώτου
2316 2207 2672 2272 σαφέστερον,
2730 2203 2763 2270 ἡ
2825 2203 2965 2272 πρὸς
2997 2200 3098 2269 τὴν
3147 2203 3386 2268 γυναῖκα
3427 2195 3526 2250 τοῦ

1907 2291 2088 2359 ὄφεως
2113 2289 2366 2354 διάλεξις.
2399 2291 2461 2344 Εἰ
2505 2290 2616 2359 7&9
2641 2286 2709 2358 ῆν
2743 2289 2953 2359 φοϐερά
2989 2288 3060 2341 τά
3088 2288 3257 2358 θηρία
3282 2289 3398 2350 τοῖς
3423 2287 3524 2339 ἀν-

1910 2375 2172 2446 θρώποις,
2207 2375 2310 2429 οὐκ
2337 2376 2402 2430 ἂν
2429 2375 2614 2428 ίδοῦσα
2646 2376 2735 2428 τὸν
2767 2376 2890 2443 ϐφιν
2914 2375 3131 2446 ἔμεινεν
3159 2376 3193 2444 ἡ
3226 2372 3526 2444 γυνὴ,ἀλλ’

1909 2463 2112 2533 ἔφυγεν
2141 2464 2228 2517 άν·
2262 2465 2364 2517 οὐκ
2396 2463 2464 2515 ἂν
2492 2463 2712 2527 ἐδέξατο
2738 2463 3051 2534 συμϐουλὴν
3072 2461 3123 2526 δ,
3151 2463 3253 2515 οὐκ
3287 2461 3355 2514 ἀν
3385 2457 3529 2531 μετά

1909 2550 2182 2620 τοσαύτης
2205 2549 2357 2618 αὐτῴ
2389 2550 2638 2620 διελέχθη
2673 2551 2772 2620 τῆς
2815 2551 3024 2613 ἀδείας,
3052 2549 3168 2603 ἀλλ’
3200 2548 3405 2609 εὐθέως
3457 2547 3527 2600 ἂν

1911 2638 2046 2709 πρὸς
2072 2638 2171 2708 τὴν
2197 2637 2321 2705 ὄψιν
2359 2637 2455 2690 καὶ
2487 2636 2765 2705 ἐξεπλάγη
2806 2639 2900 2690 καὶ
2931 2637 3279 2707 ἀπεπήδησεο
3317 2634 3436 2688 νυνὶ
3465 2633 3526 2686 δέ

1909 2725 2239 2792 διαλέγεται.
2282 2727 2374 2777 καὶ
2403 2726 2462 2776 οὐ
2513 2724 2784 2792 φοϐεῖται·
2817 2723 3034 2777 οὐδέπω
3065 2724 3176 2794 7&9
3211 2719 3279 2794 ἦν
3307 2725 3335 2776 ό
3360 2720 3527 2790 φόϐος

1909 2806 2088 2874 οὗτος.
2123 2811 2264 2863 Ἀλλ’
2294 2810 2539 2881 emam
2577 2811 2824 2882 ἁμαρτία
2856 2810 3126 2878 είσῆλθεν,
3155 2806 3399 2880 ἀνῃρέθη
3432 2806 3527 2859 καὶ

1909 2899 1980 2952 τά
2007 2899 2110 2968 τῆς
2136 2899 2327 2969 τιμῆςο
2369 2900 2465 2950 καὶ
2497 2897 2750 2968 καθάπερ
2781 2898 2876 2950 ἐπὶ
2903 2897 3012 2949 τῶν
3033 2895 3285 2958 οίκετῶν,
3318 2896 3367 2947 οἱ
3424 2893 3526 2963 μὲν

1911 2986 2327 3055 εὐδοκιμοῦντες
2379 2985 2602 3055 φοϐεροὶ
2647 2989 2760 3047 τοῖς
2797 2983 3108 3046 συνδούλοις
3161 2985 3323 3043 εἰσὶν,
3366 2981 3414 3033 οί
3465 2981 3524 3034 δέ

1913 3074 2423 3145 προσκεκρουκότες
2487 3073 2578 3125 καὶ
2627 3074 2754 3136 τοὺς
2811 3071 3138 3140 ὁμοδούλους
3196 3070 3523 3122 δεδοίκασιν

1910 3162 2054 3213 οῦτω
2093 3160 2188 3212 καὶ
2220 3161 2314 3211 ἐπὶ
2365 3159 2459 3212 τοῦ
2494 3158 2786 3231 ἀνθρώπου
2821 3159 3065 3227 γέγονεν.
3102 3155 3250 3219 Ἕως
3283 3156 3382 3226 μὲν
3415 3153 3524 3224 γάρ

1913 3245 2028 3317 εἶχε
2060 3247 2194 3318 πρὸς
2221 3247 2313 3299 τὸν
2344 3247 2479 3299 Θεὸν
2515 3247 2857 3317 παρρησίαν,
2903 3245 3136 3315 φοϐερὸς
3167 3247 3282 3306 τοῖς
3317 3242 3528 3313 θηρίοις

1911 3333 1999 3405 ἦν·
2043 3335 2233 3405 ἐπειδὴ
2278 3334 2335 3387 δέ
2383 3334 2901 3405 προσέκρουσεθκαὶ
2930 3335 3060 3396 τοὺς
3098 3333 3365 3402 ἐσχάτους
3417 3329 3529 3382 τῶν

1912 3423 2218 3494 ὁμοδούλων
2245 3423 2455 3476 δέδοικε
2485 3422 2689 3476 λοιπόν.
2723 3423 2787 3476 Εί
2811 3423 2867 3475 δέ
2889 3423 2964 3493 μὴ
2995 3420 3154 3474 τοῦτό
3179 3424 3317 3485 ἐστι,
3347 3417 3412 3472 σύ
3437 3435 3531 3490 μοι

1911 3511 2081 3576 δεῖξαι
2118 3511 2225 3580 πρὸ
2252 3510 2352 3580 τῆς
2380 3509 2682 3580 ἁμαρτίας,
2706 3511 2789 3562 ὅτι
2834 3509 3042 3578 φοϐερά
3074 3511 3188 3570 τοῖς
3215 3505 3530 3578 ἀνθρώποις

1913 3599 1982 3649 τὰ
2021 3598 2188 3668 θηρία
2215 3593 2304 3668 ἦν’
2333 3598 2448 3650 ἀλλ’
2475 3598 2575 3650 οὐκ
2601 3597 2666 3650 ἂν
2705 3597 2871 3668 ἔχοις.

1988 3689 2049 3740 Et
2081 3687 2137 3740 δέ
2179 3686 2319 3754 μετά
2345 3686 2520 3740 ταῦτα
2573 3686 2824 3755 εἰσῆλθεν
2848 3687 2875 3738 ὁ
2897 3685 3083 3754 φόϐος,
3116 3686 3208 3738 καὶ
3245 3684 3404 3737 τοῦτο
3431 3684 3530 3755 τῆς

1913 3773 2008 3825 τοῦ
2061 3774 2333 3826 Δεσπότου
2369 3773 2720 3842 κηδεμονίας.
2774 3775 2836 3826 El
2867 3773 2976 3842 7&9
3029 3774 3131 3842 τῆς
3186 3771 3408 3842 ἐντολῆς
3434 3771 3531 3842 τῆς

1914 3862 2162 3931 δοθείσης
2189 3861 2294 3913 ὑπὸ
2326 3861 2419 3912 τοῦ
2464 3859 2598 3913 Θεοῦ
2641 3862 2717 3930 τῷ
2767 3861 3042 3930 ἀνθρώπῳ
3078 3861 3399 3930 κινηθείσης
3438 3861 3530 3912 καὶ

1915 3949 2191 4019 λυθείσης,
2224 3950 2256 4017 ἡ
2283 3948 2416 4016 τιμὴ
2441 3951 2472 4018 ἡ
2500 3948 2718 4001 δοθεῖσα
2748 3949 2897 4018 αὐτῷ
2935 3949 3086 4020 παρά
3119 3949 3211 4000 τοῦ
3247 3949 3383 4001 Θεοῦ
3410 3947 3530 4001 ἀκί-

1915 4053 2075 4105 νητος
2111 4035 2349 4104 ἔμεινεν,
2378 4035 2478 4087 οὐκ
2513 4034 2580 4087 ἂν
2620 4037 2817 4106 ἀνέστη
2855 4037 3073 4106 ῥαδίως.
3103 4037 3276 4088 ”οταν
3299 4036 3409 4106 7&9
3435 4035 3529 4088 καὶ

1920 4124 2321 4195 παρακούοντες
2354 4126 2403 4176 οί
2437 4126 2716 4193 ἄνθρωποι
2747 4127 2840 4178 καὶ
2869 4125 2944 4195 μὴ
2989 4124 3404 4192 παρακούοντες
3429 4124 3529 4193 τῆς

1915 4213 2086 4282 αὐτῆς
2115 4211 2430 4265 ἀπολαύωσι
2456 4213 2643 4281 τιμῆς,
2675 4212 3156 4282 παιδοτριϐοῦνται
3187 4211 3326 4282 πρὸς
3359 4227 3528 4280 πονη-

1919 4300 2038 4370 ρίαν
2062 4299 2281 4368 μᾶλλον,
2313 4301 2405 4352 καὶ
2429 4286 2530 4352 οὐκ
2559 4302 2799 4364 εὐκόλως
2827 4301 3159 4368 ἀφίστανται
3188 4301 3288 4370 τῆς
3305 4298 3526 4362 κακίας.

1918 4389 1976 4439 Ι·ῖί
2008 4386 2117 4458 γάρ
2147 4386 2242 4438 νῦν
2285 4387 2466 4456 φόϐων
2500 4389 2594 4440 καὶ
2639 4387 2922 4458 τιμωριῶν
2958 4390 3051 4440 καὶ
3089 4387 3366 4440 κολάσεων
3400 4386 3526 4438 ἐπι-
3599 4388 3608 4396 “

1915 4475 2184 4543 κειμένων
2209 4473 2308 4525 οὐκ
2343 4474 2626 4542 ἀνέχονται
2665 4477 2986 4545 σωφρονεῖν,
3019 4475 3161 4537 τίνες
3197 4473 3263 4527 ἂν
3295 4469 3526 4543 ἦσαν,εί

1918 4561 2084 4628 μηδὲν
2117 4560 2319 4612 ἔπαθον
2352 4561 2495 4631 ὑπὲρ
2549 4557 2626 4612 ὧν
2681 4561 3070 4631 ἐπλημμέλουν
3099 4561 3324 4624 δεινῶν;
3359 4561 3526 4614 ’Ὥστε

1913 4646 2071 4715 δῆλον
2101 4647 2182 4698 ὅτι
2216 4647 2512 4716 κηδόμενος
2541 4647 2696 4716 ἡμῶν
2735 4649 2827 4700 καὶ
2857 4648 3164 4718 φροντίζων
3196 4650 3224 4700 ό
3255 4648 3406 4711 Θεὸς,
3433 4649 3526 4715 ἐξ-

1920 4733 2116 4785 έϐαλεν
2144 4735 2290 4802 ἡμᾶς
2327 4735 2428 4801 τῆς
2451 4734 2644 4804 ἀρχῆς.
2682 4735 2753 4787 Σὺ
2780 4735 2836 4787 δὲ
2870 4737 2964 4786 καὶ
3001 4735 3238 4787 ἐνταῦθά
3266 4752 3356 4804 μοι
3399 4737 3526 4788 σκό-

1914 4838 2006 4873 πει
2054 4823 2153 4891 τὴν
2207 4821 2410 4890 ἄφατον
2452 4823 2615 4875 αὐτοῦ
2669 4823 3103 4894 φιλανθρωπίαν.
3165 4824 3222 4876 ’0
3265 4826 3366 4894 μὲν
3412 4824 3524 4893 γάρ

1925 4908 2096 4976 ’Λδάμ
2126 4912 2305 4962 πᾶσαν
2343 4909 2605 4979 ἀνέτρεψε
2641 4909 2739 4980 τὴν
2769 4912 3013 4980 ἐντολὴν,
3060 4913 3154 4965 καὶ
3188 4912 3405 4981 παρέϐη
3428 4913 3524 4964 τὸν

1911 4995 2096 5066 νόμον·
2125 4999 2152 5048 ό
2182 4997 2236 5048 δὲ
2263 4997 2394 5058 Θεὸς
2425 5000 2486 5049 οὐ
2521 4999 2702 5050 πᾶσαν
2741 4998 2900 5050 ἔλυσε
2930 5000 3029 5069 τὴν
3055 4999 3243 5070 τιμὴν,
3276 4999 3398 5053 οὐδέ
3424 5001 3526 5053 πά·

1913 5100 2013 5151 σης
2052 5084 2308 5149 ἐξέϐαλεν
2335 5085 2499 5136 αὐτὸν
2547 5085 2648 5154 τῆς
2702 5084 2972 5148 ἐξουσίαςσ
3018 5087 3132 5137 ἀλλ’
3167 5087 3349 5139 ἐκεῖνα
3381 5087 3524 5156 μόνα

1911 5171 2016 5235 ἔξω
2048 5172 2146 5240 τῆς
2185 5172 2358 5242 ἀρχῆς
2410 5174 2624 5242 ἀφῆκεν
2681 5168 2820 5226 εἶναι
2851 5174 2920 5226 τά
2970 5173 3106 5238 ζῶα,
3139 5173 3175 5227 ἃ
3208 5175 3283 5245 μὴ
3314 5175 3521 5245 σφόδρα

1912 5258 2063 5327 αὐτῷ
2098 5259 2340 5312 συντελεῖ
2356 5260 2491 5329 πρὸς
2518 5261 2614 5331 τὴν
2643 5261 2743 5330 τῆς
2763 5260 2910 5330 ζωῆς
2933 5263 3144 5332 χρείαν·
3170 5266 3238 5316 τὰ
3265 5263 3322 5315 δέ
3350 5265 3520 5332 ἀναγ-

1913 5349 2042 5398 καῖα
2087 5348 2180 5398 καὶ
2221 5349 2465 5417 χρήσιμα
2512 5348 2607 5400 καὶ
2661 5347 2862 5418 πολλὴν
2900 5350 3227 5419 εἰσφέροντα
3271 5350 3519 5420 λειτουρ-

1911 5436 2038 5502 γίαν
2061 5437 2141 5498 είς
2170 5437 2271 5504 τὴν
2306 5435 2453 5506 ζωὴν
2484 5437 2582 5504 τὴν
2623 5438 3127 5508 ἡμετέραν,.ταῦτα
3157 5439 3308 5491 εἴασε
3330 5438 3516 5509 μένειν

1911 5524 1969 5575 ἐν
2022 5526 2087 5592 τῇ
2143 5523 2377 5594 δουλείᾳ.
2433 5525 2638 5594 Ἀφῆκε
2695 5525 2834 5593 βοῶν
2888 5525 3112 5592 ἀγέλας,
3151 5526 3237 5579 ἵνα
3280 5526 3514 5598 ἄροτρον

1909 5610 2173 5680 ἕλκωμεν,
2237 5611 2321 5661 ἵνα
2357 5610 2458 5680 τὴν
2503 5612 2608 5681 γῆν
2646 5613 2956 5682 τέμνωμεν,
2992 5613 3078 5665 ἴνει
3116 5613 3187 5665 τά
3220 5614 3509 5684 σπέρματα

1975 5785 2000 5823 δ
2030 5787 2134 5846 Πρκ
2167 5789 2357 5841 ἐδέξατο
2379 5792 2464 5846 τήν
2487 5790 2659 5852 πικρὰν
2681 5790 2861 5849 ἐκείνην
2879 5793 2960 5840 καὶ
2983 5792 3191 5850 ὀλέθριον
3215 5788 3504 5849 σνμϐαὐήν.

3059 5884 3133 5945 11ι
