4186 6324
647 391 748 446 Μὸ

643 499 1091 569 καταϐάλλωμεν·
1135 497 1314 564 ἀφῆκε
1348 495 1454 548 τῶν
1489 491 1800 561 ὑποζυγίων
1844 491 1912 546 τά
1941 491 2099 562 γένη.
2134 490 2225 543 ἵνα

651 587 784 657 πρὸς
816 584 914 655 τὴν
937 600 1044 635 των
1073 579 1368 650 ἀγωγίμων
1397 576 1765 648 μετακομιδὴν
1793 573 2226 644 συναντιλαμϐά-

649 683 806 740 νηται
831 667 960 735 ἡμῖν
989 661 1095 716 τῶν
1124 663 1321 715 πόνων·
1350 660 1529 730 ἀφῆκε
1557 658 1846 729 προϐάτων
1869 657 2115 728 ποίμνια,
2138 657 2227 740 ῖνα

650 738 861 821 Ιχωμεν
880 750 960 810 εἰς
981 744 1271 816 περιϐολὰς
1291 741 1520 813 ἰματίων
1534 741 1798 813 χορηγίαν
1815 740 2110 812 ἀρκοῦσαν·
2133 738 2228 791 καὶ

649 834 811 900 lupa
833 830 890 882 δὲ
926 828 1076 900 1658]
1115 827 1245 898 γένη
1276 824 1430 893 ζώων
1456 827 1606 879 είασε
1636 824 1837 896 πολλὴν
1861 825 1994 895 ἡμῖν
2034 822 2228 892 ἐτέραν

649 916 939 981 εἰσάγοντα
956 913 1161 984 χρείαν.
1181 910 1396 982 Ἐπειδὴ
1423 910 1532 982 γὰρ
1551 909 1796 974 κολάζων
1823 909 1916 961 τὸν
1942 905 2231 977 ἄνθρωπον

651 999 855 1066 ἔλεγεν,
916 999 1011 1050 Ἐν
1035 994 1229 1063 ἱδρῶτι
1261 994 1367 1049 τοῦ
1419 993 1743 1061 προσώπου
1780 1006 1899 1046 σου
1940 990 2102 1061 φάγῃ
2123 992 2232 1045 τὸν

650 1082 835 1150 ἇρτον
862 1095 999 1143 σου,
1034 1079 1119 1131 ῖνα
1143 1077 1216 1147 μὴ
1247 1079 1276 1131 6
1299 1076 1459 1146 ἰδρὼς
1486 1071 1642 1138 οὗτος
1673 1077 1768 1129 καὶ
1799 1077 1829 1129 6
1860 1074 2055 1145 μόχθος
2080 1076 2174 1128 καὶ
2202 1074 2234 1126 6

655 1164 813 1226 πόνος
828 1162 1097 1233 ἀφόρητος
1189 1158 1515 1227 ἐπεκούφισε
1528 1159 1588 1211 τὸ
1606 1159 1671 1228 βα
1678 1160 1743 1230 pb
1757 1158 1849 1211 καὶ
1863 1158 2118 1228 φορτικὸν
2137 1156 2231 1208 τοῦ

579 1307 582 1311 ν
655 1246 878 1317 ἰδρῶτος
904 1245 982 1314 τῷ
1014 1243 1207 1314 πλήθει
1239 1243 1347 1296 τῶν
1365 1241 1572 1310 ἀλόγων
1598 1242 1706 1294 τῶν
1738 1242 2233 1310 συνεφαπτομένων

652 1330 785 1398 ήμῖν
832 1326 925 1379 τοῦ
961 1325 1121 1379 πόνου
1172 1326 1394 1395 καὶτῆς
1439 1323 1817 1394 ταλαιπωρίας
1861 1322 2084 1393 ταύτης.
2124 1321 2234 1373 Καὶ

655 1407 905 1478 καθάπερ
938 1407 1206 1478 δεσπότης
1237 1405 1612 1476 φιλάνθρωπος
1649 1405 1740 1458 καὶ
1775 1403 2128 1474 κηδεμονικὸς
2142 1403 2233 1455 τὸν

654 1491 872 1560 οἰκέτην
910 1490 1000 1541 τὸν
1039 1489 1232 1542 ἑαυτοῦ
1269 1488 1550 1557 μαστίξας,
1582 1486 1880 1556 θεραπείαν
1907 1485 2031 1538 τινά
2061 1501 2233 1556 προσ-

656 1575 779 1640 άγει
807 1576 926 1636 ταῖς
951 1572 1220 1643 μάστιξιν·
1245 1570 1388 1625 οὕτω
1419 1572 1511 1624 καὶ
1555 1571 1583 1623 6
1613 1569 1746 1635 Θεὸς
1788 1571 2084 1641 καταδίκην
2112 1573 2235 1624 ἐπι-

657 1655 790 1718 θεὶς,
824 1657 982 1708 παντὶ
999 1655 1181 1726 τρόπῳ
1198 1655 1296 1724 τὴν
1334 1654 1629 1724 καταδίκην
1665 1655 1870 1724 ταύτην
1903 1653 2235 1722 κουφοτέραν

657 1737 901 1807 βούλεται
935 1740 1176 1808 ποιῆσαι,
1214 1737 1397 1808 ἱδρῶτι
1427 1740 1525 1808 μὲν
1553 1740 1703 1809 ἡμᾶς
1733 1737 2104 1800 καταδικάσας
2142 1739 2236 1790 καὶ

657 1823 802 1890 πόνῳ
821 1821 1077 1893 διηνεκεῖ,
1129 1821 1219 1874 τοῦ
1273 1821 1326 1874 δὲ
1382 1822 1546 1874 πόνου
1581 1820 2017 1890 συνεφάπτεσθαι
2069 1819 2237 1874 πολλά

653 1904 762 1956 τῶν
794 1903 1004 1972 ἀλόγων
1035 1905 1166 1974 γένη
1197 1905 1628 1976 παρασκευάσας
1656 1907 1807 1975 ἡμῖν.
1824 1905 1998 1976 ’Υπὲρ
2021 1906 2085 1975 δὴ
2109 1905 2234 1958 τού-

656 2004 764 2041 των
789 1989 1043 2042 ἀπάντων
1069 1990 1551 2060 εὑχαριστήσωμεν
1572 1987 1738 2058 αὑτῷ·
1768 1989 1862 2042 καὶ
1887 1990 1996 2060 γὰρ
2029 1990 2090 2042 τὸ
2117 1989 2238 2042 δοῦ-

659 2087 743 2123 ναι
768 2071 865 2140 τὴν
893 2070 1059 2141 τιμὴν
1085 2074 1236 2142 ήμῖν,
1271 2073 1365 2124 καί
1411 2071 1468 2124 τὸ
1502 2070 1664 2123 πάλιν
1686 2070 1905 2138 ἀφελεῖν
1930 2073 2027 2141 τὴν
2050 2072 2235 2143 τιμήν,

659 2153 835 2204 καὶτὸ
887 2154 960 2223 μὴ
1001 2155 1179 2206 πᾶσαν
1227 2155 1446 2222 ἀφελεῖν
1480 2154 1670 2224 αὑτὴν,
1701 2153 1795 2206 καὶ
1837 2155 1898 2207 τὸ
1944 2153 2035 2206 τὸν
2074 2154 2238 2223 φόϐον

661 2237 790 2308 ἡμῖν
821 2235 1113 2303 ἐπιστῆσαι
1163 2236 1269 2289 τῶν
1318 2235 1542 2307 θηρίων,
1591 2239 1683 2290 καὶ
1717 2237 1915 2300 πάντα,
1946 2237 2011 2290 ἀν
2045 2255 2127 2301 τις
2153 2238 2239 2302 ἐξ·

658 2316 844 2388 ετάζῃ,
871 2318 1064 2388 πολλῆς
1090 2318 1252 2389 γέμει
1283 2319 1493 2387 σοφίας,
1515 2319 1713 2391 πολλῆς
1728 2319 2072 2391 κηδεμονίας,
2109 2321 2241 2387 πολτ

663 2400 754 2468 λῆς
808 2401 1234 2472 φιλανθρωπίας·
1293 2398 1361 2474 ἧς
1411 2405 1621 2472 γένοιτο
1678 2405 1887 2466 πάντας
1918 2405 2066 2476 ἡμᾶς
2098 2405 2229 2457 am.

659 2483 841 2538 λαύειν
887 2486 1149 2556 διηνεκῶς
1193 2489 1271 2551 εἰς
1315 2487 1474 2555 δόξαν
1522 2487 1617 2541 τοῦ
1647 2486 1820 2541 ταῦτα
1859 2487 2238 2559 ἐργασαμένου

657 2567 814 2619 Θεοῦ·
830 2568 978 2637 αὑτῷ
1006 2571 1041 2640 ή
1060 2569 1185 2635 δόξα
1212 2573 1291 2634 εἰς
1311 2573 1437 2633 τοὺς
1467 2571 1669 2634 αἰῶνας
1686 2570 1795 2623 τῶν
1817 2569 2026 2625 αἰώνων
2041 2571 2236 2642 Ἀμήν.

1281 2703 1500 2756 ΛΟΓΟΣ
1533 2707 1602 2758 Δ’.

665 2834 787 2907 ὀτι
807 2833 1086 2907 δουλείας
1116 2837 1372 2907 τρόπους
1401 2836 1568 2907 τρεῖς,
1595 2835 1919 2907 εισήγαγεν
1961 2838 2000 2904 ἠ
2049 2837 2237 2907 ἀμαρ-

728 2904 826 2975 τία
852 2922 864 2936 ·
917 2905 1013 2975 καὶ
1059 2905 1209 2972 πρὸς
1247 2906 1390 2975 τοὺς
1419 2906 1700 2975 ῥᾳθύμως
1737 2904 2098 2974 ἀκούοντας,
2140 2904 2238 2961 καί

724 2972 809 3040 μὴ
841 2973 1130 3043 τιμῶντας
1159 2973 1372 3043 γονεῖς.

729 3097 798 3144 α’.
835 3091 1134 3146 Ἰικούσατε
1163 3092 1308 3162 χθὲς,
1335 3092 1451 3156 πῶς
1493 3093 1590 3164 μὲν
1624 3094 1848 3165 ἐποίησε
1881 3095 2109 3165 βασιλέα
2147 3098 2240 3153 καὶ

660 3174 896 3244 ἄρχοντα
921 3175 1029 3227 τῶν
1085 3176 1289 3246 θηρίων
1336 3177 1427 3229 τὸν
1459 3177 1742 3247 ἄνθρωπον
1779 3181 1809 3233 6
1840 3179 1993 3245 Θεὸς,
2033 3180 2152 3246 πῶς
2183 3181 2241 3235 δὲ

662 3255 822 3308 αὑτὸν
841 3257 1001 3320 εὐθὺς
1029 3259 1127 3327 τῆς
1164 3257 1438 3327 βασιλείας
1469 3259 1692 3325 ἐξέϐαλε
1711 3281 1726 3294 ·
1763 3263 1963 3333 μᾶλλον
1993 3264 2051 3318 δὲ
2086 3265 2186 3336 οὐχ
2213 3267 2242 3318 6

661 3337 813 3401 Θεὸς,
847 3340 1149 3402 ἀλλ”αύτὸς
1179 3343 1385 3395 ἑαυτὸν·
1407 3343 1494 3396 διὰ
1538 3344 1639 3414 τῆς
1683 3349 1969 3417 παρακοῆς
2018 3348 2240 3413 ἐξέϐαλε

662 3420 759 3487 τῆς
781 3421 963 3490 τιμῆς.
998 3423 1070 3476 Τὸ
1118 3424 1217 3492 μὲν
1242 3424 1349 3495 γὰρ
1368 3428 1546 3495 τυχεῖν
1568 3426 1668 3496 τῆς
1705 3427 1999 3496 βασιλείας,
2022 3430 2122 3501 τῆς
2144 3430 2240 3484 τοῦ

662 3503 794 3587 θεοῦ
822 3503 1228 3587 φιλανθρωπίας
1260 3508 1476 3576 ἐγένετο
1509 3511 1694 3581 μόνης.
1721 3512 1797 3564 Οὑ
1825 3511 1935 3583 γὰρ
1961 3513 2240 3587 κατορθωο

665 3586 850 3654 μάτων
883 3586 1029 3658 αὐτῷ
1077 3589 1276 3660 ταύτην
1335 3591 1503 3646 ἔδωκε
1554 3593 1651 3664 τὴν
1697 3593 1953 3665 ἀμοιϐὴν,
1984 3586 2121 3649 ἀλλά
2147 3599 2242 3652 καὶ

661 3669 793 3754 πρὶν
843 3668 1180 3754 ῆῖγενέσθαι,
1229 3675 1505 3746 ἐκόσμησε
1542 3679 1608 3748 τῇ
1658 3680 1813 3748 τιμῇ.
1874 3680 1989 3731 Ἰνα
2019 3681 2128 3751 γὰρ
2166 3683 2240 3754 μὴ

661 3750 848 3822 λέγῃς,
879 3753 961 3806 ὃτι
992 3754 1130 3822 μετά
1175 3755 1347 3810 ταῦτα
1378 3757 1666 3828 γενόμενος
1696 3761 1725 3812 6
1768 3758 2074 3831 ἄνθρωπος,
2098 3750 2243 3818 ίεῖτά

665 3834 833 3887 πολλά
871 3837 1238 3909 κατορθώσας,
1268 3840 1439 3904 οὕτως
1473 3842 1822 3910 ἐπεσπάσατο
1861 3844 1952 3898 τὸν
1986 3846 2119 3901 Θεὸν
2164 3850 2244 3912 εἰς

664 3917 725 3970 τὸ
748 3917 930 3972 δοῦναι
951 3921 1097 3992 αὑτῷ
1122 3922 1218 3996 τὴν
1245 3923 1351 3977 τῶν
1381 3925 1586 3997 θηρίων
1615 3927 1812 3999 ἀρχὴν,
1848 3927 2056 3999 μέλλων
2081 3931 2246 3985 αὑτὸν

664 3999 1010 4054 διαπλάττειν
1059 4007 1187 4076 περὶ
1230 4007 1330 4077 τῆς
1358 4008 1532 4079 ἀρχῆς
1564 4009 1731 4063 αὑτοῦ
1765 4010 2073 4078 διαλέγεται
2102 4011 2246 4066 οὕτω

665 4082 867 4150 λέγων·
895 4086 1248 4158 Ποιήσωμεν
1265 4088 1578 4158 ἄνθρωπον
1596 4093 1723 4146 κατ’
1752 4096 1960 4148 εἰκόνα
1988 4095 2086 4148 καί
2112 4097 2246 4152 καθ’

666 4165 953 4234 ὁμοίωσιν
988 4171 1300 4238 ἡμετέραν,
1339 4174 1436 4227 καί
1469 4175 1818 4242 ἀρχέτωσαν
1865 4175 1984 4231 τῶν
2026 4180 2246 4245 θηρίων

666 4245 780 4315 τῆς
809 4247 947 4317 τῆς·
969 4251 1083 4322 Πρὸ
1109 4253 1206 4323 τῆς
1238 4254 1382 4325 ζωῆς
1411 4256 1445 4325 ἠ
1466 4256 1619 4327 τιμὴς
1643 4257 1748 4326 τερδ
1767 4259 1865 4328 τῆς
1886 4258 2244 4330 δημιουργίας

561 4397 566 4402 Δ
665 4333 696 4384 6
727 4331 1008 4402 στέφανος,
1042 4336 1135 4389 καὶ
1179 4338 1309 4409 πρὶν
1347 4337 1381 4406 ἢ
1413 4338 1684 4406 γενέσθαι,
1711 4341 1805 4392 ἐπὶ
1847 4342 1936 4393 τὸν
1971 4341 2246 4411 βασιλικὸν

665 4416 924 4481 ἀνάγεται
948 4416 1156 4489 θρόνον.
1197 4420 1504 4492 Ἄνθρωποι
1532 4423 1630 4492 μὲν
1663 4424 1771 4494 γὰρ
1798 4425 1922 4487 τοὺς
1951 4427 2246 4496 ὑποκειμέ-

666 4513 788 4559 νους
814 4499 997 4563 αὐτοῖς
1019 4502 1076 4554 ὲν
1104 4503 1315 4574 ἐσχάτῳ
1341 4503 1490 4575 γήρᾳ
1521 4505 1658 4575 μετὰ
1679 4505 1908 4568 πολλοὺς
1936 4507 2130 4571 πόνους
2153 4509 2248 4561 καὶ

672 4580 899 4649 μυρίους
925 4582 1219 4648 κινδύνους,
1241 4586 1366 4646 τοὺς
1397 4588 1454 4638 ἐν
1485 4587 1693 4658 εἰρήνῃ,
1718 4591 1845 4651 τοὺς
1876 4591 1934 4640 ὲν
1969 4589 2244 4660 πολέμοις,

669 4663 790 4747 τότε
827 4665 1061 4733 τιμῶσιν
1084 4681 1099 4697 ·
1132 4670 1160 4720 6
1190 4667 1246 4720 δὲ
1274 4669 1404 4731 Θεὸς
1430 4671 1528 4739 οὐχ
1553 4670 1726 4734 οὑτως
1743 4714 1758 4736 ,
1782 4671 1894 4724 ἀλλ’
1925 4673 2128 4738 εὑθέως
2151 4691 2245 4747 γε-

671 4746 893 4817 νόμενον
927 4748 1088 4801 αύτὸν
1120 4750 1213 4802 ἐπὶ
1249 4750 1347 4822 τήν
1378 4753 1543 4823 τιμὴν
1575 4752 1780 4822 ταύτην
1807 4755 2004 4823 ἤγαγε,
2034 4746 2248 4820 δεικνὺς

671 4831 752 4883 ὅτι
777 4831 837 4883 ού
862 4831 1299 4904 κατορθωμάτων
1318 4835 1466 4887 ἐστὶν
1487 4835 1690 4906 ἀμοιϐή
1712 4836 1772 4887 τὸ
1787 4837 2094 4905 γινόμενον,
2114 4837 2252 4891 ἀλλά

673 4912 794 4970 θεία
825 4917 1002 4986 χάρις,
1027 4917 1121 4971 καὶ
1151 4917 1251 4970 οὑκ
1278 4917 1490 4988 όφειλή.
1523 4919 1596 4971 Τὸ
1627 4919 1727 4989 μὲν
1754 4915 1847 4973 οῦν
1874 4921 2060 4974 λαϐεῖν
2089 4923 2251 4976 αὑτὸν

673 4996 771 5068 τήν
792 4998 985 5070 ἀρχὴν,
1010 5000 1121 5053 ἀπὸ
1155 5000 1253 5072 τῆς
1280 4999 1374 5052 τοῦ
1419 4999 1554 5054 Θεοῦ
1584 5001 1995 5074 φιλανθρωπίας
2035 5005 2253 5073 ἐγένετο

679 5082 847 5150 μόνης
868 5097 882 5111 ·
922 5081 984 5134 τὸ
1009 5082 1065 5135 δὲ
1089 5084 1342 5135 ἐκπεσεῖν
1363 5083 1460 5152 τῆς
1485 5085 1660 5154 ἀρχῆς
1693 5097 1716 5124 ³
1735 5124 1750 5149 ,
1801 5087 1910 5139 ἀπὸ
1940 5087 2041 5157 τῆς
2085 5087 2251 5141 αὑτοῦ

678 5164 965 5234 ῥᾳθυμίας.
976 5164 1182 5236 Ὥσπερ
1210 5165 1323 5237 γάρ
1341 5167 1388 5218 οί
1418 5164 1656 5235 βασιλεῖς
1681 5172 1805 5233 τοὺς
1827 5171 1925 5241 οὑχ
1954 5171 2254 5226 ὑπακούον-

673 5264 774 5308 τας
831 5251 943 5311 τοῖς
1003 5248 1181 5302 αὑτῶν
1223 5248 1608 5320 προστάγμασι
1647 5253 1983 5324 παραλύουσι
2015 5254 2114 5323 τῆς
2150 5255 2252 5325 ἀρο

676 5331 777 5401 χῆς
800 5343 815 5359 ⁸
840 5331 984 5384 οὕτω
1013 5332 1106 5385 καὶ
1140 5331 1170 5383 ὁ
1213 5331 1346 5396 Θεὸς
1386 5333 1640 5402 ἐποίησεν
1678 5336 1770 5387 ἐπὶ
1815 5335 1907 5388 τοῦ
1941 5337 2251 5408 ἀνθρώπου,

677 5412 798 5464 τότε
822 5411 1134 5486 παραλύσας
1163 5415 1326 5467 αὑτὸν
1349 5415 1446 5486 τῆς
1461 5417 1654 5488 ἀρχῆς.
1685 5419 2004 5487 ’Δναγκαῖον
2026 5418 2084 5473 δὲ
2099 5419 2251 5493 [659]

678 5496 919 5567 σήμερον
948 5498 1144 5564 εἰπεῖν,
1171 5499 1347 5572 πόσην
1369 5501 1465 5554 καὶ
1491 5499 1658 5571 ἀλλην
1687 5500 1848 5573 τιμὴν
1880 5503 2041 5575 ήὶτῆς
2070 5505 2257 5575 ἀμαρ-

678 5586 799 5644 τῑας
826 5579 1112 5651 παρείλετο
1159 5580 1340 5651 φύσις,
1387 5582 1485 5654 καὶ
1530 5582 1689 5647 ὅσους
1720 5584 1962 5650 δουλείας
1994 5589 2253 5658 εἰσήγαγε

748 5778 763 5796 ⁸
797 5768 916 5830 Res.
946 5781 1070 5816 unus
1093 5768 1147 5816 τὸ
1171 5769 1220 5818 δὲ
1245 5770 1457 5819 ἐκϐαλεῖν
1482 5770 1623 5818 αὐτὸν
1643 5777 1725 5829 τῆς
1743 5772 1890 5836 ἀρχῆς

1340 383 1395 436 S.
1435 377 1720 433 JUAM‘IS
1754 367 2252 430 CIIBYSOSTOII
2286 366 2614 425 ARCHIEP.
2654 366 3206 424 CONSTANTINOP.

3812 370 3921 428 59-6

2329 486 2587 557 τρόπους,
2611 485 2801 558 ὥσπερ
2818 502 2902 550 τις
2926 486 3192 559 τύραννος
3215 488 3272 540 ἐν
3295 486 3659 556 πολυτρόποις
3676 486 3931 557 δεσμοῖς.

2325 572 2448 633 ταῖς
2480 569 2848 634 παντοδαπαῖς
2894 571 3093 642 ἀρχαῖς
3128 569 3228 642 τήν
3274 570 3552 642 ἡμετέραν
3579 567 3920 639 δεσμεύουσα

2329 653 2511 722 φύσιν.
2547 653 2702 707 Ἔστι
2734 652 2919 706 τοίνυν
2948 654 3093 726 ἀρχὴ
3133 655 3229 707 καὶ
3283 654 3497 707 δουλεία
3547 651 3763 725 πρώτη.
3797 650 3924 706 καθ’

2327 735 2395 808 ἣν
2423 736 2520 790 καὶ
2549 735 2825 806 γυναικῶν
2866 738 2915 790 οἰ
2957 736 3150 808 ἄνδρες
3183 735 3478 808 κρατοῦσι·
3515 735 3658 806 μετά
3683 735 3794 806 γάρ
3821 736 3926 806 τήν

2330 819 2606 891 ἁμαρτίαν
2633 822 2666 890 ή
2702 820 2907 891 ταύτης
2939 820 3157 889 ἐγένετο
3177 820 3357 893 χρεία.
3394 821 3511 890 Πρὸ
3541 819 3650 890 γάρ
3676 820 3778 890 τῆς
3814 835 3925 872 πα-

2331 902 2541 974 ρακοῆς
2571 903 2834 974 ὁμότιμος
2861 899 2931 974 ἦν
2962 902 3042 970 τῷ
3089 902 3278 974 ἀνδρί·
3332 904 3427 957 καὶ
3459 902 3570 973 γὰρ
3595 903 3686 956 ὅτε
3713 903 3926 972 ταύτην

2329 985 2644 1040 διέπλαττεν
2676 988 2706 1041 6
2737 987 2890 1051 Θεὸς,
2915 983 3000 1051 οἷς
3025 989 3299 1058 ἐχρήσατο
3328 988 3540 1057 ῥήμασι
3573 988 3670 1040 καί⁵
3703 987 3798 1038 ἐπὶ
3821 985 3928 1056 τῆς

2331 1067 2673 1132 διαπλάσεως
2693 1069 2788 1122 τοῦ
2807 1069 3020 1139 ἀνδρὸς,
3049 1069 3260 1132 τούτοις
3291 1070 3386 1122 καὶ
3416 1068 3511 1122 ἐπὶ
3535 1068 3638 1137 τῆς
3666 1068 3929 1137 δημιουρ-

2332 1151 2456 1218 γίας
2475 1150 2573 1220 τῆς
2595 1151 3090 1221 γυναικός.Ὦσπερ
3107 1147 3202 1205 οὖν
3223 1146 3378 1205 εἶπεν
3396 1151 3485 1204 ἐπ’
3504 1150 3717 1219 ἐκείνῳ,
3746 1147 3925 1215 Ποιή-

2330 1245 2533 1299 σωμεν
2566 1231 2888 1300 ἄνθρωπον
2920 1235 3046 1287 κατ’
3079 1235 3290 1288 εἰκόνα
3347 1233 3450 1286 καί
3485 1233 3615 1286 καθ’
3633 1232 3930 1300 ὁμοίωσιν

2332 1315 2650 1385 ἡμετέραν,
2677 1316 2773 1369 καὶ
2799 1317 2899 1370 οὑκ
2931 1311 3075 1381 εῐπε,
3108 1313 3398 1388 Γενηθήτω
3425 1315 3715 1387 ἄνθρωπος
3735 1330 3751 1345 ·
3781 1312 3929 1367 οὕτω

2332 1398 2431 1451 καὶ
2463 1398 2557 1451 ἐπὶ
2587 1397 2791 1466 ταύτης
2821 1399 2925 1451 οὐκ
2958 1393 3102 1460 εἷπε,
3135 1397 3426 1470 Γενηθήτω
3473 1398 3633 1466 γυνὴ,
3665 1395 3804 1451 ἀλλά
3831 1397 3929 1451 καὶ

2333 1480 2590 1545 ἐνταῦθα,
2628 1482 2981 1549 Ποιήσωμεν
3009 1478 3174 1546 αὑτῷ
3195 1481 3431 1551 βοηθόν
3448 1499 3463 1514 ·
3493 1482 3590 1537 καὶ
3610 1483 3711 1552 οὐχ
3738 1480 3930 1546 ἁπλῶς

2337 1563 2555 1636 βοηθὸν,
2576 1565 2732 1625 ἀλλὰ.
2766 1568 2906 1621 Κατ’
2930 1567 3141 1632 αὑτὸν,
3166 1565 3330 1620 πάλιν
3357 1565 3420 1620 τὸ
3439 1567 3702 1637 ὁμότιμον
3725 1563 3926 1635 δηλῶν.

2336 1647 2554 1720 Ἐπειδὴ
2573 1649 2683 1720 γὰρ
2710 1648 2910 1720 πολλὴν
2940 1652 3022 1713 εἰς
3044 1651 3146 1720 τὴν
3167 1649 3267 1721 τῆς
3291 1648 3439 1719 ζωῆς
3463 1649 3622 1720 ήμῶν
3648 1649 3838 1720 χρείαν
3859 1648 3931 1702 τὰ

2335 1730 2503 1799 ἄλογα
2527 1731 2624 1802 τὴν
2655 1732 2755 1801 τῆς
2786 1730 3035 1802 βοηθείας
3077 1733 3339 1802 εἰσήγαγε
3391 1732 3701 1795 κοινωνίαν,
3733 1731 3824 1784 ῖνα
3853 1729 3932 1799 μὴ

2334 1814 2446 1868 τῶν
2477 1812 2680 1867 δούλων
2713 1814 2943 1887 νομίσῃς
2973 1811 3112 1868 εἰναι
3145 1813 3242 1868 καὶ
3263 1813 3361 1884 τὴν
3389 1815 3643 1882 γυναῖκα,
3675 1815 3778 1885 ὅρα
3813 1810 3932 1875 πῶς

2337 1897 2606 1967 ποιεῖτὴν
2627 1896 2902 1967 διάκρισιν
2939 1898 3206 1969 φανεράν.
3252 1897 3474 1966 'Hrars
3505 1896 3577 1949 τά
3601 1897 3802 1963 θηρΙα,
3833 1911 3934 1963 φη·

2340 1981 2445 2044 σίν,
2471 1978 2730 2034 ἐνώπιον
2755 1980 2864 2034 τοῦ
2903 1980 3107 2050 Ἀδὰμ,
3147 1981 3246 2034 καί
3294 1982 3406 2048 οὐχ
3452 1979 3665 2049 εὑρέθη
3696 1979 3934 2045 βοηθός

2339 2063 2538 2131 ὅμοιος
2560 2061 2721 2127 αὐτῷ
2743 2062 2870 2115 κατ’
2894 2064 3101 2116 αὐτόν.
3129 2063 3196 2115 Τί
3217 2058 3310 2116 οὖν
3330 2079 3345 2127 ;
3368 2065 3398 2116 6
3419 2063 3586 2126 ἵππος
3623 2063 3686 2116 ού
3713 2062 3932 2134 βοηθὸς.

2341 2149 2937 2220 συμπαραταττόμενος
2961 2151 3018 2202 ἐν
3047 2152 3156 2214 τοῖς
3180 2149 3472 2221 πολέμοις;
3502 2152 3531 2204 6
3562 2150 3688 2220 βοῦς
3715 2151 3775 2204 οὗ
3800 2149 3934 2220 βοη-

2339 2236 2453 2302 θὸς,
2484 2235 2716 2307 ἀροτρον
2740 2236 2916 2289 ἕλκων
2946 2237 3041 2289 καὶ
3073 2236 3407 2308 συγκάμνων
3430 2237 3563 2307 ἡμῖν
3583 2239 3642 2290 ὲν
3674 2239 3795 2300 ταῖς
3824 2235 3936 2290 τῶν

2341 2322 2676 2394 σπερμάτων
2707 2323 3038 2386 καταϐολαῖς
3063 2340 3077 2388 ;
3107 2323 3228 2386 δνος
3257 2325 3352 2378 καὶ
3383 2324 3609 2396 ἡμίονος
3631 2325 3691 2378 οὑ
3724 2324 3936 2396 βοηθοὶ,

2339 2413 2475 2485 πρὸς
2503 2414 2600 2487 τὴν
2629 2413 2740 2465 τῶν
2764 2411 3066 2482 ἀγωγίμων
3105 2413 3241 2483 ήμῖν
3269 2414 3722 2484 συμπράττοντες
3767 2429 3938 2483 μεταο

2339 2504 2603 2575 κομιδήν;
2647 2501 2788 2555 Ἀλλ’
2815 2502 2902 2554 ἴνα
2926 2501 3003 2572 μὴ
3026 2499 3187 2555 τοῦτο
3213 2501 3400 2573 λέγῃς,
3425 2502 3515 2556 διὰ
3539 2503 3698 2555 τοῦτο
3730 2501 3938 2574 ἀκριϐῆ

2341 2593 2578 2644 ποιεῖται
2624 2589 2721 2661 τήν
2756 2587 3042 2659 διαίρεσιν.
3090 2586 3228 2643 Ούδέ
3259 2588 3370 2660 γὰρ
3409 2585 3564 2644 εἶπεν
3610 2588 3825 2653 ἁπλῶς,
3852 2589 3939 2643 ὃτι

2340 2680 2437 2748 οὑχ
2471 2677 2672 2748 εὑρέθη
2701 2676 2853 2746 αὑτῷ
2881 2676 3096 2748 βοηθὸς,
3129 2677 3245 2731 ἀλλ’
3271 2679 3355 2731 ὅτι
3392 2680 3518 2748 Οὐχ
3545 2679 3760 2748 εὑρέθη
3783 2679 3939 2746 ,βοη-
4005 2666 4016 2670 ν

2341 2766 2446 2830 θὸς
2482 2765 2686 2833 ὅμοιος
2716 2763 2900 2828 αὐτῷ.
2947 2761 3110 2818 Οὕτω
3167 2765 3259 2820 καὶ
3309 2765 3566 2830 ἐνταῦθα,
3609 2766 3941 2837 Ποιήσωμεν

2341 2852 2492 2924 αύτῷ
2524 2851 2742 2923 βοηθὸν,
2786 2851 2886 2921 ούχ
2933 2850 3146 2916 ἀπλῶς,
3195 2851 3355 2918 ἀλλά,
3391 2852 3748 2922 Ποιήσωμεν
3774 2853 3941 2920 αὐτῷ

2335 2939 2570 3006 ,βοηθὸν
2595 2938 2723 2992 κατ’
2753 2939 2960 3000 αὑτὸν,
2999 2933 3146 2994 εἷπε.
3177 2938 3363 2993 Ταῦτα
3387 2939 3446 2993 δὲ
3480 2941 3586 3011 πρὸ
3619 2940 3720 3010 τῆς
3752 2942 3938 3012 ἀμαρ-

2341 3027 2462 3090 τίας
2485 3041 2501 3058 ·
2542 3025 2679 3094 μετά
2699 3025 2756 3078 δὲ
2778 3025 2878 3096 τὴν
2917 3026 3195 3097 ἁμαρτίαν
3215 3068 3230 3091 ,
3279 3029 3439 3095 Πρὸς
3461 3027 3568 3081 τὸν
3595 3027 3788 3095 ἄνδρα
3818 3043 3939 3083 σου

2341 3113 2381 3178 ἠ
2432 3111 2790 3181 ἀποστροφή
2837 3127 2954 3167 σου
2981 3154 2996 3178 ,
3044 3115 3144 3167 καί
3194 3115 3381 3180 αὑτός
3431 3128 3550 3169 σου
3601 3116 3936 3183 κυριεύσει.

2344 3198 2610 3269 Ἐποίησά
2638 3215 2719 3260 σε,
2745 3201 2934 3269 φησὶν,
2961 3199 3254 3271 ὁμότιμον·
3287 3200 3388 3254 οὑκ
3413 3201 3633 3273 ἐχρήσω
3658 3201 3844 3267 καλῶς
3869 3203 3936 3276 τῇ

2344 3288 2523 3357 ἀρχῇ·
2553 3285 2823 3356 μετάϐηθι
2856 3286 2993 3355 πρὸς
3024 3285 3124 3356 τήν
3175 3286 3484 3358 ὑποταγήν.
3532 3287 3649 3340 Οὐκ
3697 3288 3939 3358 ἦνεγκας

2341 3375 2440 3446 τὴν
2475 3373 2808 3442 ἐλευθερίαν,
2837 3371 3130 3438 κατάδεξαι
3177 3373 3276 3444 τήν
3300 3373 3562 3428 δουλείαν.
3627 3375 3746 3428 Οὐκ
3790 3369 3941 3439 οῖδας

2343 3462 2554 3533 ἄρχειν,
2592 3461 2685 3514 καὶ
2725 3461 2793 3514 δι’
2827 3461 2999 3532 αὐτῆς
3043 3460 3154 3514 τῶν
3202 3461 3547 3530 πραγμάτων
3594 3460 3806 3526 ιδειξας
3838 3460 3939 3533 τῆς

2343 3548 2572 3619 πείρας·
2607 3546 2768 3616 γενοῦ
2822 3545 2932 3600 τῶν
2983 3546 3328 3617 ἀρχομένων,
3363 3547 3460 3601 καὶ
3505 3547 3593 3601 τὸν
3621 3547 3794 3620 ἀνδρα
3821 3548 3937 3602 ἐπί-

2344 3635 2514 3703 γνωθι
2542 3633 2754 3706 κύριον.
2781 3632 2938 3702 Πρὸς
2979 3633 3091 3686 τὸν
3118 3632 3312 3702 ἄνδρα
3337 3649 3455 3688 σου
3491 3634 3530 3701 ὴ
3581 3633 3936 3705 ἀποστροφιῆ

2344 3737 2485 3787 σου,
2513 3720 2612 3773 καί
2641 3721 2826 3785 αὐτός
2855 3734 2972 3774 σου
3006 3719 3332 3788 κυριεύσει.
3380 3720 3493 3773 Καὶ
3527 3720 3647 3791 ,ὅρα
3685 3720 3821 3774 Θεοῦ
3855 3723 3938 3774 ἐν·

2345 3805 2519 3861 ταῦθα
2560 3803 2993 3877 φιλανθρωπίαν.
3047 3805 3166 3859 Ἵνα
3223 3805 3334 3876 γὰρ
3388 3805 3464 3878 μὴ
3527 3806 3813 3861 ἀκούσασα
3854 3806 3938 3869 τὸ.

2345 3896 2538 3961 Αὐτός
2563 3911 2682 3950 σου
2709 3895 3034 3962 κυριεύσει,
3050 3895 3316 3967 φορτικήν
3344 3891 3483 3951 εἶναι
3506 3895 3706 3969 νομίσῃ
3724 3896 3826 3967 τήν
3853 3895 3941 3950 δε-

2349 3981 2629 4047 σποτείαν,
2662 3981 2931 4052 πρότερον
2955 3982 3016 4035 τὸ
3039 3982 3138 4052 τῆς
3170 3981 3498 4054 κηδεμονίας
3525 3982 3734 4054 ζεθηκεν
3768 3983 3940 4055 ὁνομα

2346 4069 2535 4134 εἰπὼν,
2573 4071 2732 4138 Πρὸς
2763 4072 2874 4124 τὸν
2931 4070 3122 4139 ἄνδρα
3172 4087 3290 4124 σου
3324 4072 3359 4138 ἠ
3408 4069 3766 4141 ἀποστροφή
3794 4087 3939 4136 σοι’,

2345 4157 3032 4229 τουτέστιν,Ἦ,καταφυγή
3067 4175 3161 4211 σου
3192 4158 3286 4210 καὶ
3313 4157 3342 4208 6
3363 4157 3527 4228 λιμήν
3553 4158 3648 4211 καὶ
3687 4159 3721 4229 ή
3757 4157 3939 4228 ἀσφά-

2345 4245 2463 4298 λεια
2497 4246 2702 4308 ἐκεῖνος
2742 4244 2896 4298 ἕσται
2927 4261 3010 4298 σοι
3031 4263 3044 4275 ·
3076 4247 3133 4299 ὲν
3160 4245 3293 4298 πᾶσι
3325 4248 3439 4308 τοῖς
3486 4243 3704 4298 ἐπιοῦσι
3742 4245 3942 4312 δεινοῖς

2349 4332 2486 4403 πρὸς
2511 4334 2720 4386 ἐκεῖνον
2744 4331 3190 4404 ἀποστρέφεσθαι
3221 4331 3317 4386 καὶ
3341 4331 3708 4403 καταφεύγειν
3753 4349 3834 4387 σοι
3860 4331 3942 4388 δί-

2348 4417 2489 4487 δωμι
2508 4419 2558 4471 δ.
2588 4419 2665 4471 Οὑ
2686 4417 2862 4489 ταύτῃ
2887 4417 2944 4471 δὲ
2971 4417 3156 4488 μόνον,
3179 4417 3317 4472 ἀλλά
3338 4420 3432 4473 καὶ
3453 4422 3715 4489 φυσικαῖς
3738 4419 3948 4484 αὐτοὺς

2351 4504 2641 4573 συνέδησεν
2671 4505 2940 4572 ἀνάγκαις
2970 4504 3224 4575 καθάπερ
3247 4507 3527 4577 ἄρρηκτόν
3567 4523 3688 4560 τινα
3716 4505 3944 4577 δεσμὸν,

2348 4596 2448 4666 τὴν
2475 4598 2539 4649 ἐκ
2563 4597 2662 4666 τῆς
2685 4595 2982 4667 ἐπιθυμίας
3004 4597 3315 4666 περιϐαλὼν
3337 4598 3520 4662 αὐτοῖς
3551 4597 3761 4652 ἅλυσιν.
3787 4592 3947 4663 Εῐόες

2350 4684 2469 4747 πῶς
2493 4684 2759 4754 εἰσήγαγε
2785 4685 2886 4754 μὲν
2911 4684 3009 4755 τὴν
3033 4685 3314 4758 ὑποταγὴν
3350 4687 3382 4757 ή
3408 4686 3676 4758 ἁμαρτία,
3706 4689 3736 4740 6
3767 4685 3826 4740 δέ
3853 4687 3950 4741 εὑ-

2355 4773 2594 4842 μὴχανος
2628 4772 2722 4825 καὶ
2751 4771 2912 4839 σοφὸς
2939 4771 3072 4835 Θεὸς
3110 4773 3203 4826 καὶ
3239 4772 3451 4837 τούτοις
3482 4774 3620 4846 πρὸς
3650 4775 3712 4828 τὸ
3737 4776 3950 4846 συμφί-

2354 4873 2448 4928 ρον
2484 4859 2618 4929 ἡμῖν
2658 4857 3046 4928 ἀπεχρήσατος
3082 4858 3352 4912 ΙἌκουσον
3407 4859 3527 4924 πῶς
3574 4861 3672 4914 καὶ
3729 4861 3947 4926 Παῦλος

2355 4947 2483 5016 περί
2511 4946 2716 5015 ταύτης
2745 4945 2894 5014 λέγει
2922 4945 3022 5016 τῆς
3052 4945 3336 5018 ὑποταγῆς
3361 4986 3379 5012 ,
3437 4948 3525 5001 ’ίνα
3562 4947 3744 5022 μάθῃς
3781 4948 3950 5004 πάλιν

2355 5033 2596 5096 Παλαιᾶς
2843 5034 2939 5087 καὶ
3000 5033 3210 5104 Καινῆς
3250 5031 3352 5107 τὴν
3374 5036 3717 5107 συμφωνίαν.
3746 5036 3948 5107 Γυνὴ,

2355 5126 2540 5194 φησὶν,
2564 5123 2637 5176 ὲν
2665 5123 2896 5191 ἡσυχίᾳ
2930 5122 3280 5189 μανθανέτω
3302 5125 3375 5177 ἐν
3405 5124 3575 5194 πάσῃ
3601 5123 3906 5198 ὑποταγῇ.

2423 5206 2579 5274 Εἶδες
2606 5211 2702 5264 xa}.
2720 5211 2884 5265 αὑτὸν
2904 5210 3254 5275 ὑποτάξαντα
3279 5211 3359 5282 τῷ
3378 5212 3534 5283 ἀνδρὶ
3553 5213 3654 5285 τὴν
3669 5216 3946 5282 γυναῖκας

2367 5299 2506 5353 Ἀλλ’
2544 5299 2858 5370 ἀνάμεινον,
2893 5298 2990 5353 καὶ
3022 5300 3122 5371 τὴν
3146 5300 3327 5355 αἰτίαν
3354 5302 3586 5374 ἀκούσῃ.
3616 5301 3716 5355 Διά
3741 5303 3818 5371 τί,
3845 5301 3952 5359 ἐν

2355 5386 2524 5456 πάσῃ
2563 5385 2837 5456 ὑποταγῇ
2855 5402 2874 5450 ;
2913 5386 3183 5443 Γυναῖκα
3222 5399 3245 5427 ο
3275 5389 3406 5461 γὰρ,
3449 5391 3604 5461 φησὶ,
3631 5389 3952 5447 διδάσκειν

2355 5480 2465 5532 οὐκ
2509 5477 2823 5545 ἐπιτρέπω.
2877 5475 2978 5530 Διά
3005 5477 3090 5544 τίς
3127 5477 3364 5544 Ἐδίδαξε
3419 5481 3529 5550 γὰρ
3575 5479 3724 5547 ἅπαξ
3757 5482 3950 5548 κακῶς

2355 5566 2447 5619 τὸν
2478 5566 2670 5636 Ἀδάμ.
2702 5565 2858 5620 Οὐδὲ
2875 5566 3190 5621 αὐθεντεῖν
3218 5568 3328 5624 τοῦ
3346 5568 3587 5637 ἀνδρός.
3618 5570 3685 5625 Τί
3701 5571 3946 5637 δήποτις

2420 5721 2449 5762 δ
2473 5722 2596 5785 Reg.
2623 5733 2750 5771 unus
2769 5718 2826 5769 σὶ
2846 5719 3018 5785 δίδωμι

2423 5787 2442 5816 ³
2474 5783 2592 5847 Reg.
2621 5785 2751 5833 idem
2774 5783 2975 5845 γυναικί.
