  <div class='ocr_page' id='page_1' title='image "/cluster/home/n/w/nwhite01/storage/ocr_20150623/54/pst.000005712533/224.png"; bbox 0 0 4186 6324; ppageno 0'>
   <div class='ocr_carea' id='block_1_1' title="bbox 164 508 1766 585">
    <p class='ocr_par' dir='ltr' id='par_1_1' title="bbox 164 508 1766 585">
     <span class='ocr_line' id='line_1_1' title="bbox 164 508 1766 585; baseline -0.005 -18"><span class='ocrx_word' id='word_1_1' title='bbox 164 511 475 570; x_wconf 81' lang='lat' dir='ltr'><strong>mandemus</strong></span> <span class='ocrx_word' id='word_1_2' title='bbox 500 526 519 569; x_wconf 87' lang='lat'><strong>:</strong></span> <span class='ocrx_word' id='word_1_3' title='bbox 546 512 766 585; x_wconf 89' lang='lat' dir='ltr'><strong>reliquit</strong></span> <span class='ocrx_word' id='word_1_4' title='bbox 789 520 845 570; x_wconf 90' lang='lat' dir='ltr'><strong>et</strong></span> <span class='ocrx_word' id='word_1_5' title='bbox 866 509 1225 581; x_wconf 86' lang='lat' dir='ltr'><strong>subiugalium</strong></span> <span class='ocrx_word' id='word_1_6' title='bbox 1256 508 1422 564; x_wconf 90' lang='lat' dir='ltr'><strong>multa</strong></span> <span class='ocrx_word' id='word_1_7' title='bbox 1451 522 1671 579; x_wconf 85' lang='lat' dir='ltr'><strong>genera,</strong></span> <span class='ocrx_word' id='word_1_8' title='bbox 1704 512 1766 559; x_wconf 92' lang='lat' dir='ltr'><strong>ut</strong></span> 
     </span>
    </p>
   </div>
   <div class='ocr_carea' id='block_1_2' title="bbox 158 601 1765 664">
    <p class='ocr_par' dir='ltr' id='par_1_2' title="bbox 158 601 1765 664">
     <span class='ocr_line' id='line_1_2' title="bbox 158 601 1765 664; baseline -0.005 -5"><span class='ocrx_word' id='word_1_9' title='bbox 158 604 223 660; x_wconf 87' lang='lat' dir='ltr'><strong>ad</strong></span> <span class='ocrx_word' id='word_1_10' title='bbox 245 605 481 662; x_wconf 88' lang='lat' dir='ltr'><strong>sarcinas</strong></span> <span class='ocrx_word' id='word_1_11' title='bbox 500 604 881 664; x_wconf 86' lang='lat' dir='ltr'><strong>convehendas</strong></span> <span class='ocrx_word' id='word_1_12' title='bbox 897 603 1138 659; x_wconf 85' lang='lat' dir='ltr'><strong>laborem</strong></span> <span class='ocrx_word' id='word_1_13' title='bbox 1158 601 1434 656; x_wconf 90' lang='lat' dir='ltr'><strong>nobiseum</strong></span> <span class='ocrx_word' id='word_1_14' title='bbox 1457 606 1765 655; x_wconf 89' lang='lat' dir='ltr'><strong>exanttent:</strong></span> 
     </span>
    </p>
   </div>
   <div class='ocr_carea' id='block_1_3' title="bbox 158 692 1764 770">
    <p class='ocr_par' dir='ltr' id='par_1_3' title="bbox 158 692 1764 770">
     <span class='ocr_line' id='line_1_3' title="bbox 158 692 1764 770; baseline -0.004 -19"><span class='ocrx_word' id='word_1_15' title='bbox 158 697 368 769; x_wconf 90' lang='lat' dir='ltr'><strong>reliquit</strong></span> <span class='ocrx_word' id='word_1_16' title='bbox 393 700 575 755; x_wconf 91' lang='lat' dir='ltr'><strong>ovium</strong></span> <span class='ocrx_word' id='word_1_17' title='bbox 605 712 814 770; x_wconf 82' lang='lat' dir='ltr'><strong>greges,</strong></span> <span class='ocrx_word' id='word_1_18' title='bbox 845 705 902 752; x_wconf 92' lang='lat' dir='ltr'><strong>ut</strong></span> <span class='ocrx_word' id='word_1_19' title='bbox 927 694 1222 751; x_wconf 77' lang='lat' dir='ltr'><strong>habeamus</strong></span> <span class='ocrx_word' id='word_1_20' title='bbox 1243 734 1259 760; x_wconf 92' lang='lat'><strong>,</strong></span> <span class='ocrx_word' id='word_1_21' title='bbox 1288 707 1410 764; x_wconf 64' lang='lat' dir='ltr'><strong>quae</strong></span> <span class='ocrx_word' id='word_1_22' title='bbox 1437 692 1505 747; x_wconf 91' lang='lat' dir='ltr'><strong>ad</strong></span> <span class='ocrx_word' id='word_1_23' title='bbox 1537 704 1637 746; x_wconf 90' lang='lat' dir='ltr'><strong>nos</strong></span> <span class='ocrx_word' id='word_1_24' title='bbox 1666 705 1764 745; x_wconf 87' lang='lat' dir='ltr'><strong>ve-</strong></span> 
     </span>
    </p>
   </div>
   <div class='ocr_carea' id='block_1_4' title="bbox 157 784 1762 862">
    <p class='ocr_par' dir='ltr' id='par_1_4' title="bbox 157 784 1762 862">
     <span class='ocr_line' id='line_1_4' title="bbox 157 784 1762 862; baseline -0.005 -18"><span class='ocrx_word' id='word_1_25' title='bbox 157 790 392 847; x_wconf 89' lang='lat' dir='ltr'><strong>stiendos</strong></span> <span class='ocrx_word' id='word_1_26' title='bbox 410 790 680 847; x_wconf 82' lang='lat' dir='ltr'><strong>sufficiant</strong></span> <span class='ocrx_word' id='word_1_27' title='bbox 701 806 718 846; x_wconf 91' lang='lat'><strong>:</strong></span> <span class='ocrx_word' id='word_1_28' title='bbox 742 790 961 862; x_wconf 90' lang='lat' dir='ltr'><strong>reliquit</strong></span> <span class='ocrx_word' id='word_1_29' title='bbox 979 798 1035 845; x_wconf 91' lang='lat' dir='ltr'><strong>et</strong></span> <span class='ocrx_word' id='word_1_30' title='bbox 1050 787 1153 843; x_wconf 91' lang='lat' dir='ltr'><strong>alia</strong></span> <span class='ocrx_word' id='word_1_31' title='bbox 1168 802 1364 859; x_wconf 90' lang='lat' dir='ltr'><strong>genera</strong></span> <span class='ocrx_word' id='word_1_32' title='bbox 1385 784 1762 848; x_wconf 91' lang='lat' dir='ltr'><strong>animantium,</strong></span> 
     </span>
    </p>
   </div>
   <div class='ocr_carea' id='block_1_5' title="bbox 155 868 1760 952">
    <p class='ocr_par' dir='ltr' id='par_1_5' title="bbox 155 868 1760 952">
     <span class='ocr_line' id='line_1_5' title="bbox 155 868 1760 952; baseline -0.003 -19"><span class='ocrx_word' id='word_1_33' title='bbox 155 894 221 934; x_wconf 83' lang='lat' dir='ltr'><strong>ex</strong></span> <span class='ocrx_word' id='word_1_34' title='bbox 252 881 447 952; x_wconf 80' lang='lat' dir='ltr'><strong>quibus</strong></span> <span class='ocrx_word' id='word_1_35' title='bbox 466 881 634 937; x_wconf 86' lang='lat' dir='ltr'><strong>multa</strong></span> <span class='ocrx_word' id='word_1_36' title='bbox 663 882 715 936; x_wconf 89' lang='lat' dir='ltr'><strong>in</strong></span> <span class='ocrx_word' id='word_1_37' title='bbox 740 868 959 936; x_wconf 86' lang='lat' dir='ltr'><strong>nostros</strong></span> <span class='ocrx_word' id='word_1_38' title='bbox 976 894 1106 933; x_wconf 90' lang='lat' dir='ltr'><strong>usus</strong></span> <span class='ocrx_word' id='word_1_39' title='bbox 1126 876 1408 934; x_wconf 91' lang='lat' dir='ltr'><strong>commoda</strong></span> <span class='ocrx_word' id='word_1_40' title='bbox 1430 875 1760 931; x_wconf 88' lang='lat' dir='ltr'><strong>derivantur.</strong></span> 
     </span>
    </p>
   </div>
   <div class='ocr_carea' id='block_1_6' title="bbox 156 964 1767 1041">
    <p class='ocr_par' dir='ltr' id='par_1_6' title="bbox 156 964 1767 1041">
     <span class='ocr_line' id='line_1_6' title="bbox 156 964 1767 1041; baseline -0.002 -18"><span class='ocrx_word' id='word_1_41' title='bbox 156 968 285 1024; x_wconf 74' lang='lat' dir='ltr'><strong>Nam</strong></span> <span class='ocrx_word' id='word_1_42' title='bbox 321 972 447 1041; x_wconf 88' lang='lat' dir='ltr'><strong>quia</strong></span> <span class='ocrx_word' id='word_1_43' title='bbox 476 971 603 1026; x_wconf 89' lang='lat' dir='ltr'><strong>dum</strong></span> <span class='ocrx_word' id='word_1_44' title='bbox 636 970 909 1027; x_wconf 86' lang='lat' dir='ltr'><strong>hominem</strong></span> <span class='ocrx_word' id='word_1_45' title='bbox 948 969 1163 1039; x_wconf 88' lang='lat' dir='ltr'><strong>puniret</strong></span> <span class='ocrx_word' id='word_1_46' title='bbox 1199 968 1454 1023; x_wconf 88' lang='lat' dir='ltr'><strong>dixerat:</strong></span> <span class='ocrx_word' id='word_1_47' title='bbox 1482 964 1551 1021; x_wconf 86' lang='lat' dir='ltr'><strong>In</strong></span> <span class='ocrx_word' id='word_1_48' title='bbox 1577 966 1767 1020; x_wconf 81' lang='lat' dir='ltr'><strong>sudore</strong></span> 
     </span>
    </p>
   </div>
   <div class='ocr_carea' id='block_1_7' title="bbox 155 1056 1766 1133">
    <p class='ocr_par' dir='ltr' id='par_1_7' title="bbox 155 1056 1766 1133">
     <span class='ocr_line' id='line_1_7' title="bbox 155 1056 1766 1133; baseline -0.002 -18"><span class='ocrx_word' id='word_1_49' title='bbox 155 1062 321 1116; x_wconf 74' lang='lat' dir='ltr'><strong>uultus</strong></span> <span class='ocrx_word' id='word_1_50' title='bbox 350 1063 427 1116; x_wconf 88' lang='lat' dir='ltr'><strong>tui</strong></span> <span class='ocrx_word' id='word_1_51' title='bbox 458 1064 671 1118; x_wconf 71' lang='lat' dir='ltr'><strong>vesceris</strong></span> <span class='ocrx_word' id='word_1_52' title='bbox 702 1079 833 1132; x_wconf 83' lang='lat' dir='ltr'><strong>pane</strong></span> <span class='ocrx_word' id='word_1_53' title='bbox 860 1072 947 1115; x_wconf 83' lang='lat' dir='ltr'><strong>tuo</strong></span> <span class='ocrx_word' id='word_1_54' title='bbox 977 1060 1133 1133; x_wconf 81' lang='lat' dir='ltr'><strong>(Gen.</strong></span> <span class='ocrx_word' id='word_1_55' title='bbox 1163 1060 1217 1115; x_wconf 80' lang='lat'><strong>3.</strong></span> <span class='ocrx_word' id='word_1_56' title='bbox 1250 1058 1341 1127; x_wconf 86' lang='grc'><strong>19)</strong></span> <span class='ocrx_word' id='word_1_57' title='bbox 1373 1077 1386 1113; x_wconf 87' lang='lat'>:</span> <span class='ocrx_word' id='word_1_58' title='bbox 1420 1070 1477 1113; x_wconf 88' lang='lat' dir='ltr'><strong>ut</strong></span> <span class='ocrx_word' id='word_1_59' title='bbox 1502 1074 1570 1113; x_wconf 92' lang='lat' dir='ltr'><strong>ne</strong></span> <span class='ocrx_word' id='word_1_60' title='bbox 1599 1056 1766 1113; x_wconf 91' lang='lat' dir='ltr'><strong>sudor</strong></span> 
     </span>
    </p>
   </div>
   <div class='ocr_carea' id='block_1_8' title="bbox 152 1148 1762 1216">
    <p class='ocr_par' dir='ltr' id='par_1_8' title="bbox 152 1148 1762 1216">
     <span class='ocr_line' id='line_1_8' title="bbox 152 1148 1762 1216; baseline -0.002 -10"><span class='ocrx_word' id='word_1_61' title='bbox 152 1165 217 1206; x_wconf 88' lang='lat' dir='ltr'><strong>ac</strong></span> <span class='ocrx_word' id='word_1_62' title='bbox 258 1152 413 1208; x_wconf 89' lang='lat' dir='ltr'><strong>labor</strong></span> <span class='ocrx_word' id='word_1_63' title='bbox 451 1153 553 1209; x_wconf 89' lang='lat' dir='ltr'><strong>iste</strong></span> <span class='ocrx_word' id='word_1_64' title='bbox 596 1153 950 1210; x_wconf 88' lang='lat' dir='ltr'><strong>intolerabilis</strong></span> <span class='ocrx_word' id='word_1_65' title='bbox 985 1163 1125 1208; x_wconf 89' lang='lat' dir='ltr'><strong>esset</strong></span> <span class='ocrx_word' id='word_1_66' title='bbox 1157 1194 1172 1216; x_wconf 89' lang='lat'><strong>,</strong></span> <span class='ocrx_word' id='word_1_67' title='bbox 1204 1149 1419 1206; x_wconf 86' lang='lat' dir='ltr'><strong>sudoris</strong></span> <span class='ocrx_word' id='word_1_68' title='bbox 1458 1148 1762 1205; x_wconf 73' lang='lat' dir='ltr'><strong>molestiam</strong></span> 
     </span>
    </p>
   </div>
   <div class='ocr_carea' id='block_1_9' title="bbox 155 1242 1763 1317">
    <p class='ocr_par' dir='ltr' id='par_1_9' title="bbox 155 1242 1763 1317">
     <span class='ocr_line' id='line_1_9' title="bbox 155 1242 1763 1317; baseline 0 -20"><span class='ocrx_word' id='word_1_69' title='bbox 155 1243 465 1317; x_wconf 72' lang='lat' dir='ltr'><strong>laborisque</strong></span> <span class='ocrx_word' id='word_1_70' title='bbox 497 1248 814 1317; x_wconf 75' lang='lat' dir='ltr'><strong>gravitatem</strong></span> <span class='ocrx_word' id='word_1_71' title='bbox 841 1246 1211 1316; x_wconf 90' lang='lat' dir='ltr'><strong>iumentorum</strong></span> <span class='ocrx_word' id='word_1_72' title='bbox 1244 1242 1587 1298; x_wconf 89' lang='lat' dir='ltr'><strong>multitudine</strong></span> <span class='ocrx_word' id='word_1_73' title='bbox 1615 1243 1763 1298; x_wconf 88' lang='lat' dir='ltr'><strong>leva-</strong></span> 
     </span>
    </p>
   </div>
   <div class='ocr_carea' id='block_1_10' title="bbox 152 1334 1760 1409">
    <p class='ocr_par' dir='ltr' id='par_1_10' title="bbox 152 1334 1760 1409">
     <span class='ocr_line' id='line_1_10' title="bbox 152 1334 1760 1409; baseline -0.001 -19"><span class='ocrx_word' id='word_1_74' title='bbox 152 1338 267 1405; x_wconf 88' lang='lat' dir='ltr'><strong>vit,</strong></span> <span class='ocrx_word' id='word_1_75' title='bbox 298 1355 421 1409; x_wconf 68' lang='lat' dir='ltr'><strong>qua:</strong></span> <span class='ocrx_word' id='word_1_76' title='bbox 448 1355 551 1395; x_wconf 87' lang='lat' dir='ltr'><strong>una</strong></span> <span class='ocrx_word' id='word_1_77' title='bbox 586 1340 865 1395; x_wconf 89' lang='lat' dir='ltr'><strong>nobisemn</strong></span> <span class='ocrx_word' id='word_1_78' title='bbox 896 1339 1144 1395; x_wconf 84' lang='lat' dir='ltr'><strong>laborant</strong></span> <span class='ocrx_word' id='word_1_79' title='bbox 1176 1346 1232 1394; x_wconf 91' lang='lat' dir='ltr'><strong>et</strong></span> <span class='ocrx_word' id='word_1_80' title='bbox 1260 1337 1537 1392; x_wconf 85' lang='lat' dir='ltr'><strong>molestias</strong></span> <span class='ocrx_word' id='word_1_81' title='bbox 1562 1334 1760 1390; x_wconf 90' lang='lat' dir='ltr'><strong>ferunt.</strong></span> 
     </span>
    </p>
   </div>
   <div class='ocr_carea' id='block_1_11' title="bbox 154 1428 1768 1504">
    <p class='ocr_par' dir='ltr' id='par_1_11' title="bbox 154 1428 1768 1504">
     <span class='ocr_line' id='line_1_11' title="bbox 154 1428 1768 1504; baseline -0.001 -19"><span class='ocrx_word' id='word_1_82' title='bbox 154 1429 222 1485; x_wconf 79' lang='lat' dir='ltr'><strong>Et</strong></span> <span class='ocrx_word' id='word_1_83' title='bbox 246 1431 700 1502; x_wconf 85' lang='lat' dir='ltr'><strong>quemadmodum</strong></span> <span class='ocrx_word' id='word_1_84' title='bbox 730 1431 995 1504; x_wconf 88' lang='lat' dir='ltr'><strong>benignus</strong></span> <span class='ocrx_word' id='word_1_85' title='bbox 1020 1446 1086 1487; x_wconf 90' lang='lat' dir='ltr'><strong>ac</strong></span> <span class='ocrx_word' id='word_1_86' title='bbox 1112 1428 1365 1501; x_wconf 80' lang='lat' dir='ltr'><strong>providus</strong></span> <span class='ocrx_word' id='word_1_87' title='bbox 1394 1429 1558 1485; x_wconf 90' lang='lat' dir='ltr'><strong>herus</strong></span> <span class='ocrx_word' id='word_1_88' title='bbox 1583 1428 1768 1501; x_wconf 82' lang='lat' dir='ltr'><strong>ﬂagel-</strong></span> 
     </span>
    </p>
   </div>
   <div class='ocr_carea' id='block_1_12' title="bbox 154 1520 1763 1596">
    <p class='ocr_par' dir='ltr' id='par_1_12' title="bbox 154 1520 1763 1596">
     <span class='ocr_line' id='line_1_12' title="bbox 154 1520 1763 1596; baseline 0.001 -20"><span class='ocrx_word' id='word_1_89' title='bbox 154 1522 261 1579; x_wconf 84' lang='lat' dir='ltr'><strong>lato</strong></span> <span class='ocrx_word' id='word_1_90' title='bbox 290 1539 451 1580; x_wconf 86' lang='lat' dir='ltr'><strong>servo</strong></span> <span class='ocrx_word' id='word_1_91' title='bbox 474 1540 659 1581; x_wconf 79' lang='lat' dir='ltr'><strong>curam</strong></span> <span class='ocrx_word' id='word_1_92' title='bbox 682 1525 916 1596; x_wconf 86' lang='lat' dir='ltr'><strong>aliquam</strong></span> <span class='ocrx_word' id='word_1_93' title='bbox 942 1538 1235 1593; x_wconf 90' lang='lat' dir='ltr'><strong>congruam</strong></span> <span class='ocrx_word' id='word_1_94' title='bbox 1257 1522 1482 1595; x_wconf 84' lang='lat' dir='ltr'><strong>ﬂagellis</strong></span> <span class='ocrx_word' id='word_1_95' title='bbox 1501 1520 1720 1579; x_wconf 85' lang='lat' dir='ltr'><strong>adhibet</strong></span> <span class='ocrx_word' id='word_1_96' title='bbox 1748 1540 1763 1577; x_wconf 91' lang='lat'><strong>:</strong></span> 
     </span>
    </p>
   </div>
   <div class='ocr_carea' id='block_1_13' title="bbox 152 1613 1764 1688">
    <p class='ocr_par' dir='ltr' id='par_1_13' title="bbox 152 1613 1764 1688">
     <span class='ocr_line' id='line_1_13' title="bbox 152 1613 1764 1688; baseline 0.001 -21"><span class='ocrx_word' id='word_1_97' title='bbox 152 1613 231 1669; x_wconf 86' lang='lat' dir='ltr'><strong>sic</strong></span> <span class='ocrx_word' id='word_1_98' title='bbox 274 1614 531 1671; x_wconf 86' lang='lat' dir='ltr'><strong>nimirum</strong></span> <span class='ocrx_word' id='word_1_99' title='bbox 577 1616 665 1671; x_wconf 90' lang='lat' dir='ltr'><strong>ubi</strong></span> <span class='ocrx_word' id='word_1_100' title='bbox 708 1631 920 1688; x_wconf 66' lang='lat' dir='ltr'><strong>pinnam</strong></span> <span class='ocrx_word' id='word_1_101' title='bbox 962 1632 1057 1672; x_wconf 91' lang='lat' dir='ltr'><strong>reo</strong></span> <span class='ocrx_word' id='word_1_102' title='bbox 1097 1616 1351 1685; x_wconf 83' lang='lat' dir='ltr'><strong>imposuit</strong></span> <span class='ocrx_word' id='word_1_103' title='bbox 1397 1615 1577 1681; x_wconf 91' lang='lat' dir='ltr'><strong>Deus,</strong></span> <span class='ocrx_word' id='word_1_104' title='bbox 1616 1614 1764 1669; x_wconf 92' lang='lat' dir='ltr'><strong>omni</strong></span> 
     </span>
    </p>
   </div>
   <div class='ocr_carea' id='block_1_14' title="bbox 152 1704 1759 1776">
    <p class='ocr_par' dir='ltr' id='par_1_14' title="bbox 152 1704 1759 1776">
     <span class='ocr_line' id='line_1_14' title="bbox 152 1704 1759 1776; baseline 0.002 -19"><span class='ocrx_word' id='word_1_105' title='bbox 152 1704 363 1761; x_wconf 87' lang='lat' dir='ltr'><strong>ratione</strong></span> <span class='ocrx_word' id='word_1_106' title='bbox 391 1720 607 1776; x_wconf 67' lang='lat' dir='ltr'><strong>patiam</strong></span> <span class='ocrx_word' id='word_1_107' title='bbox 647 1707 802 1761; x_wconf 87' lang='lat' dir='ltr'><strong>istam</strong></span> <span class='ocrx_word' id='word_1_108' title='bbox 847 1706 1107 1763; x_wconf 90' lang='lat' dir='ltr'><strong>leviorem</strong></span> <span class='ocrx_word' id='word_1_109' title='bbox 1138 1705 1370 1762; x_wconf 84' lang='lat' dir='ltr'><strong>reddere</strong></span> <span class='ocrx_word' id='word_1_110' title='bbox 1398 1706 1568 1761; x_wconf 90' lang='lat' dir='ltr'><strong>voluit</strong></span> <span class='ocrx_word' id='word_1_111' title='bbox 1586 1747 1603 1773; x_wconf 92' lang='lat'><strong>,</strong></span> <span class='ocrx_word' id='word_1_112' title='bbox 1630 1704 1759 1760; x_wconf 92' lang='lat' dir='ltr'><strong>dum</strong></span> 
     </span>
    </p>
   </div>
   <div class='ocr_carea' id='block_1_15' title="bbox 150 1795 1760 1869">
    <p class='ocr_par' dir='ltr' id='par_1_15' title="bbox 150 1795 1760 1869">
     <span class='ocr_line' id='line_1_15' title="bbox 150 1795 1760 1869; baseline 0.002 -21"><span class='ocrx_word' id='word_1_113' title='bbox 150 1795 217 1849; x_wconf 91' lang='lat' dir='ltr'><strong>ad</strong></span> <span class='ocrx_word' id='word_1_114' title='bbox 246 1795 502 1852; x_wconf 89' lang='lat' dir='ltr'><strong>sudorem</strong></span> <span class='ocrx_word' id='word_1_115' title='bbox 532 1812 631 1852; x_wconf 91' lang='lat' dir='ltr'><strong>nos</strong></span> <span class='ocrx_word' id='word_1_116' title='bbox 654 1797 1004 1869; x_wconf 85' lang='lat' dir='ltr'><strong>laboremque</strong></span> <span class='ocrx_word' id='word_1_117' title='bbox 1042 1808 1357 1869; x_wconf 90' lang='lat' dir='ltr'><strong>perpetuum</strong></span> <span class='ocrx_word' id='word_1_118' title='bbox 1382 1797 1670 1854; x_wconf 89' lang='lat' dir='ltr'><strong>damnatos</strong></span> <span class='ocrx_word' id='word_1_119' title='bbox 1706 1797 1760 1852; x_wconf 92' lang='lat' dir='ltr'><strong>in</strong></span> 
     </span>
    </p>
   </div>
   <div class='ocr_carea' id='block_1_16' title="bbox 152 1886 1764 1961">
    <p class='ocr_par' dir='ltr' id='par_1_16' title="bbox 152 1886 1764 1961">
     <span class='ocr_line' id='line_1_16' title="bbox 152 1886 1764 1961; baseline 0.004 -22"><span class='ocrx_word' id='word_1_120' title='bbox 152 1886 337 1943; x_wconf 90' lang='lat' dir='ltr'><strong>labore</strong></span> <span class='ocrx_word' id='word_1_121' title='bbox 362 1889 567 1943; x_wconf 83' lang='lat' dir='ltr'><strong>curavit</strong></span> <span class='ocrx_word' id='word_1_122' title='bbox 595 1888 817 1945; x_wconf 88' lang='lat' dir='ltr'><strong>ferendo</strong></span> <span class='ocrx_word' id='word_1_123' title='bbox 840 1905 868 1943; x_wconf 93' lang='lat' dir='ltr'><strong>a</strong></span> <span class='ocrx_word' id='word_1_124' title='bbox 892 1890 1075 1945; x_wconf 90' lang='lat' dir='ltr'><strong>multis</strong></span> <span class='ocrx_word' id='word_1_125' title='bbox 1097 1891 1387 1961; x_wconf 77' lang='lat' dir='ltr'><strong>generibus</strong></span> <span class='ocrx_word' id='word_1_126' title='bbox 1412 1891 1764 1946; x_wconf 87' lang='lat' dir='ltr'><strong>animantium</strong></span> 
     </span>
    </p>
   </div>
   <div class='ocr_carea' id='block_1_17' title="bbox 150 1978 1760 2052">
    <p class='ocr_par' dir='ltr' id='par_1_17' title="bbox 150 1978 1760 2052">
     <span class='ocr_line' id='line_1_17' title="bbox 150 1978 1760 2052; baseline 0.006 -23"><span class='ocrx_word' id='word_1_127' title='bbox 150 1978 417 2047; x_wconf 82' lang='lat' dir='ltr'><strong>adjuvari.</strong></span> <span class='ocrx_word' id='word_1_128' title='bbox 464 1979 570 2034; x_wconf 80' lang='lat' dir='ltr'><strong>Pro</strong></span> <span class='ocrx_word' id='word_1_129' title='bbox 608 1980 691 2035; x_wconf 91' lang='lat' dir='ltr'><strong>his</strong></span> <span class='ocrx_word' id='word_1_130' title='bbox 729 1996 858 2036; x_wconf 84' lang='lat' dir='ltr'><strong>sane</strong></span> <span class='ocrx_word' id='word_1_131' title='bbox 898 1982 1151 2036; x_wconf 89' lang='lat' dir='ltr'><strong>omnibus</strong></span> <span class='ocrx_word' id='word_1_132' title='bbox 1179 1982 1228 2036; x_wconf 87' lang='lat' dir='ltr'><strong>ei</strong></span> <span class='ocrx_word' id='word_1_133' title='bbox 1267 1983 1468 2052; x_wconf 75' lang='lat' dir='ltr'><strong>gratias</strong></span> <span class='ocrx_word' id='word_1_134' title='bbox 1498 1997 1760 2052; x_wconf 88' lang='lat' dir='ltr'><strong>agamus:</strong></span> 
     </span>
    </p>
   </div>
   <div class='ocr_carea' id='block_1_18' title="bbox 152 2069 1766 2139">
    <p class='ocr_par' dir='ltr' id='par_1_18' title="bbox 152 2069 1766 2139">
     <span class='ocr_line' id='line_1_18' title="bbox 152 2069 1766 2139; baseline 0.004 -18"><span class='ocrx_word' id='word_1_135' title='bbox 152 2083 274 2122; x_wconf 87' lang='lat' dir='ltr'><strong>nam</strong></span> <span class='ocrx_word' id='word_1_136' title='bbox 303 2069 448 2137; x_wconf 90' lang='lat' dir='ltr'><strong>quod</strong></span> <span class='ocrx_word' id='word_1_137' title='bbox 478 2070 735 2126; x_wconf 85' lang='lat' dir='ltr'><strong>honorem</strong></span> <span class='ocrx_word' id='word_1_138' title='bbox 759 2072 915 2126; x_wconf 84' lang='lat' dir='ltr'><strong>nobis</strong></span> <span class='ocrx_word' id='word_1_139' title='bbox 934 2073 1180 2139; x_wconf 86' lang='lat' dir='ltr'><strong>contulit,</strong></span> <span class='ocrx_word' id='word_1_140' title='bbox 1209 2088 1274 2128; x_wconf 89' lang='lat' dir='ltr'><strong>ac</strong></span> <span class='ocrx_word' id='word_1_141' title='bbox 1295 2088 1482 2129; x_wconf 90' lang='lat' dir='ltr'><strong>rursus</strong></span> <span class='ocrx_word' id='word_1_142' title='bbox 1504 2072 1766 2128; x_wconf 88' lang='lat' dir='ltr'><strong>honorem</strong></span> 
     </span>
    </p>
   </div>
   <div class='ocr_carea' id='block_1_19' title="bbox 150 2159 1766 2236">
    <p class='ocr_par' dir='ltr' id='par_1_19' title="bbox 150 2159 1766 2236">
     <span class='ocr_line' id='line_1_19' title="bbox 150 2159 1766 2236; baseline 0.005 -23"><span class='ocrx_word' id='word_1_143' title='bbox 150 2159 370 2229; x_wconf 87' lang='lat' dir='ltr'><strong>eripuit.</strong></span> <span class='ocrx_word' id='word_1_144' title='bbox 401 2169 458 2217; x_wconf 91' lang='lat' dir='ltr'><strong>et</strong></span> <span class='ocrx_word' id='word_1_145' title='bbox 483 2177 588 2217; x_wconf 92' lang='lat' dir='ltr'><strong>non</strong></span> <span class='ocrx_word' id='word_1_146' title='bbox 615 2177 830 2219; x_wconf 89' lang='lat' dir='ltr'><strong>omnem</strong></span> <span class='ocrx_word' id='word_1_147' title='bbox 860 2164 1056 2233; x_wconf 81' lang='lat' dir='ltr'><strong>eripuit</strong></span> <span class='ocrx_word' id='word_1_148' title='bbox 1084 2164 1279 2235; x_wconf 87' lang='lat' dir='ltr'><strong>ipsum,</strong></span> <span class='ocrx_word' id='word_1_149' title='bbox 1311 2174 1366 2218; x_wconf 91' lang='lat' dir='ltr'><strong>et</strong></span> <span class='ocrx_word' id='word_1_150' title='bbox 1389 2165 1533 2236; x_wconf 90' lang='lat' dir='ltr'><strong>quod</strong></span> <span class='ocrx_word' id='word_1_151' title='bbox 1564 2165 1766 2221; x_wconf 84' lang='lat' dir='ltr'><strong>bestia-</strong></span> 
     </span>
    </p>
   </div>
   <div class='ocr_carea' id='block_1_20' title="bbox 152 2252 1765 2325">
    <p class='ocr_par' dir='ltr' id='par_1_20' title="bbox 152 2252 1765 2325">
     <span class='ocr_line' id='line_1_20' title="bbox 152 2252 1765 2325; baseline 0.006 -21"><span class='ocrx_word' id='word_1_152' title='bbox 152 2266 271 2304; x_wconf 86' lang='lat' dir='ltr'><strong>rum</strong></span> <span class='ocrx_word' id='word_1_153' title='bbox 302 2252 550 2307; x_wconf 86' lang='lat' dir='ltr'><strong>timorem</strong></span> <span class='ocrx_word' id='word_1_154' title='bbox 580 2254 821 2318; x_wconf 85' lang='lat' dir='ltr'><strong>immisit,</strong></span> <span class='ocrx_word' id='word_1_155' title='bbox 849 2264 905 2309; x_wconf 89' lang='lat' dir='ltr'><strong>et</strong></span> <span class='ocrx_word' id='word_1_156' title='bbox 930 2255 1132 2321; x_wconf 88' lang='lat' dir='ltr'><strong>omnia,</strong></span> <span class='ocrx_word' id='word_1_157' title='bbox 1161 2255 1206 2310; x_wconf 92' lang='lat' dir='ltr'><strong>si</strong></span> <span class='ocrx_word' id='word_1_158' title='bbox 1236 2255 1356 2325; x_wconf 85' lang='lat' dir='ltr'><strong>quis</strong></span> <span class='ocrx_word' id='word_1_159' title='bbox 1381 2256 1652 2312; x_wconf 80' lang='lat' dir='ltr'><strong>examinet</strong></span> <span class='ocrx_word' id='word_1_160' title='bbox 1677 2271 1765 2322; x_wconf 85' lang='lat' dir='ltr'><strong>ea,</strong></span> 
     </span>
    </p>
   </div>
   <div class='ocr_carea' id='block_1_21' title="bbox 153 2342 1767 2419">
    <p class='ocr_par' dir='ltr' id='par_1_21' title="bbox 153 2342 1767 2419">
     <span class='ocr_line' id='line_1_21' title="bbox 153 2342 1767 2419; baseline 0.006 -26"><span class='ocrx_word' id='word_1_161' title='bbox 153 2342 376 2396; x_wconf 87' lang='lat' dir='ltr'><strong>multam</strong></span> <span class='ocrx_word' id='word_1_162' title='bbox 400 2344 737 2414; x_wconf 82' lang='lat' dir='ltr'><strong>sapientiam,</strong></span> <span class='ocrx_word' id='word_1_163' title='bbox 760 2346 980 2400; x_wconf 91' lang='lat' dir='ltr'><strong>multam</strong></span> <span class='ocrx_word' id='word_1_164' title='bbox 1004 2346 1417 2417; x_wconf 82' lang='lat' dir='ltr'><strong>providentiam,</strong></span> <span class='ocrx_word' id='word_1_165' title='bbox 1435 2348 1767 2419; x_wconf 86' lang='lat' dir='ltr'><strong>multamque</strong></span> 
     </span>
    </p>
   </div>
   <div class='ocr_carea' id='block_1_22' title="bbox 151 2431 1768 2507">
    <p class='ocr_par' dir='ltr' id='par_1_22' title="bbox 151 2431 1768 2507">
     <span class='ocr_line' id='line_1_22' title="bbox 151 2431 1768 2507; baseline 0.006 -22"><span class='ocrx_word' id='word_1_166' title='bbox 151 2431 495 2489; x_wconf 80' lang='lat' dir='ltr'><strong>clementiam</strong></span> <span class='ocrx_word' id='word_1_167' title='bbox 536 2451 647 2507; x_wconf 62' lang='lat' dir='ltr'><strong>pra!</strong></span> <span class='ocrx_word' id='word_1_168' title='bbox 685 2452 746 2492; x_wconf 86' lang='lat' dir='ltr'><strong>se</strong></span> <span class='ocrx_word' id='word_1_169' title='bbox 777 2436 957 2492; x_wconf 89' lang='lat' dir='ltr'><strong>ferunt</strong></span> <span class='ocrx_word' id='word_1_170' title='bbox 1003 2456 1017 2491; x_wconf 92' lang='lat'><strong>:</strong></span> <span class='ocrx_word' id='word_1_171' title='bbox 1063 2454 1166 2505; x_wconf 87' lang='lat' dir='ltr'><strong>qua</strong></span> <span class='ocrx_word' id='word_1_172' title='bbox 1201 2438 1357 2494; x_wconf 89' lang='lat' dir='ltr'><strong>nobis</strong></span> <span class='ocrx_word' id='word_1_173' title='bbox 1384 2439 1637 2495; x_wconf 90' lang='lat' dir='ltr'><strong>omnibus</strong></span> <span class='ocrx_word' id='word_1_174' title='bbox 1664 2438 1768 2495; x_wconf 91' lang='lat' dir='ltr'><strong>frui</strong></span> 
     </span>
    </p>
   </div>
   <div class='ocr_carea' id='block_1_23' title="bbox 154 2528 1766 2601">
    <p class='ocr_par' dir='ltr' id='par_1_23' title="bbox 154 2528 1766 2601">
     <span class='ocr_line' id='line_1_23' title="bbox 154 2528 1766 2601; baseline 0.006 -24"><span class='ocrx_word' id='word_1_175' title='bbox 154 2535 420 2593; x_wconf 83' lang='lat' dir='ltr'><strong>perpetuo</strong></span> <span class='ocrx_word' id='word_1_176' title='bbox 455 2528 733 2597; x_wconf 82' lang='lat' dir='ltr'><strong>contingat</strong></span> <span class='ocrx_word' id='word_1_177' title='bbox 775 2528 827 2582; x_wconf 90' lang='lat' dir='ltr'><strong>in</strong></span> <span class='ocrx_word' id='word_1_178' title='bbox 874 2529 963 2585; x_wconf 90' lang='lat' dir='ltr'><strong>Dei</strong></span> <span class='ocrx_word' id='word_1_179' title='bbox 1002 2530 1226 2601; x_wconf 87' lang='lat' dir='ltr'><strong>gloriam</strong></span> <span class='ocrx_word' id='word_1_180' title='bbox 1252 2570 1269 2597; x_wconf 89' lang='lat'><strong>,</strong></span> <span class='ocrx_word' id='word_1_181' title='bbox 1301 2531 1392 2601; x_wconf 90' lang='lat' dir='ltr'><strong>qui</strong></span> <span class='ocrx_word' id='word_1_182' title='bbox 1432 2530 1549 2586; x_wconf 68' lang='lat' dir='ltr'><strong>hzec</strong></span> <span class='ocrx_word' id='word_1_183' title='bbox 1582 2532 1766 2586; x_wconf 86' lang='lat' dir='ltr'><strong>omnia</strong></span> 
     </span>
    </p>
   </div>
   <div class='ocr_carea' id='block_1_24' title="bbox 157 2614 1676 2689">
    <p class='ocr_par' dir='ltr' id='par_1_24' title="bbox 157 2614 1676 2689">
     <span class='ocr_line' id='line_1_24' title="bbox 157 2614 1676 2689; baseline 0.005 -22"><span class='ocrx_word' id='word_1_184' title='bbox 157 2614 384 2681; x_wconf 78' lang='lat' dir='ltr'><strong>perfecit</strong></span> <span class='ocrx_word' id='word_1_185' title='bbox 415 2632 429 2669; x_wconf 88' lang='lat'><strong>:</strong></span> <span class='ocrx_word' id='word_1_186' title='bbox 461 2616 559 2686; x_wconf 85' lang='lat' dir='ltr'><strong>ipsi</strong></span> <span class='ocrx_word' id='word_1_187' title='bbox 591 2619 761 2689; x_wconf 83' lang='lat' dir='ltr'><strong>gloria</strong></span> <span class='ocrx_word' id='word_1_188' title='bbox 796 2620 848 2673; x_wconf 92' lang='lat' dir='ltr'><strong>in</strong></span> <span class='ocrx_word' id='word_1_189' title='bbox 876 2620 1072 2674; x_wconf 71' lang='lat' dir='ltr'><strong>stecuIa</strong></span> <span class='ocrx_word' id='word_1_190' title='bbox 1103 2621 1444 2676; x_wconf 68' lang='lat' dir='ltr'><strong>smeulorum.</strong></span> <span class='ocrx_word' id='word_1_191' title='bbox 1482 2623 1676 2677; x_wconf 83' lang='lat' dir='ltr'><strong>Amen.</strong></span> 
     </span>
    </p>
   </div>
   <div class='ocr_carea' id='block_1_25' title="bbox 735 2772 1192 2847">
    <p class='ocr_par' dir='ltr' id='par_1_25' title="bbox 735 2772 1192 2847">
     <span class='ocr_line' id='line_1_25' title="bbox 735 2772 1192 2847; baseline 0.004 -21"><span class='ocrx_word' id='word_1_192' title='bbox 735 2772 969 2829; x_wconf 67' lang='lat' dir='ltr'><strong>sermo</strong></span> <span class='ocrx_word' id='word_1_193' title='bbox 997 2773 1062 2829; x_wconf 85' lang='lat' dir='ltr'><strong>Iv</strong></span> <span class='ocrx_word' id='word_1_194' title='bbox 1092 2774 1192 2847; x_wconf 91' lang='lat' dir='ltr'><strong>(a).</strong></span> 
     </span>
    </p>
   </div>
   <div class='ocr_carea' id='block_1_26' title="bbox 156 2899 1771 2979">
    <p class='ocr_par' dir='ltr' id='par_1_26' title="bbox 156 2899 1771 2979">
     <span class='ocr_line' id='line_1_26' title="bbox 156 2899 1771 2979; baseline 0.007 -25"><span class='ocrx_word' id='word_1_195' title='bbox 156 2899 309 2967; x_wconf 77' lang='lat' dir='ltr'><strong>Quod</strong></span> <span class='ocrx_word' id='word_1_196' title='bbox 363 2904 621 2959; x_wconf 73' lang='lat' dir='ltr'><strong>seruitutis</strong></span> <span class='ocrx_word' id='word_1_197' title='bbox 649 2906 826 2961; x_wconf 84' lang='lat' dir='ltr'><strong>modos</strong></span> <span class='ocrx_word' id='word_1_198' title='bbox 873 2917 973 2961; x_wconf 87' lang='lat' dir='ltr'><strong>tres</strong></span> <span class='ocrx_word' id='word_1_199' title='bbox 1017 2907 1281 2963; x_wconf 74' lang='lat' dir='ltr'><strong>induxerit</strong></span> <span class='ocrx_word' id='word_1_200' title='bbox 1312 2920 1573 2979; x_wconf 80' lang='lat' dir='ltr'><strong>peccatum</strong></span> <span class='ocrx_word' id='word_1_201' title='bbox 1600 2926 1619 2965; x_wconf 91' lang='lat'><strong><em>:</em></strong></span> <span class='ocrx_word' id='word_1_202' title='bbox 1648 2913 1771 2966; x_wconf 88' lang='lat' dir='ltr'><strong>etin</strong></span> 
     </span>
    </p>
   </div>
   <div class='ocr_carea' id='block_1_27' title="bbox 224 2995 1767 3072">
    <p class='ocr_par' dir='ltr' id='par_1_27' title="bbox 224 2995 1767 3072">
     <span class='ocr_line' id='line_1_27' title="bbox 224 2995 1767 3072; baseline 0.006 -25"><span class='ocrx_word' id='word_1_203' title='bbox 224 2995 541 3066; x_wconf 80' lang='lat' dir='ltr'><strong>negligentes</strong></span> <span class='ocrx_word' id='word_1_204' title='bbox 570 2998 831 3052; x_wconf 78' lang='lat' dir='ltr'><strong>auditores</strong></span> <span class='ocrx_word' id='word_1_205' title='bbox 850 3039 863 3060; x_wconf 90' lang='lat'><strong>,</strong></span> <span class='ocrx_word' id='word_1_206' title='bbox 897 3016 1082 3067; x_wconf 82' lang='lat' dir='ltr'><strong>eosque</strong></span> <span class='ocrx_word' id='word_1_207' title='bbox 1128 3002 1217 3071; x_wconf 87' lang='lat' dir='ltr'><strong>qui</strong></span> <span class='ocrx_word' id='word_1_208' title='bbox 1251 3014 1487 3072; x_wconf 83' lang='lat' dir='ltr'><strong>parentes</strong></span> <span class='ocrx_word' id='word_1_209' title='bbox 1534 3021 1638 3057; x_wconf 88' lang='lat' dir='ltr'><strong>non</strong></span> <span class='ocrx_word' id='word_1_210' title='bbox 1667 3006 1767 3057; x_wconf 84' lang='lat' dir='ltr'><strong>ho-</strong></span> 
     </span>
    </p>
   </div>
   <div class='ocr_carea' id='block_1_28' title="bbox 223 3099 433 3141">
    <p class='ocr_par' dir='ltr' id='par_1_28' title="bbox 223 3099 433 3141">
     <span class='ocr_line' id='line_1_28' title="bbox 223 3099 433 3141; baseline 0.005 -1"><span class='ocrx_word' id='word_1_211' title='bbox 223 3099 433 3141; x_wconf 81' lang='lat' dir='ltr'><strong>norant.</strong></span> 
     </span>
    </p>
   </div>
   <div class='ocr_carea' id='block_1_29' title="bbox 224 3218 1771 3301">
    <p class='ocr_par' dir='ltr' id='par_1_29' title="bbox 224 3218 1771 3301">
     <span class='ocr_line' id='line_1_29' title="bbox 224 3218 1771 3301; baseline 0.01 -28"><span class='ocrx_word' id='word_1_212' title='bbox 224 3221 250 3274; x_wconf 89' lang='grc'><strong>1</strong></span> <span class='ocrx_word' id='word_1_213' title='bbox 265 3260 280 3275; x_wconf 91' lang='grc'><strong>.</strong></span> <span class='ocrx_word' id='word_1_214' title='bbox 310 3218 523 3277; x_wconf 75' lang='lat' dir='ltr'><strong>Honore</strong></span> <span class='ocrx_word' id='word_1_215' title='bbox 543 3224 694 3293; x_wconf 62' lang='lat' dir='ltr'><strong>aﬂicit</strong></span> <span class='ocrx_word' id='word_1_216' title='bbox 714 3225 944 3282; x_wconf 87' lang='lat' dir='ltr'><strong>subditos</strong></span> <span class='ocrx_word' id='word_1_217' title='bbox 962 3244 1082 3283; x_wconf 83' lang='lat' dir='ltr'><strong>suos</strong></span> <span class='ocrx_word' id='word_1_218' title='bbox 1115 3228 1273 3297; x_wconf 86' lang='lat' dir='ltr'><strong>Deus,</strong></span> <span class='ocrx_word' id='word_1_219' title='bbox 1294 3232 1644 3301; x_wconf 79' lang='lat' dir='ltr'><strong>quomodo.-—</strong></span> <span class='ocrx_word' id='word_1_220' title='bbox 1663 3236 1771 3289; x_wconf 83' lang='lat' dir='ltr'><strong>Au-</strong></span> 
     </span>
    </p>
   </div>
   <div class='ocr_carea' id='block_1_30' title="bbox 149 3309 1769 3386">
    <p class='ocr_par' dir='ltr' id='par_1_30' title="bbox 149 3309 1769 3386">
     <span class='ocr_line' id='line_1_30' title="bbox 149 3309 1769 3386; baseline 0.011 -23"><span class='ocrx_word' id='word_1_221' title='bbox 149 3309 368 3366; x_wconf 89' lang='lat' dir='ltr'><strong>divistis</strong></span> <span class='ocrx_word' id='word_1_222' title='bbox 406 3311 523 3369; x_wconf 87' lang='lat' dir='ltr'><strong>heri</strong></span> <span class='ocrx_word' id='word_1_223' title='bbox 551 3355 566 3379; x_wconf 92' lang='lat'><strong>,</strong></span> <span class='ocrx_word' id='word_1_224' title='bbox 609 3330 717 3385; x_wconf 90' lang='lat' dir='ltr'><strong>quo</strong></span> <span class='ocrx_word' id='word_1_225' title='bbox 763 3326 921 3386; x_wconf 90' lang='lat' dir='ltr'><strong>pacto</strong></span> <span class='ocrx_word' id='word_1_226' title='bbox 953 3319 1095 3376; x_wconf 89' lang='lat' dir='ltr'><strong>Deus</strong></span> <span class='ocrx_word' id='word_1_227' title='bbox 1146 3321 1417 3377; x_wconf 85' lang='lat' dir='ltr'><strong>hominem</strong></span> <span class='ocrx_word' id='word_1_228' title='bbox 1473 3324 1769 3381; x_wconf 87' lang='lat' dir='ltr'><strong>bestiarum</strong></span> 
     </span>
    </p>
   </div>
   <div class='ocr_carea' id='block_1_31' title="bbox 149 3406 1773 3485">
    <p class='ocr_par' dir='ltr' id='par_1_31' title="bbox 149 3406 1773 3485">
     <span class='ocr_line' id='line_1_31' title="bbox 149 3406 1773 3485; baseline 0.012 -29"><span class='ocrx_word' id='word_1_229' title='bbox 149 3417 338 3473; x_wconf 89' lang='lat' dir='ltr'><strong>regem</strong></span> <span class='ocrx_word' id='word_1_230' title='bbox 370 3418 433 3460; x_wconf 88' lang='lat' dir='ltr'><strong>ac</strong></span> <span class='ocrx_word' id='word_1_231' title='bbox 462 3406 760 3477; x_wconf 89' lang='lat' dir='ltr'><strong>principem</strong></span> <span class='ocrx_word' id='word_1_232' title='bbox 781 3411 1147 3480; x_wconf 88' lang='lat' dir='ltr'><strong>constituerit,</strong></span> <span class='ocrx_word' id='word_1_233' title='bbox 1166 3430 1272 3483; x_wconf 89' lang='lat' dir='ltr'><strong>quo</strong></span> <span class='ocrx_word' id='word_1_234' title='bbox 1291 3426 1447 3485; x_wconf 89' lang='lat' dir='ltr'><strong>pacto</strong></span> <span class='ocrx_word' id='word_1_235' title='bbox 1478 3418 1603 3473; x_wconf 87' lang='lat' dir='ltr'><strong>item</strong></span> <span class='ocrx_word' id='word_1_236' title='bbox 1635 3434 1773 3474; x_wconf 86' lang='lat' dir='ltr'><strong>con-</strong></span> 
     </span>
    </p>
   </div>
   <div class='ocr_carea' id='block_1_32' title="bbox 150 3494 1767 3578">
    <p class='ocr_par' dir='ltr' id='par_1_32' title="bbox 150 3494 1767 3578">
     <span class='ocr_line' id='line_1_32' title="bbox 150 3494 1767 3578; baseline 0.012 -29"><span class='ocrx_word' id='word_1_237' title='bbox 150 3494 335 3551; x_wconf 83' lang='lat' dir='ltr'><strong>festim</strong></span> <span class='ocrx_word' id='word_1_238' title='bbox 363 3512 396 3552; x_wconf 91' lang='lat' dir='ltr'><strong>e</strong></span> <span class='ocrx_word' id='word_1_239' title='bbox 434 3513 604 3571; x_wconf 77' lang='lat' dir='ltr'><strong>regno</strong></span> <span class='ocrx_word' id='word_1_240' title='bbox 648 3501 797 3557; x_wconf 90' lang='lat' dir='ltr'><strong>illum</strong></span> <span class='ocrx_word' id='word_1_241' title='bbox 841 3503 1095 3574; x_wconf 85' lang='lat' dir='ltr'><strong>eiecerit;</strong></span> <span class='ocrx_word' id='word_1_242' title='bbox 1127 3508 1211 3562; x_wconf 88' lang='lat' dir='ltr'><strong>vel</strong></span> <span class='ocrx_word' id='word_1_243' title='bbox 1242 3510 1422 3577; x_wconf 83' lang='lat' dir='ltr'><strong>potius</strong></span> <span class='ocrx_word' id='word_1_244' title='bbox 1447 3526 1555 3564; x_wconf 89' lang='lat' dir='ltr'><strong>non</strong></span> <span class='ocrx_word' id='word_1_245' title='bbox 1586 3511 1729 3567; x_wconf 88' lang='lat' dir='ltr'><strong>Deus</strong></span> <span class='ocrx_word' id='word_1_246' title='bbox 1752 3554 1767 3578; x_wconf 88' lang='lat'><strong>,</strong></span> 
     </span>
    </p>
   </div>
   <div class='ocr_carea' id='block_1_33' title="bbox 147 3587 1768 3671">
    <p class='ocr_par' dir='ltr' id='par_1_33' title="bbox 147 3587 1768 3671">
     <span class='ocr_line' id='line_1_33' title="bbox 147 3587 1768 3671; baseline 0.009 -28"><span class='ocrx_word' id='word_1_247' title='bbox 147 3587 247 3644; x_wconf 88' lang='lat' dir='ltr'><strong>sed</strong></span> <span class='ocrx_word' id='word_1_248' title='bbox 271 3589 389 3659; x_wconf 82' lang='lat' dir='ltr'><strong>ipse</strong></span> <span class='ocrx_word' id='word_1_249' title='bbox 415 3605 512 3660; x_wconf 90' lang='lat' dir='ltr'><strong>per</strong></span> <span class='ocrx_word' id='word_1_250' title='bbox 541 3592 960 3651; x_wconf 88' lang='lat' dir='ltr'><strong>inobedientiam</strong></span> <span class='ocrx_word' id='word_1_251' title='bbox 988 3596 1195 3654; x_wconf 86' lang='lat' dir='ltr'><strong>honore</strong></span> <span class='ocrx_word' id='word_1_252' title='bbox 1224 3601 1461 3671; x_wconf 87' lang='lat' dir='ltr'><strong>seipsum</strong></span> <span class='ocrx_word' id='word_1_253' title='bbox 1484 3601 1768 3659; x_wconf 85' lang='lat' dir='ltr'><strong>abdicarit.</strong></span> 
     </span>
    </p>
   </div>
   <div class='ocr_carea' id='block_1_34' title="bbox 145 3678 1762 3758">
    <p class='ocr_par' dir='ltr' id='par_1_34' title="bbox 145 3678 1762 3758">
     <span class='ocr_line' id='line_1_34' title="bbox 145 3678 1762 3758; baseline 0.011 -24"><span class='ocrx_word' id='word_1_254' title='bbox 145 3678 286 3736; x_wconf 84' lang='lat' dir='ltr'><strong>Nam</strong></span> <span class='ocrx_word' id='word_1_255' title='bbox 326 3682 468 3751; x_wconf 87' lang='lat' dir='ltr'><strong>quod</strong></span> <span class='ocrx_word' id='word_1_256' title='bbox 511 3685 586 3739; x_wconf 89' lang='lat' dir='ltr'><strong>illi</strong></span> <span class='ocrx_word' id='word_1_257' title='bbox 619 3701 842 3755; x_wconf 86' lang='lat' dir='ltr'><strong>regnum</strong></span> <span class='ocrx_word' id='word_1_258' title='bbox 871 3687 1158 3758; x_wconf 80' lang='lat' dir='ltr'><strong>obtigerit,</strong></span> <span class='ocrx_word' id='word_1_259' title='bbox 1191 3691 1391 3748; x_wconf 73' lang='lat' dir='ltr'><strong>divina:</strong></span> <span class='ocrx_word' id='word_1_260' title='bbox 1438 3694 1608 3749; x_wconf 83' lang='lat' dir='ltr'><strong>solius</strong></span> <span class='ocrx_word' id='word_1_261' title='bbox 1661 3695 1762 3751; x_wconf 89' lang='lat' dir='ltr'><strong>fuit</strong></span> 
     </span>
    </p>
   </div>
   <div class='ocr_carea' id='block_1_35' title="bbox 146 3773 1772 3849">
    <p class='ocr_par' dir='ltr' id='par_1_35' title="bbox 146 3773 1772 3849">
     <span class='ocr_line' id='line_1_35' title="bbox 146 3773 1772 3849; baseline 0.008 -19"><span class='ocrx_word' id='word_1_262' title='bbox 146 3773 524 3844; x_wconf 85' lang='lat' dir='ltr'><strong>benignitatis.</strong></span> <span class='ocrx_word' id='word_1_263' title='bbox 566 3777 751 3849; x_wconf 80' lang='lat' dir='ltr'><strong>Neque</strong></span> <span class='ocrx_word' id='word_1_264' title='bbox 776 3781 919 3834; x_wconf 90' lang='lat' dir='ltr'><strong>enim</strong></span> <span class='ocrx_word' id='word_1_265' title='bbox 953 3780 1092 3835; x_wconf 90' lang='lat' dir='ltr'><strong>hanc</strong></span> <span class='ocrx_word' id='word_1_266' title='bbox 1124 3782 1198 3837; x_wconf 92' lang='lat' dir='ltr'><strong>illi</strong></span> <span class='ocrx_word' id='word_1_267' title='bbox 1231 3785 1536 3841; x_wconf 85' lang='lat' dir='ltr'><strong>mercedem</strong></span> <span class='ocrx_word' id='word_1_268' title='bbox 1584 3786 1772 3843; x_wconf 88' lang='lat' dir='ltr'><strong>tribuit</strong></span> 
     </span>
    </p>
   </div>
   <div class='ocr_carea' id='block_1_36' title="bbox 145 3865 1767 3944">
    <p class='ocr_par' dir='ltr' id='par_1_36' title="bbox 145 3865 1767 3944">
     <span class='ocr_line' id='line_1_36' title="bbox 145 3865 1767 3944; baseline 0.008 -24"><span class='ocrx_word' id='word_1_269' title='bbox 145 3875 304 3921; x_wconf 89' lang='lat' dir='ltr'><strong>recte</strong></span> <span class='ocrx_word' id='word_1_270' title='bbox 348 3865 645 3933; x_wconf 81' lang='lat' dir='ltr'><strong>factorum,</strong></span> <span class='ocrx_word' id='word_1_271' title='bbox 678 3870 774 3925; x_wconf 73' lang='lat' dir='ltr'><strong>sed</strong></span> <span class='ocrx_word' id='word_1_272' title='bbox 815 3874 1207 3944; x_wconf 81' lang='lat' dir='ltr'><strong>etpriusquam</strong></span> <span class='ocrx_word' id='word_1_273' title='bbox 1258 3885 1433 3942; x_wconf 90' lang='lat' dir='ltr'><strong>esset,</strong></span> <span class='ocrx_word' id='word_1_274' title='bbox 1467 3876 1570 3931; x_wconf 92' lang='lat' dir='ltr'><strong>hoc</strong></span> <span class='ocrx_word' id='word_1_275' title='bbox 1617 3878 1767 3933; x_wconf 91' lang='lat' dir='ltr'><strong>illum</strong></span> 
     </span>
    </p>
   </div>
   <div class='ocr_carea' id='block_1_37' title="bbox 148 3956 1771 4039">
    <p class='ocr_par' dir='ltr' id='par_1_37' title="bbox 148 3956 1771 4039">
     <span class='ocr_line' id='line_1_37' title="bbox 148 3956 1771 4039; baseline 0.009 -29"><span class='ocrx_word' id='word_1_276' title='bbox 148 3956 363 4014; x_wconf 87' lang='lat' dir='ltr'><strong>honore</strong></span> <span class='ocrx_word' id='word_1_277' title='bbox 383 3958 683 4015; x_wconf 86' lang='lat' dir='ltr'><strong>decoravit.</strong></span> <span class='ocrx_word' id='word_1_278' title='bbox 722 3967 792 4017; x_wconf 81' lang='lat' dir='ltr'><strong>At</strong></span> <span class='ocrx_word' id='word_1_279' title='bbox 822 3979 891 4019; x_wconf 91' lang='lat' dir='ltr'><strong>ne</strong></span> <span class='ocrx_word' id='word_1_280' title='bbox 913 3963 1126 4021; x_wconf 88' lang='lat' dir='ltr'><strong>diceres</strong></span> <span class='ocrx_word' id='word_1_281' title='bbox 1157 3966 1429 4022; x_wconf 87' lang='lat' dir='ltr'><strong>hominem</strong></span> <span class='ocrx_word' id='word_1_282' title='bbox 1454 3979 1639 4039; x_wconf 67' lang='lat' dir='ltr'><strong>postea</strong></span> <span class='ocrx_word' id='word_1_283' title='bbox 1671 3987 1771 4026; x_wconf 81' lang='lat' dir='ltr'><strong>na-</strong></span> 
     </span>
    </p>
   </div>
   <div class='ocr_carea' id='block_1_38' title="bbox 148 4047 1769 4123">
    <p class='ocr_par' dir='ltr' id='par_1_38' title="bbox 148 4047 1769 4123">
     <span class='ocr_line' id='line_1_38' title="bbox 148 4047 1769 4123; baseline 0.01 -22"><span class='ocrx_word' id='word_1_284' title='bbox 148 4057 266 4102; x_wconf 87' lang='lat' dir='ltr'><strong>tum</strong></span> <span class='ocrx_word' id='word_1_285' title='bbox 290 4089 305 4112; x_wconf 91' lang='lat'><strong>,</strong></span> <span class='ocrx_word' id='word_1_286' title='bbox 337 4047 534 4105; x_wconf 87' lang='lat' dir='ltr'><strong>deinde</strong></span> <span class='ocrx_word' id='word_1_287' title='bbox 566 4052 753 4107; x_wconf 90' lang='lat' dir='ltr'><strong>multis</strong></span> <span class='ocrx_word' id='word_1_288' title='bbox 781 4054 942 4108; x_wconf 83' lang='lat' dir='ltr'><strong>editis</strong></span> <span class='ocrx_word' id='word_1_289' title='bbox 995 4056 1274 4123; x_wconf 71' lang='lat' dir='ltr'><strong>praeclaris</strong></span> <span class='ocrx_word' id='word_1_290' title='bbox 1326 4059 1656 4116; x_wconf 80' lang='lat' dir='ltr'><strong>facinoribus</strong></span> <span class='ocrx_word' id='word_1_291' title='bbox 1696 4063 1769 4117; x_wconf 86' lang='lat' dir='ltr'><strong>ita</strong></span> 
     </span>
    </p>
   </div>
   <div class='ocr_carea' id='block_1_39' title="bbox 148 4137 1769 4216">
    <p class='ocr_par' dir='ltr' id='par_1_39' title="bbox 148 4137 1769 4216">
     <span class='ocr_line' id='line_1_39' title="bbox 148 4137 1769 4216; baseline 0.01 -23"><span class='ocrx_word' id='word_1_292' title='bbox 148 4137 323 4194; x_wconf 86' lang='lat' dir='ltr'><strong>Deum</strong></span> <span class='ocrx_word' id='word_1_293' title='bbox 353 4139 454 4194; x_wconf 87' lang='lat' dir='ltr'><strong>sibi</strong></span> <span class='ocrx_word' id='word_1_294' title='bbox 500 4142 820 4199; x_wconf 85' lang='lat' dir='ltr'><strong>conciliasse</strong></span> <span class='ocrx_word' id='word_1_295' title='bbox 842 4185 861 4209; x_wconf 87' lang='lat'><strong>,</strong></span> <span class='ocrx_word' id='word_1_296' title='bbox 890 4153 949 4200; x_wconf 93' lang='lat' dir='ltr'><strong>ut</strong></span> <span class='ocrx_word' id='word_1_297' title='bbox 973 4147 1041 4201; x_wconf 92' lang='lat' dir='ltr'><strong>ab</strong></span> <span class='ocrx_word' id='word_1_298' title='bbox 1067 4162 1134 4203; x_wconf 91' lang='lat' dir='ltr'><strong>eo</strong></span> <span class='ocrx_word' id='word_1_299' title='bbox 1161 4148 1445 4216; x_wconf 89' lang='lat' dir='ltr'><strong>imperium</strong></span> <span class='ocrx_word' id='word_1_300' title='bbox 1478 4152 1528 4205; x_wconf 91' lang='lat' dir='ltr'><strong>in</strong></span> <span class='ocrx_word' id='word_1_301' title='bbox 1563 4151 1769 4209; x_wconf 86' lang='lat' dir='ltr'><strong>belluas</strong></span> 
     </span>
    </p>
   </div>
   <div class='ocr_carea' id='block_1_40' title="bbox 145 4230 1773 4312">
    <p class='ocr_par' dir='ltr' id='par_1_40' title="bbox 145 4230 1773 4312">
     <span class='ocr_line' id='line_1_40' title="bbox 145 4230 1773 4312; baseline 0.01 -28"><span class='ocrx_word' id='word_1_302' title='bbox 145 4230 446 4297; x_wconf 85' lang='lat' dir='ltr'><strong>obtineret,</strong></span> <span class='ocrx_word' id='word_1_303' title='bbox 480 4249 603 4288; x_wconf 90' lang='lat' dir='ltr'><strong>cum</strong></span> <span class='ocrx_word' id='word_1_304' title='bbox 651 4234 979 4293; x_wconf 90' lang='lat' dir='ltr'><strong>formaturus</strong></span> <span class='ocrx_word' id='word_1_305' title='bbox 1008 4254 1132 4293; x_wconf 91' lang='lat' dir='ltr'><strong>eum</strong></span> <span class='ocrx_word' id='word_1_306' title='bbox 1160 4249 1337 4302; x_wconf 85' lang='lat' dir='ltr'><strong>esset.</strong></span> <span class='ocrx_word' id='word_1_307' title='bbox 1381 4241 1449 4297; x_wconf 87' lang='lat' dir='ltr'><strong>de</strong></span> <span class='ocrx_word' id='word_1_308' title='bbox 1478 4243 1646 4312; x_wconf 83' lang='lat' dir='ltr'><strong>ipsius</strong></span> <span class='ocrx_word' id='word_1_309' title='bbox 1672 4246 1773 4299; x_wconf 86' lang='lat' dir='ltr'><strong>im—</strong></span> 
     </span>
    </p>
   </div>
   <div class='ocr_carea' id='block_1_41' title="bbox 146 4324 1772 4392">
    <p class='ocr_par' dir='ltr' id='par_1_41' title="bbox 146 4324 1772 4392">
     <span class='ocr_line' id='line_1_41' title="bbox 146 4324 1772 4392; baseline 0.009 -14"><span class='ocrx_word' id='word_1_310' title='bbox 146 4324 310 4392; x_wconf 84' lang='lat' dir='ltr'><strong>perio</strong></span> <span class='ocrx_word' id='word_1_311' title='bbox 338 4324 501 4380; x_wconf 85' lang='lat' dir='ltr'><strong>verba</strong></span> <span class='ocrx_word' id='word_1_312' title='bbox 554 4326 677 4381; x_wconf 83' lang='lat' dir='ltr'><strong>facit</strong></span> <span class='ocrx_word' id='word_1_313' title='bbox 713 4328 786 4383; x_wconf 91' lang='lat' dir='ltr'><strong>ita</strong></span> <span class='ocrx_word' id='word_1_314' title='bbox 818 4329 1005 4385; x_wconf 90' lang='lat' dir='ltr'><strong>dicens</strong></span> <span class='ocrx_word' id='word_1_315' title='bbox 1036 4347 1050 4384; x_wconf 85' lang='lat'><strong>:</strong></span> <span class='ocrx_word' id='word_1_316' title='bbox 1080 4329 1362 4390; x_wconf 82' lang='lat' dir='ltr'><strong>Faciamus</strong></span> <span class='ocrx_word' id='word_1_317' title='bbox 1402 4335 1656 4390; x_wconf 76' lang='lat' dir='ltr'><strong>hominem</strong></span> <span class='ocrx_word' id='word_1_318' title='bbox 1702 4338 1772 4392; x_wconf 86' lang='lat' dir='ltr'><strong>ad</strong></span> 
     </span>
    </p>
   </div>
   <div class='ocr_carea' id='block_1_42' title="bbox 143 4415 1768 4489">
    <p class='ocr_par' dir='ltr' id='par_1_42' title="bbox 143 4415 1768 4489">
     <span class='ocr_line' id='line_1_42' title="bbox 143 4415 1768 4489; baseline 0.01 -22"><span class='ocrx_word' id='word_1_319' title='bbox 143 4415 430 4487; x_wconf 69' lang='lat' dir='ltr'><strong>imaginem</strong></span> <span class='ocrx_word' id='word_1_320' title='bbox 470 4426 519 4471; x_wconf 90' lang='lat' dir='ltr'><strong>et</strong></span> <span class='ocrx_word' id='word_1_321' title='bbox 549 4418 932 4475; x_wconf 82' lang='lat' dir='ltr'><strong>similitudinem</strong></span> <span class='ocrx_word' id='word_1_322' title='bbox 962 4432 1186 4477; x_wconf 89' lang='lat' dir='ltr'><strong>nostram</strong></span> <span class='ocrx_word' id='word_1_323' title='bbox 1210 4466 1225 4489; x_wconf 89' lang='lat'><strong>,</strong></span> <span class='ocrx_word' id='word_1_324' title='bbox 1250 4434 1299 4478; x_wconf 93' lang='lat' dir='ltr'><strong>et</strong></span> <span class='ocrx_word' id='word_1_325' title='bbox 1336 4425 1630 4481; x_wconf 73' lang='lat' dir='ltr'><strong>dominetur</strong></span> <span class='ocrx_word' id='word_1_326' title='bbox 1686 4430 1768 4483; x_wconf 81' lang='lat' dir='ltr'><strong>bc-</strong></span> 
     </span>
    </p>
   </div>
   <div class='ocr_carea' id='block_1_43' title="bbox 144 4511 1773 4585">
    <p class='ocr_par' dir='ltr' id='par_1_43' title="bbox 144 4511 1773 4585">
     <span class='ocr_line' id='line_1_43' title="bbox 144 4511 1773 4585; baseline 0.008 -20"><span class='ocrx_word' id='word_1_327' title='bbox 144 4512 264 4567; x_wconf 86' lang='lat' dir='ltr'><strong>stiis</strong></span> <span class='ocrx_word' id='word_1_328' title='bbox 291 4520 443 4567; x_wconf 65' lang='lat' dir='ltr'><strong>terra</strong></span> <span class='ocrx_word' id='word_1_329' title='bbox 468 4511 622 4582; x_wconf 82' lang='lat' dir='ltr'><strong>(Gen.</strong></span> <span class='ocrx_word' id='word_1_330' title='bbox 652 4515 702 4568; x_wconf 86' lang='lat' dir='ltr'><strong>l.</strong></span> <span class='ocrx_word' id='word_1_331' title='bbox 734 4514 853 4585; x_wconf 75' lang='lat'><strong>26).</strong></span> <span class='ocrx_word' id='word_1_332' title='bbox 888 4519 1028 4572; x_wconf 80' lang='lat' dir='ltr'><strong>Ante</strong></span> <span class='ocrx_word' id='word_1_333' title='bbox 1054 4518 1219 4573; x_wconf 89' lang='lat' dir='ltr'><strong>vitam</strong></span> <span class='ocrx_word' id='word_1_334' title='bbox 1248 4519 1441 4584; x_wconf 88' lang='lat' dir='ltr'><strong>honor,</strong></span> <span class='ocrx_word' id='word_1_335' title='bbox 1472 4530 1597 4576; x_wconf 89' lang='lat' dir='ltr'><strong>ante</strong></span> <span class='ocrx_word' id='word_1_336' title='bbox 1617 4537 1773 4577; x_wconf 78' lang='lat' dir='ltr'><strong>crea-</strong></span> 
     </span>
    </p>
   </div>
   <div class='ocr_carea' id='block_1_44' title="bbox 145 4602 1769 4680">
    <p class='ocr_par' dir='ltr' id='par_1_44' title="bbox 145 4602 1769 4680">
     <span class='ocr_line' id='line_1_44' title="bbox 145 4602 1769 4680; baseline 0.006 -22"><span class='ocrx_word' id='word_1_337' title='bbox 145 4602 360 4658; x_wconf 85' lang='lat' dir='ltr'><strong>tionem</strong></span> <span class='ocrx_word' id='word_1_338' title='bbox 405 4617 604 4659; x_wconf 90' lang='lat' dir='ltr'><strong>corona</strong></span> <span class='ocrx_word' id='word_1_339' title='bbox 624 4646 640 4670; x_wconf 93' lang='lat'><strong>,</strong></span> <span class='ocrx_word' id='word_1_340' title='bbox 668 4614 724 4660; x_wconf 91' lang='lat' dir='ltr'><strong>et</strong></span> <span class='ocrx_word' id='word_1_341' title='bbox 749 4615 1038 4677; x_wconf 85' lang='lat' dir='ltr'><strong>antequam</strong></span> <span class='ocrx_word' id='word_1_342' title='bbox 1067 4608 1159 4663; x_wconf 85' lang='lat' dir='ltr'><strong>fiat</strong></span> <span class='ocrx_word' id='word_1_343' title='bbox 1179 4650 1192 4673; x_wconf 88' lang='lat'><strong>,</strong></span> <span class='ocrx_word' id='word_1_344' title='bbox 1220 4609 1288 4664; x_wconf 92' lang='lat' dir='ltr'><strong>ad</strong></span> <span class='ocrx_word' id='word_1_345' title='bbox 1321 4611 1528 4680; x_wconf 88' lang='lat' dir='ltr'><strong>regium</strong></span> <span class='ocrx_word' id='word_1_346' title='bbox 1572 4611 1769 4667; x_wconf 90' lang='lat' dir='ltr'><strong>solium</strong></span> 
     </span>
    </p>
   </div>
   <div class='ocr_carea' id='block_1_45' title="bbox 145 4693 1769 4761">
    <p class='ocr_par' dir='ltr' id='par_1_45' title="bbox 145 4693 1769 4761">
     <span class='ocr_line' id='line_1_45' title="bbox 145 4693 1769 4761; baseline 0.007 -11"><span class='ocrx_word' id='word_1_347' title='bbox 145 4693 423 4751; x_wconf 76' lang='lat' dir='ltr'><strong>evehitur.</strong></span> <span class='ocrx_word' id='word_1_348' title='bbox 459 4695 671 4752; x_wconf 84' lang='lat' dir='ltr'><strong>Etenim</strong></span> <span class='ocrx_word' id='word_1_349' title='bbox 699 4696 951 4755; x_wconf 87' lang='lat' dir='ltr'><strong>homines</strong></span> <span class='ocrx_word' id='word_1_350' title='bbox 991 4700 1237 4757; x_wconf 88' lang='lat' dir='ltr'><strong>subditos</strong></span> <span class='ocrx_word' id='word_1_351' title='bbox 1280 4716 1412 4759; x_wconf 85' lang='lat' dir='ltr'><strong>suos</strong></span> <span class='ocrx_word' id='word_1_352' title='bbox 1441 4706 1494 4759; x_wconf 90' lang='lat' dir='ltr'><strong>in</strong></span> <span class='ocrx_word' id='word_1_353' title='bbox 1526 4715 1769 4761; x_wconf 86' lang='lat' dir='ltr'><strong>extrema</strong></span> 
     </span>
    </p>
   </div>
   <div class='ocr_carea' id='block_1_46' title="bbox 145 4791 1767 4866">
    <p class='ocr_par' dir='ltr' id='par_1_46' title="bbox 145 4791 1767 4866">
     <span class='ocr_line' id='line_1_46' title="bbox 145 4791 1767 4866; baseline 0.008 -25"><span class='ocrx_word' id='word_1_354' title='bbox 145 4795 437 4843; x_wconf 86' lang='lat' dir='ltr'><strong>senectute</strong></span> <span class='ocrx_word' id='word_1_355' title='bbox 491 4799 614 4857; x_wconf 88' lang='lat' dir='ltr'><strong>post</strong></span> <span class='ocrx_word' id='word_1_356' title='bbox 656 4791 859 4847; x_wconf 87' lang='lat' dir='ltr'><strong>multos</strong></span> <span class='ocrx_word' id='word_1_357' title='bbox 910 4792 1126 4849; x_wconf 87' lang='lat' dir='ltr'><strong>labores</strong></span> <span class='ocrx_word' id='word_1_358' title='bbox 1164 4806 1219 4849; x_wconf 87' lang='lat' dir='ltr'><strong>et</strong></span> <span class='ocrx_word' id='word_1_359' title='bbox 1246 4794 1452 4851; x_wconf 82' lang='lat' dir='ltr'><strong>infinita</strong></span> <span class='ocrx_word' id='word_1_360' title='bbox 1484 4798 1722 4866; x_wconf 88' lang='lat' dir='ltr'><strong>pericula</strong></span> <span class='ocrx_word' id='word_1_361' title='bbox 1751 4842 1767 4865; x_wconf 86' lang='lat'><strong>,</strong></span> 
     </span>
    </p>
   </div>
   <div class='ocr_carea' id='block_1_47' title="bbox 144 4879 1773 4952">
    <p class='ocr_par' dir='ltr' id='par_1_47' title="bbox 144 4879 1773 4952">
     <span class='ocr_line' id='line_1_47' title="bbox 144 4879 1773 4952; baseline 0.009 -20"><span class='ocrx_word' id='word_1_362' title='bbox 144 4894 275 4933; x_wconf 89' lang='lat' dir='ltr'><strong>cum</strong></span> <span class='ocrx_word' id='word_1_363' title='bbox 308 4879 363 4934; x_wconf 93' lang='lat' dir='ltr'><strong>in</strong></span> <span class='ocrx_word' id='word_1_364' title='bbox 410 4895 541 4951; x_wconf 90' lang='lat' dir='ltr'><strong>pace</strong></span> <span class='ocrx_word' id='word_1_365' title='bbox 568 4890 682 4937; x_wconf 90' lang='lat' dir='ltr'><strong>tum</strong></span> <span class='ocrx_word' id='word_1_366' title='bbox 710 4884 763 4940; x_wconf 92' lang='lat' dir='ltr'><strong>in</strong></span> <span class='ocrx_word' id='word_1_367' title='bbox 798 4884 985 4952; x_wconf 89' lang='lat' dir='ltr'><strong>bellis,</strong></span> <span class='ocrx_word' id='word_1_368' title='bbox 1015 4895 1125 4942; x_wconf 93' lang='lat' dir='ltr'><strong>tum</strong></span> <span class='ocrx_word' id='word_1_369' title='bbox 1153 4886 1373 4945; x_wconf 91' lang='lat' dir='ltr'><strong>demum</strong></span> <span class='ocrx_word' id='word_1_370' title='bbox 1416 4889 1622 4947; x_wconf 88' lang='lat' dir='ltr'><strong>honore</strong></span> <span class='ocrx_word' id='word_1_371' title='bbox 1651 4893 1773 4947; x_wconf 84' lang='lat' dir='ltr'><strong>afli-</strong></span> 
     </span>
    </p>
   </div>
   <div class='ocr_carea' id='block_1_48' title="bbox 145 4971 1770 5053">
    <p class='ocr_par' dir='ltr' id='par_1_48' title="bbox 145 4971 1770 5053">
     <span class='ocr_line' id='line_1_48' title="bbox 145 4971 1770 5053; baseline 0.009 -27"><span class='ocrx_word' id='word_1_372' title='bbox 145 4971 303 5027; x_wconf 88' lang='lat' dir='ltr'><strong>ciunt</strong></span> <span class='ocrx_word' id='word_1_373' title='bbox 332 4987 353 5027; x_wconf 85' lang='lat'><strong>:</strong></span> <span class='ocrx_word' id='word_1_374' title='bbox 379 4972 523 5028; x_wconf 87' lang='lat' dir='ltr'><strong>Deus</strong></span> <span class='ocrx_word' id='word_1_375' title='bbox 549 4985 732 5030; x_wconf 89' lang='lat' dir='ltr'><strong>autem</strong></span> <span class='ocrx_word' id='word_1_376' title='bbox 764 4991 871 5031; x_wconf 93' lang='lat' dir='ltr'><strong>non</strong></span> <span class='ocrx_word' id='word_1_377' title='bbox 900 4978 994 5044; x_wconf 91' lang='lat' dir='ltr'><strong>ita,</strong></span> <span class='ocrx_word' id='word_1_378' title='bbox 1022 4979 1116 5034; x_wconf 90' lang='lat' dir='ltr'><strong>sed</strong></span> <span class='ocrx_word' id='word_1_379' title='bbox 1144 4980 1330 5035; x_wconf 86' lang='lat' dir='ltr'><strong>statim</strong></span> <span class='ocrx_word' id='word_1_380' title='bbox 1367 4990 1527 5053; x_wconf 89' lang='lat' dir='ltr'><strong>atque</strong></span> <span class='ocrx_word' id='word_1_381' title='bbox 1555 4992 1639 5039; x_wconf 90' lang='lat' dir='ltr'><strong>est</strong></span> <span class='ocrx_word' id='word_1_382' title='bbox 1663 5026 1676 5047; x_wconf 89' lang='lat'><strong>,</strong></span> <span class='ocrx_word' id='word_1_383' title='bbox 1701 4985 1770 5041; x_wconf 91' lang='lat' dir='ltr'><strong>ad</strong></span> 
     </span>
    </p>
   </div>
   <div class='ocr_carea' id='block_1_49' title="bbox 147 5061 1765 5134">
    <p class='ocr_par' dir='ltr' id='par_1_49' title="bbox 147 5061 1765 5134">
     <span class='ocr_line' id='line_1_49' title="bbox 147 5061 1765 5134; baseline 0.011 -20"><span class='ocrx_word' id='word_1_384' title='bbox 147 5061 305 5118; x_wconf 88' lang='lat' dir='ltr'><strong>hunc</strong></span> <span class='ocrx_word' id='word_1_385' title='bbox 333 5077 458 5119; x_wconf 90' lang='lat' dir='ltr'><strong>cum</strong></span> <span class='ocrx_word' id='word_1_386' title='bbox 505 5064 770 5121; x_wconf 87' lang='lat' dir='ltr'><strong>honorem</strong></span> <span class='ocrx_word' id='word_1_387' title='bbox 798 5068 1014 5134; x_wconf 86' lang='lat' dir='ltr'><strong>evexit,</strong></span> <span class='ocrx_word' id='word_1_388' title='bbox 1045 5081 1101 5125; x_wconf 91' lang='lat' dir='ltr'><strong>et</strong></span> <span class='ocrx_word' id='word_1_389' title='bbox 1138 5070 1241 5126; x_wconf 90' lang='lat' dir='ltr'><strong>hoc</strong></span> <span class='ocrx_word' id='word_1_390' title='bbox 1271 5087 1377 5127; x_wconf 92' lang='lat' dir='ltr'><strong>non</strong></span> <span class='ocrx_word' id='word_1_391' title='bbox 1422 5083 1570 5130; x_wconf 89' lang='lat' dir='ltr'><strong>recte</strong></span> <span class='ocrx_word' id='word_1_392' title='bbox 1599 5074 1765 5132; x_wconf 86' lang='lat' dir='ltr'><strong>facto-</strong></span> 
     </span>
    </p>
   </div>
   <div class='ocr_carea' id='block_1_50' title="bbox 144 5156 1767 5234">
    <p class='ocr_par' dir='ltr' id='par_1_50' title="bbox 144 5156 1767 5234">
     <span class='ocr_line' id='line_1_50' title="bbox 144 5156 1767 5234; baseline 0.008 -26"><span class='ocrx_word' id='word_1_393' title='bbox 144 5166 273 5209; x_wconf 80' lang='lat' dir='ltr'><strong>rum</strong></span> <span class='ocrx_word' id='word_1_394' title='bbox 307 5166 435 5210; x_wconf 82' lang='lat' dir='ltr'><strong>esse</strong></span> <span class='ocrx_word' id='word_1_395' title='bbox 459 5156 769 5212; x_wconf 86' lang='lat' dir='ltr'><strong>mercedem</strong></span> <span class='ocrx_word' id='word_1_396' title='bbox 799 5158 1071 5228; x_wconf 85' lang='lat' dir='ltr'><strong>ostendit,</strong></span> <span class='ocrx_word' id='word_1_397' title='bbox 1099 5160 1194 5216; x_wconf 87' lang='lat' dir='ltr'><strong>sed</strong></span> <span class='ocrx_word' id='word_1_398' title='bbox 1229 5163 1457 5231; x_wconf 90' lang='lat' dir='ltr'><strong>gratiam</strong></span> <span class='ocrx_word' id='word_1_399' title='bbox 1489 5163 1726 5222; x_wconf 79' lang='lat' dir='ltr'><strong>divinam</strong></span> <span class='ocrx_word' id='word_1_400' title='bbox 1751 5208 1767 5234; x_wconf 92' lang='lat'><strong>,</strong></span> 
     </span>
    </p>
   </div>
   <div class='ocr_carea' id='block_1_51' title="bbox 146 5242 1769 5327">
    <p class='ocr_par' dir='ltr' id='par_1_51' title="bbox 146 5242 1769 5327">
     <span class='ocr_line' id='line_1_51' title="bbox 146 5242 1769 5327; baseline 0.009 -29"><span class='ocrx_word' id='word_1_401' title='bbox 146 5251 207 5298; x_wconf 73' lang='lat' dir='ltr'><strong>rt</strong></span> <span class='ocrx_word' id='word_1_402' title='bbox 231 5258 346 5300; x_wconf 87' lang='lat' dir='ltr'><strong>non</strong></span> <span class='ocrx_word' id='word_1_403' title='bbox 390 5242 653 5301; x_wconf 88' lang='lat' dir='ltr'><strong>debitum.</strong></span> <span class='ocrx_word' id='word_1_404' title='bbox 698 5246 853 5315; x_wconf 88' lang='lat' dir='ltr'><strong>Quod</strong></span> <span class='ocrx_word' id='word_1_405' title='bbox 886 5249 1045 5321; x_wconf 88' lang='lat' dir='ltr'><strong>igitur</strong></span> <span class='ocrx_word' id='word_1_406' title='bbox 1066 5251 1424 5323; x_wconf 86' lang='lat' dir='ltr'><strong>principatum</strong></span> <span class='ocrx_word' id='word_1_407' title='bbox 1467 5258 1769 5327; x_wconf 89' lang='lat' dir='ltr'><strong>acceperit,</strong></span> 
     </span>
    </p>
   </div>
   <div class='ocr_carea' id='block_1_52' title="bbox 145 5333 1771 5414">
    <p class='ocr_par' dir='ltr' id='par_1_52' title="bbox 145 5333 1771 5414">
     <span class='ocr_line' id='line_1_52' title="bbox 145 5333 1771 5414; baseline 0.009 -24"><span class='ocrx_word' id='word_1_408' title='bbox 145 5333 203 5390; x_wconf 88' lang='lat' dir='ltr'><strong>id</strong></span> <span class='ocrx_word' id='word_1_409' title='bbox 225 5349 301 5391; x_wconf 73' lang='lat' dir='ltr'><strong>ex</strong></span> <span class='ocrx_word' id='word_1_410' title='bbox 342 5335 457 5391; x_wconf 81' lang='lat' dir='ltr'><strong>sola</strong></span> <span class='ocrx_word' id='word_1_411' title='bbox 504 5336 599 5393; x_wconf 88' lang='lat' dir='ltr'><strong>Dei</strong></span> <span class='ocrx_word' id='word_1_412' title='bbox 629 5338 961 5411; x_wconf 84' lang='lat' dir='ltr'><strong>benignitate</strong></span> <span class='ocrx_word' id='word_1_413' title='bbox 1009 5341 1083 5396; x_wconf 90' lang='lat' dir='ltr'><strong>illi</strong></span> <span class='ocrx_word' id='word_1_414' title='bbox 1127 5343 1385 5400; x_wconf 88' lang='lat' dir='ltr'><strong>obvenit:</strong></span> <span class='ocrx_word' id='word_1_415' title='bbox 1417 5346 1561 5414; x_wconf 90' lang='lat' dir='ltr'><strong>quod</strong></span> <span class='ocrx_word' id='word_1_416' title='bbox 1588 5356 1771 5404; x_wconf 90' lang='lat' dir='ltr'><strong>autem</strong></span> 
     </span>
    </p>
   </div>
   <div class='ocr_carea' id='block_1_53' title="bbox 143 5427 1773 5510">
    <p class='ocr_par' dir='ltr' id='par_1_53' title="bbox 143 5427 1773 5510">
     <span class='ocr_line' id='line_1_53' title="bbox 143 5427 1773 5510; baseline 0.008 -27"><span class='ocrx_word' id='word_1_417' title='bbox 143 5427 424 5484; x_wconf 84' lang='lat' dir='ltr'><strong>exciderit</strong></span> <span class='ocrx_word' id='word_1_418' title='bbox 445 5429 777 5501; x_wconf 81' lang='lat' dir='ltr'><strong>principatu,</strong></span> <span class='ocrx_word' id='word_1_419' title='bbox 800 5447 867 5488; x_wconf 85' lang='lat' dir='ltr'><strong>ex</strong></span> <span class='ocrx_word' id='word_1_420' title='bbox 908 5432 1077 5504; x_wconf 86' lang='lat' dir='ltr'><strong>ipsius</strong></span> <span class='ocrx_word' id='word_1_421' title='bbox 1104 5433 1334 5505; x_wconf 80' lang='lat' dir='ltr'><strong>ignavia.</strong></span> <span class='ocrx_word' id='word_1_422' title='bbox 1363 5435 1504 5506; x_wconf 85' lang='lat' dir='ltr'><strong>Ergo</strong></span> <span class='ocrx_word' id='word_1_423' title='bbox 1531 5447 1590 5492; x_wconf 90' lang='lat' dir='ltr'><strong>ut</strong></span> <span class='ocrx_word' id='word_1_424' title='bbox 1619 5455 1773 5510; x_wconf 77' lang='lat' dir='ltr'><strong>reges</strong></span> 
     </span>
    </p>
   </div>
   <div class='ocr_carea' id='block_1_54' title="bbox 140 5522 1772 5603">
    <p class='ocr_par' dir='ltr' id='par_1_54' title="bbox 140 5522 1772 5603">
     <span class='ocr_line' id='line_1_54' title="bbox 140 5522 1772 5603; baseline 0.006 -27"><span class='ocrx_word' id='word_1_425' title='bbox 140 5522 233 5577; x_wconf 67' lang='lat' dir='ltr'><strong>eis</strong></span> <span class='ocrx_word' id='word_1_426' title='bbox 258 5522 354 5593; x_wconf 89' lang='lat' dir='ltr'><strong>qui</strong></span> <span class='ocrx_word' id='word_1_427' title='bbox 382 5524 496 5580; x_wconf 85' lang='lat' dir='ltr'><strong>suis</strong></span> <span class='ocrx_word' id='word_1_428' title='bbox 521 5540 630 5581; x_wconf 91' lang='lat' dir='ltr'><strong>non</strong></span> <span class='ocrx_word' id='word_1_429' title='bbox 662 5535 855 5597; x_wconf 88' lang='lat' dir='ltr'><strong>parent</strong></span> <span class='ocrx_word' id='word_1_430' title='bbox 897 5528 1166 5584; x_wconf 88' lang='lat' dir='ltr'><strong>mandatis</strong></span> <span class='ocrx_word' id='word_1_431' title='bbox 1205 5529 1469 5601; x_wconf 82' lang='lat' dir='ltr'><strong>abrogant</strong></span> <span class='ocrx_word' id='word_1_432' title='bbox 1500 5533 1772 5603; x_wconf 88' lang='lat' dir='ltr'><strong>principa-</strong></span> 
     </span>
    </p>
   </div>
   <div class='ocr_carea' id='block_1_55' title="bbox 147 5612 1776 5689">
    <p class='ocr_par' dir='ltr' id='par_1_55' title="bbox 147 5612 1776 5689">
     <span class='ocr_line' id='line_1_55' title="bbox 147 5612 1776 5689; baseline 0.009 -22"><span class='ocrx_word' id='word_1_433' title='bbox 147 5621 273 5668; x_wconf 83' lang='lat' dir='ltr'><strong>tum</strong></span> <span class='ocrx_word' id='word_1_434' title='bbox 305 5629 325 5669; x_wconf 91' lang='lat'><strong>:</strong></span> <span class='ocrx_word' id='word_1_435' title='bbox 352 5612 509 5671; x_wconf 84' lang='lat' dir='ltr'><strong>itase</strong></span> <span class='ocrx_word' id='word_1_436' title='bbox 537 5615 707 5688; x_wconf 83' lang='lat' dir='ltr'><strong>gessit</strong></span> <span class='ocrx_word' id='word_1_437' title='bbox 731 5633 859 5689; x_wconf 88' lang='lat' dir='ltr'><strong>erga</strong></span> <span class='ocrx_word' id='word_1_438' title='bbox 909 5618 1183 5675; x_wconf 89' lang='lat' dir='ltr'><strong>hominem</strong></span> <span class='ocrx_word' id='word_1_439' title='bbox 1215 5620 1356 5675; x_wconf 86' lang='lat' dir='ltr'><strong>Dens</strong></span> <span class='ocrx_word' id='word_1_440' title='bbox 1378 5663 1394 5687; x_wconf 88' lang='lat'><strong>,</strong></span> <span class='ocrx_word' id='word_1_441' title='bbox 1426 5637 1547 5678; x_wconf 87' lang='lat' dir='ltr'><strong>cum</strong></span> <span class='ocrx_word' id='word_1_442' title='bbox 1573 5624 1621 5679; x_wconf 89' lang='lat' dir='ltr'><strong>ei</strong></span> <span class='ocrx_word' id='word_1_443' title='bbox 1646 5634 1776 5682; x_wconf 88' lang='lat' dir='ltr'><strong>tunc</strong></span> 
     </span>
    </p>
   </div>
   <div class='ocr_carea' id='block_1_56' title="bbox 140 5705 1774 5785">
    <p class='ocr_par' dir='ltr' id='par_1_56' title="bbox 140 5705 1774 5785">
     <span class='ocr_line' id='line_1_56' title="bbox 140 5705 1774 5785; baseline 0.007 -24"><span class='ocrx_word' id='word_1_444' title='bbox 140 5705 523 5778; x_wconf 79' lang='lat' dir='ltr'><strong>principatum</strong></span> <span class='ocrx_word' id='word_1_445' title='bbox 561 5708 861 5781; x_wconf 85' lang='lat' dir='ltr'><strong>abrogavit.</strong></span> <span class='ocrx_word' id='word_1_446' title='bbox 905 5710 1075 5767; x_wconf 74' lang='lat' dir='ltr'><strong>lltn‘lie</strong></span> <span class='ocrx_word' id='word_1_447' title='bbox 1105 5722 1285 5767; x_wconf 87' lang='lat' dir='ltr'><strong>autem</strong></span> <span class='ocrx_word' id='word_1_448' title='bbox 1314 5728 1495 5783; x_wconf 73' lang='lat' dir='ltr'><strong>opem:</strong></span> <span class='ocrx_word' id='word_1_449' title='bbox 1544 5716 1774 5785; x_wconf 79' lang='lat' dir='ltr'><strong>pretium</strong></span> 
     </span>
    </p>
   </div>
   <div class='ocr_carea' id='block_1_57' title="bbox 221 5835 1569 5908">
    <p class='ocr_par' dir='ltr' id='par_1_57' title="bbox 221 5835 1569 5908">
     <span class='ocr_line' id='line_1_57' title="bbox 221 5835 1569 5908; baseline 0.007 -18"><span class='ocrx_word' id='word_1_450' title='bbox 221 5837 304 5903; x_wconf 70' lang='grc' dir='ltr'><strong>(α)</strong></span> <span class='ocrx_word' id='word_1_451' title='bbox 339 5835 553 5892; x_wconf 67' lang='lat' dir='ltr'><strong>uallatus</strong></span> <span class='ocrx_word' id='word_1_452' title='bbox 573 5855 685 5893; x_wconf 82' lang='lat' dir='ltr'><strong>cum</strong></span> <span class='ocrx_word' id='word_1_453' title='bbox 708 5844 876 5895; x_wconf 85' lang='lat' dir='ltr'><strong>codice</strong></span> <span class='ocrx_word' id='word_1_454' title='bbox 900 5847 1051 5908; x_wconf 82' lang='lat' dir='ltr'><strong>negio</strong></span> <span class='ocrx_word' id='word_1_455' title='bbox 1078 5844 1199 5897; x_wconf 79' lang='lat'><strong>1976</strong></span> <span class='ocrx_word' id='word_1_456' title='bbox 1222 5853 1274 5897; x_wconf 86' lang='lat' dir='ltr'><strong>et</strong></span> <span class='ocrx_word' id='word_1_457' title='bbox 1291 5860 1401 5898; x_wconf 85' lang='lat' dir='ltr'><strong>cum</strong></span> <span class='ocrx_word' id='word_1_458' title='bbox 1423 5847 1569 5899; x_wconf 72' lang='grc'><strong>2512.</strong></span> 
     </span>
    </p>
   </div>
   <div class='ocr_carea' id='block_1_58' title="bbox 1452 388 2245 450">
    <p class='ocr_par' dir='ltr' id='par_1_58' title="bbox 1452 388 2245 450">
     <span class='ocr_line' id='line_1_58' title="bbox 1452 388 2245 450; baseline -0.008 0"><span class='ocrx_word' id='word_1_459' title='bbox 1452 394 1516 450; x_wconf 77' lang='lat' dir='ltr'><strong>IN</strong></span> <span class='ocrx_word' id='word_1_460' title='bbox 1554 389 1859 449; x_wconf 72' lang='lat' dir='ltr'><strong>GENESIM</strong></span> <span class='ocrx_word' id='word_1_461' title='bbox 1896 388 2129 447; x_wconf 67' lang='lat' dir='ltr'><strong>SERHO</strong></span> <span class='ocrx_word' id='word_1_462' title='bbox 2155 389 2245 448; x_wconf 79' lang='lat' dir='ltr'><strong>IV.</strong></span> 
     </span>
    </p>
   </div>
   <div class='ocr_carea' id='block_1_59' title="bbox 3384 388 3489 446">
    <p class='ocr_par' dir='ltr' id='par_1_59' title="bbox 3384 388 3489 446">
     <span class='ocr_line' id='line_1_59' title="bbox 3384 388 3489 446; baseline 0 0"><span class='ocrx_word' id='word_1_463' title='bbox 3384 388 3489 446; x_wconf 72' lang='lat' dir='ltr'><strong>5N</strong></span> 
     </span>
    </p>
   </div>
   <div class='ocr_carea' id='block_1_60' title="bbox 1882 501 3493 575">
    <p class='ocr_par' dir='ltr' id='par_1_60' title="bbox 1882 501 3493 575">
     <span class='ocr_line' id='line_1_60' title="bbox 1882 501 3493 575; baseline 0.001 -18"><span class='ocrx_word' id='word_1_464' title='bbox 1882 502 2042 559; x_wconf 90' lang='lat' dir='ltr'><strong>tuerit</strong></span> <span class='ocrx_word' id='word_1_465' title='bbox 2066 502 2270 569; x_wconf 87' lang='lat' dir='ltr'><strong>dicere,</strong></span> <span class='ocrx_word' id='word_1_466' title='bbox 2299 510 2560 574; x_wconf 87' lang='lat' dir='ltr'><strong>quantum</strong></span> <span class='ocrx_word' id='word_1_467' title='bbox 2581 502 2745 561; x_wconf 87' lang='lat' dir='ltr'><strong>etiam</strong></span> <span class='ocrx_word' id='word_1_468' title='bbox 2773 501 2940 560; x_wconf 86' lang='lat' dir='ltr'><strong>alium</strong></span> <span class='ocrx_word' id='word_1_469' title='bbox 2963 501 3226 559; x_wconf 88' lang='lat' dir='ltr'><strong>honorem</strong></span> <span class='ocrx_word' id='word_1_470' title='bbox 3258 503 3333 560; x_wconf 90' lang='lat' dir='ltr'><strong>illi</strong></span> <span class='ocrx_word' id='word_1_471' title='bbox 3361 518 3461 575; x_wconf 85' lang='lat' dir='ltr'><strong>pec</strong></span> <span class='ocrx_word' id='word_1_472' title='bbox 3478 535 3493 545; x_wconf 94' lang='lat'><strong>-</strong></span> 
     </span>
    </p>
   </div>
   <div class='ocr_carea' id='block_1_61' title="bbox 1877 595 3494 668">
    <p class='ocr_par' dir='ltr' id='par_1_61' title="bbox 1877 595 3494 668">
     <span class='ocr_line' id='line_1_61' title="bbox 1877 595 3494 668; baseline 0.001 -15"><span class='ocrx_word' id='word_1_473' title='bbox 1877 597 1983 653; x_wconf 88' lang='lat' dir='ltr'><strong>cati</strong></span> <span class='ocrx_word' id='word_1_474' title='bbox 2014 604 2203 652; x_wconf 87' lang='lat' dir='ltr'><strong>natura</strong></span> <span class='ocrx_word' id='word_1_475' title='bbox 2233 595 2496 668; x_wconf 89' lang='lat' dir='ltr'><strong>eripuerit</strong></span> <span class='ocrx_word' id='word_1_476' title='bbox 2517 636 2533 662; x_wconf 87' lang='lat'><strong>,</strong></span> <span class='ocrx_word' id='word_1_477' title='bbox 2569 605 2621 652; x_wconf 91' lang='lat' dir='ltr'><strong>et</strong></span> <span class='ocrx_word' id='word_1_478' title='bbox 2648 605 2783 668; x_wconf 91' lang='lat' dir='ltr'><strong>quot</strong></span> <span class='ocrx_word' id='word_1_479' title='bbox 2810 597 3088 653; x_wconf 85' lang='lat' dir='ltr'><strong>servitutis</strong></span> <span class='ocrx_word' id='word_1_480' title='bbox 3114 596 3306 654; x_wconf 88' lang='lat' dir='ltr'><strong>modos</strong></span> <span class='ocrx_word' id='word_1_481' title='bbox 3334 596 3494 654; x_wconf 76' lang='lat' dir='ltr'><strong>indu-</strong></span> 
     </span>
    </p>
   </div>
   <div class='ocr_carea' id='block_1_62' title="bbox 1876 690 3482 763">
    <p class='ocr_par' dir='ltr' id='par_1_62' title="bbox 1876 690 3482 763">
     <span class='ocr_line' id='line_1_62' title="bbox 1876 690 3482 763; baseline -0.001 -16"><span class='ocrx_word' id='word_1_482' title='bbox 1876 692 2035 757; x_wconf 81' lang='lat' dir='ltr'><strong>xerit,</strong></span> <span class='ocrx_word' id='word_1_483' title='bbox 2067 691 2197 746; x_wconf 89' lang='lat' dir='ltr'><strong>dum</strong></span> <span class='ocrx_word' id='word_1_484' title='bbox 2243 700 2303 745; x_wconf 92' lang='lat' dir='ltr'><strong>ut</strong></span> <span class='ocrx_word' id='word_1_485' title='bbox 2332 699 2596 763; x_wconf 83' lang='lat' dir='ltr'><strong>tyrannus</strong></span> <span class='ocrx_word' id='word_1_486' title='bbox 2623 690 2892 763; x_wconf 87' lang='lat' dir='ltr'><strong>quispiam</strong></span> <span class='ocrx_word' id='word_1_487' title='bbox 2942 690 3175 748; x_wconf 86' lang='lat' dir='ltr'><strong>diversis</strong></span> <span class='ocrx_word' id='word_1_488' title='bbox 3202 690 3436 749; x_wconf 86' lang='lat' dir='ltr'><strong>vinculis</strong></span> <span class='ocrx_word' id='word_1_489' title='bbox 3461 731 3482 761; x_wconf 85' lang='lat'><strong>,</strong></span> 
     </span>
    </p>
   </div>
   <div class='ocr_carea' id='block_1_63' title="bbox 1875 782 3580 854">
    <p class='ocr_par' dir='ltr' id='par_1_63' title="bbox 1875 782 3580 854">
     <span class='ocr_line' id='line_1_63' title="bbox 1875 782 3580 854; baseline 0.001 -16"><span class='ocrx_word' id='word_1_490' title='bbox 1875 784 2057 838; x_wconf 85' lang='lat' dir='ltr'><strong>multis</strong></span> <span class='ocrx_word' id='word_1_491' title='bbox 2093 783 2382 853; x_wconf 86' lang='lat' dir='ltr'><strong>generibus</strong></span> <span class='ocrx_word' id='word_1_492' title='bbox 2410 782 2810 854; x_wconf 89' lang='lat' dir='ltr'><strong>principatuum</strong></span> <span class='ocrx_word' id='word_1_493' title='bbox 2851 792 3099 838; x_wconf 87' lang='lat' dir='ltr'><strong>naturam</strong></span> <span class='ocrx_word' id='word_1_494' title='bbox 3133 793 3374 839; x_wconf 90' lang='lat' dir='ltr'><strong>nostram</strong></span> <span class='ocrx_word' id='word_1_495' title='bbox 3394 782 3495 838; x_wconf 56' lang='lat' dir='ltr'><strong>de.</strong></span> <span class='ocrx_word' id='word_1_496' title='bbox 3578 836 3580 839; x_wconf 77' lang='grc'>,</span> 
     </span>
    </p>
   </div>
   <div class='ocr_carea' id='block_1_64' title="bbox 1874 872 3496 945">
    <p class='ocr_par' dir='ltr' id='par_1_64' title="bbox 1874 872 3496 945">
     <span class='ocr_line' id='line_1_64' title="bbox 1874 872 3496 945; baseline -0.001 -17"><span class='ocrx_word' id='word_1_497' title='bbox 1874 875 2065 929; x_wconf 78' lang='lat' dir='ltr'><strong>vinxit.</strong></span> <span class='ocrx_word' id='word_1_498' title='bbox 2098 874 2313 932; x_wconf 78' lang='lat' dir='ltr'><strong>Primus</strong></span> <span class='ocrx_word' id='word_1_499' title='bbox 2343 873 2507 945; x_wconf 91' lang='lat' dir='ltr'><strong>igitur</strong></span> <span class='ocrx_word' id='word_1_500' title='bbox 2528 873 2863 945; x_wconf 86' lang='lat' dir='ltr'><strong>principatus</strong></span> <span class='ocrx_word' id='word_1_501' title='bbox 2888 883 2973 929; x_wconf 92' lang='lat' dir='ltr'><strong>est</strong></span> <span class='ocrx_word' id='word_1_502' title='bbox 2996 872 3229 929; x_wconf 86' lang='lat' dir='ltr'><strong>servitus</strong></span> <span class='ocrx_word' id='word_1_503' title='bbox 3251 913 3268 939; x_wconf 94' lang='lat'><strong>,</strong></span> <span class='ocrx_word' id='word_1_504' title='bbox 3303 887 3409 943; x_wconf 90' lang='lat' dir='ltr'><strong>qua</strong></span> <span class='ocrx_word' id='word_1_505' title='bbox 3436 879 3496 927; x_wconf 86' lang='lat' dir='ltr'><strong>et</strong></span> 
     </span>
    </p>
   </div>
   <div class='ocr_carea' id='block_1_65' title="bbox 1874 966 3493 1038">
    <p class='ocr_par' dir='ltr' id='par_1_65' title="bbox 1874 966 3493 1038">
     <span class='ocr_line' id='line_1_65' title="bbox 1874 966 3493 1038; baseline -0.003 -15"><span class='ocrx_word' id='word_1_506' title='bbox 1874 968 2196 1023; x_wconf 87' lang='lat' dir='ltr'><strong>mulieribus</strong></span> <span class='ocrx_word' id='word_1_507' title='bbox 2250 968 2522 1038; x_wconf 88' lang='lat' dir='ltr'><strong>imperant</strong></span> <span class='ocrx_word' id='word_1_508' title='bbox 2561 966 2665 1022; x_wconf 90' lang='lat' dir='ltr'><strong>viri</strong></span> <span class='ocrx_word' id='word_1_509' title='bbox 2696 983 2710 1019; x_wconf 91' lang='lat'><strong>:</strong></span> <span class='ocrx_word' id='word_1_510' title='bbox 2742 966 3010 1037; x_wconf 88' lang='lat' dir='ltr'><strong>siquidem</strong></span> <span class='ocrx_word' id='word_1_511' title='bbox 3042 974 3165 1037; x_wconf 91' lang='lat' dir='ltr'><strong>post</strong></span> <span class='ocrx_word' id='word_1_512' title='bbox 3211 975 3493 1036; x_wconf 85' lang='lat' dir='ltr'><strong>peccatum</strong></span> 
     </span>
    </p>
   </div>
   <div class='ocr_carea' id='block_1_66' title="bbox 1875 1055 3495 1128">
    <p class='ocr_par' dir='ltr' id='par_1_66' title="bbox 1875 1055 3495 1128">
     <span class='ocr_line' id='line_1_66' title="bbox 1875 1055 3495 1128; baseline 0.002 -16"><span class='ocrx_word' id='word_1_513' title='bbox 1875 1058 1976 1115; x_wconf 86' lang='lat' dir='ltr'><strong>hac</strong></span> <span class='ocrx_word' id='word_1_514' title='bbox 2024 1074 2163 1128; x_wconf 83' lang='lat' dir='ltr'><strong>Opus</strong></span> <span class='ocrx_word' id='word_1_515' title='bbox 2204 1059 2323 1114; x_wconf 87' lang='lat' dir='ltr'><strong>fttit.</strong></span> <span class='ocrx_word' id='word_1_516' title='bbox 2370 1057 2505 1114; x_wconf 82' lang='lat' dir='ltr'><strong>Nam</strong></span> <span class='ocrx_word' id='word_1_517' title='bbox 2552 1065 2680 1114; x_wconf 91' lang='lat' dir='ltr'><strong>ante</strong></span> <span class='ocrx_word' id='word_1_518' title='bbox 2716 1057 3138 1113; x_wconf 87' lang='lat' dir='ltr'><strong>inobedientiam</strong></span> <span class='ocrx_word' id='word_1_519' title='bbox 3167 1072 3263 1127; x_wconf 89' lang='lat' dir='ltr'><strong>par</strong></span> <span class='ocrx_word' id='word_1_520' title='bbox 3287 1055 3495 1115; x_wconf 86' lang='lat' dir='ltr'><strong>honore</strong></span> 
     </span>
    </p>
   </div>
   <div class='ocr_carea' id='block_1_67' title="bbox 1874 1147 3561 1221">
    <p class='ocr_par' dir='ltr' id='par_1_67' title="bbox 1874 1147 3561 1221">
     <span class='ocr_line' id='line_1_67' title="bbox 1874 1147 3561 1221; baseline -0.002 -16"><span class='ocrx_word' id='word_1_521' title='bbox 1874 1149 1972 1206; x_wconf 91' lang='lat' dir='ltr'><strong>fuit</strong></span> <span class='ocrx_word' id='word_1_522' title='bbox 2016 1150 2171 1215; x_wconf 76' lang='lat' dir='ltr'><strong>viro,</strong></span> <span class='ocrx_word' id='word_1_523' title='bbox 2216 1165 2451 1221; x_wconf 91' lang='lat' dir='ltr'><strong>eumque</strong></span> <span class='ocrx_word' id='word_1_524' title='bbox 2494 1149 2645 1205; x_wconf 87' lang='lat' dir='ltr'><strong>illam</strong></span> <span class='ocrx_word' id='word_1_525' title='bbox 2706 1148 2963 1205; x_wconf 79' lang='lat' dir='ltr'><strong>formavit</strong></span> <span class='ocrx_word' id='word_1_526' title='bbox 3012 1149 3189 1211; x_wconf 86' lang='lat' dir='ltr'><strong>Deus,</strong></span> <span class='ocrx_word' id='word_1_527' title='bbox 3217 1148 3497 1219; x_wconf 83' lang='lat' dir='ltr'><strong>quibusin</strong></span> <span class='ocrx_word' id='word_1_528' title='bbox 3558 1147 3561 1149; x_wconf 73' lang='grc'><em>’</em></span> 
     </span>
    </p>
   </div>
   <div class='ocr_carea' id='block_1_68' title="bbox 1874 1239 3499 1305">
    <p class='ocr_par' dir='ltr' id='par_1_68' title="bbox 1874 1239 3499 1305">
     <span class='ocr_line' id='line_1_68' title="bbox 1874 1239 3499 1305; baseline -0.001 -10"><span class='ocrx_word' id='word_1_529' title='bbox 1874 1242 2197 1296; x_wconf 78' lang='lat' dir='ltr'><strong>formatione</strong></span> <span class='ocrx_word' id='word_1_530' title='bbox 2241 1240 2342 1295; x_wconf 91' lang='lat' dir='ltr'><strong>viri</strong></span> <span class='ocrx_word' id='word_1_531' title='bbox 2370 1240 2550 1296; x_wconf 86' lang='lat' dir='ltr'><strong>verbis</strong></span> <span class='ocrx_word' id='word_1_532' title='bbox 2596 1255 2727 1297; x_wconf 88' lang='lat' dir='ltr'><strong>usus</strong></span> <span class='ocrx_word' id='word_1_533' title='bbox 2763 1249 2880 1295; x_wconf 90' lang='lat' dir='ltr'><strong>erat</strong></span> <span class='ocrx_word' id='word_1_534' title='bbox 2900 1281 2915 1305; x_wconf 96' lang='lat'><strong>,</strong></span> <span class='ocrx_word' id='word_1_535' title='bbox 2947 1240 3031 1295; x_wconf 90' lang='lat' dir='ltr'><strong>his</strong></span> <span class='ocrx_word' id='word_1_536' title='bbox 3052 1248 3106 1295; x_wconf 87' lang='lat' dir='ltr'><strong>et</strong></span> <span class='ocrx_word' id='word_1_537' title='bbox 3137 1239 3191 1294; x_wconf 92' lang='lat' dir='ltr'><strong>in</strong></span> <span class='ocrx_word' id='word_1_538' title='bbox 3216 1239 3499 1295; x_wconf 78' lang='lat' dir='ltr'><strong>creatione</strong></span> 
     </span>
    </p>
   </div>
   <div class='ocr_carea' id='block_1_69' title="bbox 1871 1329 3496 1404">
    <p class='ocr_par' dir='ltr' id='par_1_69' title="bbox 1871 1329 3496 1404">
     <span class='ocr_line' id='line_1_69' title="bbox 1871 1329 3496 1404; baseline -0.002 -17"><span class='ocrx_word' id='word_1_539' title='bbox 1871 1332 2117 1389; x_wconf 89' lang='lat' dir='ltr'><strong>mulieris</strong></span> <span class='ocrx_word' id='word_1_540' title='bbox 2156 1342 2240 1388; x_wconf 89' lang='lat' dir='ltr'><strong>est</strong></span> <span class='ocrx_word' id='word_1_541' title='bbox 2280 1347 2429 1389; x_wconf 89' lang='lat' dir='ltr'><strong>usus.</strong></span> <span class='ocrx_word' id='word_1_542' title='bbox 2472 1331 2546 1389; x_wconf 87' lang='lat' dir='ltr'><strong>Ut</strong></span> <span class='ocrx_word' id='word_1_543' title='bbox 2572 1332 2737 1404; x_wconf 89' lang='lat' dir='ltr'><strong>igitur</strong></span> <span class='ocrx_word' id='word_1_544' title='bbox 2774 1331 2845 1388; x_wconf 91' lang='lat' dir='ltr'><strong>de</strong></span> <span class='ocrx_word' id='word_1_545' title='bbox 2876 1332 2969 1387; x_wconf 89' lang='lat' dir='ltr'><strong>illo</strong></span> <span class='ocrx_word' id='word_1_546' title='bbox 3005 1331 3183 1397; x_wconf 77' lang='lat' dir='ltr'><strong>dixit,</strong></span> <span class='ocrx_word' id='word_1_547' title='bbox 3216 1329 3496 1386; x_wconf 77' lang='lat' dir='ltr'><strong>Faciamus</strong></span> 
     </span>
    </p>
   </div>
   <div class='ocr_carea' id='block_1_70' title="bbox 1874 1423 3497 1497">
    <p class='ocr_par' dir='ltr' id='par_1_70' title="bbox 1874 1423 3497 1497">
     <span class='ocr_line' id='line_1_70' title="bbox 1874 1423 3497 1497; baseline 0.001 -20"><span class='ocrx_word' id='word_1_548' title='bbox 1874 1425 2127 1479; x_wconf 80' lang='lat' dir='ltr'><strong>hominem</strong></span> <span class='ocrx_word' id='word_1_549' title='bbox 2177 1426 2246 1479; x_wconf 90' lang='lat' dir='ltr'><strong>ad</strong></span> <span class='ocrx_word' id='word_1_550' title='bbox 2283 1424 2559 1497; x_wconf 79' lang='lat' dir='ltr'><strong>imaginem</strong></span> <span class='ocrx_word' id='word_1_551' title='bbox 2591 1433 2641 1479; x_wconf 88' lang='lat' dir='ltr'><strong>et</strong></span> <span class='ocrx_word' id='word_1_552' title='bbox 2683 1423 3068 1480; x_wconf 74' lang='lat' dir='ltr'><strong>similitudinem</strong></span> <span class='ocrx_word' id='word_1_553' title='bbox 3098 1433 3327 1478; x_wconf 85' lang='lat' dir='ltr'><strong>nostram</strong></span> <span class='ocrx_word' id='word_1_554' title='bbox 3349 1465 3363 1484; x_wconf 87' lang='lat'><strong><em>.</em></strong></span> <span class='ocrx_word' id='word_1_555' title='bbox 3400 1437 3497 1478; x_wconf 82' lang='lat' dir='ltr'><strong>ne-</strong></span> 
     </span>
    </p>
   </div>
   <div class='ocr_carea' id='block_1_71' title="bbox 1872 1513 3496 1587">
    <p class='ocr_par' dir='ltr' id='par_1_71' title="bbox 1872 1513 3496 1587">
     <span class='ocr_line' id='line_1_71' title="bbox 1872 1513 3496 1587; baseline -0.001 -17"><span class='ocrx_word' id='word_1_556' title='bbox 1872 1515 2138 1587; x_wconf 54' lang='lat' dir='ltr'><strong>que‘dixit</strong></span> <span class='ocrx_word' id='word_1_557' title='bbox 2162 1557 2177 1583; x_wconf 93' lang='lat'><strong>,</strong></span> <span class='ocrx_word' id='word_1_558' title='bbox 2209 1514 2331 1571; x_wconf 89' lang='lat' dir='ltr'><strong>Fiat</strong></span> <span class='ocrx_word' id='word_1_559' title='bbox 2350 1515 2516 1571; x_wconf 90' lang='lat' dir='ltr'><strong>homo</strong></span> <span class='ocrx_word' id='word_1_560' title='bbox 2549 1532 2563 1569; x_wconf 90' lang='lat'><strong>:</strong></span> <span class='ocrx_word' id='word_1_561' title='bbox 2591 1515 2672 1572; x_wconf 88' lang='lat' dir='ltr'><strong>sic</strong></span> <span class='ocrx_word' id='word_1_562' title='bbox 2699 1525 2754 1572; x_wconf 90' lang='lat' dir='ltr'><strong>et</strong></span> <span class='ocrx_word' id='word_1_563' title='bbox 2780 1514 2850 1570; x_wconf 89' lang='lat' dir='ltr'><strong>de</strong></span> <span class='ocrx_word' id='word_1_564' title='bbox 2890 1514 2995 1570; x_wconf 89' lang='lat' dir='ltr'><strong>ista</strong></span> <span class='ocrx_word' id='word_1_565' title='bbox 3025 1530 3133 1569; x_wconf 92' lang='lat' dir='ltr'><strong>non</strong></span> <span class='ocrx_word' id='word_1_566' title='bbox 3163 1513 3301 1569; x_wconf 86' lang='lat' dir='ltr'><strong>dixit</strong></span> <span class='ocrx_word' id='word_1_567' title='bbox 3324 1555 3341 1578; x_wconf 85' lang='lat'><strong>.</strong></span> <span class='ocrx_word' id='word_1_568' title='bbox 3376 1514 3496 1569; x_wconf 79' lang='lat' dir='ltr'><strong>Fiat</strong></span> 
     </span>
    </p>
   </div>
   <div class='ocr_carea' id='block_1_72' title="bbox 1874 1606 3497 1682">
    <p class='ocr_par' dir='ltr' id='par_1_72' title="bbox 1874 1606 3497 1682">
     <span class='ocr_line' id='line_1_72' title="bbox 1874 1606 3497 1682; baseline -0.002 -19"><span class='ocrx_word' id='word_1_569' title='bbox 1874 1608 2103 1674; x_wconf 89' lang='lat' dir='ltr'><strong>mulier,</strong></span> <span class='ocrx_word' id='word_1_570' title='bbox 2155 1611 2252 1666; x_wconf 87' lang='lat' dir='ltr'><strong>sed</strong></span> <span class='ocrx_word' id='word_1_571' title='bbox 2299 1607 2389 1665; x_wconf 90' lang='lat' dir='ltr'><strong>hic</strong></span> <span class='ocrx_word' id='word_1_572' title='bbox 2433 1624 2648 1682; x_wconf 91' lang='lat' dir='ltr'><strong>quoque</strong></span> <span class='ocrx_word' id='word_1_573' title='bbox 2697 1626 2711 1664; x_wconf 89' lang='lat'><strong>:</strong></span> <span class='ocrx_word' id='word_1_574' title='bbox 2765 1607 3044 1663; x_wconf 80' lang='lat' dir='ltr'><strong>Faciamus</strong></span> <span class='ocrx_word' id='word_1_575' title='bbox 3118 1608 3166 1662; x_wconf 89' lang='lat' dir='ltr'><strong>ei</strong></span> <span class='ocrx_word' id='word_1_576' title='bbox 3205 1606 3497 1677; x_wconf 84' lang='lat' dir='ltr'><strong>adjutorem</strong></span> 
     </span>
    </p>
   </div>
   <div class='ocr_carea' id='block_1_73' title="bbox 1874 1699 3499 1773">
    <p class='ocr_par' dir='ltr' id='par_1_73' title="bbox 1874 1699 3499 1773">
     <span class='ocr_line' id='line_1_73' title="bbox 1874 1699 3499 1773; baseline -0.001 -18"><span class='ocrx_word' id='word_1_577' title='bbox 1874 1699 2028 1772; x_wconf 79' lang='lat' dir='ltr'><strong>(Gen.</strong></span> <span class='ocrx_word' id='word_1_578' title='bbox 2060 1700 2124 1755; x_wconf 75' lang='grc' dir='ltr'><strong>Ξ.</strong></span> <span class='ocrx_word' id='word_1_579' title='bbox 2154 1700 2247 1771; x_wconf 86' lang='grc'><strong>18)</strong></span> <span class='ocrx_word' id='word_1_580' title='bbox 2272 1741 2288 1767; x_wconf 89' lang='grc'><em>,</em></span> <span class='ocrx_word' id='word_1_581' title='bbox 2319 1717 2496 1773; x_wconf 89' lang='lat' dir='ltr'><strong>neque</strong></span> <span class='ocrx_word' id='word_1_582' title='bbox 2539 1701 2857 1773; x_wconf 89' lang='lat' dir='ltr'><strong>simpliciter</strong></span> <span class='ocrx_word' id='word_1_583' title='bbox 2875 1701 3217 1772; x_wconf 73' lang='lat' dir='ltr'><strong>adiutorem,</strong></span> <span class='ocrx_word' id='word_1_584' title='bbox 3246 1699 3373 1764; x_wconf 90' lang='lat' dir='ltr'><strong>sed,</strong></span> <span class='ocrx_word' id='word_1_585' title='bbox 3399 1700 3499 1757; x_wconf 84' lang='lat' dir='ltr'><strong>Se-</strong></span> 
     </span>
    </p>
   </div>
   <div class='ocr_carea' id='block_1_74' title="bbox 1874 1791 3497 1865">
    <p class='ocr_par' dir='ltr' id='par_1_74' title="bbox 1874 1791 3497 1865">
     <span class='ocr_line' id='line_1_74' title="bbox 1874 1791 3497 1865; baseline 0.002 -20"><span class='ocrx_word' id='word_1_586' title='bbox 1874 1791 2100 1846; x_wconf 85' lang='lat' dir='ltr'><strong>cundum</strong></span> <span class='ocrx_word' id='word_1_587' title='bbox 2129 1793 2299 1863; x_wconf 82' lang='lat' dir='ltr'><strong>ipsum</strong></span> <span class='ocrx_word' id='word_1_588' title='bbox 2323 1834 2339 1860; x_wconf 93' lang='lat'><strong>,</strong></span> <span class='ocrx_word' id='word_1_589' title='bbox 2366 1808 2476 1864; x_wconf 91' lang='lat' dir='ltr'><strong>quo</strong></span> <span class='ocrx_word' id='word_1_590' title='bbox 2518 1808 2708 1849; x_wconf 89' lang='lat' dir='ltr'><strong>rursus</strong></span> <span class='ocrx_word' id='word_1_591' title='bbox 2748 1793 2974 1850; x_wconf 87' lang='lat' dir='ltr'><strong>honoris</strong></span> <span class='ocrx_word' id='word_1_592' title='bbox 3010 1793 3375 1865; x_wconf 65' lang='lat' dir='ltr'><strong>aequalitatem</strong></span> <span class='ocrx_word' id='word_1_593' title='bbox 3405 1806 3497 1848; x_wconf 82' lang='lat' dir='ltr'><strong>os-</strong></span> 
     </span>
    </p>
   </div>
   <div class='ocr_carea' id='block_1_75' title="bbox 1875 1882 3493 1954">
    <p class='ocr_par' dir='ltr' id='par_1_75' title="bbox 1875 1882 3493 1954">
     <span class='ocr_line' id='line_1_75' title="bbox 1875 1882 3493 1954; baseline 0.001 -17"><span class='ocrx_word' id='word_1_594' title='bbox 1875 1882 2066 1937; x_wconf 87' lang='lat' dir='ltr'><strong>tendit.</strong></span> <span class='ocrx_word' id='word_1_595' title='bbox 2098 1882 2231 1939; x_wconf 85' lang='lat' dir='ltr'><strong>Nam</strong></span> <span class='ocrx_word' id='word_1_596' title='bbox 2258 1885 2516 1954; x_wconf 86' lang='lat' dir='ltr'><strong>quoniam</strong></span> <span class='ocrx_word' id='word_1_597' title='bbox 2561 1883 2735 1940; x_wconf 62' lang='lat' dir='ltr'><strong>bruta:</strong></span> <span class='ocrx_word' id='word_1_598' title='bbox 2785 1885 3091 1941; x_wconf 84' lang='lat' dir='ltr'><strong>animantes</strong></span> <span class='ocrx_word' id='word_1_599' title='bbox 3121 1884 3189 1939; x_wconf 86' lang='lat' dir='ltr'><strong>ad</strong></span> <span class='ocrx_word' id='word_1_600' title='bbox 3237 1899 3493 1940; x_wconf 84' lang='lat' dir='ltr'><strong>necessa-</strong></span> 
     </span>
    </p>
   </div>
   <div class='ocr_carea' id='block_1_76' title="bbox 1875 1975 3494 2048">
    <p class='ocr_par' dir='ltr' id='par_1_76' title="bbox 1875 1975 3494 2048">
     <span class='ocr_line' id='line_1_76' title="bbox 1875 1975 3494 2048; baseline 0.001 -19"><span class='ocrx_word' id='word_1_601' title='bbox 1875 1975 1987 2030; x_wconf 89' lang='lat' dir='ltr'><strong>rios</strong></span> <span class='ocrx_word' id='word_1_602' title='bbox 2016 1976 2140 2029; x_wconf 72' lang='lat' dir='ltr'><strong>vitm</strong></span> <span class='ocrx_word' id='word_1_603' title='bbox 2186 1989 2320 2032; x_wconf 87' lang='lat' dir='ltr'><strong>usus</strong></span> <span class='ocrx_word' id='word_1_604' title='bbox 2346 1976 2572 2032; x_wconf 91' lang='lat' dir='ltr'><strong>multum</strong></span> <span class='ocrx_word' id='word_1_605' title='bbox 2624 1977 2786 2034; x_wconf 88' lang='lat' dir='ltr'><strong>nobis</strong></span> <span class='ocrx_word' id='word_1_606' title='bbox 2833 1976 3120 2033; x_wconf 87' lang='lat' dir='ltr'><strong>conferunt</strong></span> <span class='ocrx_word' id='word_1_607' title='bbox 3160 1977 3494 2048; x_wconf 88' lang='lat' dir='ltr'><strong>adiumenti,</strong></span> 
     </span>
    </p>
   </div>
   <div class='ocr_carea' id='block_1_77' title="bbox 1874 2067 3496 2140">
    <p class='ocr_par' dir='ltr' id='par_1_77' title="bbox 1874 2067 3496 2140">
     <span class='ocr_line' id='line_1_77' title="bbox 1874 2067 3496 2140; baseline 0.003 -20"><span class='ocrx_word' id='word_1_608' title='bbox 1874 2081 1943 2120; x_wconf 90' lang='lat' dir='ltr'><strong>ne</strong></span> <span class='ocrx_word' id='word_1_609' title='bbox 2000 2067 2139 2123; x_wconf 87' lang='lat' dir='ltr'><strong>forte</strong></span> <span class='ocrx_word' id='word_1_610' title='bbox 2185 2067 2470 2124; x_wconf 89' lang='lat' dir='ltr'><strong>mulierem</strong></span> <span class='ocrx_word' id='word_1_611' title='bbox 2518 2083 2735 2140; x_wconf 90' lang='lat' dir='ltr'><strong>quoque</strong></span> <span class='ocrx_word' id='word_1_612' title='bbox 2776 2068 2920 2125; x_wconf 91' lang='lat' dir='ltr'><strong>inter</strong></span> <span class='ocrx_word' id='word_1_613' title='bbox 2961 2068 3230 2140; x_wconf 87' lang='lat' dir='ltr'><strong>mancipia</strong></span> <span class='ocrx_word' id='word_1_614' title='bbox 3273 2079 3496 2139; x_wconf 87' lang='lat' dir='ltr'><strong>putares</strong></span> 
     </span>
    </p>
   </div>
   <div class='ocr_carea' id='block_1_78' title="bbox 1873 2160 3497 2231">
    <p class='ocr_par' dir='ltr' id='par_1_78' title="bbox 1873 2160 3497 2231">
     <span class='ocr_line' id='line_1_78' title="bbox 1873 2160 3497 2231; baseline 0.001 -17"><span class='ocrx_word' id='word_1_615' title='bbox 1873 2172 1997 2215; x_wconf 90' lang='lat' dir='ltr'><strong>esse</strong></span> <span class='ocrx_word' id='word_1_616' title='bbox 2026 2161 2416 2216; x_wconf 89' lang='lat' dir='ltr'><strong>numerandam</strong></span> <span class='ocrx_word' id='word_1_617' title='bbox 2442 2203 2458 2227; x_wconf 90' lang='lat'><strong>,</strong></span> <span class='ocrx_word' id='word_1_618' title='bbox 2492 2160 2618 2217; x_wconf 89' lang='lat' dir='ltr'><strong>vide</strong></span> <span class='ocrx_word' id='word_1_619' title='bbox 2642 2160 2917 2231; x_wconf 90' lang='lat' dir='ltr'><strong>quomodo</strong></span> <span class='ocrx_word' id='word_1_620' title='bbox 2942 2163 3011 2217; x_wconf 91' lang='lat' dir='ltr'><strong>ab</strong></span> <span class='ocrx_word' id='word_1_621' title='bbox 3040 2160 3148 2217; x_wconf 91' lang='lat' dir='ltr'><strong>illis</strong></span> <span class='ocrx_word' id='word_1_622' title='bbox 3172 2177 3291 2217; x_wconf 78' lang='lat' dir='ltr'><strong>eam</strong></span> <span class='ocrx_word' id='word_1_623' title='bbox 3317 2161 3497 2216; x_wconf 80' lang='lat' dir='ltr'><strong>mani-</strong></span> 
     </span>
    </p>
   </div>
   <div class='ocr_carea' id='block_1_79' title="bbox 1875 2249 3492 2325">
    <p class='ocr_par' dir='ltr' id='par_1_79' title="bbox 1875 2249 3492 2325">
     <span class='ocr_line' id='line_1_79' title="bbox 1875 2249 3492 2325; baseline 0.002 -20"><span class='ocrx_word' id='word_1_624' title='bbox 1875 2249 2012 2309; x_wconf 91' lang='lat' dir='ltr'><strong>feste</strong></span> <span class='ocrx_word' id='word_1_625' title='bbox 2040 2252 2356 2325; x_wconf 90' lang='lat' dir='ltr'><strong>distinguat.</strong></span> <span class='ocrx_word' id='word_1_626' title='bbox 2390 2254 2626 2309; x_wconf 76' lang='lat' dir='ltr'><strong>Adduxit</strong></span> <span class='ocrx_word' id='word_1_627' title='bbox 2646 2255 2855 2320; x_wconf 84' lang='lat' dir='ltr'><strong>bestias,</strong></span> <span class='ocrx_word' id='word_1_628' title='bbox 2884 2254 3075 2325; x_wconf 90' lang='lat' dir='ltr'><strong>inquit,</strong></span> <span class='ocrx_word' id='word_1_629' title='bbox 3102 2271 3274 2309; x_wconf 89' lang='lat' dir='ltr'><strong>coram</strong></span> <span class='ocrx_word' id='word_1_630' title='bbox 3303 2254 3492 2321; x_wconf 77' lang='lat' dir='ltr'><strong>Adam,</strong></span> 
     </span>
    </p>
   </div>
   <div class='ocr_carea' id='block_1_80' title="bbox 1875 2346 3497 2417">
    <p class='ocr_par' dir='ltr' id='par_1_80' title="bbox 1875 2346 3497 2417">
     <span class='ocr_line' id='line_1_80' title="bbox 1875 2346 3497 2417; baseline 0.002 -19"><span class='ocrx_word' id='word_1_631' title='bbox 1875 2354 1921 2398; x_wconf 89' lang='lat' dir='ltr'><strong>et</strong></span> <span class='ocrx_word' id='word_1_632' title='bbox 1951 2362 2053 2400; x_wconf 85' lang='lat' dir='ltr'><strong>non</strong></span> <span class='ocrx_word' id='word_1_633' title='bbox 2079 2355 2154 2401; x_wconf 86' lang='lat' dir='ltr'><strong>est</strong></span> <span class='ocrx_word' id='word_1_634' title='bbox 2200 2347 2434 2403; x_wconf 80' lang='lat' dir='ltr'><strong>inuentus</strong></span> <span class='ocrx_word' id='word_1_635' title='bbox 2462 2347 2674 2417; x_wconf 87' lang='lat' dir='ltr'><strong>adjutor</strong></span> <span class='ocrx_word' id='word_1_636' title='bbox 2711 2348 2896 2402; x_wconf 87' lang='lat' dir='ltr'><strong>similis</strong></span> <span class='ocrx_word' id='word_1_637' title='bbox 2940 2348 2987 2401; x_wconf 83' lang='lat' dir='ltr'><strong>ei</strong></span> <span class='ocrx_word' id='word_1_638' title='bbox 3020 2346 3302 2402; x_wconf 83' lang='lat' dir='ltr'><strong>secundum</strong></span> <span class='ocrx_word' id='word_1_639' title='bbox 3326 2350 3497 2417; x_wconf 79' lang='lat' dir='ltr'><strong>ipsum</strong></span> 
     </span>
    </p>
   </div>
   <div class='ocr_carea' id='block_1_81' title="bbox 1877 2435 3492 2511">
    <p class='ocr_par' dir='ltr' id='par_1_81' title="bbox 1877 2435 3492 2511">
     <span class='ocr_line' id='line_1_81' title="bbox 1877 2435 3492 2511; baseline 0.001 -20"><span class='ocrx_word' id='word_1_640' title='bbox 1877 2435 2030 2509; x_wconf 83' lang='lat' dir='ltr'><strong>(Gen.</strong></span> <span class='ocrx_word' id='word_1_641' title='bbox 2054 2437 2109 2493; x_wconf 74' lang='grc'><strong>2.</strong></span> <span class='ocrx_word' id='word_1_642' title='bbox 2147 2437 2233 2493; x_wconf 88' lang='grc'><strong>19.</strong></span> <span class='ocrx_word' id='word_1_643' title='bbox 2260 2437 2379 2509; x_wconf 69' lang='grc' dir='ltr'><strong>ΞΟ).</strong></span> <span class='ocrx_word' id='word_1_644' title='bbox 2408 2438 2546 2505; x_wconf 88' lang='lat' dir='ltr'><strong>Quid</strong></span> <span class='ocrx_word' id='word_1_645' title='bbox 2570 2439 2769 2511; x_wconf 86' lang='lat' dir='ltr'><strong>igitur?</strong></span> <span class='ocrx_word' id='word_1_646' title='bbox 2790 2455 2897 2494; x_wconf 91' lang='lat' dir='ltr'><strong>non</strong></span> <span class='ocrx_word' id='word_1_647' title='bbox 2924 2447 3007 2493; x_wconf 78' lang='lat' dir='ltr'><strong>est</strong></span> <span class='ocrx_word' id='word_1_648' title='bbox 3036 2437 3254 2508; x_wconf 85' lang='lat' dir='ltr'><strong>adiutor</strong></span> <span class='ocrx_word' id='word_1_649' title='bbox 3278 2452 3453 2509; x_wconf 89' lang='lat' dir='ltr'><strong>equus</strong></span> <span class='ocrx_word' id='word_1_650' title='bbox 3477 2478 3492 2505; x_wconf 91' lang='lat'><strong>,</strong></span> 
     </span>
    </p>
   </div>
   <div class='ocr_carea' id='block_1_82' title="bbox 1874 2530 3496 2602">
    <p class='ocr_par' dir='ltr' id='par_1_82' title="bbox 1874 2530 3496 2602">
     <span class='ocr_line' id='line_1_82' title="bbox 1874 2530 3496 2602; baseline 0.001 -19"><span class='ocrx_word' id='word_1_651' title='bbox 1874 2531 1963 2600; x_wconf 90' lang='lat' dir='ltr'><strong>qui</strong></span> <span class='ocrx_word' id='word_1_652' title='bbox 1992 2546 2212 2600; x_wconf 90' lang='lat' dir='ltr'><strong>operam</strong></span> <span class='ocrx_word' id='word_1_653' title='bbox 2240 2548 2393 2587; x_wconf 88' lang='lat' dir='ltr'><strong>suam</strong></span> <span class='ocrx_word' id='word_1_654' title='bbox 2426 2533 2498 2587; x_wconf 91' lang='lat' dir='ltr'><strong>illi</strong></span> <span class='ocrx_word' id='word_1_655' title='bbox 2529 2543 2746 2602; x_wconf 71' lang='lat' dir='ltr'><strong>pnestat</strong></span> <span class='ocrx_word' id='word_1_656' title='bbox 2780 2533 2833 2587; x_wconf 93' lang='lat' dir='ltr'><strong>in</strong></span> <span class='ocrx_word' id='word_1_657' title='bbox 2863 2532 3062 2589; x_wconf 80' lang='lat' dir='ltr'><strong>bellis?</strong></span> <span class='ocrx_word' id='word_1_658' title='bbox 3089 2549 3199 2588; x_wconf 91' lang='lat' dir='ltr'><strong>non</strong></span> <span class='ocrx_word' id='word_1_659' title='bbox 3227 2539 3312 2588; x_wconf 90' lang='lat' dir='ltr'><strong>est</strong></span> <span class='ocrx_word' id='word_1_660' title='bbox 3339 2530 3496 2601; x_wconf 83' lang='lat' dir='ltr'><strong>adiu-</strong></span> 
     </span>
    </p>
   </div>
   <div class='ocr_carea' id='block_1_83' title="bbox 1879 2624 3500 2694">
    <p class='ocr_par' dir='ltr' id='par_1_83' title="bbox 1879 2624 3500 2694">
     <span class='ocr_line' id='line_1_83' title="bbox 1879 2624 3500 2694; baseline 0.002 -19"><span class='ocrx_word' id='word_1_661' title='bbox 1879 2633 1963 2676; x_wconf 88' lang='lat' dir='ltr'><strong>tor</strong></span> <span class='ocrx_word' id='word_1_662' title='bbox 2012 2624 2112 2677; x_wconf 92' lang='lat' dir='ltr'><strong>bos</strong></span> <span class='ocrx_word' id='word_1_663' title='bbox 2136 2666 2151 2691; x_wconf 95' lang='lat'><strong>,</strong></span> <span class='ocrx_word' id='word_1_664' title='bbox 2194 2625 2284 2694; x_wconf 91' lang='lat' dir='ltr'><strong>qui</strong></span> <span class='ocrx_word' id='word_1_665' title='bbox 2309 2639 2585 2681; x_wconf 88' lang='lat' dir='ltr'><strong>vomerem</strong></span> <span class='ocrx_word' id='word_1_666' title='bbox 2620 2626 2812 2690; x_wconf 87' lang='lat' dir='ltr'><strong>trahit,</strong></span> <span class='ocrx_word' id='word_1_667' title='bbox 2845 2635 2899 2681; x_wconf 91' lang='lat' dir='ltr'><strong>et</strong></span> <span class='ocrx_word' id='word_1_668' title='bbox 2940 2625 3069 2680; x_wconf 87' lang='lat' dir='ltr'><strong>dum</strong></span> <span class='ocrx_word' id='word_1_669' title='bbox 3098 2626 3303 2680; x_wconf 86' lang='lat' dir='ltr'><strong>semina</strong></span> <span class='ocrx_word' id='word_1_670' title='bbox 3336 2632 3500 2679; x_wconf 76' lang='lat' dir='ltr'><strong>terra:</strong></span> 
     </span>
    </p>
   </div>
   <div class='ocr_carea' id='block_1_84' title="bbox 1879 2714 3498 2787">
    <p class='ocr_par' dir='ltr' id='par_1_84' title="bbox 1879 2714 3498 2787">
     <span class='ocr_line' id='line_1_84' title="bbox 1879 2714 3498 2787; baseline 0.001 -20"><span class='ocrx_word' id='word_1_671' title='bbox 1879 2716 2225 2778; x_wconf 82' lang='lat' dir='ltr'><strong>mandantur,</strong></span> <span class='ocrx_word' id='word_1_672' title='bbox 2276 2717 2561 2772; x_wconf 87' lang='lat' dir='ltr'><strong>nobiscum</strong></span> <span class='ocrx_word' id='word_1_673' title='bbox 2614 2716 2861 2772; x_wconf 83' lang='lat' dir='ltr'><strong>laborat?</strong></span> <span class='ocrx_word' id='word_1_674' title='bbox 2886 2733 2994 2771; x_wconf 92' lang='lat' dir='ltr'><strong>non</strong></span> <span class='ocrx_word' id='word_1_675' title='bbox 3042 2727 3169 2771; x_wconf 84' lang='lat' dir='ltr'><strong>sunt</strong></span> <span class='ocrx_word' id='word_1_676' title='bbox 3216 2714 3498 2787; x_wconf 84' lang='lat' dir='ltr'><strong>adjutores</strong></span> 
     </span>
    </p>
   </div>
   <div class='ocr_carea' id='block_1_85' title="bbox 1877 2806 3499 2880">
    <p class='ocr_par' dir='ltr' id='par_1_85' title="bbox 1877 2806 3499 2880">
     <span class='ocr_line' id='line_1_85' title="bbox 1877 2806 3499 2880; baseline 0 -19"><span class='ocrx_word' id='word_1_677' title='bbox 1877 2812 2062 2862; x_wconf 87' lang='lat' dir='ltr'><strong>asinus</strong></span> <span class='ocrx_word' id='word_1_678' title='bbox 2108 2817 2160 2862; x_wconf 91' lang='lat' dir='ltr'><strong>et</strong></span> <span class='ocrx_word' id='word_1_679' title='bbox 2191 2809 2368 2864; x_wconf 89' lang='lat' dir='ltr'><strong>mulus</strong></span> <span class='ocrx_word' id='word_1_680' title='bbox 2389 2850 2405 2877; x_wconf 90' lang='lat'><strong>,</strong></span> <span class='ocrx_word' id='word_1_681' title='bbox 2432 2810 2523 2880; x_wconf 90' lang='lat' dir='ltr'><strong>qui</strong></span> <span class='ocrx_word' id='word_1_682' title='bbox 2545 2810 2611 2864; x_wconf 89' lang='lat' dir='ltr'><strong>ad</strong></span> <span class='ocrx_word' id='word_1_683' title='bbox 2649 2824 2817 2865; x_wconf 88' lang='lat' dir='ltr'><strong>onera</strong></span> <span class='ocrx_word' id='word_1_684' title='bbox 2851 2807 3251 2864; x_wconf 87' lang='lat' dir='ltr'><strong>transvehenda</strong></span> <span class='ocrx_word' id='word_1_685' title='bbox 3280 2822 3378 2863; x_wconf 90' lang='lat' dir='ltr'><strong>nos</strong></span> <span class='ocrx_word' id='word_1_686' title='bbox 3400 2806 3499 2862; x_wconf 87' lang='lat' dir='ltr'><strong>ad-</strong></span> 
     </span>
    </p>
   </div>
   <div class='ocr_carea' id='block_1_86' title="bbox 1871 2901 3493 2974">
    <p class='ocr_par' dir='ltr' id='par_1_86' title="bbox 1871 2901 3493 2974">
     <span class='ocr_line' id='line_1_86' title="bbox 1871 2901 3493 2974; baseline 0.002 -21"><span class='ocrx_word' id='word_1_687' title='bbox 1871 2901 2103 2969; x_wconf 87' lang='lat' dir='ltr'><strong>juvant?</strong></span> <span class='ocrx_word' id='word_1_688' title='bbox 2127 2901 2237 2958; x_wconf 90' lang='lat' dir='ltr'><strong>Sed</strong></span> <span class='ocrx_word' id='word_1_689' title='bbox 2277 2919 2344 2958; x_wconf 93' lang='lat' dir='ltr'><strong>ne</strong></span> <span class='ocrx_word' id='word_1_690' title='bbox 2376 2902 2480 2958; x_wconf 90' lang='lat' dir='ltr'><strong>hoc</strong></span> <span class='ocrx_word' id='word_1_691' title='bbox 2516 2902 2667 2959; x_wconf 88' lang='lat' dir='ltr'><strong>dicas</strong></span> <span class='ocrx_word' id='word_1_692' title='bbox 2697 2945 2712 2967; x_wconf 89' lang='lat'><strong>,</strong></span> <span class='ocrx_word' id='word_1_693' title='bbox 2742 2911 3030 2974; x_wconf 87' lang='lat' dir='ltr'><strong>propterea</strong></span> <span class='ocrx_word' id='word_1_694' title='bbox 3072 2902 3189 2957; x_wconf 62' lang='lat' dir='ltr'><strong>haec</strong></span> <span class='ocrx_word' id='word_1_695' title='bbox 3238 2910 3493 2957; x_wconf 86' lang='lat' dir='ltr'><strong>accurate</strong></span> 
     </span>
    </p>
   </div>
   <div class='ocr_carea' id='block_1_87' title="bbox 1876 2993 3501 3065">
    <p class='ocr_par' dir='ltr' id='par_1_87' title="bbox 1876 2993 3501 3065">
     <span class='ocr_line' id='line_1_87' title="bbox 1876 2993 3501 3065; baseline -0.001 -20"><span class='ocrx_word' id='word_1_696' title='bbox 1876 2993 2171 3063; x_wconf 84' lang='lat' dir='ltr'><strong>distinguit.</strong></span> <span class='ocrx_word' id='word_1_697' title='bbox 2206 2993 2322 3048; x_wconf 80' lang='lat' dir='ltr'><strong>Nan</strong></span> <span class='ocrx_word' id='word_1_698' title='bbox 2343 2997 2486 3049; x_wconf 89' lang='lat' dir='ltr'><strong>enim</strong></span> <span class='ocrx_word' id='word_1_699' title='bbox 2517 2995 2833 3065; x_wconf 89' lang='lat' dir='ltr'><strong>simpliciter</strong></span> <span class='ocrx_word' id='word_1_700' title='bbox 2862 2994 3018 3060; x_wconf 81' lang='lat' dir='ltr'><strong>dixit,</strong></span> <span class='ocrx_word' id='word_1_701' title='bbox 3051 2993 3167 3049; x_wconf 84' lang='lat' dir='ltr'><strong>Non</strong></span> <span class='ocrx_word' id='word_1_702' title='bbox 3195 3002 3280 3049; x_wconf 87' lang='lat' dir='ltr'><strong>est</strong></span> <span class='ocrx_word' id='word_1_703' title='bbox 3307 2994 3501 3047; x_wconf 82' lang='lat' dir='ltr'><strong>inven-</strong></span> 
     </span>
    </p>
   </div>
   <div class='ocr_carea' id='block_1_88' title="bbox 1878 3083 3502 3155">
    <p class='ocr_par' dir='ltr' id='par_1_88' title="bbox 1878 3083 3502 3155">
     <span class='ocr_line' id='line_1_88' title="bbox 1878 3083 3502 3155; baseline -0.001 -18"><span class='ocrx_word' id='word_1_704' title='bbox 1878 3092 1962 3138; x_wconf 90' lang='lat' dir='ltr'><strong>tus</strong></span> <span class='ocrx_word' id='word_1_705' title='bbox 2005 3084 2081 3138; x_wconf 92' lang='lat' dir='ltr'><strong>illi</strong></span> <span class='ocrx_word' id='word_1_706' title='bbox 2106 3084 2343 3153; x_wconf 85' lang='lat' dir='ltr'><strong>adiutor,</strong></span> <span class='ocrx_word' id='word_1_707' title='bbox 2362 3084 2501 3151; x_wconf 83' lang='lat' dir='ltr'><strong>sed,</strong></span> <span class='ocrx_word' id='word_1_708' title='bbox 2537 3083 2659 3139; x_wconf 85' lang='lat' dir='ltr'><strong>Non</strong></span> <span class='ocrx_word' id='word_1_709' title='bbox 2685 3095 2760 3139; x_wconf 92' lang='lat' dir='ltr'><strong>est</strong></span> <span class='ocrx_word' id='word_1_710' title='bbox 2797 3084 3032 3138; x_wconf 82' lang='lat' dir='ltr'><strong>inventus</strong></span> <span class='ocrx_word' id='word_1_711' title='bbox 3073 3083 3283 3155; x_wconf 88' lang='lat' dir='ltr'><strong>adjutor</strong></span> <span class='ocrx_word' id='word_1_712' title='bbox 3312 3083 3502 3139; x_wconf 84' lang='lat' dir='ltr'><strong>similis</strong></span> 
     </span>
    </p>
   </div>
   <div class='ocr_carea' id='block_1_89' title="bbox 1876 3158 3500 3246">
    <p class='ocr_par' dir='ltr' id='par_1_89' title="bbox 1876 3158 3500 3246">
     <span class='ocr_line' id='line_1_89' title="bbox 1876 3158 3500 3246; baseline 0.002 -18"><span class='ocrx_word' id='word_1_713' title='bbox 1876 3174 1942 3228; x_wconf 90' lang='lat' dir='ltr'><strong>ei.</strong></span> <span class='ocrx_word' id='word_1_714' title='bbox 1971 3174 2046 3230; x_wconf 85' lang='lat' dir='ltr'><strong>ita</strong></span> <span class='ocrx_word' id='word_1_715' title='bbox 2074 3173 2162 3230; x_wconf 89' lang='lat' dir='ltr'><strong>hic</strong></span> <span class='ocrx_word' id='word_1_716' title='bbox 2187 3190 2404 3246; x_wconf 89' lang='lat' dir='ltr'><strong>quoque</strong></span> <span class='ocrx_word' id='word_1_717' title='bbox 2432 3190 2539 3229; x_wconf 88' lang='lat' dir='ltr'><strong>non</strong></span> <span class='ocrx_word' id='word_1_718' title='bbox 2563 3175 2718 3243; x_wconf 90' lang='lat' dir='ltr'><strong>dixit,</strong></span> <span class='ocrx_word' id='word_1_719' title='bbox 2744 3158 3084 3245; x_wconf 83' lang='lat' dir='ltr'><strong>simpliciter,</strong></span> <span class='ocrx_word' id='word_1_720' title='bbox 3117 3173 3401 3230; x_wconf 84' lang='lat' dir='ltr'><strong>Faciamus</strong></span> <span class='ocrx_word' id='word_1_721' title='bbox 3422 3174 3500 3232; x_wconf 90' lang='lat' dir='ltr'><strong>illi</strong></span> 
     </span>
    </p>
   </div>
   <div class='ocr_carea' id='block_1_90' title="bbox 1876 3264 3501 3338">
    <p class='ocr_par' dir='ltr' id='par_1_90' title="bbox 1876 3264 3501 3338">
     <span class='ocr_line' id='line_1_90' title="bbox 1876 3264 3501 3338; baseline 0 -17"><span class='ocrx_word' id='word_1_722' title='bbox 1876 3266 2213 3336; x_wconf 89' lang='lat' dir='ltr'><strong>adiutorem,</strong></span> <span class='ocrx_word' id='word_1_723' title='bbox 2247 3267 2340 3322; x_wconf 87' lang='lat' dir='ltr'><strong>sed</strong></span> <span class='ocrx_word' id='word_1_724' title='bbox 2368 3308 2383 3331; x_wconf 94' lang='lat'><strong>,</strong></span> <span class='ocrx_word' id='word_1_725' title='bbox 2418 3265 2698 3321; x_wconf 85' lang='lat' dir='ltr'><strong>Faciamus</strong></span> <span class='ocrx_word' id='word_1_726' title='bbox 2746 3264 2828 3322; x_wconf 87' lang='lat' dir='ltr'><strong>illi</strong></span> <span class='ocrx_word' id='word_1_727' title='bbox 2870 3266 3163 3338; x_wconf 82' lang='lat' dir='ltr'><strong>adjutorent</strong></span> <span class='ocrx_word' id='word_1_728' title='bbox 3212 3266 3501 3321; x_wconf 80' lang='lat' dir='ltr'><strong>secundum</strong></span> 
     </span>
    </p>
   </div>
   <div class='ocr_carea' id='block_1_91' title="bbox 1874 3356 3496 3430">
    <p class='ocr_par' dir='ltr' id='par_1_91' title="bbox 1874 3356 3496 3430">
     <span class='ocr_line' id='line_1_91' title="bbox 1874 3356 3496 3430; baseline 0.002 -21"><span class='ocrx_word' id='word_1_729' title='bbox 1874 3357 2043 3427; x_wconf 86' lang='lat' dir='ltr'><strong>ipsum</strong></span> <span class='ocrx_word' id='word_1_730' title='bbox 2070 3398 2085 3420; x_wconf 88' lang='lat'><strong><em>.</em></strong></span> <span class='ocrx_word' id='word_1_731' title='bbox 2107 3357 2262 3413; x_wconf 90' lang='lat' dir='ltr'><strong>dixit.</strong></span> <span class='ocrx_word' id='word_1_732' title='bbox 2288 3356 2413 3413; x_wconf 67' lang='lat' dir='ltr'><strong>Haec</strong></span> <span class='ocrx_word' id='word_1_733' title='bbox 2439 3368 2619 3413; x_wconf 88' lang='lat' dir='ltr'><strong>autem</strong></span> <span class='ocrx_word' id='word_1_734' title='bbox 2644 3366 2772 3415; x_wconf 90' lang='lat' dir='ltr'><strong>ante</strong></span> <span class='ocrx_word' id='word_1_735' title='bbox 2803 3367 3085 3428; x_wconf 85' lang='lat' dir='ltr'><strong>peccatum</strong></span> <span class='ocrx_word' id='word_1_736' title='bbox 3110 3358 3454 3430; x_wconf 88' lang='lat' dir='ltr'><strong>contigerunt</strong></span> <span class='ocrx_word' id='word_1_737' title='bbox 3480 3374 3496 3413; x_wconf 88' lang='lat'><strong>:</strong></span> 
     </span>
    </p>
   </div>
   <div class='ocr_carea' id='block_1_92' title="bbox 1879 3446 3498 3518">
    <p class='ocr_par' dir='ltr' id='par_1_92' title="bbox 1879 3446 3498 3518">
     <span class='ocr_line' id='line_1_92' title="bbox 1879 3446 3498 3518; baseline 0.004 -19"><span class='ocrx_word' id='word_1_738' title='bbox 1879 3457 2001 3517; x_wconf 81' lang='lat' dir='ltr'><strong>post</strong></span> <span class='ocrx_word' id='word_1_739' title='bbox 2025 3458 2303 3518; x_wconf 83' lang='lat' dir='ltr'><strong>peccatum</strong></span> <span class='ocrx_word' id='word_1_740' title='bbox 2334 3446 2514 3504; x_wconf 90' lang='lat' dir='ltr'><strong>autem</strong></span> <span class='ocrx_word' id='word_1_741' title='bbox 2550 3467 2564 3503; x_wconf 87' lang='lat'><strong>:</strong></span> <span class='ocrx_word' id='word_1_742' title='bbox 2597 3450 2678 3504; x_wconf 80' lang='lat' dir='ltr'><strong>Ad</strong></span> <span class='ocrx_word' id='word_1_743' title='bbox 2706 3450 2872 3505; x_wconf 80' lang='lat' dir='ltr'><strong>uirum</strong></span> <span class='ocrx_word' id='word_1_744' title='bbox 2912 3458 3058 3505; x_wconf 78' lang='lat' dir='ltr'><strong>tuum</strong></span> <span class='ocrx_word' id='word_1_745' title='bbox 3092 3450 3353 3505; x_wconf 76' lang='lat' dir='ltr'><strong>conversio</strong></span> <span class='ocrx_word' id='word_1_746' title='bbox 3373 3460 3498 3517; x_wconf 78' lang='lat' dir='ltr'><strong>tua,</strong></span> 
     </span>
    </p>
   </div>
   <div class='ocr_carea' id='block_1_93' title="bbox 1877 3532 3502 3607">
    <p class='ocr_par' dir='ltr' id='par_1_93' title="bbox 1877 3532 3502 3607">
     <span class='ocr_line' id='line_1_93' title="bbox 1877 3532 3502 3607; baseline 0.004 -21"><span class='ocrx_word' id='word_1_747' title='bbox 1877 3544 1921 3587; x_wconf 86' lang='lat' dir='ltr'><strong>et</strong></span> <span class='ocrx_word' id='word_1_748' title='bbox 1950 3533 2059 3603; x_wconf 79' lang='lat' dir='ltr'><strong>ipse</strong></span> <span class='ocrx_word' id='word_1_749' title='bbox 2088 3534 2163 3587; x_wconf 87' lang='lat' dir='ltr'><strong>tui</strong></span> <span class='ocrx_word' id='word_1_750' title='bbox 2190 3534 2541 3589; x_wconf 84' lang='lat' dir='ltr'><strong>dominabitur</strong></span> <span class='ocrx_word' id='word_1_751' title='bbox 2566 3532 2722 3606; x_wconf 78' lang='lat' dir='ltr'><strong>(Gen.</strong></span> <span class='ocrx_word' id='word_1_752' title='bbox 2742 3536 2795 3591; x_wconf 81' lang='lat'><strong>3.</strong></span> <span class='ocrx_word' id='word_1_753' title='bbox 2824 3533 2937 3606; x_wconf 87' lang='grc'><strong>16).</strong></span> <span class='ocrx_word' id='word_1_754' title='bbox 2969 3534 3259 3607; x_wconf 65' lang='grc' dir='ltr'><strong>Αἰῳιθιεηι</strong></span> <span class='ocrx_word' id='word_1_755' title='bbox 3291 3535 3502 3592; x_wconf 83' lang='lat' dir='ltr'><strong>honore</strong></span> 
     </span>
    </p>
   </div>
   <div class='ocr_carea' id='block_1_94' title="bbox 1878 3626 3502 3698">
    <p class='ocr_par' dir='ltr' id='par_1_94' title="bbox 1878 3626 3502 3698">
     <span class='ocr_line' id='line_1_94' title="bbox 1878 3626 3502 3698; baseline 0.003 -20"><span class='ocrx_word' id='word_1_756' title='bbox 1878 3634 1932 3679; x_wconf 88' lang='lat' dir='ltr'><strong>te</strong></span> <span class='ocrx_word' id='word_1_757' title='bbox 1985 3626 2200 3690; x_wconf 88' lang='lat' dir='ltr'><strong>creavi,</strong></span> <span class='ocrx_word' id='word_1_758' title='bbox 2241 3626 2452 3697; x_wconf 85' lang='lat' dir='ltr'><strong>inquit;</strong></span> <span class='ocrx_word' id='word_1_759' title='bbox 2488 3642 2595 3682; x_wconf 88' lang='lat' dir='ltr'><strong>non</strong></span> <span class='ocrx_word' id='word_1_760' title='bbox 2620 3635 2768 3683; x_wconf 89' lang='lat' dir='ltr'><strong>recte</strong></span> <span class='ocrx_word' id='word_1_761' title='bbox 2817 3642 2915 3682; x_wconf 91' lang='lat' dir='ltr'><strong>usa</strong></span> <span class='ocrx_word' id='word_1_762' title='bbox 2954 3642 3013 3681; x_wconf 89' lang='lat' dir='ltr'><strong>es</strong></span> <span class='ocrx_word' id='word_1_763' title='bbox 3061 3626 3400 3698; x_wconf 89' lang='lat' dir='ltr'><strong>principatu:</strong></span> <span class='ocrx_word' id='word_1_764' title='bbox 3430 3626 3502 3683; x_wconf 88' lang='lat' dir='ltr'><strong>ad</strong></span> 
     </span>
    </p>
   </div>
   <div class='ocr_carea' id='block_1_95' title="bbox 1877 3715 3501 3786">
    <p class='ocr_par' dir='ltr' id='par_1_95' title="bbox 1877 3715 3501 3786">
     <span class='ocr_line' id='line_1_95' title="bbox 1877 3715 3501 3786; baseline 0.002 -16"><span class='ocrx_word' id='word_1_765' title='bbox 1877 3715 2267 3786; x_wconf 89' lang='lat' dir='ltr'><strong>suhjcctionem</strong></span> <span class='ocrx_word' id='word_1_766' title='bbox 2308 3716 2601 3774; x_wconf 80' lang='lat' dir='ltr'><strong>descende.</strong></span> <span class='ocrx_word' id='word_1_767' title='bbox 2650 3717 2769 3773; x_wconf 85' lang='lat' dir='ltr'><strong>Non</strong></span> <span class='ocrx_word' id='word_1_768' title='bbox 2803 3718 2969 3773; x_wconf 89' lang='lat' dir='ltr'><strong>tulisti</strong></span> <span class='ocrx_word' id='word_1_769' title='bbox 2998 3718 3301 3775; x_wconf 89' lang='lat' dir='ltr'><strong>libertatem</strong></span> <span class='ocrx_word' id='word_1_770' title='bbox 3332 3736 3346 3773; x_wconf 88' lang='lat'><strong>:</strong></span> <span class='ocrx_word' id='word_1_771' title='bbox 3380 3734 3501 3773; x_wconf 85' lang='lat' dir='ltr'><strong>ser-</strong></span> 
     </span>
    </p>
   </div>
   <div class='ocr_carea' id='block_1_96' title="bbox 1878 3809 3501 3883">
    <p class='ocr_par' dir='ltr' id='par_1_96' title="bbox 1878 3809 3501 3883">
     <span class='ocr_line' id='line_1_96' title="bbox 1878 3809 3501 3883; baseline 0.004 -22"><span class='ocrx_word' id='word_1_772' title='bbox 1878 3809 2103 3864; x_wconf 88' lang='lat' dir='ltr'><strong>vitutem</strong></span> <span class='ocrx_word' id='word_1_773' title='bbox 2147 3809 2392 3865; x_wconf 90' lang='lat' dir='ltr'><strong>admitte.</strong></span> <span class='ocrx_word' id='word_1_774' title='bbox 2428 3809 2714 3866; x_wconf 81' lang='lat' dir='ltr'><strong>Neseivisti</strong></span> <span class='ocrx_word' id='word_1_775' title='bbox 2746 3812 3057 3883; x_wconf 88' lang='lat' dir='ltr'><strong>imperare,</strong></span> <span class='ocrx_word' id='word_1_776' title='bbox 3087 3810 3234 3882; x_wconf 90' lang='lat' dir='ltr'><strong>quod</strong></span> <span class='ocrx_word' id='word_1_777' title='bbox 3275 3822 3332 3867; x_wconf 89' lang='lat' dir='ltr'><strong>et</strong></span> <span class='ocrx_word' id='word_1_778' title='bbox 3385 3811 3501 3882; x_wconf 81' lang='lat' dir='ltr'><strong>ipsa</strong></span> 
     </span>
    </p>
   </div>
   <div class='ocr_carea' id='block_1_97' title="bbox 1877 3902 3499 3973">
    <p class='ocr_par' dir='ltr' id='par_1_97' title="bbox 1877 3902 3499 3973">
     <span class='ocr_line' id='line_1_97' title="bbox 1877 3902 3499 3973; baseline 0.001 -17"><span class='ocrx_word' id='word_1_779' title='bbox 1877 3917 2059 3957; x_wconf 91' lang='lat' dir='ltr'><strong>rerum</strong></span> <span class='ocrx_word' id='word_1_780' title='bbox 2086 3902 2421 3973; x_wconf 82' lang='lat' dir='ltr'><strong>experientia</strong></span> <span class='ocrx_word' id='word_1_781' title='bbox 2464 3902 2753 3960; x_wconf 84' lang='lat' dir='ltr'><strong>deelarasti</strong></span> <span class='ocrx_word' id='word_1_782' title='bbox 2785 3922 2797 3959; x_wconf 94' lang='lat'>:</span> <span class='ocrx_word' id='word_1_783' title='bbox 2832 3913 2952 3959; x_wconf 89' lang='lat' dir='ltr'><strong>esto</strong></span> <span class='ocrx_word' id='word_1_784' title='bbox 2980 3919 3089 3960; x_wconf 89' lang='lat' dir='ltr'><strong>una</strong></span> <span class='ocrx_word' id='word_1_785' title='bbox 3130 3920 3199 3961; x_wconf 91' lang='lat' dir='ltr'><strong>ex</strong></span> <span class='ocrx_word' id='word_1_786' title='bbox 3230 3904 3461 3959; x_wconf 87' lang='lat' dir='ltr'><strong>subditis</strong></span> <span class='ocrx_word' id='word_1_787' title='bbox 3481 3946 3499 3968; x_wconf 83' lang='lat'><strong>,</strong></span> 
     </span>
    </p>
   </div>
   <div class='ocr_carea' id='block_1_98' title="bbox 1876 3994 3503 4068">
    <p class='ocr_par' dir='ltr' id='par_1_98' title="bbox 1876 3994 3503 4068">
     <span class='ocr_line' id='line_1_98' title="bbox 1876 3994 3503 4068; baseline 0.001 -18"><span class='ocrx_word' id='word_1_788' title='bbox 1876 4005 1931 4050; x_wconf 89' lang='lat' dir='ltr'><strong>et</strong></span> <span class='ocrx_word' id='word_1_789' title='bbox 1956 3994 2232 4050; x_wconf 86' lang='lat' dir='ltr'><strong>dominum</strong></span> <span class='ocrx_word' id='word_1_790' title='bbox 2269 3996 2442 4051; x_wconf 88' lang='lat' dir='ltr'><strong>virum</strong></span> <span class='ocrx_word' id='word_1_791' title='bbox 2489 4010 2742 4068; x_wconf 80' lang='lat' dir='ltr'><strong>agnosce.</strong></span> <span class='ocrx_word' id='word_1_792' title='bbox 2774 3995 2857 4051; x_wconf 76' lang='lat' dir='ltr'><strong>Ad</strong></span> <span class='ocrx_word' id='word_1_793' title='bbox 2882 3997 3049 4051; x_wconf 84' lang='lat' dir='ltr'><strong>virum</strong></span> <span class='ocrx_word' id='word_1_794' title='bbox 3076 4004 3218 4051; x_wconf 79' lang='lat' dir='ltr'><strong>tuum</strong></span> <span class='ocrx_word' id='word_1_795' title='bbox 3238 3996 3503 4051; x_wconf 77' lang='lat' dir='ltr'><strong>conversio</strong></span> 
     </span>
    </p>
   </div>
   <div class='ocr_carea' id='block_1_99' title="bbox 1877 4088 3503 4161">
    <p class='ocr_par' dir='ltr' id='par_1_99' title="bbox 1877 4088 3503 4161">
     <span class='ocr_line' id='line_1_99' title="bbox 1877 4088 3503 4161; baseline 0 -20"><span class='ocrx_word' id='word_1_796' title='bbox 1877 4097 1985 4153; x_wconf 77' lang='lat' dir='ltr'><strong>tua,</strong></span> <span class='ocrx_word' id='word_1_797' title='bbox 2009 4098 2057 4143; x_wconf 89' lang='lat' dir='ltr'><strong>et</strong></span> <span class='ocrx_word' id='word_1_798' title='bbox 2082 4089 2192 4161; x_wconf 86' lang='lat' dir='ltr'><strong>ipse</strong></span> <span class='ocrx_word' id='word_1_799' title='bbox 2211 4089 2283 4142; x_wconf 86' lang='lat' dir='ltr'><strong>tui</strong></span> <span class='ocrx_word' id='word_1_800' title='bbox 2302 4089 2667 4145; x_wconf 84' lang='lat' dir='ltr'><strong>dominabitur.</strong></span> <span class='ocrx_word' id='word_1_801' title='bbox 2697 4092 2766 4145; x_wconf 84' lang='lat' dir='ltr'><strong>At</strong></span> <span class='ocrx_word' id='word_1_802' title='bbox 2790 4090 2911 4145; x_wconf 87' lang='lat' dir='ltr'><strong>vide</strong></span> <span class='ocrx_word' id='word_1_803' title='bbox 2941 4090 3045 4145; x_wconf 88' lang='lat' dir='ltr'><strong>hoc</strong></span> <span class='ocrx_word' id='word_1_804' title='bbox 3078 4089 3202 4146; x_wconf 82' lang='lat' dir='ltr'><strong>luco</strong></span> <span class='ocrx_word' id='word_1_805' title='bbox 3227 4088 3323 4144; x_wconf 90' lang='lat' dir='ltr'><strong>Dei</strong></span> <span class='ocrx_word' id='word_1_806' title='bbox 3350 4088 3503 4142; x_wconf 81' lang='lat' dir='ltr'><strong>beni-</strong></span> 
     </span>
    </p>
   </div>
   <div class='ocr_carea' id='block_1_100' title="bbox 1876 4178 3499 4253">
    <p class='ocr_par' dir='ltr' id='par_1_100' title="bbox 1876 4178 3499 4253">
     <span class='ocr_line' id='line_1_100' title="bbox 1876 4178 3499 4253; baseline 0.001 -22"><span class='ocrx_word' id='word_1_807' title='bbox 1876 4179 2154 4248; x_wconf 87' lang='lat' dir='ltr'><strong>gnitatem.</strong></span> <span class='ocrx_word' id='word_1_808' title='bbox 2204 4178 2283 4235; x_wconf 86' lang='lat' dir='ltr'><strong>Ne</strong></span> <span class='ocrx_word' id='word_1_809' title='bbox 2333 4180 2479 4235; x_wconf 85' lang='lat' dir='ltr'><strong>enim</strong></span> <span class='ocrx_word' id='word_1_810' title='bbox 2524 4180 2790 4247; x_wconf 89' lang='lat' dir='ltr'><strong>audiens,</strong></span> <span class='ocrx_word' id='word_1_811' title='bbox 2835 4179 2959 4253; x_wconf 81' lang='lat' dir='ltr'><strong>Ipse</strong></span> <span class='ocrx_word' id='word_1_812' title='bbox 3006 4180 3081 4234; x_wconf 82' lang='lat' dir='ltr'><strong>tui</strong></span> <span class='ocrx_word' id='word_1_813' title='bbox 3124 4180 3499 4241; x_wconf 75' lang='lat' dir='ltr'><strong>dominabitur.</strong></span> 
     </span>
    </p>
   </div>
   <div class='ocr_carea' id='block_1_101' title="bbox 1878 4273 3503 4344">
    <p class='ocr_par' dir='ltr' id='par_1_101' title="bbox 1878 4273 3503 4344">
     <span class='ocr_line' id='line_1_101' title="bbox 1878 4273 3503 4344; baseline -0.002 -16"><span class='ocrx_word' id='word_1_814' title='bbox 1878 4289 2097 4344; x_wconf 80' lang='lat' dir='ltr'><strong>gravem</strong></span> <span class='ocrx_word' id='word_1_815' title='bbox 2148 4281 2398 4329; x_wconf 88' lang='lat' dir='ltr'><strong>censeret</strong></span> <span class='ocrx_word' id='word_1_816' title='bbox 2444 4289 2567 4330; x_wconf 87' lang='lat' dir='ltr'><strong>esse</strong></span> <span class='ocrx_word' id='word_1_817' title='bbox 2607 4274 2976 4340; x_wconf 89' lang='lat' dir='ltr'><strong>dominatum,</strong></span> <span class='ocrx_word' id='word_1_818' title='bbox 3012 4273 3162 4344; x_wconf 89' lang='lat' dir='ltr'><strong>prius</strong></span> <span class='ocrx_word' id='word_1_819' title='bbox 3203 4273 3377 4343; x_wconf 90' lang='lat' dir='ltr'><strong>posuit</strong></span> <span class='ocrx_word' id='word_1_820' title='bbox 3406 4291 3503 4327; x_wconf 84' lang='lat' dir='ltr'><strong>nn-</strong></span> 
     </span>
    </p>
   </div>
   <div class='ocr_carea' id='block_1_102' title="bbox 1878 4366 3503 4430">
    <p class='ocr_par' dir='ltr' id='par_1_102' title="bbox 1878 4366 3503 4430">
     <span class='ocr_line' id='line_1_102' title="bbox 1878 4366 3503 4430; baseline 0.001 -9"><span class='ocrx_word' id='word_1_821' title='bbox 1878 4381 2002 4422; x_wconf 89' lang='lat' dir='ltr'><strong>men</strong></span> <span class='ocrx_word' id='word_1_822' title='bbox 2033 4382 2179 4422; x_wconf 79' lang='lat' dir='ltr'><strong>cura:</strong></span> <span class='ocrx_word' id='word_1_823' title='bbox 2205 4366 2394 4422; x_wconf 91' lang='lat' dir='ltr'><strong>dicens</strong></span> <span class='ocrx_word' id='word_1_824' title='bbox 2418 4407 2433 4430; x_wconf 85' lang='lat'><strong>.</strong></span> <span class='ocrx_word' id='word_1_825' title='bbox 2471 4366 2552 4422; x_wconf 78' lang='lat' dir='ltr'><strong>Ad</strong></span> <span class='ocrx_word' id='word_1_826' title='bbox 2582 4368 2747 4421; x_wconf 79' lang='lat' dir='ltr'><strong>uirum</strong></span> <span class='ocrx_word' id='word_1_827' title='bbox 2778 4378 2920 4421; x_wconf 84' lang='lat' dir='ltr'><strong>tuum</strong></span> <span class='ocrx_word' id='word_1_828' title='bbox 2948 4367 3211 4422; x_wconf 75' lang='lat' dir='ltr'><strong>conversio</strong></span> <span class='ocrx_word' id='word_1_829' title='bbox 3238 4376 3327 4420; x_wconf 79' lang='lat' dir='ltr'><strong>tua</strong></span> <span class='ocrx_word' id='word_1_830' title='bbox 3352 4410 3364 4427; x_wconf 88' lang='lat'><strong>.</strong></span> <span class='ocrx_word' id='word_1_831' title='bbox 3398 4366 3503 4422; x_wconf 87' lang='lat' dir='ltr'><strong>hoc</strong></span> 
     </span>
    </p>
   </div>
   <div class='ocr_carea' id='block_1_103' title="bbox 1877 4457 3497 4532">
    <p class='ocr_par' dir='ltr' id='par_1_103' title="bbox 1877 4457 3497 4532">
     <span class='ocr_line' id='line_1_103' title="bbox 1877 4457 3497 4532; baseline -0.001 -18"><span class='ocrx_word' id='word_1_832' title='bbox 1877 4469 1981 4525; x_wconf 89' lang='lat' dir='ltr'><strong>est,</strong></span> <span class='ocrx_word' id='word_1_833' title='bbox 2012 4457 2295 4530; x_wconf 61' lang='lat' dir='ltr'><strong>Refugium</strong></span> <span class='ocrx_word' id='word_1_834' title='bbox 2324 4468 2495 4525; x_wconf 90' lang='lat' dir='ltr'><strong>tuum,</strong></span> <span class='ocrx_word' id='word_1_835' title='bbox 2526 4469 2733 4532; x_wconf 88' lang='lat' dir='ltr'><strong>portus,</strong></span> <span class='ocrx_word' id='word_1_836' title='bbox 2757 4469 2813 4513; x_wconf 87' lang='lat' dir='ltr'><strong>et</strong></span> <span class='ocrx_word' id='word_1_837' title='bbox 2832 4459 3096 4515; x_wconf 86' lang='lat' dir='ltr'><strong>securitas</strong></span> <span class='ocrx_word' id='word_1_838' title='bbox 3118 4458 3211 4515; x_wconf 91' lang='lat' dir='ltr'><strong>tibi</strong></span> <span class='ocrx_word' id='word_1_839' title='bbox 3240 4458 3346 4514; x_wconf 89' lang='lat' dir='ltr'><strong>erit</strong></span> <span class='ocrx_word' id='word_1_840' title='bbox 3370 4458 3497 4515; x_wconf 82' lang='lat' dir='ltr'><strong>ille:</strong></span> 
     </span>
    </p>
   </div>
   <div class='ocr_carea' id='block_1_104' title="bbox 1878 4552 3499 4623">
    <p class='ocr_par' dir='ltr' id='par_1_104' title="bbox 1878 4552 3499 4623">
     <span class='ocr_line' id='line_1_104' title="bbox 1878 4552 3499 4623; baseline 0.002 -18"><span class='ocrx_word' id='word_1_841' title='bbox 1878 4553 2014 4606; x_wconf 92' lang='lat' dir='ltr'><strong>utin</strong></span> <span class='ocrx_word' id='word_1_842' title='bbox 2041 4552 2315 4619; x_wconf 89' lang='lat' dir='ltr'><strong>omnibus,</strong></span> <span class='ocrx_word' id='word_1_843' title='bbox 2348 4569 2469 4623; x_wconf 75' lang='lat' dir='ltr'><strong>quze</strong></span> <span class='ocrx_word' id='word_1_844' title='bbox 2503 4554 2772 4623; x_wconf 90' lang='lat' dir='ltr'><strong>ingruent,</strong></span> <span class='ocrx_word' id='word_1_845' title='bbox 2803 4553 2964 4607; x_wconf 88' lang='lat' dir='ltr'><strong>malis</strong></span> <span class='ocrx_word' id='word_1_846' title='bbox 2981 4552 3050 4607; x_wconf 87' lang='lat' dir='ltr'><strong>ad</strong></span> <span class='ocrx_word' id='word_1_847' title='bbox 3082 4552 3257 4622; x_wconf 87' lang='lat' dir='ltr'><strong>ipsum</strong></span> <span class='ocrx_word' id='word_1_848' title='bbox 3288 4561 3343 4607; x_wconf 89' lang='lat' dir='ltr'><strong>te</strong></span> <span class='ocrx_word' id='word_1_849' title='bbox 3363 4566 3499 4609; x_wconf 86' lang='lat' dir='ltr'><strong>con—</strong></span> 
     </span>
    </p>
   </div>
   <div class='ocr_carea' id='block_1_105' title="bbox 1878 4640 3499 4714">
    <p class='ocr_par' dir='ltr' id='par_1_105' title="bbox 1878 4640 3499 4714">
     <span class='ocr_line' id='line_1_105' title="bbox 1878 4640 3499 4714; baseline 0.001 -19"><span class='ocrx_word' id='word_1_850' title='bbox 1878 4653 2058 4697; x_wconf 87' lang='lat' dir='ltr'><strong>vertas</strong></span> <span class='ocrx_word' id='word_1_851' title='bbox 2078 4651 2153 4697; x_wconf 72' lang='lat' dir='ltr'><strong>Iet</strong></span> <span class='ocrx_word' id='word_1_852' title='bbox 2178 4641 2461 4714; x_wconf 87' lang='lat' dir='ltr'><strong>confugias</strong></span> <span class='ocrx_word' id='word_1_853' title='bbox 2480 4683 2497 4709; x_wconf 89' lang='lat'><strong>,</strong></span> <span class='ocrx_word' id='word_1_854' title='bbox 2530 4641 2624 4697; x_wconf 92' lang='lat' dir='ltr'><strong>tibi</strong></span> <span class='ocrx_word' id='word_1_855' title='bbox 2665 4641 2926 4698; x_wconf 90' lang='lat' dir='ltr'><strong>concedo.</strong></span> <span class='ocrx_word' id='word_1_856' title='bbox 2952 4640 3139 4714; x_wconf 82' lang='lat' dir='ltr'><strong>Neque</strong></span> <span class='ocrx_word' id='word_1_857' title='bbox 3170 4641 3274 4697; x_wconf 90' lang='lat' dir='ltr'><strong>hoc</strong></span> <span class='ocrx_word' id='word_1_858' title='bbox 3296 4642 3499 4709; x_wconf 81' lang='lat' dir='ltr'><strong>solum,</strong></span> 
     </span>
    </p>
   </div>
   <div class='ocr_carea' id='block_1_106' title="bbox 1877 4731 3501 4805">
    <p class='ocr_par' dir='ltr' id='par_1_106' title="bbox 1877 4731 3501 4805">
     <span class='ocr_line' id='line_1_106' title="bbox 1877 4731 3501 4805; baseline 0.001 -17"><span class='ocrx_word' id='word_1_859' title='bbox 1877 4731 1974 4788; x_wconf 87' lang='lat' dir='ltr'><strong>sed</strong></span> <span class='ocrx_word' id='word_1_860' title='bbox 2019 4740 2076 4787; x_wconf 92' lang='lat' dir='ltr'><strong>et</strong></span> <span class='ocrx_word' id='word_1_861' title='bbox 2108 4732 2444 4788; x_wconf 89' lang='lat' dir='ltr'><strong>naturalibus</strong></span> <span class='ocrx_word' id='word_1_862' title='bbox 2471 4747 2568 4788; x_wconf 89' lang='lat' dir='ltr'><strong>eos</strong></span> <span class='ocrx_word' id='word_1_863' title='bbox 2621 4733 3038 4789; x_wconf 84' lang='lat' dir='ltr'><strong>necessitatibus</strong></span> <span class='ocrx_word' id='word_1_864' title='bbox 3083 4732 3393 4805; x_wconf 89' lang='lat' dir='ltr'><strong>colligavit,</strong></span> <span class='ocrx_word' id='word_1_865' title='bbox 3444 4745 3501 4791; x_wconf 89' lang='lat' dir='ltr'><strong>et</strong></span> 
     </span>
    </p>
   </div>
   <div class='ocr_carea' id='block_1_107' title="bbox 1877 4823 3499 4896">
    <p class='ocr_par' dir='ltr' id='par_1_107' title="bbox 1877 4823 3499 4896">
     <span class='ocr_line' id='line_1_107' title="bbox 1877 4823 3499 4896; baseline 0.002 -17"><span class='ocrx_word' id='word_1_866' title='bbox 1877 4832 2151 4896; x_wconf 87' lang='lat' dir='ltr'><strong>tamquam</strong></span> <span class='ocrx_word' id='word_1_867' title='bbox 2191 4823 2478 4881; x_wconf 90' lang='lat' dir='ltr'><strong>infractum</strong></span> <span class='ocrx_word' id='word_1_868' title='bbox 2519 4824 2791 4895; x_wconf 89' lang='lat' dir='ltr'><strong>quoddam</strong></span> <span class='ocrx_word' id='word_1_869' title='bbox 2834 4825 3144 4888; x_wconf 84' lang='lat' dir='ltr'><strong>vinculum,</strong></span> <span class='ocrx_word' id='word_1_870' title='bbox 3189 4826 3499 4893; x_wconf 83' lang='lat' dir='ltr'><strong>cupiditatis</strong></span> 
     </span>
    </p>
   </div>
   <div class='ocr_carea' id='block_1_108' title="bbox 1879 4916 3501 4989">
    <p class='ocr_par' dir='ltr' id='par_1_108' title="bbox 1879 4916 3501 4989">
     <span class='ocr_line' id='line_1_108' title="bbox 1879 4916 3501 4989; baseline 0.001 -17"><span class='ocrx_word' id='word_1_871' title='bbox 1879 4917 1983 4973; x_wconf 89' lang='lat' dir='ltr'><strong>illis</strong></span> <span class='ocrx_word' id='word_1_872' title='bbox 2007 4926 2253 4973; x_wconf 85' lang='lat' dir='ltr'><strong>catenam</strong></span> <span class='ocrx_word' id='word_1_873' title='bbox 2282 4916 2483 4989; x_wconf 88' lang='lat' dir='ltr'><strong>injecit.</strong></span> <span class='ocrx_word' id='word_1_874' title='bbox 2516 4916 2681 4973; x_wconf 81' lang='lat' dir='ltr'><strong>Vides</strong></span> <span class='ocrx_word' id='word_1_875' title='bbox 2705 4927 2765 4972; x_wconf 92' lang='lat' dir='ltr'><strong>ut</strong></span> <span class='ocrx_word' id='word_1_876' title='bbox 2798 4917 3190 4988; x_wconf 88' lang='lat' dir='ltr'><strong>subiectionem</strong></span> <span class='ocrx_word' id='word_1_877' title='bbox 3235 4917 3501 4974; x_wconf 78' lang='lat' dir='ltr'><strong>invexerit</strong></span> 
     </span>
    </p>
   </div>
   <div class='ocr_carea' id='block_1_109' title="bbox 1876 5010 3503 5083">
    <p class='ocr_par' dir='ltr' id='par_1_109' title="bbox 1876 5010 3503 5083">
     <span class='ocr_line' id='line_1_109' title="bbox 1876 5010 3503 5083; baseline -0.001 -18"><span class='ocrx_word' id='word_1_878' title='bbox 1876 5010 2095 5081; x_wconf 91' lang='lat' dir='ltr'><strong>quidem</strong></span> <span class='ocrx_word' id='word_1_879' title='bbox 2113 5018 2413 5082; x_wconf 90' lang='lat' dir='ltr'><strong>peccatum,</strong></span> <span class='ocrx_word' id='word_1_880' title='bbox 2427 5011 2602 5066; x_wconf 86' lang='lat' dir='ltr'><strong>solers</strong></span> <span class='ocrx_word' id='word_1_881' title='bbox 2616 5021 2797 5067; x_wconf 76' lang='lat' dir='ltr'><strong>autem</strong></span> <span class='ocrx_word' id='word_1_882' title='bbox 2810 5021 2864 5067; x_wconf 92' lang='lat' dir='ltr'><strong>et</strong></span> <span class='ocrx_word' id='word_1_883' title='bbox 2877 5012 3092 5080; x_wconf 81' lang='lat' dir='ltr'><strong>sapiens</strong></span> <span class='ocrx_word' id='word_1_884' title='bbox 3110 5011 3254 5067; x_wconf 90' lang='lat' dir='ltr'><strong>Deus</strong></span> <span class='ocrx_word' id='word_1_885' title='bbox 3272 5010 3353 5065; x_wconf 90' lang='lat' dir='ltr'><strong>his</strong></span> <span class='ocrx_word' id='word_1_886' title='bbox 3365 5026 3503 5083; x_wconf 81' lang='lat' dir='ltr'><strong>quo-</strong></span> 
     </span>
    </p>
   </div>
   <div class='ocr_carea' id='block_1_110' title="bbox 1878 5102 3498 5176">
    <p class='ocr_par' dir='ltr' id='par_1_110' title="bbox 1878 5102 3498 5176">
     <span class='ocr_line' id='line_1_110' title="bbox 1878 5102 3498 5176; baseline 0.001 -19"><span class='ocrx_word' id='word_1_887' title='bbox 1878 5120 1985 5176; x_wconf 89' lang='lat' dir='ltr'><strong>que</strong></span> <span class='ocrx_word' id='word_1_888' title='bbox 2004 5102 2073 5159; x_wconf 89' lang='lat' dir='ltr'><strong>ad</strong></span> <span class='ocrx_word' id='word_1_889' title='bbox 2100 5111 2341 5159; x_wconf 91' lang='lat' dir='ltr'><strong>nostram</strong></span> <span class='ocrx_word' id='word_1_890' title='bbox 2369 5103 2659 5159; x_wconf 87' lang='lat' dir='ltr'><strong>utilitatem</strong></span> <span class='ocrx_word' id='word_1_891' title='bbox 2686 5104 2752 5158; x_wconf 89' lang='lat' dir='ltr'><strong>sit</strong></span> <span class='ocrx_word' id='word_1_892' title='bbox 2780 5104 2947 5158; x_wconf 64' lang='lat' dir='ltr'><strong>usus?</strong></span> <span class='ocrx_word' id='word_1_893' title='bbox 2973 5103 3115 5158; x_wconf 84' lang='lat' dir='ltr'><strong>Audi</strong></span> <span class='ocrx_word' id='word_1_894' title='bbox 3145 5102 3272 5174; x_wconf 89' lang='lat' dir='ltr'><strong>quid</strong></span> <span class='ocrx_word' id='word_1_895' title='bbox 3298 5102 3370 5158; x_wconf 84' lang='lat' dir='ltr'><strong>de</strong></span> <span class='ocrx_word' id='word_1_896' title='bbox 3394 5102 3498 5159; x_wconf 79' lang='lat' dir='ltr'><strong>huc</strong></span> 
     </span>
    </p>
   </div>
   <div class='ocr_carea' id='block_1_111' title="bbox 1878 5194 3500 5269">
    <p class='ocr_par' dir='ltr' id='par_1_111' title="bbox 1878 5194 3500 5269">
     <span class='ocr_line' id='line_1_111' title="bbox 1878 5194 3500 5269; baseline 0.001 -17"><span class='ocrx_word' id='word_1_897' title='bbox 1878 5197 2215 5269; x_wconf 91' lang='lat' dir='ltr'><strong>subjectione</strong></span> <span class='ocrx_word' id='word_1_898' title='bbox 2244 5196 2389 5253; x_wconf 90' lang='lat' dir='ltr'><strong>dicat</strong></span> <span class='ocrx_word' id='word_1_899' title='bbox 2416 5196 2613 5253; x_wconf 86' lang='lat' dir='ltr'><strong>Paulus</strong></span> <span class='ocrx_word' id='word_1_900' title='bbox 2636 5238 2653 5262; x_wconf 87' lang='lat'><strong>,</strong></span> <span class='ocrx_word' id='word_1_901' title='bbox 2682 5205 2738 5252; x_wconf 93' lang='lat' dir='ltr'><strong>ut</strong></span> <span class='ocrx_word' id='word_1_902' title='bbox 2770 5212 2986 5252; x_wconf 89' lang='lat' dir='ltr'><strong>rursum</strong></span> <span class='ocrx_word' id='word_1_903' title='bbox 3018 5196 3229 5252; x_wconf 81' lang='lat' dir='ltr'><strong>Veteris</strong></span> <span class='ocrx_word' id='word_1_904' title='bbox 3256 5211 3323 5253; x_wconf 91' lang='lat' dir='ltr'><strong>ac</strong></span> <span class='ocrx_word' id='word_1_905' title='bbox 3362 5194 3500 5254; x_wconf 78' lang='lat' dir='ltr'><strong>Novi</strong></span> 
     </span>
    </p>
   </div>
   <div class='ocr_carea' id='block_1_112' title="bbox 1878 5287 3500 5359">
    <p class='ocr_par' dir='ltr' id='par_1_112' title="bbox 1878 5287 3500 5359">
     <span class='ocr_line' id='line_1_112' title="bbox 1878 5287 3500 5359; baseline 0 -15"><span class='ocrx_word' id='word_1_906' title='bbox 1878 5288 2209 5345; x_wconf 84' lang='lat' dir='ltr'><strong>Testamenti</strong></span> <span class='ocrx_word' id='word_1_907' title='bbox 2244 5288 2591 5345; x_wconf 89' lang='lat' dir='ltr'><strong>concordiam</strong></span> <span class='ocrx_word' id='word_1_908' title='bbox 2624 5288 2913 5358; x_wconf 85' lang='lat' dir='ltr'><strong>intelligas.</strong></span> <span class='ocrx_word' id='word_1_909' title='bbox 2950 5287 3161 5353; x_wconf 72' lang='lat' dir='ltr'><strong>Hulier,</strong></span> <span class='ocrx_word' id='word_1_910' title='bbox 3197 5288 3411 5359; x_wconf 89' lang='lat' dir='ltr'><strong>inquit,</strong></span> <span class='ocrx_word' id='word_1_911' title='bbox 3443 5290 3500 5344; x_wconf 90' lang='lat' dir='ltr'><strong>in</strong></span> 
     </span>
    </p>
   </div>
   <div class='ocr_carea' id='block_1_113' title="bbox 1878 5377 3492 5450">
    <p class='ocr_par' dir='ltr' id='par_1_113' title="bbox 1878 5377 3492 5450">
     <span class='ocr_line' id='line_1_113' title="bbox 1878 5377 3492 5450; baseline -0.001 -14"><span class='ocrx_word' id='word_1_912' title='bbox 1878 5382 2081 5436; x_wconf 85' lang='lat' dir='ltr'><strong>silentio</strong></span> <span class='ocrx_word' id='word_1_913' title='bbox 2102 5382 2264 5435; x_wconf 84' lang='lat' dir='ltr'><strong>discat</strong></span> <span class='ocrx_word' id='word_1_914' title='bbox 2288 5396 2407 5435; x_wconf 84' lang='lat' dir='ltr'><strong>cum</strong></span> <span class='ocrx_word' id='word_1_915' title='bbox 2426 5379 2568 5435; x_wconf 86' lang='lat' dir='ltr'><strong>omni</strong></span> <span class='ocrx_word' id='word_1_916' title='bbox 2592 5379 2902 5447; x_wconf 78' lang='lat' dir='ltr'><strong>subjectione</strong></span> <span class='ocrx_word' id='word_1_917' title='bbox 2926 5382 3005 5450; x_wconf 86' lang='lat' dir='ltr'><strong>(l.</strong></span> <span class='ocrx_word' id='word_1_918' title='bbox 3041 5377 3174 5434; x_wconf 84' lang='lat' dir='ltr'><strong>Tim.</strong></span> <span class='ocrx_word' id='word_1_919' title='bbox 3192 5377 3247 5432; x_wconf 72' lang='lat'><strong>2.</strong></span> <span class='ocrx_word' id='word_1_920' title='bbox 3270 5377 3357 5434; x_wconf 87' lang='grc'><strong>11.</strong></span> <span class='ocrx_word' id='word_1_921' title='bbox 3380 5377 3492 5442; x_wconf 71' lang='grc'><strong>12).</strong></span> 
     </span>
    </p>
   </div>
   <div class='ocr_carea' id='block_1_114' title="bbox 1955 5474 3495 5549">
    <p class='ocr_par' dir='ltr' id='par_1_114' title="bbox 1955 5474 3495 5549">
     <span class='ocr_line' id='line_1_114' title="bbox 1955 5474 3495 5549; baseline 0.001 -20"><span class='ocrx_word' id='word_1_922' title='bbox 1955 5475 2191 5531; x_wconf 80' lang='lat' dir='ltr'><strong>Mulieris</strong></span> <span class='ocrx_word' id='word_1_923' title='bbox 2227 5476 2480 5545; x_wconf 66' lang='lat' dir='ltr'><strong>officium;</strong></span> <span class='ocrx_word' id='word_1_924' title='bbox 2510 5474 2694 5530; x_wconf 87' lang='lat' dir='ltr'><strong>mulier</strong></span> <span class='ocrx_word' id='word_1_925' title='bbox 2711 5474 2941 5549; x_wconf 77' lang='lat' dir='ltr'><strong>subjecta</strong></span> <span class='ocrx_word' id='word_1_926' title='bbox 2966 5475 3108 5540; x_wconf 76' lang='lat' dir='ltr'><strong>viro.</strong></span> <span class='ocrx_word' id='word_1_927' title='bbox 3138 5492 3320 5545; x_wconf 85' lang='lat' dir='ltr'><strong>quare.</strong></span> <span class='ocrx_word' id='word_1_928' title='bbox 3348 5476 3495 5531; x_wconf 74' lang='lat' dir='ltr'><strong>Alte-</strong></span> 
     </span>
    </p>
   </div>
   <div class='ocr_carea' id='block_1_115' title="bbox 1879 5566 3499 5638">
    <p class='ocr_par' dir='ltr' id='par_1_115' title="bbox 1879 5566 3499 5638">
     <span class='ocr_line' id='line_1_115' title="bbox 1879 5566 3499 5638; baseline 0.001 -17"><span class='ocrx_word' id='word_1_929' title='bbox 1879 5584 1995 5621; x_wconf 88' lang='lat' dir='ltr'><strong>rum</strong></span> <span class='ocrx_word' id='word_1_930' title='bbox 2019 5567 2275 5621; x_wconf 74' lang='lat' dir='ltr'><strong>sanitatis</strong></span> <span class='ocrx_word' id='word_1_931' title='bbox 2300 5582 2460 5637; x_wconf 83' lang='lat' dir='ltr'><strong>genus</strong></span> <span class='ocrx_word' id='word_1_932' title='bbox 2486 5582 2549 5622; x_wconf 72' lang='lat' dir='ltr'><strong>ex</strong></span> <span class='ocrx_word' id='word_1_933' title='bbox 2579 5577 2807 5638; x_wconf 81' lang='lat' dir='ltr'><strong>peccato.</strong></span> <span class='ocrx_word' id='word_1_934' title='bbox 2824 5597 2899 5608; x_wconf 90' lang='lat'><strong>—</strong></span> <span class='ocrx_word' id='word_1_935' title='bbox 2926 5566 3090 5623; x_wconf 80' lang='lat' dir='ltr'><strong>Vides</strong></span> <span class='ocrx_word' id='word_1_936' title='bbox 3106 5576 3160 5623; x_wconf 91' lang='lat' dir='ltr'><strong>et</strong></span> <span class='ocrx_word' id='word_1_937' title='bbox 3185 5566 3360 5638; x_wconf 88' lang='lat' dir='ltr'><strong>ipsum</strong></span> <span class='ocrx_word' id='word_1_938' title='bbox 3384 5566 3499 5622; x_wconf 78' lang='lat' dir='ltr'><strong>viro</strong></span> 
     </span>
    </p>
   </div>
   <div class='ocr_carea' id='block_1_116' title="bbox 1881 5656 3499 5729">
    <p class='ocr_par' dir='ltr' id='par_1_116' title="bbox 1881 5656 3499 5729">
     <span class='ocr_line' id='line_1_116' title="bbox 1881 5656 3499 5729; baseline -0.001 -15"><span class='ocrx_word' id='word_1_939' title='bbox 1881 5659 2164 5714; x_wconf 88' lang='lat' dir='ltr'><strong>mulierem</strong></span> <span class='ocrx_word' id='word_1_940' title='bbox 2190 5656 2489 5727; x_wconf 85' lang='lat' dir='ltr'><strong>subiecisse</strong></span> <span class='ocrx_word' id='word_1_941' title='bbox 2505 5659 2529 5713; x_wconf 70' lang='grc' dir='ltr'><strong><em>τ</em></strong></span> <span class='ocrx_word' id='word_1_942' title='bbox 2548 5657 2655 5715; x_wconf 88' lang='lat' dir='ltr'><strong>Sed</strong></span> <span class='ocrx_word' id='word_1_943' title='bbox 2673 5668 2951 5729; x_wconf 85' lang='lat' dir='ltr'><strong>exspecta,</strong></span> <span class='ocrx_word' id='word_1_944' title='bbox 2970 5668 3025 5715; x_wconf 90' lang='lat' dir='ltr'><strong>et</strong></span> <span class='ocrx_word' id='word_1_945' title='bbox 3047 5673 3267 5715; x_wconf 82' lang='lat' dir='ltr'><strong>causam</strong></span> <span class='ocrx_word' id='word_1_946' title='bbox 3286 5657 3499 5714; x_wconf 73' lang='lat' dir='ltr'><strong>audies.</strong></span> 
     </span>
    </p>
   </div>
   <div class='ocr_carea' id='block_1_117' title="bbox 1881 5747 3498 5820">
    <p class='ocr_par' dir='ltr' id='par_1_117' title="bbox 1881 5747 3498 5820">
     <span class='ocr_line' id='line_1_117' title="bbox 1881 5747 3498 5820; baseline -0.001 -17"><span class='ocrx_word' id='word_1_947' title='bbox 1881 5748 2013 5815; x_wconf 88' lang='lat' dir='ltr'><strong>Cur,</strong></span> <span class='ocrx_word' id='word_1_948' title='bbox 2039 5747 2169 5804; x_wconf 86' lang='lat' dir='ltr'><strong>Cum</strong></span> <span class='ocrx_word' id='word_1_949' title='bbox 2198 5749 2339 5805; x_wconf 81' lang='lat' dir='ltr'><strong>omni</strong></span> <span class='ocrx_word' id='word_1_950' title='bbox 2365 5750 2714 5819; x_wconf 76' lang='lat' dir='ltr'><strong>subjectione?</strong></span> <span class='ocrx_word' id='word_1_951' title='bbox 2744 5748 2958 5806; x_wconf 68' lang='lat' dir='ltr'><strong>lulicri</strong></span> <span class='ocrx_word' id='word_1_952' title='bbox 2982 5752 3152 5816; x_wconf 88' lang='lat' dir='ltr'><strong>enim,</strong></span> <span class='ocrx_word' id='word_1_953' title='bbox 3178 5750 3371 5820; x_wconf 82' lang='lat' dir='ltr'><strong>inquit,</strong></span> <span class='ocrx_word' id='word_1_954' title='bbox 3400 5752 3498 5803; x_wconf 82' lang='lat' dir='ltr'><strong>do-</strong></span> 
     </span>
    </p>
   </div>
   <div class='ocr_carea' id='block_1_118' title="bbox 1883 5840 3494 5913">
    <p class='ocr_par' dir='ltr' id='par_1_118' title="bbox 1883 5840 3494 5913">
     <span class='ocr_line' id='line_1_118' title="bbox 1883 5840 3494 5913; baseline 0.002 -17"><span class='ocrx_word' id='word_1_955' title='bbox 1883 5856 1995 5897; x_wconf 83' lang='lat' dir='ltr'><strong>cere</strong></span> <span class='ocrx_word' id='word_1_956' title='bbox 2022 5856 2124 5897; x_wconf 87' lang='lat' dir='ltr'><strong>non</strong></span> <span class='ocrx_word' id='word_1_957' title='bbox 2162 5844 2418 5913; x_wconf 76' lang='lat' dir='ltr'><strong>permitto.</strong></span> <span class='ocrx_word' id='word_1_958' title='bbox 2452 5842 2591 5913; x_wconf 85' lang='lat' dir='ltr'><strong>Quid</strong></span> <span class='ocrx_word' id='word_1_959' title='bbox 2622 5843 2738 5899; x_wconf 80' lang='lat' dir='ltr'><strong>ita?</strong></span> <span class='ocrx_word' id='word_1_960' title='bbox 2764 5840 2945 5901; x_wconf 85' lang='lat' dir='ltr'><strong>Semel</strong></span> <span class='ocrx_word' id='word_1_961' title='bbox 2969 5842 3113 5899; x_wconf 89' lang='lat' dir='ltr'><strong>enim</strong></span> <span class='ocrx_word' id='word_1_962' title='bbox 3144 5843 3284 5900; x_wconf 89' lang='lat' dir='ltr'><strong>male</strong></span> <span class='ocrx_word' id='word_1_963' title='bbox 3308 5844 3494 5900; x_wconf 84' lang='lat' dir='ltr'><strong>docuit</strong></span> 
     </span>
    </p>
   </div>
  </div>
