  <div class='ocr_page' id='page_1' title='image "/cluster/home/n/w/nwhite01/storage/ocr_20150623/54/pst.000005712533/225.png"; bbox 0 0 4186 6324; ppageno 0'>
   <div class='ocr_carea' id='block_1_1' title="bbox 718 440 908 495">
    <p class='ocr_par' dir='ltr' id='par_1_1' title="bbox 718 440 908 495">
     <span class='ocr_line' id='line_1_1' title="bbox 718 440 908 495; baseline -0.016 0"><span class='ocrx_word' id='word_1_1' title='bbox 718 440 824 495; x_wconf 77' lang='lat'><strong>595</strong></span> <span class='ocrx_word' id='word_1_2' title='bbox 903 465 908 468; x_wconf 85' lang='grc'><strong>-</strong></span> 
     </span>
    </p>
   </div>
   <div class='ocr_carea' id='block_1_2' title="bbox 717 533 2298 618">
    <p class='ocr_par' dir='ltr' id='par_1_2' title="bbox 717 533 2298 618">
     <span class='ocr_line' id='line_1_2' title="bbox 717 533 2298 618; baseline -0.016 -8"><span class='ocrx_word' id='word_1_3' title='bbox 717 557 908 610; x_wconf 73' lang='lat' dir='ltr'><strong>Adam.</strong></span> <span class='ocrx_word' id='word_1_4' title='bbox 965 550 1141 618; x_wconf 71' lang='lat' dir='ltr'><strong>Neque</strong></span> <span class='ocrx_word' id='word_1_5' title='bbox 1182 546 1431 601; x_wconf 76' lang='lat' dir='ltr'><strong>dominari</strong></span> <span class='ocrx_word' id='word_1_6' title='bbox 1474 544 1527 597; x_wconf 82' lang='lat' dir='ltr'><strong>in</strong></span> <span class='ocrx_word' id='word_1_7' title='bbox 1568 557 1751 596; x_wconf 74' lang='lat' dir='ltr'><strong>virm.</strong></span> <span class='ocrx_word' id='word_1_8' title='bbox 1792 539 1902 594; x_wconf 88' lang='lat' dir='ltr'><strong>Cur</strong></span> <span class='ocrx_word' id='word_1_9' title='bbox 1952 537 2003 592; x_wconf 88' lang='lat' dir='ltr'><strong>id</strong></span> <span class='ocrx_word' id='word_1_10' title='bbox 2051 533 2298 589; x_wconf 78' lang='lat' dir='ltr'><strong>tandem?</strong></span> 
     </span>
    </p>
   </div>
   <div class='ocr_carea' id='block_1_3' title="bbox 717 625 2297 710">
    <p class='ocr_par' dir='ltr' id='par_1_3' title="bbox 717 625 2297 710">
     <span class='ocr_line' id='line_1_3' title="bbox 717 625 2297 710; baseline -0.015 -11"><span class='ocrx_word' id='word_1_11' title='bbox 717 642 895 698; x_wconf 82' lang='lat' dir='ltr'><strong>Semel</strong></span> <span class='ocrx_word' id='word_1_12' title='bbox 923 641 1118 710; x_wconf 80' lang='lat' dir='ltr'><strong>quippe</strong></span> <span class='ocrx_word' id='word_1_13' title='bbox 1149 637 1286 691; x_wconf 84' lang='lat' dir='ltr'><strong>male</strong></span> <span class='ocrx_word' id='word_1_14' title='bbox 1310 635 1578 690; x_wconf 74' lang='lat' dir='ltr'><strong>dominata</strong></span> <span class='ocrx_word' id='word_1_15' title='bbox 1606 642 1706 687; x_wconf 87' lang='lat' dir='ltr'><strong>est.</strong></span> <span class='ocrx_word' id='word_1_16' title='bbox 1733 630 1839 686; x_wconf 78' lang='lat' dir='ltr'><strong>Sed</strong></span> <span class='ocrx_word' id='word_1_17' title='bbox 1868 643 1976 684; x_wconf 85' lang='lat' dir='ltr'><strong>esse</strong></span> <span class='ocrx_word' id='word_1_18' title='bbox 2003 627 2058 679; x_wconf 85' lang='lat' dir='ltr'><strong>in</strong></span> <span class='ocrx_word' id='word_1_19' title='bbox 2075 625 2297 680; x_wconf 83' lang='lat' dir='ltr'><strong>silentio.</strong></span> 
     </span>
    </p>
   </div>
   <div class='ocr_carea' id='block_1_4' title="bbox 721 715 2298 790">
    <p class='ocr_par' dir='ltr' id='par_1_4' title="bbox 721 715 2298 790">
     <span class='ocr_line' id='line_1_4' title="bbox 721 715 2298 790; baseline -0.014 -2"><span class='ocrx_word' id='word_1_20' title='bbox 721 735 817 788; x_wconf 86' lang='lat' dir='ltr'><strong>Die</strong></span> <span class='ocrx_word' id='word_1_21' title='bbox 840 747 967 786; x_wconf 89' lang='lat' dir='ltr'><strong>vero</strong></span> <span class='ocrx_word' id='word_1_22' title='bbox 995 743 1232 785; x_wconf 85' lang='lat' dir='ltr'><strong>causam.</strong></span> <span class='ocrx_word' id='word_1_23' title='bbox 1266 726 1432 779; x_wconf 77' lang='lat' dir='ltr'><strong>Adam</strong></span> <span class='ocrx_word' id='word_1_24' title='bbox 1472 725 1616 778; x_wconf 90' lang='lat' dir='ltr'><strong>enim</strong></span> <span class='ocrx_word' id='word_1_25' title='bbox 1638 763 1653 786; x_wconf 90' lang='lat'><strong>,</strong></span> <span class='ocrx_word' id='word_1_26' title='bbox 1677 722 1874 790; x_wconf 84' lang='lat' dir='ltr'><strong>inquit,</strong></span> <span class='ocrx_word' id='word_1_27' title='bbox 1899 735 2000 772; x_wconf 82' lang='lat' dir='ltr'><strong>non</strong></span> <span class='ocrx_word' id='word_1_28' title='bbox 2031 725 2105 770; x_wconf 80' lang='lat' dir='ltr'><strong>est</strong></span> <span class='ocrx_word' id='word_1_29' title='bbox 2145 715 2298 769; x_wconf 78' lang='lat' dir='ltr'><strong>seda-</strong></span> 
     </span>
    </p>
   </div>
   <div class='ocr_carea' id='block_1_5' title="bbox 717 805 2295 880">
    <p class='ocr_par' dir='ltr' id='par_1_5' title="bbox 717 805 2295 880">
     <span class='ocr_line' id='line_1_5' title="bbox 717 805 2295 880; baseline -0.013 -4"><span class='ocrx_word' id='word_1_30' title='bbox 717 834 827 877; x_wconf 86' lang='lat' dir='ltr'><strong>cttts</strong></span> <span class='ocrx_word' id='word_1_31' title='bbox 857 837 874 874; x_wconf 90' lang='lat'><strong><em>:</em></strong></span> <span class='ocrx_word' id='word_1_32' title='bbox 900 821 1077 873; x_wconf 73' lang='lat' dir='ltr'><strong>mulier</strong></span> <span class='ocrx_word' id='word_1_33' title='bbox 1115 828 1282 872; x_wconf 73' lang='lat' dir='ltr'><strong>unum</strong></span> <span class='ocrx_word' id='word_1_34' title='bbox 1329 816 1533 870; x_wconf 79' lang='lat' dir='ltr'><strong>seducta</strong></span> <span class='ocrx_word' id='word_1_35' title='bbox 1569 814 1621 866; x_wconf 82' lang='lat' dir='ltr'><strong>in</strong></span> <span class='ocrx_word' id='word_1_36' title='bbox 1654 810 2064 880; x_wconf 71' lang='lat' dir='ltr'><strong>prevaricatione</strong></span> <span class='ocrx_word' id='word_1_37' title='bbox 2090 806 2187 876; x_wconf 74' lang='lat' dir='ltr'><strong>fuit</strong></span> <span class='ocrx_word' id='word_1_38' title='bbox 2221 805 2295 872; x_wconf 87' lang='lat' dir='ltr'><strong>(l.</strong></span> 
     </span>
    </p>
   </div>
   <div class='ocr_carea' id='block_1_6' title="bbox 719 893 2296 977">
    <p class='ocr_par' dir='ltr' id='par_1_6' title="bbox 719 893 2296 977">
     <span class='ocr_line' id='line_1_6' title="bbox 719 893 2296 977; baseline -0.013 -11"><span class='ocrx_word' id='word_1_39' title='bbox 719 909 857 966; x_wconf 80' lang='lat' dir='ltr'><strong>Tini.</strong></span> <span class='ocrx_word' id='word_1_40' title='bbox 895 909 950 963; x_wconf 71' lang='grc' dir='ltr'><strong>Ξ.</strong></span> <span class='ocrx_word' id='word_1_41' title='bbox 985 910 1094 977; x_wconf 72' lang='grc' dir='ltr'><strong>Μ).</strong></span> <span class='ocrx_word' id='word_1_42' title='bbox 1136 907 1336 961; x_wconf 89' lang='lat' dir='ltr'><strong>Idcirco</strong></span> <span class='ocrx_word' id='word_1_43' title='bbox 1380 905 1522 958; x_wconf 83' lang='lat' dir='ltr'><strong>illam</strong></span> <span class='ocrx_word' id='word_1_44' title='bbox 1568 917 1597 955; x_wconf 93' lang='lat' dir='ltr'><strong>a</strong></span> <span class='ocrx_word' id='word_1_45' title='bbox 1625 901 1879 956; x_wconf 69' lang='lat' dir='ltr'><strong>doctrina:</strong></span> <span class='ocrx_word' id='word_1_46' title='bbox 1923 897 2059 952; x_wconf 80' lang='lat' dir='ltr'><strong>solio</strong></span> <span class='ocrx_word' id='word_1_47' title='bbox 2085 893 2296 963; x_wconf 72' lang='lat' dir='ltr'><strong>dejecit.</strong></span> 
     </span>
    </p>
   </div>
   <div class='ocr_carea' id='block_1_7' title="bbox 717 984 2297 1068">
    <p class='ocr_par' dir='ltr' id='par_1_7' title="bbox 717 984 2297 1068">
     <span class='ocr_line' id='line_1_7' title="bbox 717 984 2297 1068; baseline -0.013 -12"><span class='ocrx_word' id='word_1_48' title='bbox 717 1003 818 1068; x_wconf 87' lang='lat' dir='ltr'><strong>Qui</strong></span> <span class='ocrx_word' id='word_1_49' title='bbox 866 1001 1006 1056; x_wconf 87' lang='lat' dir='ltr'><strong>enim</strong></span> <span class='ocrx_word' id='word_1_50' title='bbox 1046 999 1240 1053; x_wconf 83' lang='lat' dir='ltr'><strong>docere</strong></span> <span class='ocrx_word' id='word_1_51' title='bbox 1270 997 1438 1050; x_wconf 76' lang='lat' dir='ltr'><strong>nescit</strong></span> <span class='ocrx_word' id='word_1_52' title='bbox 1462 1035 1476 1057; x_wconf 95' lang='lat'><strong>,</strong></span> <span class='ocrx_word' id='word_1_53' title='bbox 1505 993 1692 1049; x_wconf 82' lang='lat' dir='ltr'><strong>discat.</strong></span> <span class='ocrx_word' id='word_1_54' title='bbox 1718 989 1885 1058; x_wconf 92' lang='lat' dir='ltr'><strong>inquit</strong></span> <span class='ocrx_word' id='word_1_55' title='bbox 1910 1005 1922 1039; x_wconf 91' lang='lat'><strong>:</strong></span> <span class='ocrx_word' id='word_1_56' title='bbox 1951 984 2093 1056; x_wconf 89' lang='lat' dir='ltr'><strong>quod</strong></span> <span class='ocrx_word' id='word_1_57' title='bbox 2129 985 2174 1038; x_wconf 86' lang='lat' dir='ltr'><strong>si</strong></span> <span class='ocrx_word' id='word_1_58' title='bbox 2201 998 2297 1036; x_wconf 83' lang='lat' dir='ltr'><strong>no-</strong></span> 
     </span>
    </p>
   </div>
   <div class='ocr_carea' id='block_1_8' title="bbox 720 1076 2302 1154">
    <p class='ocr_par' dir='ltr' id='par_1_8' title="bbox 720 1076 2302 1154">
     <span class='ocr_line' id='line_1_8' title="bbox 720 1076 2302 1154; baseline -0.011 -8"><span class='ocrx_word' id='word_1_59' title='bbox 720 1095 879 1148; x_wconf 92' lang='lat' dir='ltr'><strong>luerit</strong></span> <span class='ocrx_word' id='word_1_60' title='bbox 905 1094 1130 1154; x_wconf 80' lang='lat' dir='ltr'><strong>discere,</strong></span> <span class='ocrx_word' id='word_1_61' title='bbox 1160 1089 1254 1144; x_wconf 85' lang='lat' dir='ltr'><strong>sed</strong></span> <span class='ocrx_word' id='word_1_62' title='bbox 1281 1084 1734 1145; x_wconf 90' lang='lat' dir='ltr'><strong>docerevoluerit,</strong></span> <span class='ocrx_word' id='word_1_63' title='bbox 1768 1092 1821 1135; x_wconf 83' lang='lat' dir='ltr'><strong>et</strong></span> <span class='ocrx_word' id='word_1_64' title='bbox 1843 1080 2096 1150; x_wconf 87' lang='lat' dir='ltr'><strong>seipsum,</strong></span> <span class='ocrx_word' id='word_1_65' title='bbox 2138 1085 2192 1131; x_wconf 86' lang='lat' dir='ltr'><strong>et</strong></span> <span class='ocrx_word' id='word_1_66' title='bbox 2218 1076 2302 1130; x_wconf 89' lang='lat' dir='ltr'><strong>di-</strong></span> 
     </span>
    </p>
   </div>
   <div class='ocr_carea' id='block_1_9' title="bbox 721 1173 2304 1254">
    <p class='ocr_par' dir='ltr' id='par_1_9' title="bbox 721 1173 2304 1254">
     <span class='ocr_line' id='line_1_9' title="bbox 721 1173 2304 1254; baseline -0.01 -17"><span class='ocrx_word' id='word_1_67' title='bbox 721 1185 952 1254; x_wconf 82' lang='lat' dir='ltr'><strong>scipulos</strong></span> <span class='ocrx_word' id='word_1_68' title='bbox 981 1183 1194 1248; x_wconf 77' lang='lat' dir='ltr'><strong>insuper</strong></span> <span class='ocrx_word' id='word_1_69' title='bbox 1219 1195 1346 1233; x_wconf 84' lang='lat' dir='ltr'><strong>suos</strong></span> <span class='ocrx_word' id='word_1_70' title='bbox 1369 1178 1581 1247; x_wconf 89' lang='lat' dir='ltr'><strong>perdet:</strong></span> <span class='ocrx_word' id='word_1_71' title='bbox 1618 1175 1667 1229; x_wconf 92' lang='lat' dir='ltr'><strong>id</strong></span> <span class='ocrx_word' id='word_1_72' title='bbox 1693 1173 1834 1244; x_wconf 90' lang='lat' dir='ltr'><strong>quod</strong></span> <span class='ocrx_word' id='word_1_73' title='bbox 1856 1174 2013 1230; x_wconf 85' lang='lat' dir='ltr'><strong>etiam</strong></span> <span class='ocrx_word' id='word_1_74' title='bbox 2042 1181 2166 1224; x_wconf 90' lang='lat' dir='ltr'><strong>tunc</strong></span> <span class='ocrx_word' id='word_1_75' title='bbox 2189 1184 2304 1222; x_wconf 89' lang='lat' dir='ltr'><strong>mu-</strong></span> 
     </span>
    </p>
   </div>
   <div class='ocr_carea' id='block_1_10' title="bbox 721 1260 2302 1335">
    <p class='ocr_par' dir='ltr' id='par_1_10' title="bbox 721 1260 2302 1335">
     <span class='ocr_line' id='line_1_10' title="bbox 721 1260 2302 1335; baseline -0.01 -7"><span class='ocrx_word' id='word_1_76' title='bbox 721 1275 836 1328; x_wconf 85' lang='lat' dir='ltr'><strong>lieri</strong></span> <span class='ocrx_word' id='word_1_77' title='bbox 878 1271 1088 1326; x_wconf 89' lang='lat' dir='ltr'><strong>accidit.</strong></span> <span class='ocrx_word' id='word_1_78' title='bbox 1149 1271 1340 1324; x_wconf 75' lang='lat' dir='ltr'><strong>Verum</strong></span> <span class='ocrx_word' id='word_1_79' title='bbox 1391 1271 1530 1322; x_wconf 82' lang='lat' dir='ltr'><strong>illam</strong></span> <span class='ocrx_word' id='word_1_80' title='bbox 1579 1267 1791 1335; x_wconf 85' lang='lat' dir='ltr'><strong>quidem</strong></span> <span class='ocrx_word' id='word_1_81' title='bbox 1851 1267 1963 1315; x_wconf 89' lang='lat' dir='ltr'><strong>viro</strong></span> <span class='ocrx_word' id='word_1_82' title='bbox 2010 1260 2302 1329; x_wconf 86' lang='lat' dir='ltr'><strong>subjectam</strong></span> 
     </span>
    </p>
   </div>
   <div class='ocr_carea' id='block_1_11' title="bbox 723 1353 2303 1433">
    <p class='ocr_par' dir='ltr' id='par_1_11' title="bbox 723 1353 2303 1433">
     <span class='ocr_line' id='line_1_11' title="bbox 723 1353 2303 1433; baseline -0.008 -15"><span class='ocrx_word' id='word_1_83' title='bbox 723 1367 916 1428; x_wconf 82' lang='lat' dir='ltr'><strong>luisse,</strong></span> <span class='ocrx_word' id='word_1_84' title='bbox 959 1380 1020 1418; x_wconf 92' lang='lat' dir='ltr'><strong>ac</strong></span> <span class='ocrx_word' id='word_1_85' title='bbox 1053 1373 1268 1433; x_wconf 87' lang='lat' dir='ltr'><strong>propter</strong></span> <span class='ocrx_word' id='word_1_86' title='bbox 1309 1372 1581 1431; x_wconf 87' lang='lat' dir='ltr'><strong>peccatum</strong></span> <span class='ocrx_word' id='word_1_87' title='bbox 1628 1359 1791 1412; x_wconf 86' lang='lat' dir='ltr'><strong>fuisse</strong></span> <span class='ocrx_word' id='word_1_88' title='bbox 1831 1356 2156 1423; x_wconf 88' lang='lat' dir='ltr'><strong>subjectam,</strong></span> <span class='ocrx_word' id='word_1_89' title='bbox 2183 1353 2303 1405; x_wconf 91' lang='lat' dir='ltr'><strong>hinc</strong></span> 
     </span>
    </p>
   </div>
   <div class='ocr_carea' id='block_1_12' title="bbox 726 1443 2303 1509">
    <p class='ocr_par' dir='ltr' id='par_1_12' title="bbox 726 1443 2303 1509">
     <span class='ocr_line' id='line_1_12' title="bbox 726 1443 2303 1509; baseline -0.009 -3"><span class='ocrx_word' id='word_1_90' title='bbox 726 1455 1063 1509; x_wconf 73' lang='lat' dir='ltr'><strong>manifestum</strong></span> <span class='ocrx_word' id='word_1_91' title='bbox 1092 1462 1176 1508; x_wconf 86' lang='lat' dir='ltr'><strong>est</strong></span> <span class='ocrx_word' id='word_1_92' title='bbox 1206 1471 1216 1504; x_wconf 92' lang='lat'>:</span> <span class='ocrx_word' id='word_1_93' title='bbox 1254 1452 1378 1504; x_wconf 87' lang='lat' dir='ltr'><strong>illud</strong></span> <span class='ocrx_word' id='word_1_94' title='bbox 1411 1460 1585 1504; x_wconf 86' lang='lat' dir='ltr'><strong>autem</strong></span> <span class='ocrx_word' id='word_1_95' title='bbox 1615 1448 1797 1502; x_wconf 85' lang='lat' dir='ltr'><strong>audire</strong></span> <span class='ocrx_word' id='word_1_96' title='bbox 1829 1447 2004 1504; x_wconf 83' lang='lat' dir='ltr'><strong>velint,</strong></span> <span class='ocrx_word' id='word_1_97' title='bbox 2033 1443 2113 1495; x_wconf 80' lang='lat' dir='ltr'><strong>Ad</strong></span> <span class='ocrx_word' id='word_1_98' title='bbox 2142 1443 2303 1494; x_wconf 74' lang='lat' dir='ltr'><strong>virum</strong></span> 
     </span>
    </p>
   </div>
   <div class='ocr_carea' id='block_1_13' title="bbox 724 1539 1980 1610">
    <p class='ocr_par' dir='ltr' id='par_1_13' title="bbox 724 1539 1980 1610">
     <span class='ocr_line' id='line_1_13' title="bbox 724 1539 1980 1610; baseline -0.008 -12"><span class='ocrx_word' id='word_1_99' title='bbox 724 1557 868 1598; x_wconf 83' lang='lat' dir='ltr'><strong>tuum</strong></span> <span class='ocrx_word' id='word_1_100' title='bbox 893 1545 1146 1599; x_wconf 71' lang='lat' dir='ltr'><strong>conversio</strong></span> <span class='ocrx_word' id='word_1_101' title='bbox 1171 1553 1286 1607; x_wconf 81' lang='lat' dir='ltr'><strong>tua,</strong></span> <span class='ocrx_word' id='word_1_102' title='bbox 1311 1553 1356 1596; x_wconf 84' lang='lat' dir='ltr'><strong>et</strong></span> <span class='ocrx_word' id='word_1_103' title='bbox 1384 1544 1493 1610; x_wconf 86' lang='lat' dir='ltr'><strong>ipse</strong></span> <span class='ocrx_word' id='word_1_104' title='bbox 1523 1543 1598 1594; x_wconf 80' lang='lat' dir='ltr'><strong>tui</strong></span> <span class='ocrx_word' id='word_1_105' title='bbox 1623 1539 1980 1592; x_wconf 77' lang='lat' dir='ltr'><strong>dominabitur.</strong></span> 
     </span>
    </p>
   </div>
   <div class='ocr_carea' id='block_1_14' title="bbox 799 1627 2307 1702">
    <p class='ocr_par' dir='ltr' id='par_1_14' title="bbox 799 1627 2307 1702">
     <span class='ocr_line' id='line_1_14' title="bbox 799 1627 2307 1702; baseline -0.007 -13"><span class='ocrx_word' id='word_1_106' title='bbox 799 1637 850 1689; x_wconf 72' lang='grc' dir='ltr'><strong>Ξ.</strong></span> <span class='ocrx_word' id='word_1_107' title='bbox 881 1636 1028 1691; x_wconf 90' lang='lat' dir='ltr'><strong>Scire</strong></span> <span class='ocrx_word' id='word_1_108' title='bbox 1053 1635 1206 1688; x_wconf 86' lang='lat' dir='ltr'><strong>velim</strong></span> <span class='ocrx_word' id='word_1_109' title='bbox 1230 1648 1334 1702; x_wconf 88' lang='lat' dir='ltr'><strong>quo</strong></span> <span class='ocrx_word' id='word_1_110' title='bbox 1357 1641 1507 1701; x_wconf 89' lang='lat' dir='ltr'><strong>pacto</strong></span> <span class='ocrx_word' id='word_1_111' title='bbox 1527 1631 1592 1685; x_wconf 91' lang='lat' dir='ltr'><strong>de</strong></span> <span class='ocrx_word' id='word_1_112' title='bbox 1615 1631 1712 1684; x_wconf 89' lang='lat' dir='ltr'><strong>hac</strong></span> <span class='ocrx_word' id='word_1_113' title='bbox 1732 1630 1890 1683; x_wconf 86' lang='lat' dir='ltr'><strong>etiam</strong></span> <span class='ocrx_word' id='word_1_114' title='bbox 1911 1641 2036 1682; x_wconf 88' lang='lat' dir='ltr'><strong>cura</strong></span> <span class='ocrx_word' id='word_1_115' title='bbox 2063 1627 2307 1695; x_wconf 83' lang='lat' dir='ltr'><strong>loquatur</strong></span> 
     </span>
    </p>
   </div>
   <div class='ocr_carea' id='block_1_15' title="bbox 729 1716 2308 1790">
    <p class='ocr_par' dir='ltr' id='par_1_15' title="bbox 729 1716 2308 1790">
     <span class='ocr_line' id='line_1_15' title="bbox 729 1716 2308 1790; baseline -0.008 -11"><span class='ocrx_word' id='word_1_116' title='bbox 729 1727 936 1790; x_wconf 75' lang='lat' dir='ltr'><strong>l&#39;auluc,</strong></span> <span class='ocrx_word' id='word_1_117' title='bbox 960 1737 1012 1780; x_wconf 90' lang='lat' dir='ltr'><strong>et</strong></span> <span class='ocrx_word' id='word_1_118' title='bbox 1031 1725 1353 1778; x_wconf 82' lang='lat' dir='ltr'><strong>dominatum</strong></span> <span class='ocrx_word' id='word_1_119' title='bbox 1376 1724 1593 1776; x_wconf 79' lang='lat' dir='ltr'><strong>miscat</strong></span> <span class='ocrx_word' id='word_1_120' title='bbox 1619 1736 1737 1774; x_wconf 90' lang='lat' dir='ltr'><strong>cum</strong></span> <span class='ocrx_word' id='word_1_121' title='bbox 1762 1718 2146 1774; x_wconf 87' lang='lat' dir='ltr'><strong>benevolentia.</strong></span> <span class='ocrx_word' id='word_1_122' title='bbox 2167 1716 2308 1784; x_wconf 84' lang='lat' dir='ltr'><strong>Quo-</strong></span> 
     </span>
    </p>
   </div>
   <div class='ocr_carea' id='block_1_16' title="bbox 728 1811 2307 1886">
    <p class='ocr_par' dir='ltr' id='par_1_16' title="bbox 728 1811 2307 1886">
     <span class='ocr_line' id='line_1_16' title="bbox 728 1811 2307 1886; baseline -0.007 -15"><span class='ocrx_word' id='word_1_123' title='bbox 728 1835 846 1871; x_wconf 90' lang='lat' dir='ltr'><strong>nam</strong></span> <span class='ocrx_word' id='word_1_124' title='bbox 878 1817 1030 1886; x_wconf 78' lang='lat' dir='ltr'><strong>igitur</strong></span> <span class='ocrx_word' id='word_1_125' title='bbox 1049 1818 1097 1869; x_wconf 91' lang='lat' dir='ltr'><strong>in</strong></span> <span class='ocrx_word' id='word_1_126' title='bbox 1124 1817 1239 1870; x_wconf 89' lang='lat' dir='ltr'><strong>loco</strong></span> <span class='ocrx_word' id='word_1_127' title='bbox 1269 1815 1318 1869; x_wconf 89' lang='lat' dir='ltr'><strong>id</strong></span> <span class='ocrx_word' id='word_1_128' title='bbox 1347 1814 1504 1867; x_wconf 82' lang='lat' dir='ltr'><strong>facit?</strong></span> <span class='ocrx_word' id='word_1_129' title='bbox 1530 1813 1609 1866; x_wconf 79' lang='lat' dir='ltr'><strong>Ad</strong></span> <span class='ocrx_word' id='word_1_130' title='bbox 1636 1811 1940 1865; x_wconf 81' lang='lat' dir='ltr'><strong>Corinthios</strong></span> <span class='ocrx_word' id='word_1_131' title='bbox 1962 1811 2037 1877; x_wconf 88' lang='lat' dir='ltr'><strong>(a)</strong></span> <span class='ocrx_word' id='word_1_132' title='bbox 2067 1811 2307 1862; x_wconf 84' lang='lat' dir='ltr'><strong>scribens</strong></span> 
     </span>
    </p>
   </div>
   <div class='ocr_carea' id='block_1_17' title="bbox 731 1900 2304 1976">
    <p class='ocr_par' dir='ltr' id='par_1_17' title="bbox 731 1900 2304 1976">
     <span class='ocr_line' id='line_1_17' title="bbox 731 1900 2304 1976; baseline -0.004 -17"><span class='ocrx_word' id='word_1_133' title='bbox 731 1910 826 1972; x_wconf 85' lang='lat' dir='ltr'><strong>ait,</strong></span> <span class='ocrx_word' id='word_1_134' title='bbox 869 1905 972 1959; x_wconf 80' lang='lat' dir='ltr'><strong>l&#39;iri</strong></span> <span class='ocrx_word' id='word_1_135' title='bbox 993 1949 1006 1967; x_wconf 91' lang='lat'><strong>,</strong></span> <span class='ocrx_word' id='word_1_136' title='bbox 1030 1906 1223 1976; x_wconf 78' lang='lat' dir='ltr'><strong>diligite</strong></span> <span class='ocrx_word' id='word_1_137' title='bbox 1257 1923 1436 1959; x_wconf 75' lang='lat' dir='ltr'><strong>uxores</strong></span> <span class='ocrx_word' id='word_1_138' title='bbox 1463 1905 1480 1974; x_wconf 96' lang='lat'><strong>(</strong></span> <span class='ocrx_word' id='word_1_139' title='bbox 1512 1903 1694 1972; x_wconf 77' lang='lat' dir='ltr'><strong>Ephes.</strong></span> <span class='ocrx_word' id='word_1_140' title='bbox 1729 1903 1780 1956; x_wconf 86' lang='lat'><strong>5.</strong></span> <span class='ocrx_word' id='word_1_141' title='bbox 1810 1903 1881 1956; x_wconf 75' lang='lat'><strong>‘25</strong></span> <span class='ocrx_word' id='word_1_142' title='bbox 1910 1903 1925 1969; x_wconf 92' lang='lat'><strong>)</strong></span> <span class='ocrx_word' id='word_1_143' title='bbox 1964 1921 1977 1954; x_wconf 90' lang='lat'>:</span> <span class='ocrx_word' id='word_1_144' title='bbox 2007 1917 2132 1955; x_wconf 86' lang='lat' dir='ltr'><strong>ecce</strong></span> <span class='ocrx_word' id='word_1_145' title='bbox 2157 1900 2304 1963; x_wconf 84' lang='lat' dir='ltr'><strong>illud,</strong></span> 
     </span>
    </p>
   </div>
   <div class='ocr_carea' id='block_1_18' title="bbox 731 1997 2308 2053">
    <p class='ocr_par' dir='ltr' id='par_1_18' title="bbox 731 1997 2308 2053">
     <span class='ocr_line' id='line_1_18' title="bbox 731 1997 2308 2053; baseline -0.003 -1"><span class='ocrx_word' id='word_1_146' title='bbox 731 2002 807 2052; x_wconf 80' lang='lat' dir='ltr'><strong>Ad</strong></span> <span class='ocrx_word' id='word_1_147' title='bbox 842 2001 999 2053; x_wconf 81' lang='lat' dir='ltr'><strong>rirunt</strong></span> <span class='ocrx_word' id='word_1_148' title='bbox 1027 2010 1166 2052; x_wconf 82' lang='lat' dir='ltr'><strong>tuum</strong></span> <span class='ocrx_word' id='word_1_149' title='bbox 1191 2000 1444 2052; x_wconf 82' lang='lat' dir='ltr'><strong>conversio</strong></span> <span class='ocrx_word' id='word_1_150' title='bbox 1479 2009 1585 2050; x_wconf 87' lang='lat' dir='ltr'><strong>tua.</strong></span> <span class='ocrx_word' id='word_1_151' title='bbox 1619 1997 1812 2051; x_wconf 75' lang='lat' dir='ltr'><strong>Uxores</strong></span> <span class='ocrx_word' id='word_1_152' title='bbox 1839 2007 2005 2048; x_wconf 79' lang='lat' dir='ltr'><strong>autem</strong></span> <span class='ocrx_word' id='word_1_153' title='bbox 2031 2007 2084 2048; x_wconf 85' lang='lat' dir='ltr'><strong>ut</strong></span> <span class='ocrx_word' id='word_1_154' title='bbox 2103 1997 2308 2048; x_wconf 77' lang='lat' dir='ltr'><strong>timeant</strong></span> 
     </span>
    </p>
   </div>
   <div class='ocr_carea' id='block_1_19' title="bbox 730 2087 2305 2159">
    <p class='ocr_par' dir='ltr' id='par_1_19' title="bbox 730 2087 2305 2159">
     <span class='ocr_line' id='line_1_19' title="bbox 730 2087 2305 2159; baseline -0.004 -16"><span class='ocrx_word' id='word_1_155' title='bbox 730 2093 861 2144; x_wconf 85' lang='lat' dir='ltr'><strong>riros</strong></span> <span class='ocrx_word' id='word_1_156' title='bbox 913 2089 1082 2159; x_wconf 83' lang='lat' dir='ltr'><strong>(Ibid.</strong></span> <span class='ocrx_word' id='word_1_157' title='bbox 1128 2107 1172 2143; x_wconf 75' lang='lat' dir='ltr'><strong>tt.</strong></span> <span class='ocrx_word' id='word_1_158' title='bbox 1213 2089 1303 2159; x_wconf 85' lang='grc'><strong>55)</strong></span> <span class='ocrx_word' id='word_1_159' title='bbox 1332 2103 1490 2145; x_wconf 87' lang='lat' dir='ltr'><strong>:ecce</strong></span> <span class='ocrx_word' id='word_1_160' title='bbox 1518 2089 1665 2149; x_wconf 87' lang='lat' dir='ltr'><strong>illud,</strong></span> <span class='ocrx_word' id='word_1_161' title='bbox 1709 2087 1828 2158; x_wconf 78' lang='lat' dir='ltr'><strong>Ipse</strong></span> <span class='ocrx_word' id='word_1_162' title='bbox 1853 2088 1924 2141; x_wconf 83' lang='lat' dir='ltr'><strong>ttti</strong></span> <span class='ocrx_word' id='word_1_163' title='bbox 1950 2087 2305 2140; x_wconf 84' lang='lat' dir='ltr'><strong>dominabitur.</strong></span> 
     </span>
    </p>
   </div>
   <div class='ocr_carea' id='block_1_20' title="bbox 735 2175 2312 2249">
    <p class='ocr_par' dir='ltr' id='par_1_20' title="bbox 735 2175 2312 2249">
     <span class='ocr_line' id='line_1_20' title="bbox 735 2175 2312 2249; baseline -0.004 -15"><span class='ocrx_word' id='word_1_164' title='bbox 735 2182 892 2234; x_wconf 75' lang='lat' dir='ltr'><strong>Vides</strong></span> <span class='ocrx_word' id='word_1_165' title='bbox 913 2181 1195 2234; x_wconf 86' lang='lat' dir='ltr'><strong>utminitne</strong></span> <span class='ocrx_word' id='word_1_166' title='bbox 1214 2180 1389 2249; x_wconf 90' lang='lat' dir='ltr'><strong>gravis</strong></span> <span class='ocrx_word' id='word_1_167' title='bbox 1412 2182 1480 2234; x_wconf 85' lang='lat' dir='ltr'><strong>sit</strong></span> <span class='ocrx_word' id='word_1_168' title='bbox 1503 2180 1822 2243; x_wconf 82' lang='lat' dir='ltr'><strong>dominatus,</strong></span> <span class='ocrx_word' id='word_1_169' title='bbox 1846 2177 2056 2247; x_wconf 86' lang='lat' dir='ltr'><strong>quando</strong></span> <span class='ocrx_word' id='word_1_170' title='bbox 2082 2175 2312 2232; x_wconf 80' lang='lat' dir='ltr'><strong>fervidus</strong></span> 
     </span>
    </p>
   </div>
   <div class='ocr_carea' id='block_1_21' title="bbox 730 2269 2312 2340">
    <p class='ocr_par' dir='ltr' id='par_1_21' title="bbox 730 2269 2312 2340">
     <span class='ocr_line' id='line_1_21' title="bbox 730 2269 2312 2340; baseline -0.001 -15"><span class='ocrx_word' id='word_1_171' title='bbox 730 2284 954 2337; x_wconf 86' lang='lat' dir='ltr'><strong>amator,</strong></span> <span class='ocrx_word' id='word_1_172' title='bbox 1001 2273 1234 2326; x_wconf 88' lang='lat' dir='ltr'><strong>mulieris</strong></span> <span class='ocrx_word' id='word_1_173' title='bbox 1274 2272 1552 2326; x_wconf 87' lang='lat' dir='ltr'><strong>servientis</strong></span> <span class='ocrx_word' id='word_1_174' title='bbox 1593 2272 1748 2325; x_wconf 93' lang='lat' dir='ltr'><strong>fuerit</strong></span> <span class='ocrx_word' id='word_1_175' title='bbox 1789 2269 2067 2335; x_wconf 89' lang='lat' dir='ltr'><strong>dominus,</strong></span> <span class='ocrx_word' id='word_1_176' title='bbox 2099 2269 2312 2340; x_wconf 84' lang='lat' dir='ltr'><strong>quando</strong></span> 
     </span>
    </p>
   </div>
   <div class='ocr_carea' id='block_1_22' title="bbox 734 2361 2310 2432">
    <p class='ocr_par' dir='ltr' id='par_1_22' title="bbox 734 2361 2310 2432">
     <span class='ocr_line' id='line_1_22' title="bbox 734 2361 2310 2432; baseline -0.001 -16"><span class='ocrx_word' id='word_1_177' title='bbox 734 2375 905 2419; x_wconf 89' lang='lat' dir='ltr'><strong>metus</strong></span> <span class='ocrx_word' id='word_1_178' title='bbox 937 2365 1089 2418; x_wconf 90' lang='lat' dir='ltr'><strong>fuerit</strong></span> <span class='ocrx_word' id='word_1_179' title='bbox 1115 2379 1235 2417; x_wconf 88' lang='lat' dir='ltr'><strong>cum</strong></span> <span class='ocrx_word' id='word_1_180' title='bbox 1271 2365 1490 2418; x_wconf 82' lang='lat' dir='ltr'><strong>caritate</strong></span> <span class='ocrx_word' id='word_1_181' title='bbox 1521 2363 1872 2432; x_wconf 84' lang='lat' dir='ltr'><strong>conjunctus?</strong></span> <span class='ocrx_word' id='word_1_182' title='bbox 1918 2363 2006 2416; x_wconf 86' lang='lat' dir='ltr'><strong>Sic</strong></span> <span class='ocrx_word' id='word_1_183' title='bbox 2035 2363 2177 2416; x_wconf 91' lang='lat' dir='ltr'><strong>enim</strong></span> <span class='ocrx_word' id='word_1_184' title='bbox 2207 2361 2310 2415; x_wconf 82' lang='lat' dir='ltr'><strong>tol-</strong></span> 
     </span>
    </p>
   </div>
   <div class='ocr_carea' id='block_1_23' title="bbox 735 2452 2311 2522">
    <p class='ocr_par' dir='ltr' id='par_1_23' title="bbox 735 2452 2311 2522">
     <span class='ocr_line' id='line_1_23' title="bbox 735 2452 2311 2522; baseline -0.001 -15"><span class='ocrx_word' id='word_1_185' title='bbox 735 2457 858 2509; x_wconf 89' lang='lat' dir='ltr'><strong>litur</strong></span> <span class='ocrx_word' id='word_1_186' title='bbox 883 2455 1056 2508; x_wconf 88' lang='lat' dir='ltr'><strong>omnis</strong></span> <span class='ocrx_word' id='word_1_187' title='bbox 1086 2455 1324 2510; x_wconf 79' lang='lat' dir='ltr'><strong>molestia</strong></span> <span class='ocrx_word' id='word_1_188' title='bbox 1377 2455 1666 2508; x_wconf 78' lang='lat' dir='ltr'><strong>servitutis.</strong></span> <span class='ocrx_word' id='word_1_189' title='bbox 1699 2452 1872 2508; x_wconf 90' lang='lat' dir='ltr'><strong>Unum</strong></span> <span class='ocrx_word' id='word_1_190' title='bbox 1904 2453 2078 2522; x_wconf 82' lang='lat' dir='ltr'><strong>itaque</strong></span> <span class='ocrx_word' id='word_1_191' title='bbox 2112 2453 2311 2522; x_wconf 90' lang='lat' dir='ltr'><strong>princi-</strong></span> 
     </span>
    </p>
   </div>
   <div class='ocr_carea' id='block_1_24' title="bbox 733 2544 2308 2614">
    <p class='ocr_par' dir='ltr' id='par_1_24' title="bbox 733 2544 2308 2614">
     <span class='ocr_line' id='line_1_24' title="bbox 733 2544 2308 2614; baseline 0.003 -18"><span class='ocrx_word' id='word_1_192' title='bbox 733 2554 911 2614; x_wconf 84' lang='lat' dir='ltr'><strong>patum</strong></span> <span class='ocrx_word' id='word_1_193' title='bbox 947 2545 1149 2598; x_wconf 76' lang='lat' dir='ltr'><strong>induxit</strong></span> <span class='ocrx_word' id='word_1_194' title='bbox 1177 2545 1554 2600; x_wconf 88' lang='lat' dir='ltr'><strong>inobedientia.</strong></span> <span class='ocrx_word' id='word_1_195' title='bbox 1597 2544 1710 2599; x_wconf 85' lang='lat' dir='ltr'><strong>Noli</strong></span> <span class='ocrx_word' id='word_1_196' title='bbox 1737 2546 1877 2600; x_wconf 88' lang='lat' dir='ltr'><strong>enim</strong></span> <span class='ocrx_word' id='word_1_197' title='bbox 1917 2544 2016 2599; x_wconf 89' lang='lat' dir='ltr'><strong>boc</strong></span> <span class='ocrx_word' id='word_1_198' title='bbox 2045 2554 2308 2614; x_wconf 87' lang='lat' dir='ltr'><strong>spectare,</strong></span> 
     </span>
    </p>
   </div>
   <div class='ocr_carea' id='block_1_25' title="bbox 735 2635 2314 2706">
    <p class='ocr_par' dir='ltr' id='par_1_25' title="bbox 735 2635 2314 2706">
     <span class='ocr_line' id='line_1_25' title="bbox 735 2635 2314 2706; baseline 0.001 -18"><span class='ocrx_word' id='word_1_199' title='bbox 735 2635 875 2705; x_wconf 88' lang='lat' dir='ltr'><strong>quod</strong></span> <span class='ocrx_word' id='word_1_200' title='bbox 903 2635 1047 2689; x_wconf 83' lang='lat' dir='ltr'><strong>illam</strong></span> <span class='ocrx_word' id='word_1_201' title='bbox 1083 2646 1137 2689; x_wconf 92' lang='lat' dir='ltr'><strong>ut</strong></span> <span class='ocrx_word' id='word_1_202' title='bbox 1177 2637 1454 2704; x_wconf 83' lang='lat' dir='ltr'><strong>oportebat</strong></span> <span class='ocrx_word' id='word_1_203' title='bbox 1483 2637 1793 2706; x_wconf 89' lang='lat' dir='ltr'><strong>temperarit</strong></span> <span class='ocrx_word' id='word_1_204' title='bbox 1830 2636 1967 2689; x_wconf 89' lang='lat' dir='ltr'><strong>Deus</strong></span> <span class='ocrx_word' id='word_1_205' title='bbox 1992 2677 2006 2696; x_wconf 85' lang='lat'><em>.</em></span> <span class='ocrx_word' id='word_1_206' title='bbox 2037 2637 2129 2689; x_wconf 90' lang='lat' dir='ltr'><strong>sed</strong></span> <span class='ocrx_word' id='word_1_207' title='bbox 2173 2635 2314 2705; x_wconf 89' lang='lat' dir='ltr'><strong>quod</strong></span> 
     </span>
    </p>
   </div>
   <div class='ocr_carea' id='block_1_26' title="bbox 737 2726 2314 2797">
    <p class='ocr_par' dir='ltr' id='par_1_26' title="bbox 737 2726 2314 2797">
     <span class='ocr_line' id='line_1_26' title="bbox 737 2726 2314 2797; baseline 0 -17"><span class='ocrx_word' id='word_1_208' title='bbox 737 2730 902 2796; x_wconf 80' lang='lat' dir='ltr'><strong>ipsam</strong></span> <span class='ocrx_word' id='word_1_209' title='bbox 929 2727 1198 2782; x_wconf 81' lang='lat' dir='ltr'><strong>servitutis</strong></span> <span class='ocrx_word' id='word_1_210' title='bbox 1213 2736 1452 2780; x_wconf 90' lang='lat' dir='ltr'><strong>naturam</strong></span> <span class='ocrx_word' id='word_1_211' title='bbox 1477 2728 1810 2782; x_wconf 89' lang='lat' dir='ltr'><strong>constituerit</strong></span> <span class='ocrx_word' id='word_1_212' title='bbox 1841 2737 2145 2795; x_wconf 89' lang='lat' dir='ltr'><strong>peccatum:</strong></span> <span class='ocrx_word' id='word_1_213' title='bbox 2171 2726 2314 2797; x_wconf 91' lang='lat' dir='ltr'><strong>quod</strong></span> 
     </span>
    </p>
   </div>
   <div class='ocr_carea' id='block_1_27' title="bbox 738 2819 2315 2890">
    <p class='ocr_par' dir='ltr' id='par_1_27' title="bbox 738 2819 2315 2890">
     <span class='ocr_line' id='line_1_27' title="bbox 738 2819 2315 2890; baseline -0.001 -15"><span class='ocrx_word' id='word_1_214' title='bbox 738 2830 820 2875; x_wconf 88' lang='lat' dir='ltr'><strong>est</strong></span> <span class='ocrx_word' id='word_1_215' title='bbox 841 2820 1068 2875; x_wconf 87' lang='lat' dir='ltr'><strong>alterum</strong></span> <span class='ocrx_word' id='word_1_216' title='bbox 1088 2835 1256 2890; x_wconf 84' lang='lat' dir='ltr'><strong>genus</strong></span> <span class='ocrx_word' id='word_1_217' title='bbox 1275 2821 1719 2875; x_wconf 89' lang='lat' dir='ltr'><strong>servitutistuulto</strong></span> <span class='ocrx_word' id='word_1_218' title='bbox 1742 2820 1902 2888; x_wconf 88' lang='lat' dir='ltr'><strong>priori</strong></span> <span class='ocrx_word' id='word_1_219' title='bbox 1924 2821 2156 2889; x_wconf 78' lang='lat' dir='ltr'><strong>gravius,</strong></span> <span class='ocrx_word' id='word_1_220' title='bbox 2173 2819 2315 2886; x_wconf 90' lang='lat' dir='ltr'><strong>quod</strong></span> 
     </span>
    </p>
   </div>
   <div class='ocr_carea' id='block_1_28' title="bbox 739 2911 2314 2983">
    <p class='ocr_par' dir='ltr' id='par_1_28' title="bbox 739 2911 2314 2983">
     <span class='ocr_line' id='line_1_28' title="bbox 739 2911 2314 2983; baseline -0.001 -17"><span class='ocrx_word' id='word_1_221' title='bbox 739 2923 792 2966; x_wconf 89' lang='lat' dir='ltr'><strong>et</strong></span> <span class='ocrx_word' id='word_1_222' title='bbox 807 2913 978 2981; x_wconf 85' lang='lat' dir='ltr'><strong>ipsum</strong></span> <span class='ocrx_word' id='word_1_223' title='bbox 995 2913 1251 2983; x_wconf 73' lang='lat' dir='ltr'><strong>originem</strong></span> <span class='ocrx_word' id='word_1_224' title='bbox 1270 2924 1321 2968; x_wconf 91' lang='lat' dir='ltr'><strong>et</strong></span> <span class='ocrx_word' id='word_1_225' title='bbox 1339 2913 1672 2967; x_wconf 81' lang='lat' dir='ltr'><strong>occasionem</strong></span> <span class='ocrx_word' id='word_1_226' title='bbox 1690 2912 1840 2966; x_wconf 80' lang='lat' dir='ltr'><strong>duxit</strong></span> <span class='ocrx_word' id='word_1_227' title='bbox 1857 2927 1886 2964; x_wconf 90' lang='lat' dir='ltr'><strong>a</strong></span> <span class='ocrx_word' id='word_1_228' title='bbox 1912 2921 2149 2980; x_wconf 88' lang='lat' dir='ltr'><strong>peccato.</strong></span> <span class='ocrx_word' id='word_1_229' title='bbox 2184 2911 2314 2965; x_wconf 82' lang='lat' dir='ltr'><strong>Nam</strong></span> 
     </span>
    </p>
   </div>
   <div class='ocr_carea' id='block_1_29' title="bbox 739 3004 2312 3076">
    <p class='ocr_par' dir='ltr' id='par_1_29' title="bbox 739 3004 2312 3076">
     <span class='ocr_line' id='line_1_29' title="bbox 739 3004 2312 3076; baseline -0.001 -18"><span class='ocrx_word' id='word_1_230' title='bbox 739 3016 851 3076; x_wconf 82' lang='lat' dir='ltr'><strong>post</strong></span> <span class='ocrx_word' id='word_1_231' title='bbox 873 3005 1126 3060; x_wconf 80' lang='lat' dir='ltr'><strong>diluvium</strong></span> <span class='ocrx_word' id='word_1_232' title='bbox 1158 3005 1290 3069; x_wconf 82' lang='lat' dir='ltr'><strong>Noe,</strong></span> <span class='ocrx_word' id='word_1_233' title='bbox 1323 3019 1605 3060; x_wconf 87' lang='lat' dir='ltr'><strong>commune</strong></span> <span class='ocrx_word' id='word_1_234' title='bbox 1637 3004 1762 3058; x_wconf 92' lang='lat' dir='ltr'><strong>illud</strong></span> <span class='ocrx_word' id='word_1_235' title='bbox 1789 3004 2020 3058; x_wconf 83' lang='lat' dir='ltr'><strong>universi</strong></span> <span class='ocrx_word' id='word_1_236' title='bbox 2054 3013 2312 3057; x_wconf 86' lang='lat' dir='ltr'><strong>terrarum</strong></span> 
     </span>
    </p>
   </div>
   <div class='ocr_carea' id='block_1_30' title="bbox 737 3095 2316 3166">
    <p class='ocr_par' dir='ltr' id='par_1_30' title="bbox 737 3095 2316 3166">
     <span class='ocr_line' id='line_1_30' title="bbox 737 3095 2316 3166; baseline -0.001 -16"><span class='ocrx_word' id='word_1_237' title='bbox 737 3097 882 3152; x_wconf 80' lang='lat' dir='ltr'><strong>orbis</strong></span> <span class='ocrx_word' id='word_1_238' title='bbox 917 3097 1244 3166; x_wconf 79' lang='lat' dir='ltr'><strong>naufragium</strong></span> <span class='ocrx_word' id='word_1_239' title='bbox 1291 3107 1345 3151; x_wconf 88' lang='lat' dir='ltr'><strong>et</strong></span> <span class='ocrx_word' id='word_1_240' title='bbox 1374 3098 1591 3149; x_wconf 80' lang='lat' dir='ltr'><strong>exitium</strong></span> <span class='ocrx_word' id='word_1_241' title='bbox 1618 3139 1631 3160; x_wconf 91' lang='lat'><strong>,</strong></span> <span class='ocrx_word' id='word_1_242' title='bbox 1660 3100 1892 3164; x_wconf 88' lang='lat' dir='ltr'><strong>peccavit</strong></span> <span class='ocrx_word' id='word_1_243' title='bbox 1942 3097 1992 3149; x_wconf 90' lang='lat' dir='ltr'><strong>in</strong></span> <span class='ocrx_word' id='word_1_244' title='bbox 2022 3095 2316 3164; x_wconf 81' lang='lat' dir='ltr'><strong>genitorem</strong></span> 
     </span>
    </p>
   </div>
   <div class='ocr_carea' id='block_1_31' title="bbox 737 3186 2316 3257">
    <p class='ocr_par' dir='ltr' id='par_1_31' title="bbox 737 3186 2316 3257">
     <span class='ocr_line' id='line_1_31' title="bbox 737 3186 2316 3257; baseline -0.001 -15"><span class='ocrx_word' id='word_1_245' title='bbox 737 3204 891 3242; x_wconf 85' lang='lat' dir='ltr'><strong>suum</strong></span> <span class='ocrx_word' id='word_1_246' title='bbox 913 3188 1080 3242; x_wconf 81' lang='lat' dir='ltr'><strong>Citam</strong></span> <span class='ocrx_word' id='word_1_247' title='bbox 1108 3190 1121 3219; x_wconf 79' lang='lat'>&#39;</span> <span class='ocrx_word' id='word_1_248' title='bbox 1145 3229 1160 3253; x_wconf 93' lang='lat'><strong>,</strong></span> <span class='ocrx_word' id='word_1_249' title='bbox 1189 3203 1416 3257; x_wconf 89' lang='lat' dir='ltr'><strong>cumque</strong></span> <span class='ocrx_word' id='word_1_250' title='bbox 1437 3186 1691 3241; x_wconf 88' lang='lat' dir='ltr'><strong>nudatum</strong></span> <span class='ocrx_word' id='word_1_251' title='bbox 1716 3197 1919 3255; x_wconf 83' lang='lat' dir='ltr'><strong>patrem</strong></span> <span class='ocrx_word' id='word_1_252' title='bbox 1949 3186 2198 3252; x_wconf 76' lang='lat' dir='ltr'><strong>vidisset,</strong></span> <span class='ocrx_word' id='word_1_253' title='bbox 2224 3202 2316 3240; x_wconf 90' lang='lat' dir='ltr'><strong>ac-</strong></span> 
     </span>
    </p>
   </div>
   <div class='ocr_carea' id='block_1_32' title="bbox 739 3276 2318 3345">
    <p class='ocr_par' dir='ltr' id='par_1_32' title="bbox 739 3276 2318 3345">
     <span class='ocr_line' id='line_1_32' title="bbox 739 3276 2318 3345; baseline -0.001 -14"><span class='ocrx_word' id='word_1_254' title='bbox 739 3277 1014 3332; x_wconf 88' lang='lat' dir='ltr'><strong>cusatione</strong></span> <span class='ocrx_word' id='word_1_255' title='bbox 1049 3278 1194 3332; x_wconf 86' lang='lat' dir='ltr'><strong>illum</strong></span> <span class='ocrx_word' id='word_1_256' title='bbox 1235 3279 1462 3345; x_wconf 82' lang='lat' dir='ltr'><strong>amplius</strong></span> <span class='ocrx_word' id='word_1_257' title='bbox 1487 3292 1580 3330; x_wconf 87' lang='lat' dir='ltr'><strong>sua</strong></span> <span class='ocrx_word' id='word_1_258' title='bbox 1609 3277 1745 3344; x_wconf 88' lang='lat' dir='ltr'><strong>apud</strong></span> <span class='ocrx_word' id='word_1_259' title='bbox 1769 3276 1959 3330; x_wconf 86' lang='lat' dir='ltr'><strong>fratres</strong></span> <span class='ocrx_word' id='word_1_260' title='bbox 1998 3291 2124 3331; x_wconf 86' lang='lat' dir='ltr'><strong>suos</strong></span> <span class='ocrx_word' id='word_1_261' title='bbox 2153 3276 2318 3331; x_wconf 89' lang='lat' dir='ltr'><strong>nuda-</strong></span> 
     </span>
    </p>
   </div>
   <div class='ocr_carea' id='block_1_33' title="bbox 740 3366 2319 3439">
    <p class='ocr_par' dir='ltr' id='par_1_33' title="bbox 740 3366 2319 3439">
     <span class='ocr_line' id='line_1_33' title="bbox 740 3366 2319 3439; baseline 0.001 -17"><span class='ocrx_word' id='word_1_262' title='bbox 740 3371 834 3436; x_wconf 93' lang='lat' dir='ltr'><strong>vit,</strong></span> <span class='ocrx_word' id='word_1_263' title='bbox 863 3379 1019 3439; x_wconf 92' lang='lat' dir='ltr'><strong>atque</strong></span> <span class='ocrx_word' id='word_1_264' title='bbox 1047 3369 1169 3424; x_wconf 84' lang='lat' dir='ltr'><strong>inde</strong></span> <span class='ocrx_word' id='word_1_265' title='bbox 1199 3368 1421 3423; x_wconf 78' lang='lat' dir='ltr'><strong>fratrum</strong></span> <span class='ocrx_word' id='word_1_266' title='bbox 1449 3384 1635 3424; x_wconf 88' lang='lat' dir='ltr'><strong>servus</strong></span> <span class='ocrx_word' id='word_1_267' title='bbox 1660 3378 1738 3424; x_wconf 88' lang='lat' dir='ltr'><strong>est</strong></span> <span class='ocrx_word' id='word_1_268' title='bbox 1777 3368 1965 3423; x_wconf 91' lang='lat' dir='ltr'><strong>factus.</strong></span> <span class='ocrx_word' id='word_1_269' title='bbox 1997 3366 2319 3438; x_wconf 88' lang='lat' dir='ltr'><strong>Corruperat</strong></span> 
     </span>
    </p>
   </div>
   <div class='ocr_carea' id='block_1_34' title="bbox 739 3462 2316 3530">
    <p class='ocr_par' dir='ltr' id='par_1_34' title="bbox 739 3462 2316 3530">
     <span class='ocr_line' id='line_1_34' title="bbox 739 3462 2316 3530; baseline 0.003 -16"><span class='ocrx_word' id='word_1_270' title='bbox 739 3463 881 3515; x_wconf 88' lang='lat' dir='ltr'><strong>enim</strong></span> <span class='ocrx_word' id='word_1_271' title='bbox 914 3473 1113 3516; x_wconf 73' lang='lat' dir='ltr'><strong>natum</strong></span> <span class='ocrx_word' id='word_1_272' title='bbox 1141 3463 1469 3516; x_wconf 79' lang='lat' dir='ltr'><strong>nobilitatem</strong></span> <span class='ocrx_word' id='word_1_273' title='bbox 1501 3463 1730 3530; x_wconf 82' lang='lat' dir='ltr'><strong>pravitas</strong></span> <span class='ocrx_word' id='word_1_274' title='bbox 1767 3462 2088 3518; x_wconf 79' lang='lat' dir='ltr'><strong>voluntatis:</strong></span> <span class='ocrx_word' id='word_1_275' title='bbox 2119 3477 2180 3516; x_wconf 91' lang='lat' dir='ltr'><strong>ac</strong></span> <span class='ocrx_word' id='word_1_276' title='bbox 2206 3479 2316 3518; x_wconf 86' lang='lat' dir='ltr'><strong>me-</strong></span> 
     </span>
    </p>
   </div>
   <div class='ocr_carea' id='block_1_35' title="bbox 741 3553 2319 3625">
    <p class='ocr_par' dir='ltr' id='par_1_35' title="bbox 741 3553 2319 3625">
     <span class='ocr_line' id='line_1_35' title="bbox 741 3553 2319 3625; baseline 0.001 -18"><span class='ocrx_word' id='word_1_277' title='bbox 741 3557 843 3609; x_wconf 89' lang='lat' dir='ltr'><strong>rito</strong></span> <span class='ocrx_word' id='word_1_278' title='bbox 887 3555 1122 3625; x_wconf 85' lang='lat' dir='ltr'><strong>quidem.</strong></span> <span class='ocrx_word' id='word_1_279' title='bbox 1178 3554 1449 3624; x_wconf 87' lang='lat' dir='ltr'><strong>Scriptura</strong></span> <span class='ocrx_word' id='word_1_280' title='bbox 1496 3554 1651 3623; x_wconf 84' lang='lat' dir='ltr'><strong>igitur</strong></span> <span class='ocrx_word' id='word_1_281' title='bbox 1692 3555 1995 3608; x_wconf 90' lang='lat' dir='ltr'><strong>innumeras</strong></span> <span class='ocrx_word' id='word_1_282' title='bbox 2045 3569 2139 3622; x_wconf 89' lang='lat' dir='ltr'><strong>pro</strong></span> <span class='ocrx_word' id='word_1_283' title='bbox 2174 3553 2319 3622; x_wconf 84' lang='lat' dir='ltr'><strong>justo</strong></span> 
     </span>
    </p>
   </div>
   <div class='ocr_carea' id='block_1_36' title="bbox 742 3647 2316 3716">
    <p class='ocr_par' dir='ltr' id='par_1_36' title="bbox 742 3647 2316 3716">
     <span class='ocr_line' id='line_1_36' title="bbox 742 3647 2316 3716; baseline 0.002 -19"><span class='ocrx_word' id='word_1_284' title='bbox 742 3647 943 3716; x_wconf 86' lang='lat' dir='ltr'><strong>profert</strong></span> <span class='ocrx_word' id='word_1_285' title='bbox 992 3647 1359 3701; x_wconf 74' lang='lat' dir='ltr'><strong>excusationes</strong></span> <span class='ocrx_word' id='word_1_286' title='bbox 1386 3689 1401 3712; x_wconf 96' lang='lat'><strong>,</strong></span> <span class='ocrx_word' id='word_1_287' title='bbox 1426 3647 1506 3701; x_wconf 89' lang='lat' dir='ltr'><strong>vel</strong></span> <span class='ocrx_word' id='word_1_288' title='bbox 1557 3647 1729 3715; x_wconf 85' lang='lat' dir='ltr'><strong>potius</strong></span> <span class='ocrx_word' id='word_1_289' title='bbox 1766 3661 1872 3700; x_wconf 88' lang='lat' dir='ltr'><strong>uno</strong></span> <span class='ocrx_word' id='word_1_290' title='bbox 1901 3648 2066 3700; x_wconf 85' lang='lat' dir='ltr'><strong>verbo</strong></span> <span class='ocrx_word' id='word_1_291' title='bbox 2105 3661 2316 3700; x_wconf 85' lang='lat' dir='ltr'><strong>munem</strong></span> 
     </span>
    </p>
   </div>
   <div class='ocr_carea' id='block_1_37' title="bbox 744 3735 2319 3807">
    <p class='ocr_par' dir='ltr' id='par_1_37' title="bbox 744 3735 2319 3807">
     <span class='ocr_line' id='line_1_37' title="bbox 744 3735 2319 3807; baseline 0.001 -19"><span class='ocrx_word' id='word_1_292' title='bbox 744 3738 816 3790; x_wconf 84' lang='lat' dir='ltr'><strong>illi</strong></span> <span class='ocrx_word' id='word_1_293' title='bbox 857 3739 945 3790; x_wconf 87' lang='lat' dir='ltr'><strong>dat</strong></span> <span class='ocrx_word' id='word_1_294' title='bbox 975 3738 1201 3791; x_wconf 80' lang='lat' dir='ltr'><strong>veniam.</strong></span> <span class='ocrx_word' id='word_1_295' title='bbox 1230 3738 1390 3806; x_wconf 60' lang='lat' dir='ltr'><strong>Carpit</strong></span> <span class='ocrx_word' id='word_1_296' title='bbox 1419 3739 1592 3801; x_wconf 90' lang='lat' dir='ltr'><strong>enim,</strong></span> <span class='ocrx_word' id='word_1_297' title='bbox 1620 3739 1815 3806; x_wconf 89' lang='lat' dir='ltr'><strong>inquit,</strong></span> <span class='ocrx_word' id='word_1_298' title='bbox 1851 3735 1964 3790; x_wconf 84' lang='lat' dir='ltr'><strong>Noe</strong></span> <span class='ocrx_word' id='word_1_299' title='bbox 2010 3737 2158 3790; x_wconf 82' lang='lat' dir='ltr'><strong>homo</strong></span> <span class='ocrx_word' id='word_1_300' title='bbox 2181 3739 2319 3807; x_wconf 56' lang='lat' dir='ltr'><strong>agri.</strong></span> 
     </span>
    </p>
   </div>
   <div class='ocr_carea' id='block_1_38' title="bbox 742 3827 2322 3896">
    <p class='ocr_par' dir='ltr' id='par_1_38' title="bbox 742 3827 2322 3896">
     <span class='ocr_line' id='line_1_38' title="bbox 742 3827 2322 3896; baseline 0.001 -16"><span class='ocrx_word' id='word_1_301' title='bbox 742 3828 854 3881; x_wconf 76' lang='lat' dir='ltr'><strong>cola</strong></span> <span class='ocrx_word' id='word_1_302' title='bbox 883 3827 1033 3896; x_wconf 79' lang='lat' dir='ltr'><strong>(Gen.</strong></span> <span class='ocrx_word' id='word_1_303' title='bbox 1064 3827 1116 3882; x_wconf 86' lang='lat'><strong>9.</strong></span> <span class='ocrx_word' id='word_1_304' title='bbox 1146 3828 1260 3895; x_wconf 68' lang='lat'><strong>9.0).</strong></span> <span class='ocrx_word' id='word_1_305' title='bbox 1289 3828 1417 3882; x_wconf 88' lang='lat' dir='ltr'><strong>Illud</strong></span> <span class='ocrx_word' id='word_1_306' title='bbox 1450 3843 1596 3892; x_wconf 89' lang='lat' dir='ltr'><strong>vero,</strong></span> <span class='ocrx_word' id='word_1_307' title='bbox 1623 3828 1803 3896; x_wconf 58' lang='lat' dir='ltr'><strong>Capit,</strong></span> <span class='ocrx_word' id='word_1_308' title='bbox 1836 3828 2054 3881; x_wconf 86' lang='lat' dir='ltr'><strong>multam</strong></span> <span class='ocrx_word' id='word_1_309' title='bbox 2083 3831 2322 3883; x_wconf 89' lang='lat' dir='ltr'><strong>continet</strong></span> 
     </span>
    </p>
   </div>
   <div class='ocr_carea' id='block_1_39' title="bbox 741 3918 2321 3988">
    <p class='ocr_par' dir='ltr' id='par_1_39' title="bbox 741 3918 2321 3988">
     <span class='ocr_line' id='line_1_39' title="bbox 741 3918 2321 3988; baseline 0.001 -18"><span class='ocrx_word' id='word_1_310' title='bbox 741 3919 1012 3972; x_wconf 80' lang='lat' dir='ltr'><strong>ebrietatis</strong></span> <span class='ocrx_word' id='word_1_311' title='bbox 1039 3921 1453 3973; x_wconf 75' lang='lat' dir='ltr'><strong>excusationem.</strong></span> <span class='ocrx_word' id='word_1_312' title='bbox 1482 3918 1610 3973; x_wconf 83' lang='lat' dir='ltr'><strong>Nam</strong></span> <span class='ocrx_word' id='word_1_313' title='bbox 1639 3933 1810 3988; x_wconf 82' lang='lat' dir='ltr'><strong>neque</strong></span> <span class='ocrx_word' id='word_1_314' title='bbox 1833 3928 2087 3988; x_wconf 87' lang='lat' dir='ltr'><strong>quantum</strong></span> <span class='ocrx_word' id='word_1_315' title='bbox 2111 3920 2214 3972; x_wconf 85' lang='lat' dir='ltr'><strong>vini</strong></span> <span class='ocrx_word' id='word_1_316' title='bbox 2239 3920 2321 3972; x_wconf 85' lang='lat' dir='ltr'><strong>bi-</strong></span> 
     </span>
    </p>
   </div>
   <div class='ocr_carea' id='block_1_40' title="bbox 743 4010 2320 4079">
    <p class='ocr_par' dir='ltr' id='par_1_40' title="bbox 743 4010 2320 4079">
     <span class='ocr_line' id='line_1_40' title="bbox 743 4010 2320 4079; baseline 0 -15"><span class='ocrx_word' id='word_1_317' title='bbox 743 4010 970 4064; x_wconf 85' lang='lat' dir='ltr'><strong>bendum</strong></span> <span class='ocrx_word' id='word_1_318' title='bbox 1013 4022 1152 4065; x_wconf 89' lang='lat' dir='ltr'><strong>esset</strong></span> <span class='ocrx_word' id='word_1_319' title='bbox 1197 4021 1448 4075; x_wconf 85' lang='lat' dir='ltr'><strong>noverat,</strong></span> <span class='ocrx_word' id='word_1_320' title='bbox 1483 4025 1582 4066; x_wconf 89' lang='lat' dir='ltr'><strong>nec</strong></span> <span class='ocrx_word' id='word_1_321' title='bbox 1622 4011 1922 4079; x_wconf 84' lang='lat' dir='ltr'><strong>quomodo;</strong></span> <span class='ocrx_word' id='word_1_322' title='bbox 1952 4026 2226 4065; x_wconf 84' lang='lat' dir='ltr'><strong>merumne</strong></span> <span class='ocrx_word' id='word_1_323' title='bbox 2255 4027 2320 4064; x_wconf 92' lang='lat' dir='ltr'><strong>an</strong></span> 
     </span>
    </p>
   </div>
   <div class='ocr_carea' id='block_1_41' title="bbox 742 4103 2316 4172">
    <p class='ocr_par' dir='ltr' id='par_1_41' title="bbox 742 4103 2316 4172">
     <span class='ocr_line' id='line_1_41' title="bbox 742 4103 2316 4172; baseline 0.001 -17"><span class='ocrx_word' id='word_1_324' title='bbox 742 4119 876 4172; x_wconf 84' lang='lat' dir='ltr'><strong>aqua</strong></span> <span class='ocrx_word' id='word_1_325' title='bbox 921 4104 1141 4156; x_wconf 86' lang='lat' dir='ltr'><strong>mixtum</strong></span> <span class='ocrx_word' id='word_1_326' title='bbox 1171 4119 1184 4154; x_wconf 86' lang='lat'><strong>:</strong></span> <span class='ocrx_word' id='word_1_327' title='bbox 1227 4118 1324 4156; x_wconf 90' lang='lat' dir='ltr'><strong>nec</strong></span> <span class='ocrx_word' id='word_1_328' title='bbox 1361 4105 1571 4172; x_wconf 91' lang='lat' dir='ltr'><strong>quando</strong></span> <span class='ocrx_word' id='word_1_329' title='bbox 1602 4103 1928 4167; x_wconf 85' lang='lat' dir='ltr'><strong>bibendum,</strong></span> <span class='ocrx_word' id='word_1_330' title='bbox 1972 4104 2224 4157; x_wconf 86' lang='lat' dir='ltr'><strong>statimne</strong></span> <span class='ocrx_word' id='word_1_331' title='bbox 2256 4121 2316 4157; x_wconf 80' lang='lat' dir='ltr'><strong>cx</strong></span> 
     </span>
    </p>
   </div>
   <div class='ocr_carea' id='block_1_42' title="bbox 745 4192 2316 4261">
    <p class='ocr_par' dir='ltr' id='par_1_42' title="bbox 745 4192 2316 4261">
     <span class='ocr_line' id='line_1_42' title="bbox 745 4192 2316 4261; baseline 0.001 -18"><span class='ocrx_word' id='word_1_332' title='bbox 745 4192 1094 4246; x_wconf 79' lang='lat' dir='ltr'><strong>torcularibus</strong></span> <span class='ocrx_word' id='word_1_333' title='bbox 1143 4194 1384 4245; x_wconf 86' lang='lat' dir='ltr'><strong>haustum</strong></span> <span class='ocrx_word' id='word_1_334' title='bbox 1406 4233 1420 4256; x_wconf 95' lang='lat'><strong>,</strong></span> <span class='ocrx_word' id='word_1_335' title='bbox 1455 4207 1519 4244; x_wconf 87' lang='lat' dir='ltr'><strong>an</strong></span> <span class='ocrx_word' id='word_1_336' title='bbox 1549 4202 1665 4259; x_wconf 88' lang='lat' dir='ltr'><strong>post</strong></span> <span class='ocrx_word' id='word_1_337' title='bbox 1713 4193 1924 4260; x_wconf 86' lang='lat' dir='ltr'><strong>aliquod</strong></span> <span class='ocrx_word' id='word_1_338' title='bbox 1969 4202 2176 4261; x_wconf 83' lang='lat' dir='ltr'><strong>tempus</strong></span> <span class='ocrx_word' id='word_1_339' title='bbox 2204 4193 2316 4246; x_wconf 81' lang='lat' dir='ltr'><strong>ela-</strong></span> 
     </span>
    </p>
   </div>
   <div class='ocr_carea' id='block_1_43' title="bbox 745 4281 2318 4351">
    <p class='ocr_par' dir='ltr' id='par_1_43' title="bbox 745 4281 2318 4351">
     <span class='ocr_line' id='line_1_43' title="bbox 745 4281 2318 4351; baseline 0 -15"><span class='ocrx_word' id='word_1_340' title='bbox 745 4298 917 4350; x_wconf 85' lang='lat' dir='ltr'><strong>psum.</strong></span> <span class='ocrx_word' id='word_1_341' title='bbox 950 4286 1023 4335; x_wconf 83' lang='lat' dir='ltr'><strong>Ac</strong></span> <span class='ocrx_word' id='word_1_342' title='bbox 1047 4281 1314 4350; x_wconf 88' lang='lat' dir='ltr'><strong>Scriptura</strong></span> <span class='ocrx_word' id='word_1_343' title='bbox 1342 4283 1554 4351; x_wconf 79' lang='lat' dir='ltr'><strong>quide</strong></span> <span class='ocrx_word' id='word_1_344' title='bbox 1597 4297 1689 4350; x_wconf 89' lang='lat' dir='ltr'><strong>per</strong></span> <span class='ocrx_word' id='word_1_345' title='bbox 1717 4285 1828 4336; x_wconf 71' lang='lat' dir='ltr'><strong>lucc</strong></span> <span class='ocrx_word' id='word_1_346' title='bbox 1857 4283 1967 4337; x_wconf 86' lang='lat' dir='ltr'><strong>Noe</strong></span> <span class='ocrx_word' id='word_1_347' title='bbox 1999 4285 2192 4338; x_wconf 85' lang='lat' dir='ltr'><strong>factum</strong></span> <span class='ocrx_word' id='word_1_348' title='bbox 2223 4301 2318 4339; x_wconf 60' lang='lat' dir='ltr'><strong>ex.</strong></span> 
     </span>
    </p>
   </div>
   <div class='ocr_carea' id='block_1_44' title="bbox 740 4375 2323 4445">
    <p class='ocr_par' dir='ltr' id='par_1_44' title="bbox 740 4375 2323 4445">
     <span class='ocr_line' id='line_1_44' title="bbox 740 4375 2323 4445; baseline -0.003 -14"><span class='ocrx_word' id='word_1_349' title='bbox 740 4386 923 4441; x_wconf 85' lang='lat' dir='ltr'><strong>cusat;</strong></span> <span class='ocrx_word' id='word_1_350' title='bbox 950 4378 1039 4444; x_wconf 86' lang='lat' dir='ltr'><strong>qui</strong></span> <span class='ocrx_word' id='word_1_351' title='bbox 1068 4391 1192 4430; x_wconf 89' lang='lat' dir='ltr'><strong>vero</strong></span> <span class='ocrx_word' id='word_1_352' title='bbox 1218 4390 1281 4429; x_wconf 76' lang='lat' dir='ltr'><strong>ex</strong></span> <span class='ocrx_word' id='word_1_353' title='bbox 1312 4376 1428 4444; x_wconf 90' lang='lat' dir='ltr'><strong>ipso</strong></span> <span class='ocrx_word' id='word_1_354' title='bbox 1477 4385 1764 4445; x_wconf 78' lang='lat' dir='ltr'><strong>prognatus</strong></span> <span class='ocrx_word' id='word_1_355' title='bbox 1807 4385 1922 4429; x_wconf 88' lang='lat' dir='ltr'><strong>erat</strong></span> <span class='ocrx_word' id='word_1_356' title='bbox 1946 4416 1960 4438; x_wconf 91' lang='lat'><strong>,</strong></span> <span class='ocrx_word' id='word_1_357' title='bbox 1994 4375 2082 4444; x_wconf 87' lang='lat' dir='ltr'><strong>qui</strong></span> <span class='ocrx_word' id='word_1_358' title='bbox 2110 4375 2178 4429; x_wconf 91' lang='lat' dir='ltr'><strong>ab</strong></span> <span class='ocrx_word' id='word_1_359' title='bbox 2208 4376 2323 4444; x_wconf 82' lang='lat' dir='ltr'><strong>ipso</strong></span> 
     </span>
    </p>
   </div>
   <div class='ocr_carea' id='block_1_45' title="bbox 741 4465 2319 4538">
    <p class='ocr_par' dir='ltr' id='par_1_45' title="bbox 741 4465 2319 4538">
     <span class='ocr_line' id='line_1_45' title="bbox 741 4465 2319 4538; baseline -0.004 -14"><span class='ocrx_word' id='word_1_360' title='bbox 741 4476 984 4524; x_wconf 82' lang='lat' dir='ltr'><strong>servatus</strong></span> <span class='ocrx_word' id='word_1_361' title='bbox 1014 4466 1296 4538; x_wconf 85' lang='lat' dir='ltr'><strong>(siquidem</strong></span> <span class='ocrx_word' id='word_1_362' title='bbox 1317 4476 1533 4536; x_wconf 88' lang='lat' dir='ltr'><strong>propter</strong></span> <span class='ocrx_word' id='word_1_363' title='bbox 1551 4465 1845 4520; x_wconf 84' lang='lat' dir='ltr'><strong>exhibitum</strong></span> <span class='ocrx_word' id='word_1_364' title='bbox 1873 4469 2007 4534; x_wconf 86' lang='lat' dir='ltr'><strong>patri</strong></span> <span class='ocrx_word' id='word_1_365' title='bbox 2039 4465 2319 4531; x_wconf 84' lang='lat' dir='ltr'><strong>honorem,</strong></span> 
     </span>
    </p>
   </div>
   <div class='ocr_carea' id='block_1_46' title="bbox 741 4558 2317 4626">
    <p class='ocr_par' dir='ltr' id='par_1_46' title="bbox 741 4558 2317 4626">
     <span class='ocr_line' id='line_1_46' title="bbox 741 4558 2317 4626; baseline -0.001 -14"><span class='ocrx_word' id='word_1_366' title='bbox 741 4575 841 4614; x_wconf 89' lang='lat' dir='ltr'><strong>una</strong></span> <span class='ocrx_word' id='word_1_367' title='bbox 871 4574 992 4615; x_wconf 88' lang='lat' dir='ltr'><strong>cum</strong></span> <span class='ocrx_word' id='word_1_368' title='bbox 1041 4559 1247 4613; x_wconf 65' lang='lat' dir='ltr'><strong>caeteris</strong></span> <span class='ocrx_word' id='word_1_369' title='bbox 1275 4566 1585 4626; x_wconf 86' lang='lat' dir='ltr'><strong>tempestate</strong></span> <span class='ocrx_word' id='word_1_370' title='bbox 1610 4558 1850 4612; x_wconf 88' lang='lat' dir='ltr'><strong>sublatus</strong></span> <span class='ocrx_word' id='word_1_371' title='bbox 1882 4573 1986 4611; x_wconf 91' lang='lat' dir='ltr'><strong>non</strong></span> <span class='ocrx_word' id='word_1_372' title='bbox 2020 4559 2277 4626; x_wconf 89' lang='lat' dir='ltr'><strong>perierat)</strong></span> <span class='ocrx_word' id='word_1_373' title='bbox 2305 4601 2317 4620; x_wconf 83' lang='lat'><em>.</em></span> 
     </span>
    </p>
   </div>
   <div class='ocr_carea' id='block_1_47' title="bbox 741 4647 2320 4712">
    <p class='ocr_par' dir='ltr' id='par_1_47' title="bbox 741 4647 2320 4712">
     <span class='ocr_line' id='line_1_47' title="bbox 741 4647 2320 4712; baseline -0.002 -8"><span class='ocrx_word' id='word_1_374' title='bbox 741 4651 884 4704; x_wconf 91' lang='lat' dir='ltr'><strong>nulla</strong></span> <span class='ocrx_word' id='word_1_375' title='bbox 918 4659 1119 4703; x_wconf 73' lang='lat' dir='ltr'><strong>natum</strong></span> <span class='ocrx_word' id='word_1_376' title='bbox 1151 4648 1324 4702; x_wconf 81' lang='lat' dir='ltr'><strong>habita</strong></span> <span class='ocrx_word' id='word_1_377' title='bbox 1353 4649 1557 4702; x_wconf 88' lang='lat' dir='ltr'><strong>ratione</strong></span> <span class='ocrx_word' id='word_1_378' title='bbox 1581 4689 1594 4712; x_wconf 90' lang='lat'><strong>,</strong></span> <span class='ocrx_word' id='word_1_379' title='bbox 1625 4663 1729 4701; x_wconf 94' lang='lat' dir='ltr'><strong>non</strong></span> <span class='ocrx_word' id='word_1_380' title='bbox 1753 4647 1940 4702; x_wconf 74' lang='lat' dir='ltr'><strong>Salutis</strong></span> <span class='ocrx_word' id='word_1_381' title='bbox 1967 4648 2199 4702; x_wconf 59' lang='lat' dir='ltr'><strong>obtenta!</strong></span> <span class='ocrx_word' id='word_1_382' title='bbox 2229 4663 2320 4702; x_wconf 86' lang='lat' dir='ltr'><strong>re-</strong></span> 
     </span>
    </p>
   </div>
   <div class='ocr_carea' id='block_1_48' title="bbox 742 4739 2321 4808">
    <p class='ocr_par' dir='ltr' id='par_1_48' title="bbox 742 4739 2321 4808">
     <span class='ocr_line' id='line_1_48' title="bbox 742 4739 2321 4808; baseline -0.004 -10"><span class='ocrx_word' id='word_1_383' title='bbox 742 4742 1034 4808; x_wconf 80' lang='lat' dir='ltr'><strong>cordatus,</strong></span> <span class='ocrx_word' id='word_1_384' title='bbox 1089 4756 1193 4794; x_wconf 91' lang='lat' dir='ltr'><strong>non</strong></span> <span class='ocrx_word' id='word_1_385' title='bbox 1248 4750 1390 4793; x_wconf 90' lang='lat' dir='ltr'><strong>metu</strong></span> <span class='ocrx_word' id='word_1_386' title='bbox 1441 4739 1507 4792; x_wconf 89' lang='lat' dir='ltr'><strong>ad</strong></span> <span class='ocrx_word' id='word_1_387' title='bbox 1546 4741 1821 4793; x_wconf 89' lang='lat' dir='ltr'><strong>meliorem</strong></span> <span class='ocrx_word' id='word_1_388' title='bbox 1877 4751 2111 4794; x_wconf 86' lang='lat' dir='ltr'><strong>mentem</strong></span> <span class='ocrx_word' id='word_1_389' title='bbox 2159 4740 2321 4794; x_wconf 61' lang='lat' dir='ltr'><strong>redu-</strong></span> 
     </span>
    </p>
   </div>
   <div class='ocr_carea' id='block_1_49' title="bbox 741 4831 2321 4901">
    <p class='ocr_par' dir='ltr' id='par_1_49' title="bbox 741 4831 2321 4901">
     <span class='ocr_line' id='line_1_49' title="bbox 741 4831 2321 4901; baseline 0.002 -19"><span class='ocrx_word' id='word_1_390' title='bbox 741 4847 878 4901; x_wconf 72' lang='lat' dir='ltr'><strong>rtus,</strong></span> <span class='ocrx_word' id='word_1_391' title='bbox 907 4847 1027 4888; x_wconf 91' lang='lat' dir='ltr'><strong>cum</strong></span> <span class='ocrx_word' id='word_1_392' title='bbox 1059 4831 1229 4886; x_wconf 88' lang='lat' dir='ltr'><strong>adhuc</strong></span> <span class='ocrx_word' id='word_1_393' title='bbox 1259 4845 1541 4900; x_wconf 80' lang='lat' dir='ltr'><strong>superesse</strong></span> <span class='ocrx_word' id='word_1_394' title='bbox 1563 4831 1812 4900; x_wconf 88' lang='lat' dir='ltr'><strong>reliquias</strong></span> <span class='ocrx_word' id='word_1_395' title='bbox 1839 4841 2079 4885; x_wconf 87' lang='lat' dir='ltr'><strong>cerneret</strong></span> <span class='ocrx_word' id='word_1_396' title='bbox 2114 4831 2210 4884; x_wconf 70' lang='lat' dir='ltr'><strong>irae</strong></span> <span class='ocrx_word' id='word_1_397' title='bbox 2235 4831 2321 4885; x_wconf 82' lang='lat' dir='ltr'><strong>di-</strong></span> 
     </span>
    </p>
   </div>
   <div class='ocr_carea' id='block_1_50' title="bbox 743 4920 2324 4993">
    <p class='ocr_par' dir='ltr' id='par_1_50' title="bbox 743 4920 2324 4993">
     <span class='ocr_line' id='line_1_50' title="bbox 743 4920 2324 4993; baseline -0.002 -14"><span class='ocrx_word' id='word_1_398' title='bbox 743 4929 877 4979; x_wconf 69' lang='lat' dir='ltr'><strong>vinte</strong></span> <span class='ocrx_word' id='word_1_399' title='bbox 903 4966 920 4993; x_wconf 90' lang='lat'><strong>,</strong></span> <span class='ocrx_word' id='word_1_400' title='bbox 950 4940 1070 4978; x_wconf 89' lang='lat' dir='ltr'><strong>cum</strong></span> <span class='ocrx_word' id='word_1_401' title='bbox 1103 4924 1319 4991; x_wconf 86' lang='lat' dir='ltr'><strong>vestigia</strong></span> <span class='ocrx_word' id='word_1_402' title='bbox 1344 4921 1662 4975; x_wconf 87' lang='lat' dir='ltr'><strong>calamitatis</strong></span> <span class='ocrx_word' id='word_1_403' title='bbox 1687 4935 1963 4990; x_wconf 88' lang='lat' dir='ltr'><strong>apparere,</strong></span> <span class='ocrx_word' id='word_1_404' title='bbox 1999 4935 2120 4974; x_wconf 90' lang='lat' dir='ltr'><strong>cum</strong></span> <span class='ocrx_word' id='word_1_405' title='bbox 2149 4920 2324 4976; x_wconf 87' lang='lat' dir='ltr'><strong>adhuc</strong></span> 
     </span>
    </p>
   </div>
   <div class='ocr_carea' id='block_1_51' title="bbox 743 5011 2323 5084">
    <p class='ocr_par' dir='ltr' id='par_1_51' title="bbox 743 5011 2323 5084">
     <span class='ocr_line' id='line_1_51' title="bbox 743 5011 2323 5084; baseline -0.004 -12"><span class='ocrx_word' id='word_1_406' title='bbox 743 5032 927 5072; x_wconf 89' lang='lat' dir='ltr'><strong>eorum</strong></span> <span class='ocrx_word' id='word_1_407' title='bbox 974 5031 1093 5084; x_wconf 78' lang='lat' dir='ltr'><strong>qua:</strong></span> <span class='ocrx_word' id='word_1_408' title='bbox 1145 5013 1448 5066; x_wconf 83' lang='lat' dir='ltr'><strong>acciderant</strong></span> <span class='ocrx_word' id='word_1_409' title='bbox 1495 5021 1694 5066; x_wconf 89' lang='lat' dir='ltr'><strong>metum</strong></span> <span class='ocrx_word' id='word_1_410' title='bbox 1741 5013 1957 5082; x_wconf 89' lang='lat' dir='ltr'><strong>vigere,</strong></span> <span class='ocrx_word' id='word_1_411' title='bbox 2003 5011 2323 5066; x_wconf 83' lang='lat' dir='ltr'><strong>contumelia</strong></span> 
     </span>
    </p>
   </div>
   <div class='ocr_carea' id='block_1_52' title="bbox 743 5102 2324 5178">
    <p class='ocr_par' dir='ltr' id='par_1_52' title="bbox 743 5102 2324 5178">
     <span class='ocr_line' id='line_1_52' title="bbox 743 5102 2324 5178; baseline -0.001 -19"><span class='ocrx_word' id='word_1_412' title='bbox 743 5117 1014 5178; x_wconf 71' lang='lat' dir='ltr'><strong>parentem</strong></span> <span class='ocrx_word' id='word_1_413' title='bbox 1063 5105 1254 5157; x_wconf 67' lang='lat' dir='ltr'><strong>affecit.</strong></span> <span class='ocrx_word' id='word_1_414' title='bbox 1287 5105 1394 5158; x_wconf 80' lang='lat' dir='ltr'><strong>Ilnc</strong></span> <span class='ocrx_word' id='word_1_415' title='bbox 1424 5104 1580 5156; x_wconf 89' lang='lat' dir='ltr'><strong>etiatn</strong></span> <span class='ocrx_word' id='word_1_416' title='bbox 1625 5104 1877 5157; x_wconf 87' lang='lat' dir='ltr'><strong>admonet</strong></span> <span class='ocrx_word' id='word_1_417' title='bbox 1917 5102 2133 5172; x_wconf 90' lang='lat' dir='ltr'><strong>sapiens</strong></span> <span class='ocrx_word' id='word_1_418' title='bbox 2177 5104 2324 5172; x_wconf 85' lang='lat' dir='ltr'><strong>quis-</strong></span> 
     </span>
    </p>
   </div>
   <div class='ocr_carea' id='block_1_53' title="bbox 744 5193 2324 5267">
    <p class='ocr_par' dir='ltr' id='par_1_53' title="bbox 744 5193 2324 5267">
     <span class='ocr_line' id='line_1_53' title="bbox 744 5193 2324 5267; baseline -0.003 -16"><span class='ocrx_word' id='word_1_419' title='bbox 744 5200 884 5267; x_wconf 80' lang='lat' dir='ltr'><strong>piam</strong></span> <span class='ocrx_word' id='word_1_420' title='bbox 926 5197 1111 5250; x_wconf 86' lang='lat' dir='ltr'><strong>dicens</strong></span> <span class='ocrx_word' id='word_1_421' title='bbox 1142 5213 1153 5246; x_wconf 94' lang='lat'><strong>:</strong></span> <span class='ocrx_word' id='word_1_422' title='bbox 1190 5193 1272 5246; x_wconf 84' lang='lat' dir='ltr'><strong>Ne</strong></span> <span class='ocrx_word' id='word_1_423' title='bbox 1296 5194 1524 5262; x_wconf 81' lang='lat' dir='ltr'><strong>glorieris</strong></span> <span class='ocrx_word' id='word_1_424' title='bbox 1568 5195 1620 5245; x_wconf 90' lang='lat' dir='ltr'><strong>in</strong></span> <span class='ocrx_word' id='word_1_425' title='bbox 1660 5194 1964 5246; x_wconf 80' lang='lat' dir='ltr'><strong>contumelia</strong></span> <span class='ocrx_word' id='word_1_426' title='bbox 2015 5194 2174 5260; x_wconf 79' lang='lat' dir='ltr'><strong>patris</strong></span> <span class='ocrx_word' id='word_1_427' title='bbox 2203 5194 2274 5246; x_wconf 81' lang='lat' dir='ltr'><strong>tui</strong></span> <span class='ocrx_word' id='word_1_428' title='bbox 2305 5211 2324 5246; x_wconf 90' lang='lat'><strong><em>:</em></strong></span> 
     </span>
    </p>
   </div>
   <div class='ocr_carea' id='block_1_54' title="bbox 743 5283 2322 5355">
    <p class='ocr_par' dir='ltr' id='par_1_54' title="bbox 743 5283 2322 5355">
     <span class='ocr_line' id='line_1_54' title="bbox 743 5283 2322 5355; baseline -0.002 -15"><span class='ocrx_word' id='word_1_429' title='bbox 743 5305 844 5342; x_wconf 69' lang='lat' dir='ltr'><strong>rion</strong></span> <span class='ocrx_word' id='word_1_430' title='bbox 869 5289 997 5341; x_wconf 81' lang='lat' dir='ltr'><strong>enim</strong></span> <span class='ocrx_word' id='word_1_431' title='bbox 1029 5297 1096 5339; x_wconf 83' lang='lat' dir='ltr'><strong>est</strong></span> <span class='ocrx_word' id='word_1_432' title='bbox 1120 5287 1204 5339; x_wconf 80' lang='lat' dir='ltr'><strong>tibi</strong></span> <span class='ocrx_word' id='word_1_433' title='bbox 1231 5287 1392 5355; x_wconf 81' lang='lat' dir='ltr'><strong>gloria</strong></span> <span class='ocrx_word' id='word_1_434' title='bbox 1410 5285 1569 5351; x_wconf 80' lang='lat' dir='ltr'><strong>patris</strong></span> <span class='ocrx_word' id='word_1_435' title='bbox 1589 5285 1888 5336; x_wconf 77' lang='lat' dir='ltr'><strong>contumelia</strong></span> <span class='ocrx_word' id='word_1_436' title='bbox 1914 5284 2098 5352; x_wconf 68' lang='lat' dir='ltr'><strong>(Eu-li.</strong></span> <span class='ocrx_word' id='word_1_437' title='bbox 2119 5285 2168 5338; x_wconf 81' lang='grc'><strong>5.</strong></span> <span class='ocrx_word' id='word_1_438' title='bbox 2209 5283 2322 5352; x_wconf 69' lang='grc'><strong>12).</strong></span> 
     </span>
    </p>
   </div>
   <div class='ocr_carea' id='block_1_55' title="bbox 750 5373 2324 5446">
    <p class='ocr_par' dir='ltr' id='par_1_55' title="bbox 750 5373 2324 5446">
     <span class='ocr_line' id='line_1_55' title="bbox 750 5373 2324 5446; baseline -0.001 -16"><span class='ocrx_word' id='word_1_439' title='bbox 750 5381 940 5434; x_wconf 74' lang='lat' dir='ltr'><strong>Verum</strong></span> <span class='ocrx_word' id='word_1_440' title='bbox 971 5393 1142 5446; x_wconf 82' lang='lat' dir='ltr'><strong>neque</strong></span> <span class='ocrx_word' id='word_1_441' title='bbox 1184 5377 1282 5430; x_wconf 87' lang='lat' dir='ltr'><strong>hoc</strong></span> <span class='ocrx_word' id='word_1_442' title='bbox 1325 5386 1542 5429; x_wconf 82' lang='lat' dir='ltr'><strong>noverat</strong></span> <span class='ocrx_word' id='word_1_443' title='bbox 1576 5375 1695 5437; x_wconf 85' lang='lat' dir='ltr'><strong>ille;</strong></span> <span class='ocrx_word' id='word_1_444' title='bbox 1727 5373 1816 5426; x_wconf 83' lang='lat' dir='ltr'><strong>sed</strong></span> <span class='ocrx_word' id='word_1_445' title='bbox 1865 5384 2137 5442; x_wconf 78' lang='lat' dir='ltr'><strong>peccatum</strong></span> <span class='ocrx_word' id='word_1_446' title='bbox 2179 5377 2324 5429; x_wconf 89' lang='lat' dir='ltr'><strong>omni</strong></span> 
     </span>
    </p>
   </div>
   <div class='ocr_carea' id='block_1_56' title="bbox 746 5465 2324 5537">
    <p class='ocr_par' dir='ltr' id='par_1_56' title="bbox 746 5465 2324 5537">
     <span class='ocr_line' id='line_1_56' title="bbox 746 5465 2324 5537; baseline -0.003 -13"><span class='ocrx_word' id='word_1_447' title='bbox 746 5475 896 5526; x_wconf 85' lang='lat' dir='ltr'><strong>venia</strong></span> <span class='ocrx_word' id='word_1_448' title='bbox 924 5480 976 5524; x_wconf 73' lang='lat' dir='ltr'><strong>et</strong></span> <span class='ocrx_word' id='word_1_449' title='bbox 1014 5469 1355 5524; x_wconf 71' lang='lat' dir='ltr'><strong>excusatione</strong></span> <span class='ocrx_word' id='word_1_450' title='bbox 1396 5468 1670 5537; x_wconf 83' lang='lat' dir='ltr'><strong>indignum</strong></span> <span class='ocrx_word' id='word_1_451' title='bbox 1700 5467 1930 5519; x_wconf 88' lang='lat' dir='ltr'><strong>admisit.</strong></span> <span class='ocrx_word' id='word_1_452' title='bbox 1963 5465 2088 5520; x_wconf 85' lang='lat' dir='ltr'><strong>Ideo</strong></span> <span class='ocrx_word' id='word_1_453' title='bbox 2120 5467 2324 5536; x_wconf 78' lang='lat' dir='ltr'><strong>peccati</strong></span> 
     </span>
    </p>
   </div>
   <div class='ocr_carea' id='block_1_57' title="bbox 747 5558 2326 5634">
    <p class='ocr_par' dir='ltr' id='par_1_57' title="bbox 747 5558 2326 5634">
     <span class='ocr_line' id='line_1_57' title="bbox 747 5558 2326 5634; baseline -0.004 -17"><span class='ocrx_word' id='word_1_454' title='bbox 747 5581 957 5634; x_wconf 82' lang='lat' dir='ltr'><strong>pt-naut</strong></span> <span class='ocrx_word' id='word_1_455' title='bbox 1008 5565 1311 5615; x_wconf 76' lang='lat' dir='ltr'><strong>servitutem</strong></span> <span class='ocrx_word' id='word_1_456' title='bbox 1361 5560 1612 5623; x_wconf 78' lang='lat' dir='ltr'><strong>incuri-it,</strong></span> <span class='ocrx_word' id='word_1_457' title='bbox 1642 5558 1968 5628; x_wconf 88' lang='lat' dir='ltr'><strong>fratrumque</strong></span> <span class='ocrx_word' id='word_1_458' title='bbox 2013 5573 2198 5612; x_wconf 88' lang='lat' dir='ltr'><strong>servus</strong></span> <span class='ocrx_word' id='word_1_459' title='bbox 2245 5567 2326 5611; x_wconf 82' lang='lat' dir='ltr'><strong>est</strong></span> 
     </span>
    </p>
   </div>
   <div class='ocr_carea' id='block_1_58' title="bbox 809 5713 1826 5779">
    <p class='ocr_par' dir='ltr' id='par_1_58' title="bbox 809 5713 1826 5779">
     <span class='ocr_line' id='line_1_58' title="bbox 809 5713 1826 5779; baseline -0.004 -15"><span class='ocrx_word' id='word_1_460' title='bbox 809 5720 826 5752; x_wconf 82' lang='grc' dir='ltr'><strong>ι</strong></span> <span class='ocrx_word' id='word_1_461' title='bbox 862 5725 926 5768; x_wconf 87' lang='lat' dir='ltr'><strong>tta</strong></span> <span class='ocrx_word' id='word_1_462' title='bbox 950 5717 1078 5779; x_wconf 83' lang='lat' dir='ltr'><strong>ttegii</strong></span> <span class='ocrx_word' id='word_1_463' title='bbox 1101 5716 1246 5779; x_wconf 85' lang='lat' dir='ltr'><strong>bene.</strong></span> <span class='ocrx_word' id='word_1_464' title='bbox 1273 5715 1389 5779; x_wconf 68' lang='lat' dir='ltr'><strong>ﬁdit.</strong></span> <span class='ocrx_word' id='word_1_465' title='bbox 1414 5714 1561 5771; x_wconf 85' lang='lat' dir='ltr'><strong>male,</strong></span> <span class='ocrx_word' id='word_1_466' title='bbox 1584 5713 1826 5779; x_wconf 64' lang='lat' dir='ltr'><strong>Chanaan.</strong></span> 
     </span>
    </p>
   </div>
   <div class='ocr_carea' id='block_1_59' title="bbox 808 5776 2324 5839">
    <p class='ocr_par' dir='ltr' id='par_1_59' title="bbox 808 5776 2324 5839">
     <span class='ocr_line' id='line_1_59' title="bbox 808 5776 2324 5839; baseline -0.003 -11"><span class='ocrx_word' id='word_1_467' title='bbox 808 5780 881 5839; x_wconf 78' lang='grc' dir='ltr'><strong>(α)</strong></span> <span class='ocrx_word' id='word_1_468' title='bbox 915 5776 1147 5826; x_wconf 67' lang='lat' dir='ltr'><strong>ueniorize</strong></span> <span class='ocrx_word' id='word_1_469' title='bbox 1165 5776 1298 5838; x_wconf 82' lang='lat' dir='ltr'><strong>lapsu</strong></span> <span class='ocrx_word' id='word_1_470' title='bbox 1322 5777 1681 5838; x_wconf 73' lang='lat' dir='ltr'><strong>Chrysostornus</strong></span> <span class='ocrx_word' id='word_1_471' title='bbox 1707 5776 1896 5839; x_wconf 67' lang='lat' dir='ltr'><strong>Paulum</strong></span> <span class='ocrx_word' id='word_1_472' title='bbox 1931 5776 2183 5839; x_wconf 61' lang='lat' dir='ltr'><strong>Corinthiis</strong></span> <span class='ocrx_word' id='word_1_473' title='bbox 2207 5778 2324 5824; x_wconf 77' lang='lat' dir='ltr'><strong>scri-</strong></span> 
     </span>
    </p>
   </div>
   <div class='ocr_carea' id='block_1_60' title="bbox 749 5837 2114 5901">
    <p class='ocr_par' dir='ltr' id='par_1_60' title="bbox 749 5837 2114 5901">
     <span class='ocr_line' id='line_1_60' title="bbox 749 5837 2114 5901; baseline -0.005 -9"><span class='ocrx_word' id='word_1_474' title='bbox 749 5837 951 5892; x_wconf 65' lang='lat' dir='ltr'><strong>htttttctn</strong></span> <span class='ocrx_word' id='word_1_475' title='bbox 973 5841 1175 5901; x_wconf 72' lang='lat' dir='ltr'><strong>inducit;</strong></span> <span class='ocrx_word' id='word_1_476' title='bbox 1201 5837 1287 5886; x_wconf 72' lang='lat' dir='ltr'><strong>scd</strong></span> <span class='ocrx_word' id='word_1_477' title='bbox 1312 5837 1443 5886; x_wconf 68' lang='lat' dir='ltr'><strong>locus</strong></span> <span class='ocrx_word' id='word_1_478' title='bbox 1463 5847 1538 5886; x_wconf 80' lang='lat' dir='ltr'><strong>est</strong></span> <span class='ocrx_word' id='word_1_479' title='bbox 1562 5840 1610 5885; x_wconf 85' lang='lat' dir='ltr'><strong>in</strong></span> <span class='ocrx_word' id='word_1_480' title='bbox 1630 5839 1775 5901; x_wconf 77' lang='lat' dir='ltr'><strong>Epist.</strong></span> <span class='ocrx_word' id='word_1_481' title='bbox 1792 5837 1849 5884; x_wconf 83' lang='lat' dir='ltr'><strong>ad</strong></span> <span class='ocrx_word' id='word_1_482' title='bbox 1875 5837 2114 5899; x_wconf 72' lang='lat' dir='ltr'><strong>Ephesios.</strong></span> 
     </span>
    </p>
   </div>
   <div class='ocr_carea' id='block_1_61' title="bbox 1439 398 3228 487">
    <p class='ocr_par' dir='ltr' id='par_1_61' title="bbox 1439 398 3228 487">
     <span class='ocr_line' id='line_1_61' title="bbox 1439 398 3228 487; baseline -0.01 -1"><span class='ocrx_word' id='word_1_483' title='bbox 1439 431 1492 487; x_wconf 91' lang='lat' dir='ltr'><strong>S.</strong></span> <span class='ocrx_word' id='word_1_484' title='bbox 1533 426 1809 484; x_wconf 67' lang='lat' dir='ltr'><strong>JOANNIS</strong></span> <span class='ocrx_word' id='word_1_485' title='bbox 1844 398 2313 479; x_wconf 57' lang='lat' dir='ltr'><strong>CllRl’rOSTOMI</strong></span> <span class='ocrx_word' id='word_1_486' title='bbox 2356 417 2669 473; x_wconf 76' lang='lat' dir='ltr'><strong>ARCIIIEP.</strong></span> <span class='ocrx_word' id='word_1_487' title='bbox 2714 417 3228 473; x_wconf 66' lang='lat' dir='ltr'><strong>CONSTANTINOP</strong></span> 
     </span>
    </p>
   </div>
   <div class='ocr_carea' id='block_1_62' title="bbox 3899 420 4002 474">
    <p class='ocr_par' dir='ltr' id='par_1_62' title="bbox 3899 420 4002 474">
     <span class='ocr_line' id='line_1_62' title="bbox 3899 420 4002 474; baseline 0 -2"><span class='ocrx_word' id='word_1_488' title='bbox 3899 420 4002 474; x_wconf 65' lang='lat'><strong>595</strong></span> 
     </span>
    </p>
   </div>
   <div class='ocr_carea' id='block_1_63' title="bbox 2407 535 4001 604">
    <p class='ocr_par' dir='ltr' id='par_1_63' title="bbox 2407 535 4001 604">
     <span class='ocr_line' id='line_1_63' title="bbox 2407 535 4001 604; baseline 0.002 -16"><span class='ocrx_word' id='word_1_489' title='bbox 2407 535 2612 598; x_wconf 87' lang='lat' dir='ltr'><strong>factus,</strong></span> <span class='ocrx_word' id='word_1_490' title='bbox 2642 545 2697 589; x_wconf 92' lang='lat' dir='ltr'><strong>et</strong></span> <span class='ocrx_word' id='word_1_491' title='bbox 2740 536 3143 604; x_wconf 72' lang='lat' dir='ltr'><strong>prmrogativatn</strong></span> <span class='ocrx_word' id='word_1_492' title='bbox 3197 537 3416 590; x_wconf 77' lang='lat' dir='ltr'><strong>honoris</strong></span> <span class='ocrx_word' id='word_1_493' title='bbox 3456 551 3484 587; x_wconf 86' lang='lat' dir='ltr'><strong>a</strong></span> <span class='ocrx_word' id='word_1_494' title='bbox 3529 545 3718 590; x_wconf 83' lang='lat' dir='ltr'><strong>natura</strong></span> <span class='ocrx_word' id='word_1_495' title='bbox 3768 538 4001 592; x_wconf 82' lang='lat' dir='ltr'><strong>delatam</strong></span> 
     </span>
    </p>
   </div>
   <div class='ocr_carea' id='block_1_64' title="bbox 2405 625 4000 696">
    <p class='ocr_par' dir='ltr' id='par_1_64' title="bbox 2405 625 4000 696">
     <span class='ocr_line' id='line_1_64' title="bbox 2405 625 4000 696; baseline 0 -16"><span class='ocrx_word' id='word_1_496' title='bbox 2405 629 2565 680; x_wconf 90' lang='lat' dir='ltr'><strong>animi</strong></span> <span class='ocrx_word' id='word_1_497' title='bbox 2596 628 2853 696; x_wconf 83' lang='lat' dir='ltr'><strong>pravitate</strong></span> <span class='ocrx_word' id='word_1_498' title='bbox 2897 628 3096 680; x_wconf 88' lang='lat' dir='ltr'><strong>amisit.</strong></span> <span class='ocrx_word' id='word_1_499' title='bbox 3127 625 3304 681; x_wconf 83' lang='lat' dir='ltr'><strong>Habes</strong></span> <span class='ocrx_word' id='word_1_500' title='bbox 3333 627 3558 681; x_wconf 89' lang='lat' dir='ltr'><strong>alterum</strong></span> <span class='ocrx_word' id='word_1_501' title='bbox 3599 628 3883 681; x_wconf 82' lang='lat' dir='ltr'><strong>servitutis</strong></span> <span class='ocrx_word' id='word_1_502' title='bbox 3907 642 4000 696; x_wconf 83' lang='lat' dir='ltr'><strong>ge-</strong></span> 
     </span>
    </p>
   </div>
   <div class='ocr_carea' id='block_1_65' title="bbox 2408 716 3999 787">
    <p class='ocr_par' dir='ltr' id='par_1_65' title="bbox 2408 716 3999 787">
     <span class='ocr_line' id='line_1_65' title="bbox 2408 716 3999 787; baseline 0 -17"><span class='ocrx_word' id='word_1_503' title='bbox 2408 733 2524 771; x_wconf 90' lang='lat' dir='ltr'><strong>nus.</strong></span> <span class='ocrx_word' id='word_1_504' title='bbox 2557 717 2648 770; x_wconf 76' lang='lat' dir='ltr'><strong>Vis</strong></span> <span class='ocrx_word' id='word_1_505' title='bbox 2678 719 2839 770; x_wconf 89' lang='lat' dir='ltr'><strong>etiam</strong></span> <span class='ocrx_word' id='word_1_506' title='bbox 2871 719 3082 770; x_wconf 88' lang='lat' dir='ltr'><strong>tertium</strong></span> <span class='ocrx_word' id='word_1_507' title='bbox 3111 717 3304 771; x_wconf 76' lang='lat' dir='ltr'><strong>nosse?</strong></span> <span class='ocrx_word' id='word_1_508' title='bbox 3334 716 3552 770; x_wconf 81' lang='lat' dir='ltr'><strong>Duobus</strong></span> <span class='ocrx_word' id='word_1_509' title='bbox 3575 717 3850 786; x_wconf 86' lang='lat' dir='ltr'><strong>prioribus</strong></span> <span class='ocrx_word' id='word_1_510' title='bbox 3877 731 3999 787; x_wconf 67' lang='lat' dir='ltr'><strong>grao</strong></span> 
     </span>
    </p>
   </div>
   <div class='ocr_carea' id='block_1_66' title="bbox 2410 807 3999 880">
    <p class='ocr_par' dir='ltr' id='par_1_66' title="bbox 2410 807 3999 880">
     <span class='ocr_line' id='line_1_66' title="bbox 2410 807 3999 880; baseline 0.002 -21"><span class='ocrx_word' id='word_1_511' title='bbox 2410 810 2524 862; x_wconf 85' lang='lat' dir='ltr'><strong>vius</strong></span> <span class='ocrx_word' id='word_1_512' title='bbox 2544 818 2625 861; x_wconf 86' lang='lat' dir='ltr'><strong>est</strong></span> <span class='ocrx_word' id='word_1_513' title='bbox 2652 809 2812 872; x_wconf 89' lang='lat' dir='ltr'><strong>istud,</strong></span> <span class='ocrx_word' id='word_1_514' title='bbox 2846 811 3115 878; x_wconf 86' lang='lat' dir='ltr'><strong>multoque</strong></span> <span class='ocrx_word' id='word_1_515' title='bbox 3141 807 3548 863; x_wconf 50' lang='lat' dir='ltr'><strong>formidabilium</strong></span> <span class='ocrx_word' id='word_1_516' title='bbox 3578 809 3713 863; x_wconf 82' lang='lat' dir='ltr'><strong>Nam</strong></span> <span class='ocrx_word' id='word_1_517' title='bbox 3741 809 3999 880; x_wconf 82' lang='lat' dir='ltr'><strong>quoniam</strong></span> 
     </span>
    </p>
   </div>
   <div class='ocr_carea' id='block_1_67' title="bbox 2409 899 4004 964">
    <p class='ocr_par' dir='ltr' id='par_1_67' title="bbox 2409 899 4004 964">
     <span class='ocr_line' id='line_1_67' title="bbox 2409 899 4004 964; baseline 0 -12"><span class='ocrx_word' id='word_1_518' title='bbox 2409 899 2508 953; x_wconf 87' lang='lat' dir='ltr'><strong>illis</strong></span> <span class='ocrx_word' id='word_1_519' title='bbox 2542 914 2647 953; x_wconf 92' lang='lat' dir='ltr'><strong>non</strong></span> <span class='ocrx_word' id='word_1_520' title='bbox 2675 908 2756 952; x_wconf 60' lang='lat' dir='ltr'><strong>est</strong></span> <span class='ocrx_word' id='word_1_521' title='bbox 2775 901 3091 954; x_wconf 73' lang='lat' dir='ltr'><strong>entendatus</strong></span> <span class='ocrx_word' id='word_1_522' title='bbox 3113 901 3154 964; x_wconf 81' lang='grc'><strong>⁸,</strong></span> <span class='ocrx_word' id='word_1_523' title='bbox 3182 901 3386 954; x_wconf 84' lang='lat' dir='ltr'><strong>vincula</strong></span> <span class='ocrx_word' id='word_1_524' title='bbox 3417 902 3568 954; x_wconf 87' lang='lat' dir='ltr'><strong>nobis</strong></span> <span class='ocrx_word' id='word_1_525' title='bbox 3590 903 3810 956; x_wconf 73' lang='lat' dir='ltr'><strong>adauxit</strong></span> <span class='ocrx_word' id='word_1_526' title='bbox 3838 902 4004 956; x_wconf 79' lang='lat' dir='ltr'><strong>Deus.</strong></span> 
     </span>
    </p>
   </div>
   <div class='ocr_carea' id='block_1_68' title="bbox 2407 989 4002 1059">
    <p class='ocr_par' dir='ltr' id='par_1_68' title="bbox 2407 989 4002 1059">
     <span class='ocr_line' id='line_1_68' title="bbox 2407 989 4002 1059; baseline -0.001 -16"><span class='ocrx_word' id='word_1_527' title='bbox 2407 989 2682 1057; x_wconf 85' lang='lat' dir='ltr'><strong>Quodnam</strong></span> <span class='ocrx_word' id='word_1_528' title='bbox 2707 991 2865 1058; x_wconf 84' lang='lat' dir='ltr'><strong>igitur</strong></span> <span class='ocrx_word' id='word_1_529' title='bbox 2887 991 3013 1044; x_wconf 91' lang='lat' dir='ltr'><strong>illud</strong></span> <span class='ocrx_word' id='word_1_530' title='bbox 3035 991 3153 1044; x_wconf 69' lang='lat' dir='ltr'><strong>est?</strong></span> <span class='ocrx_word' id='word_1_531' title='bbox 3173 991 3478 1059; x_wconf 84' lang='lat' dir='ltr'><strong>Principum</strong></span> <span class='ocrx_word' id='word_1_532' title='bbox 3508 1005 3570 1044; x_wconf 87' lang='lat' dir='ltr'><strong>ac</strong></span> <span class='ocrx_word' id='word_1_533' title='bbox 3592 992 4002 1059; x_wconf 81' lang='lat' dir='ltr'><strong>magistratuum</strong></span> 
     </span>
    </p>
   </div>
   <div class='ocr_carea' id='block_1_69' title="bbox 2409 1079 4004 1151">
    <p class='ocr_par' dir='ltr' id='par_1_69' title="bbox 2409 1079 4004 1151">
     <span class='ocr_line' id='line_1_69' title="bbox 2409 1079 4004 1151; baseline 0.001 -19"><span class='ocrx_word' id='word_1_534' title='bbox 2409 1079 2690 1141; x_wconf 86' lang='lat' dir='ltr'><strong>nimirum;</strong></span> <span class='ocrx_word' id='word_1_535' title='bbox 2733 1095 2837 1133; x_wconf 90' lang='lat' dir='ltr'><strong>non</strong></span> <span class='ocrx_word' id='word_1_536' title='bbox 2872 1082 2978 1135; x_wconf 88' lang='lat' dir='ltr'><strong>tale</strong></span> <span class='ocrx_word' id='word_1_537' title='bbox 3006 1081 3161 1148; x_wconf 88' lang='lat' dir='ltr'><strong>quale</strong></span> <span class='ocrx_word' id='word_1_538' title='bbox 3190 1082 3428 1134; x_wconf 79' lang='lat' dir='ltr'><strong>mulieris</strong></span> <span class='ocrx_word' id='word_1_539' title='bbox 3447 1120 3462 1144; x_wconf 94' lang='lat'><strong>,</strong></span> <span class='ocrx_word' id='word_1_540' title='bbox 3509 1096 3680 1144; x_wconf 86' lang='lat' dir='ltr'><strong>neque</strong></span> <span class='ocrx_word' id='word_1_541' title='bbox 3706 1081 3814 1134; x_wconf 79' lang='lat' dir='ltr'><strong>tale</strong></span> <span class='ocrx_word' id='word_1_542' title='bbox 3843 1080 4004 1151; x_wconf 65' lang='lat' dir='ltr'><strong>quale</strong></span> 
     </span>
    </p>
   </div>
   <div class='ocr_carea' id='block_1_70' title="bbox 2409 1170 4004 1238">
    <p class='ocr_par' dir='ltr' id='par_1_70' title="bbox 2409 1170 4004 1238">
     <span class='ocr_line' id='line_1_70' title="bbox 2409 1170 4004 1238; baseline 0 -16"><span class='ocrx_word' id='word_1_543' title='bbox 2409 1185 2683 1223; x_wconf 87' lang='lat' dir='ltr'><strong>servorum</strong></span> <span class='ocrx_word' id='word_1_544' title='bbox 2711 1212 2725 1234; x_wconf 87' lang='lat'><strong>,</strong></span> <span class='ocrx_word' id='word_1_545' title='bbox 2767 1171 2860 1224; x_wconf 86' lang='lat' dir='ltr'><strong>sed</strong></span> <span class='ocrx_word' id='word_1_546' title='bbox 2892 1171 3058 1223; x_wconf 89' lang='lat' dir='ltr'><strong>multo</strong></span> <span class='ocrx_word' id='word_1_547' title='bbox 3099 1173 3267 1238; x_wconf 79' lang='lat' dir='ltr'><strong>magis</strong></span> <span class='ocrx_word' id='word_1_548' title='bbox 3297 1171 3656 1228; x_wconf 81' lang='lat' dir='ltr'><strong>formidabile.</strong></span> <span class='ocrx_word' id='word_1_549' title='bbox 3696 1170 3893 1225; x_wconf 81' lang='lat' dir='ltr'><strong>Videre</strong></span> <span class='ocrx_word' id='word_1_550' title='bbox 3921 1179 4004 1223; x_wconf 80' lang='lat' dir='ltr'><strong>est</strong></span> 
     </span>
    </p>
   </div>
   <div class='ocr_carea' id='block_1_71' title="bbox 2411 1260 4003 1331">
    <p class='ocr_par' dir='ltr' id='par_1_71' title="bbox 2411 1260 4003 1331">
     <span class='ocr_line' id='line_1_71' title="bbox 2411 1260 4003 1331; baseline 0.001 -18"><span class='ocrx_word' id='word_1_551' title='bbox 2411 1261 2645 1330; x_wconf 79' lang='lat' dir='ltr'><strong>undique</strong></span> <span class='ocrx_word' id='word_1_552' title='bbox 2691 1260 2895 1329; x_wconf 81' lang='lat' dir='ltr'><strong>gladios</strong></span> <span class='ocrx_word' id='word_1_553' title='bbox 2942 1271 3161 1326; x_wconf 80' lang='lat' dir='ltr'><strong>acutus,</strong></span> <span class='ocrx_word' id='word_1_554' title='bbox 3212 1262 3522 1324; x_wconf 76' lang='lat' dir='ltr'><strong>carniﬁces,</strong></span> <span class='ocrx_word' id='word_1_555' title='bbox 3567 1260 3858 1331; x_wconf 71' lang='lat' dir='ltr'><strong>suppliria,</strong></span> <span class='ocrx_word' id='word_1_556' title='bbox 3894 1268 4003 1314; x_wconf 82' lang='lat' dir='ltr'><strong>tor-</strong></span> 
     </span>
    </p>
   </div>
   <div class='ocr_carea' id='block_1_72' title="bbox 2410 1350 4001 1421">
    <p class='ocr_par' dir='ltr' id='par_1_72' title="bbox 2410 1350 4001 1421">
     <span class='ocr_line' id='line_1_72' title="bbox 2410 1350 4001 1421; baseline -0.001 -17"><span class='ocrx_word' id='word_1_557' title='bbox 2410 1361 2610 1417; x_wconf 91' lang='lat' dir='ltr'><strong>menta,</strong></span> <span class='ocrx_word' id='word_1_558' title='bbox 2646 1367 2860 1418; x_wconf 75' lang='lat' dir='ltr'><strong>ptenas,</strong></span> <span class='ocrx_word' id='word_1_559' title='bbox 2887 1353 3006 1406; x_wconf 78' lang='lat' dir='ltr'><strong>vita:</strong></span> <span class='ocrx_word' id='word_1_560' title='bbox 3047 1353 3301 1421; x_wconf 89' lang='lat' dir='ltr'><strong>necisque</strong></span> <span class='ocrx_word' id='word_1_561' title='bbox 3330 1361 3665 1419; x_wconf 88' lang='lat' dir='ltr'><strong>potestatem.</strong></span> <span class='ocrx_word' id='word_1_562' title='bbox 3702 1350 3772 1404; x_wconf 90' lang='lat' dir='ltr'><strong>Ut</strong></span> <span class='ocrx_word' id='word_1_563' title='bbox 3818 1359 4001 1404; x_wconf 82' lang='lat' dir='ltr'><strong>autent</strong></span> 
     </span>
    </p>
   </div>
   <div class='ocr_carea' id='block_1_73' title="bbox 2409 1443 4004 1514">
    <p class='ocr_par' dir='ltr' id='par_1_73' title="bbox 2409 1443 4004 1514">
     <span class='ocr_line' id='line_1_73' title="bbox 2409 1443 4004 1514; baseline 0 -17"><span class='ocrx_word' id='word_1_564' title='bbox 2409 1444 2548 1497; x_wconf 82' lang='lat' dir='ltr'><strong>scias</strong></span> <span class='ocrx_word' id='word_1_565' title='bbox 2580 1443 2720 1498; x_wconf 84' lang='lat' dir='ltr'><strong>hunc</strong></span> <span class='ocrx_word' id='word_1_566' title='bbox 2749 1459 2959 1514; x_wconf 87' lang='lat' dir='ltr'><strong>quoque</strong></span> <span class='ocrx_word' id='word_1_567' title='bbox 3008 1445 3222 1497; x_wconf 90' lang='lat' dir='ltr'><strong>modutn</strong></span> <span class='ocrx_word' id='word_1_568' title='bbox 3271 1443 3594 1510; x_wconf 79' lang='lat' dir='ltr'><strong>principatus</strong></span> <span class='ocrx_word' id='word_1_569' title='bbox 3623 1459 3689 1497; x_wconf 80' lang='lat' dir='ltr'><strong>ex</strong></span> <span class='ocrx_word' id='word_1_570' title='bbox 3714 1444 4004 1497; x_wconf 84' lang='lat' dir='ltr'><strong>occasione</strong></span> 
     </span>
    </p>
   </div>
   <div class='ocr_carea' id='block_1_74' title="bbox 2411 1533 4004 1603">
    <p class='ocr_par' dir='ltr' id='par_1_74' title="bbox 2411 1533 4004 1603">
     <span class='ocr_line' id='line_1_74' title="bbox 2411 1533 4004 1603; baseline 0.003 -17"><span class='ocrx_word' id='word_1_571' title='bbox 2411 1533 2611 1603; x_wconf 86' lang='lat' dir='ltr'><strong>peccati</strong></span> <span class='ocrx_word' id='word_1_572' title='bbox 2633 1543 2810 1588; x_wconf 89' lang='lat' dir='ltr'><strong>ortum</strong></span> <span class='ocrx_word' id='word_1_573' title='bbox 2836 1535 3085 1588; x_wconf 84' lang='lat' dir='ltr'><strong>habuisse</strong></span> <span class='ocrx_word' id='word_1_574' title='bbox 3103 1574 3116 1597; x_wconf 96' lang='lat'><strong>,</strong></span> <span class='ocrx_word' id='word_1_575' title='bbox 3141 1545 3326 1588; x_wconf 70' lang='lat' dir='ltr'><strong>rursm</strong></span> <span class='ocrx_word' id='word_1_576' title='bbox 3354 1534 3572 1587; x_wconf 90' lang='lat' dir='ltr'><strong>Paulum</strong></span> <span class='ocrx_word' id='word_1_577' title='bbox 3598 1536 3770 1602; x_wconf 85' lang='lat' dir='ltr'><strong>ipsum</strong></span> <span class='ocrx_word' id='word_1_578' title='bbox 3801 1535 3869 1590; x_wconf 88' lang='lat' dir='ltr'><strong>de</strong></span> <span class='ocrx_word' id='word_1_579' title='bbox 3902 1535 4004 1589; x_wconf 77' lang='lat' dir='ltr'><strong>hoc</strong></span> 
     </span>
    </p>
   </div>
   <div class='ocr_carea' id='block_1_75' title="bbox 2411 1623 4006 1693">
    <p class='ocr_par' dir='ltr' id='par_1_75' title="bbox 2411 1623 4006 1693">
     <span class='ocr_line' id='line_1_75' title="bbox 2411 1623 4006 1693; baseline 0.001 -17"><span class='ocrx_word' id='word_1_580' title='bbox 2411 1624 2875 1693; x_wconf 84' lang='lat' dir='ltr'><strong>philosophantem</strong></span> <span class='ocrx_word' id='word_1_581' title='bbox 2909 1624 3054 1677; x_wconf 91' lang='lat' dir='ltr'><strong>audi.</strong></span> <span class='ocrx_word' id='word_1_582' title='bbox 3085 1623 3146 1678; x_wconf 84' lang='lat' dir='ltr'><strong>Si</strong></span> <span class='ocrx_word' id='word_1_583' title='bbox 3176 1635 3344 1676; x_wconf 84' lang='lat' dir='ltr'><strong>autem</strong></span> <span class='ocrx_word' id='word_1_584' title='bbox 3389 1626 3462 1677; x_wconf 72' lang='lat' dir='ltr'><strong>vis</strong></span> <span class='ocrx_word' id='word_1_585' title='bbox 3506 1642 3607 1677; x_wconf 87' lang='lat' dir='ltr'><strong>nou</strong></span> <span class='ocrx_word' id='word_1_586' title='bbox 3638 1626 3814 1677; x_wconf 69' lang='lat' dir='ltr'><strong>timere</strong></span> <span class='ocrx_word' id='word_1_587' title='bbox 3863 1638 4006 1693; x_wconf 81' lang='lat' dir='ltr'><strong>pote-</strong></span> 
     </span>
    </p>
   </div>
   <div class='ocr_carea' id='block_1_76' title="bbox 2413 1717 4002 1787">
    <p class='ocr_par' dir='ltr' id='par_1_76' title="bbox 2413 1717 4002 1787">
     <span class='ocr_line' id='line_1_76' title="bbox 2413 1717 4002 1787; baseline -0.001 -17"><span class='ocrx_word' id='word_1_588' title='bbox 2413 1727 2612 1780; x_wconf 66' lang='lat' dir='ltr'><strong>statt-m,</strong></span> <span class='ocrx_word' id='word_1_589' title='bbox 2650 1718 2834 1769; x_wconf 83' lang='lat' dir='ltr'><strong>bonum</strong></span> <span class='ocrx_word' id='word_1_590' title='bbox 2865 1719 2978 1787; x_wconf 77' lang='lat' dir='ltr'><strong>fac,</strong></span> <span class='ocrx_word' id='word_1_591' title='bbox 3007 1717 3207 1785; x_wconf 89' lang='lat' dir='ltr'><strong>inquit,</strong></span> <span class='ocrx_word' id='word_1_592' title='bbox 3238 1726 3284 1769; x_wconf 82' lang='lat' dir='ltr'><strong>et</strong></span> <span class='ocrx_word' id='word_1_593' title='bbox 3314 1717 3517 1770; x_wconf 73' lang='lat' dir='ltr'><strong>habebis</strong></span> <span class='ocrx_word' id='word_1_594' title='bbox 3559 1717 3760 1770; x_wconf 73' lang='lat' dir='ltr'><strong>laudent</strong></span> <span class='ocrx_word' id='word_1_595' title='bbox 3801 1734 3862 1771; x_wconf 72' lang='lat' dir='ltr'><strong>es</strong></span> <span class='ocrx_word' id='word_1_596' title='bbox 3888 1718 4002 1770; x_wconf 77' lang='lat' dir='ltr'><strong>illa.</strong></span> 
     </span>
    </p>
   </div>
   <div class='ocr_carea' id='block_1_77' title="bbox 2414 1807 4003 1877">
    <p class='ocr_par' dir='ltr' id='par_1_77' title="bbox 2414 1807 4003 1877">
     <span class='ocr_line' id='line_1_77' title="bbox 2414 1807 4003 1877; baseline 0 -17"><span class='ocrx_word' id='word_1_597' title='bbox 2414 1807 2475 1860; x_wconf 88' lang='lat' dir='ltr'><strong>Si</strong></span> <span class='ocrx_word' id='word_1_598' title='bbox 2521 1818 2687 1860; x_wconf 70' lang='lat' dir='ltr'><strong>autem</strong></span> <span class='ocrx_word' id='word_1_599' title='bbox 2733 1810 2921 1860; x_wconf 83' lang='lat' dir='ltr'><strong>malum</strong></span> <span class='ocrx_word' id='word_1_600' title='bbox 2970 1810 3148 1877; x_wconf 71' lang='lat' dir='ltr'><strong>feceris</strong></span> <span class='ocrx_word' id='word_1_601' title='bbox 3168 1850 3182 1872; x_wconf 96' lang='lat'><strong>,</strong></span> <span class='ocrx_word' id='word_1_602' title='bbox 3214 1808 3334 1861; x_wconf 83' lang='lat' dir='ltr'><strong>time</strong></span> <span class='ocrx_word' id='word_1_603' title='bbox 3359 1823 3378 1860; x_wconf 87' lang='lat'><strong><em>:</em></strong></span> <span class='ocrx_word' id='word_1_604' title='bbox 3409 1824 3509 1861; x_wconf 83' lang='lat' dir='ltr'><strong>non</strong></span> <span class='ocrx_word' id='word_1_605' title='bbox 3540 1809 3672 1861; x_wconf 80' lang='lat' dir='ltr'><strong>enim</strong></span> <span class='ocrx_word' id='word_1_606' title='bbox 3701 1811 3810 1861; x_wconf 82' lang='lat' dir='ltr'><strong>sine</strong></span> <span class='ocrx_word' id='word_1_607' title='bbox 3844 1825 4003 1861; x_wconf 73' lang='lat' dir='ltr'><strong>causa</strong></span> 
     </span>
    </p>
   </div>
   <div class='ocr_carea' id='block_1_78' title="bbox 2412 1899 4002 1970">
    <p class='ocr_par' dir='ltr' id='par_1_78' title="bbox 2412 1899 4002 1970">
     <span class='ocr_line' id='line_1_78' title="bbox 2412 1899 4002 1970; baseline 0.003 -19"><span class='ocrx_word' id='word_1_608' title='bbox 2412 1899 2638 1968; x_wconf 83' lang='lat' dir='ltr'><strong>gladium</strong></span> <span class='ocrx_word' id='word_1_609' title='bbox 2668 1909 2834 1968; x_wconf 82' lang='lat' dir='ltr'><strong>portat</strong></span> <span class='ocrx_word' id='word_1_610' title='bbox 2881 1899 3054 1969; x_wconf 84' lang='lat' dir='ltr'><strong>(Rom.</strong></span> <span class='ocrx_word' id='word_1_611' title='bbox 3088 1900 3173 1953; x_wconf 85' lang='lat' dir='ltr'><strong>l5.</strong></span> <span class='ocrx_word' id='word_1_612' title='bbox 3223 1900 3276 1954; x_wconf 89' lang='grc'><strong>5.</strong></span> <span class='ocrx_word' id='word_1_613' title='bbox 3306 1902 3382 1970; x_wconf 81' lang='grc'><strong>4).</strong></span> <span class='ocrx_word' id='word_1_614' title='bbox 3419 1899 3580 1954; x_wconf 82' lang='lat' dir='ltr'><strong>Vides</strong></span> <span class='ocrx_word' id='word_1_615' title='bbox 3611 1914 3832 1970; x_wconf 85' lang='lat' dir='ltr'><strong>propter</strong></span> <span class='ocrx_word' id='word_1_616' title='bbox 3862 1915 3959 1955; x_wconf 80' lang='lat' dir='ltr'><strong>eos</strong></span> <span class='ocrx_word' id='word_1_617' title='bbox 3989 1944 4002 1963; x_wconf 87' lang='lat'><strong>,</strong></span> 
     </span>
    </p>
   </div>
   <div class='ocr_carea' id='block_1_79' title="bbox 2413 1993 4006 2062">
    <p class='ocr_par' dir='ltr' id='par_1_79' title="bbox 2413 1993 4006 2062">
     <span class='ocr_line' id='line_1_79' title="bbox 2413 1993 4006 2062; baseline 0.002 -17"><span class='ocrx_word' id='word_1_618' title='bbox 2413 1995 2504 2060; x_wconf 92' lang='lat' dir='ltr'><strong>qui</strong></span> <span class='ocrx_word' id='word_1_619' title='bbox 2533 1995 2728 2046; x_wconf 90' lang='lat' dir='ltr'><strong>malum</strong></span> <span class='ocrx_word' id='word_1_620' title='bbox 2777 2004 3116 2062; x_wconf 88' lang='lat' dir='ltr'><strong>perpetrant,</strong></span> <span class='ocrx_word' id='word_1_621' title='bbox 3157 2005 3210 2047; x_wconf 90' lang='lat' dir='ltr'><strong>et</strong></span> <span class='ocrx_word' id='word_1_622' title='bbox 3242 1993 3536 2062; x_wconf 87' lang='lat' dir='ltr'><strong>principem</strong></span> <span class='ocrx_word' id='word_1_623' title='bbox 3561 2003 3616 2048; x_wconf 86' lang='lat' dir='ltr'><strong>et</strong></span> <span class='ocrx_word' id='word_1_624' title='bbox 3640 1993 3874 2062; x_wconf 80' lang='lat' dir='ltr'><strong>gladium</strong></span> <span class='ocrx_word' id='word_1_625' title='bbox 3907 1994 4006 2048; x_wconf 81' lang='lat' dir='ltr'><strong>iut-</strong></span> 
     </span>
    </p>
   </div>
   <div class='ocr_carea' id='block_1_80' title="bbox 2417 2083 4009 2152">
    <p class='ocr_par' dir='ltr' id='par_1_80' title="bbox 2417 2083 4009 2152">
     <span class='ocr_line' id='line_1_80' title="bbox 2417 2083 4009 2152; baseline 0.001 -16"><span class='ocrx_word' id='word_1_626' title='bbox 2417 2083 2660 2138; x_wconf 81' lang='lat' dir='ltr'><strong>minere?</strong></span> <span class='ocrx_word' id='word_1_627' title='bbox 2681 2084 2816 2137; x_wconf 77' lang='lat' dir='ltr'><strong>Audi</strong></span> <span class='ocrx_word' id='word_1_628' title='bbox 2848 2083 3178 2137; x_wconf 77' lang='lat' dir='ltr'><strong>manifestius</strong></span> <span class='ocrx_word' id='word_1_629' title='bbox 3203 2084 3339 2138; x_wconf 85' lang='lat' dir='ltr'><strong>istud</strong></span> <span class='ocrx_word' id='word_1_630' title='bbox 3369 2085 3539 2152; x_wconf 91' lang='lat' dir='ltr'><strong>ipsum</strong></span> <span class='ocrx_word' id='word_1_631' title='bbox 3569 2099 3767 2138; x_wconf 84' lang='lat' dir='ltr'><strong>rursus.</strong></span> <span class='ocrx_word' id='word_1_632' title='bbox 3810 2085 4009 2137; x_wconf 72' lang='lat' dir='ltr'><strong>Vindex</strong></span> 
     </span>
    </p>
   </div>
   <div class='ocr_carea' id='block_1_81' title="bbox 2416 2175 4007 2246">
    <p class='ocr_par' dir='ltr' id='par_1_81' title="bbox 2416 2175 4007 2246">
     <span class='ocr_line' id='line_1_81' title="bbox 2416 2175 4007 2246; baseline -0.002 -16"><span class='ocrx_word' id='word_1_633' title='bbox 2416 2180 2559 2230; x_wconf 87' lang='lat' dir='ltr'><strong>enim</strong></span> <span class='ocrx_word' id='word_1_634' title='bbox 2585 2186 2653 2229; x_wconf 81' lang='lat' dir='ltr'><strong>est</strong></span> <span class='ocrx_word' id='word_1_635' title='bbox 2671 2217 2684 2239; x_wconf 96' lang='lat'><strong>,</strong></span> <span class='ocrx_word' id='word_1_636' title='bbox 2719 2176 2908 2244; x_wconf 89' lang='lat' dir='ltr'><strong>inquit,</strong></span> <span class='ocrx_word' id='word_1_637' title='bbox 2935 2176 2981 2228; x_wconf 85' lang='lat' dir='ltr'><strong>ei</strong></span> <span class='ocrx_word' id='word_1_638' title='bbox 3004 2178 3086 2245; x_wconf 84' lang='lat' dir='ltr'><strong>qui</strong></span> <span class='ocrx_word' id='word_1_639' title='bbox 3113 2178 3305 2228; x_wconf 70' lang='lat' dir='ltr'><strong>attalum</strong></span> <span class='ocrx_word' id='word_1_640' title='bbox 3335 2178 3440 2246; x_wconf 82' lang='lat' dir='ltr'><strong>agit</strong></span> <span class='ocrx_word' id='word_1_641' title='bbox 3468 2175 3676 2245; x_wconf 84' lang='lat' dir='ltr'><strong>(lbid.).</strong></span> <span class='ocrx_word' id='word_1_642' title='bbox 3710 2175 3896 2245; x_wconf 80' lang='lat' dir='ltr'><strong>Neque</strong></span> <span class='ocrx_word' id='word_1_643' title='bbox 3923 2178 4007 2228; x_wconf 73' lang='lat' dir='ltr'><strong>tli-</strong></span> 
     </span>
    </p>
   </div>
   <div class='ocr_carea' id='block_1_82' title="bbox 2417 2268 4009 2338">
    <p class='ocr_par' dir='ltr' id='par_1_82' title="bbox 2417 2268 4009 2338">
     <span class='ocr_line' id='line_1_82' title="bbox 2417 2268 4009 2338; baseline -0.001 -17"><span class='ocrx_word' id='word_1_644' title='bbox 2417 2269 2532 2333; x_wconf 81' lang='lat' dir='ltr'><strong>xit,</strong></span> <span class='ocrx_word' id='word_1_645' title='bbox 2566 2268 2680 2322; x_wconf 82' lang='lat' dir='ltr'><strong>Non</strong></span> <span class='ocrx_word' id='word_1_646' title='bbox 2726 2269 2868 2322; x_wconf 90' lang='lat' dir='ltr'><strong>enim</strong></span> <span class='ocrx_word' id='word_1_647' title='bbox 2919 2271 3034 2322; x_wconf 88' lang='lat' dir='ltr'><strong>sine</strong></span> <span class='ocrx_word' id='word_1_648' title='bbox 3079 2283 3234 2322; x_wconf 87' lang='lat' dir='ltr'><strong>causa</strong></span> <span class='ocrx_word' id='word_1_649' title='bbox 3279 2271 3526 2338; x_wconf 88' lang='lat' dir='ltr'><strong>princeps</strong></span> <span class='ocrx_word' id='word_1_650' title='bbox 3567 2279 3647 2323; x_wconf 65' lang='lat' dir='ltr'><strong>est</strong></span> <span class='ocrx_word' id='word_1_651' title='bbox 3685 2269 3817 2322; x_wconf 86' lang='lat' dir='ltr'><strong>:sed</strong></span> <span class='ocrx_word' id='word_1_652' title='bbox 3844 2269 4009 2337; x_wconf 80' lang='lat' dir='ltr'><strong>quid?</strong></span> 
     </span>
    </p>
   </div>
   <div class='ocr_carea' id='block_1_83' title="bbox 2420 2360 4011 2430">
    <p class='ocr_par' dir='ltr' id='par_1_83' title="bbox 2420 2360 4011 2430">
     <span class='ocr_line' id='line_1_83' title="bbox 2420 2360 4011 2430; baseline 0.001 -17"><span class='ocrx_word' id='word_1_653' title='bbox 2420 2360 2540 2414; x_wconf 78' lang='lat' dir='ltr'><strong>Non</strong></span> <span class='ocrx_word' id='word_1_654' title='bbox 2580 2363 2709 2414; x_wconf 88' lang='lat' dir='ltr'><strong>enim</strong></span> <span class='ocrx_word' id='word_1_655' title='bbox 2749 2363 2856 2414; x_wconf 83' lang='lat' dir='ltr'><strong>sine</strong></span> <span class='ocrx_word' id='word_1_656' title='bbox 2897 2378 3050 2413; x_wconf 73' lang='lat' dir='ltr'><strong>causa</strong></span> <span class='ocrx_word' id='word_1_657' title='bbox 3077 2362 3308 2430; x_wconf 78' lang='lat' dir='ltr'><strong>gladium</strong></span> <span class='ocrx_word' id='word_1_658' title='bbox 3336 2372 3522 2430; x_wconf 80' lang='lat' dir='ltr'><strong>portat.</strong></span> <span class='ocrx_word' id='word_1_659' title='bbox 3553 2364 3831 2415; x_wconf 78' lang='lat' dir='ltr'><strong>Armatum</strong></span> <span class='ocrx_word' id='word_1_660' title='bbox 3869 2363 4011 2430; x_wconf 63' lang='grc' dir='ltr'>ῇικιί-</span> 
     </span>
    </p>
   </div>
   <div class='ocr_carea' id='block_1_84' title="bbox 2417 2453 4008 2522">
    <p class='ocr_par' dir='ltr' id='par_1_84' title="bbox 2417 2453 4008 2522">
     <span class='ocr_line' id='line_1_84' title="bbox 2417 2453 4008 2522; baseline -0.001 -14"><span class='ocrx_word' id='word_1_661' title='bbox 2417 2467 2531 2508; x_wconf 84' lang='lat' dir='ltr'><strong>cem</strong></span> <span class='ocrx_word' id='word_1_662' title='bbox 2567 2453 2656 2507; x_wconf 89' lang='lat' dir='ltr'><strong>tibi</strong></span> <span class='ocrx_word' id='word_1_663' title='bbox 2688 2454 2928 2522; x_wconf 60' lang='lat' dir='ltr'><strong>praefecit</strong></span> <span class='ocrx_word' id='word_1_664' title='bbox 2977 2453 3041 2508; x_wconf 89' lang='lat' dir='ltr'><strong>Ut</strong></span> <span class='ocrx_word' id='word_1_665' title='bbox 3067 2455 3210 2507; x_wconf 89' lang='lat' dir='ltr'><strong>enim</strong></span> <span class='ocrx_word' id='word_1_666' title='bbox 3240 2464 3389 2522; x_wconf 82' lang='lat' dir='ltr'><strong>pater</strong></span> <span class='ocrx_word' id='word_1_667' title='bbox 3421 2455 3650 2506; x_wconf 78' lang='lat' dir='ltr'><strong>ﬁliorum</strong></span> <span class='ocrx_word' id='word_1_668' title='bbox 3675 2470 3888 2517; x_wconf 84' lang='lat' dir='ltr'><strong>atnans,</strong></span> <span class='ocrx_word' id='word_1_669' title='bbox 3921 2455 4008 2507; x_wconf 89' lang='lat' dir='ltr'><strong>ubi</strong></span> 
     </span>
    </p>
   </div>
   <div class='ocr_carea' id='block_1_85' title="bbox 2420 2543 4011 2616">
    <p class='ocr_par' dir='ltr' id='par_1_85' title="bbox 2420 2543 4011 2616">
     <span class='ocr_line' id='line_1_85' title="bbox 2420 2543 4011 2616; baseline 0.001 -19"><span class='ocrx_word' id='word_1_670' title='bbox 2420 2544 2746 2614; x_wconf 87' lang='lat' dir='ltr'><strong>negligenter</strong></span> <span class='ocrx_word' id='word_1_671' title='bbox 2791 2543 2972 2599; x_wconf 89' lang='lat' dir='ltr'><strong>nflicio</strong></span> <span class='ocrx_word' id='word_1_672' title='bbox 3011 2560 3110 2598; x_wconf 87' lang='lat' dir='ltr'><strong>suo</strong></span> <span class='ocrx_word' id='word_1_673' title='bbox 3155 2543 3299 2615; x_wconf 81' lang='lat' dir='ltr'><strong>fungi</strong></span> <span class='ocrx_word' id='word_1_674' title='bbox 3341 2546 3486 2599; x_wconf 88' lang='lat' dir='ltr'><strong>videt</strong></span> <span class='ocrx_word' id='word_1_675' title='bbox 3516 2545 3638 2599; x_wconf 84' lang='lat' dir='ltr'><strong>illos</strong></span> <span class='ocrx_word' id='word_1_676' title='bbox 3662 2587 3677 2610; x_wconf 95' lang='lat'><strong>,</strong></span> <span class='ocrx_word' id='word_1_677' title='bbox 3708 2557 3762 2599; x_wconf 91' lang='lat' dir='ltr'><strong>et</strong></span> <span class='ocrx_word' id='word_1_678' title='bbox 3795 2557 4011 2616; x_wconf 87' lang='lat' dir='ltr'><strong>propter</strong></span> 
     </span>
    </p>
   </div>
   <div class='ocr_carea' id='block_1_86' title="bbox 2422 2638 4011 2707">
    <p class='ocr_par' dir='ltr' id='par_1_86' title="bbox 2422 2638 4011 2707">
     <span class='ocr_line' id='line_1_86' title="bbox 2422 2638 4011 2707; baseline 0.003 -18"><span class='ocrx_word' id='word_1_679' title='bbox 2422 2649 2695 2704; x_wconf 88' lang='lat' dir='ltr'><strong>paternam</strong></span> <span class='ocrx_word' id='word_1_680' title='bbox 2722 2638 3101 2707; x_wconf 89' lang='lat' dir='ltr'><strong>indulgentiam</strong></span> <span class='ocrx_word' id='word_1_681' title='bbox 3131 2653 3189 2692; x_wconf 89' lang='lat' dir='ltr'><strong>se</strong></span> <span class='ocrx_word' id='word_1_682' title='bbox 3216 2641 3285 2692; x_wconf 90' lang='lat' dir='ltr'><strong>ab</strong></span> <span class='ocrx_word' id='word_1_683' title='bbox 3312 2638 3416 2693; x_wconf 88' lang='lat' dir='ltr'><strong>illis</strong></span> <span class='ocrx_word' id='word_1_684' title='bbox 3445 2640 3738 2703; x_wconf 86' lang='lat' dir='ltr'><strong>contemni,</strong></span> <span class='ocrx_word' id='word_1_685' title='bbox 3768 2641 3839 2694; x_wconf 89' lang='lat' dir='ltr'><strong>ob</strong></span> <span class='ocrx_word' id='word_1_686' title='bbox 3860 2656 4011 2694; x_wconf 78' lang='lat' dir='ltr'><strong>suam</strong></span> 
     </span>
    </p>
   </div>
   <div class='ocr_carea' id='block_1_87' title="bbox 2421 2729 4012 2801">
    <p class='ocr_par' dir='ltr' id='par_1_87' title="bbox 2421 2729 4012 2801">
     <span class='ocr_line' id='line_1_87' title="bbox 2421 2729 4012 2801; baseline 0.002 -17"><span class='ocrx_word' id='word_1_687' title='bbox 2421 2729 2711 2785; x_wconf 87' lang='lat' dir='ltr'><strong>bonitatem</strong></span> <span class='ocrx_word' id='word_1_688' title='bbox 2761 2731 3062 2800; x_wconf 57' lang='lat' dir='ltr'><strong>pa‘dagogis</strong></span> <span class='ocrx_word' id='word_1_689' title='bbox 3103 2748 3165 2785; x_wconf 88' lang='lat' dir='ltr'><strong>ac</strong></span> <span class='ocrx_word' id='word_1_690' title='bbox 3207 2731 3625 2801; x_wconf 69' lang='lat' dir='ltr'><strong>pncceptoribus</strong></span> <span class='ocrx_word' id='word_1_691' title='bbox 3681 2733 4012 2787; x_wconf 87' lang='lat' dir='ltr'><strong>terribilibus</strong></span> 
     </span>
    </p>
   </div>
   <div class='ocr_carea' id='block_1_88' title="bbox 2423 2821 4013 2880">
    <p class='ocr_par' dir='ltr' id='par_1_88' title="bbox 2423 2821 4013 2880">
     <span class='ocr_line' id='line_1_88' title="bbox 2423 2821 4013 2880; baseline 0.001 -6"><span class='ocrx_word' id='word_1_692' title='bbox 2423 2821 2540 2876; x_wconf 87' lang='lat' dir='ltr'><strong>illos</strong></span> <span class='ocrx_word' id='word_1_693' title='bbox 2590 2822 2873 2876; x_wconf 86' lang='lat' dir='ltr'><strong>committit</strong></span> <span class='ocrx_word' id='word_1_694' title='bbox 2903 2841 2913 2874; x_wconf 95' lang='lat'><strong>:</strong></span> <span class='ocrx_word' id='word_1_695' title='bbox 2943 2825 3020 2877; x_wconf 90' lang='lat' dir='ltr'><strong>sic</strong></span> <span class='ocrx_word' id='word_1_696' title='bbox 3063 2834 3116 2875; x_wconf 84' lang='lat' dir='ltr'><strong>et</strong></span> <span class='ocrx_word' id='word_1_697' title='bbox 3162 2839 3190 2875; x_wconf 89' lang='lat' dir='ltr'><strong>a</strong></span> <span class='ocrx_word' id='word_1_698' title='bbox 3220 2836 3400 2876; x_wconf 82' lang='lat' dir='ltr'><strong>nostra</strong></span> <span class='ocrx_word' id='word_1_699' title='bbox 3444 2833 3630 2876; x_wconf 88' lang='lat' dir='ltr'><strong>natura</strong></span> <span class='ocrx_word' id='word_1_700' title='bbox 3664 2839 3724 2878; x_wconf 89' lang='lat' dir='ltr'><strong>se</strong></span> <span class='ocrx_word' id='word_1_701' title='bbox 3769 2837 4013 2880; x_wconf 86' lang='lat' dir='ltr'><strong>contem-</strong></span> 
     </span>
    </p>
   </div>
   <div class='ocr_carea' id='block_1_89' title="bbox 2423 2915 4015 2987">
    <p class='ocr_par' dir='ltr' id='par_1_89' title="bbox 2423 2915 4015 2987">
     <span class='ocr_line' id='line_1_89' title="bbox 2423 2915 4015 2987; baseline 0.004 -22"><span class='ocrx_word' id='word_1_702' title='bbox 2423 2924 2569 2983; x_wconf 88' lang='lat' dir='ltr'><strong>ptnm</strong></span> <span class='ocrx_word' id='word_1_703' title='bbox 2613 2916 2841 2968; x_wconf 81' lang='lat' dir='ltr'><strong>cernens</strong></span> <span class='ocrx_word' id='word_1_704' title='bbox 2887 2915 3067 2981; x_wconf 84' lang='lat' dir='ltr'><strong>Deus,</strong></span> <span class='ocrx_word' id='word_1_705' title='bbox 3101 2916 3171 2969; x_wconf 86' lang='lat' dir='ltr'><strong>ob</strong></span> <span class='ocrx_word' id='word_1_706' title='bbox 3200 2932 3349 2970; x_wconf 87' lang='lat' dir='ltr'><strong>suam</strong></span> <span class='ocrx_word' id='word_1_707' title='bbox 3400 2919 3691 2971; x_wconf 80' lang='lat' dir='ltr'><strong>bonitatem</strong></span> <span class='ocrx_word' id='word_1_708' title='bbox 3745 2930 4015 2987; x_wconf 84' lang='lat' dir='ltr'><strong>tamquam</strong></span> 
     </span>
    </p>
   </div>
   <div class='ocr_carea' id='block_1_90' title="bbox 2424 3005 4013 3078">
    <p class='ocr_par' dir='ltr' id='par_1_90' title="bbox 2424 3005 4013 3078">
     <span class='ocr_line' id='line_1_90' title="bbox 2424 3005 4013 3078; baseline 0.003 -20"><span class='ocrx_word' id='word_1_709' title='bbox 2424 3005 2689 3074; x_wconf 87' lang='lat' dir='ltr'><strong>magistris</strong></span> <span class='ocrx_word' id='word_1_710' title='bbox 2719 3019 2779 3058; x_wconf 89' lang='lat' dir='ltr'><strong>ac</strong></span> <span class='ocrx_word' id='word_1_711' title='bbox 2808 3007 3112 3076; x_wconf 68' lang='lat' dir='ltr'><strong>paedagogis</strong></span> <span class='ocrx_word' id='word_1_712' title='bbox 3151 3006 3468 3075; x_wconf 73' lang='lat' dir='ltr'><strong>quilundam</strong></span> <span class='ocrx_word' id='word_1_713' title='bbox 3509 3008 3841 3078; x_wconf 87' lang='lat' dir='ltr'><strong>principibus</strong></span> <span class='ocrx_word' id='word_1_714' title='bbox 3874 3009 4013 3064; x_wconf 71' lang='lat' dir='ltr'><strong>illam</strong></span> 
     </span>
    </p>
   </div>
   <div class='ocr_carea' id='block_1_91' title="bbox 2427 3098 4012 3168">
    <p class='ocr_par' dir='ltr' id='par_1_91' title="bbox 2427 3098 4012 3168">
     <span class='ocr_line' id='line_1_91' title="bbox 2427 3098 4012 3168; baseline 0.003 -18"><span class='ocrx_word' id='word_1_715' title='bbox 2427 3099 2642 3151; x_wconf 84' lang='lat' dir='ltr'><strong>tradidit</strong></span> <span class='ocrx_word' id='word_1_716' title='bbox 2670 3139 2683 3159; x_wconf 89' lang='lat'><strong>,</strong></span> <span class='ocrx_word' id='word_1_717' title='bbox 2720 3109 2776 3151; x_wconf 94' lang='lat' dir='ltr'><strong>ut</strong></span> <span class='ocrx_word' id='word_1_718' title='bbox 2825 3099 3202 3168; x_wconf 84' lang='lat' dir='ltr'><strong>negligentiam</strong></span> <span class='ocrx_word' id='word_1_719' title='bbox 3240 3098 3359 3168; x_wconf 84' lang='lat' dir='ltr'><strong>ejus</strong></span> <span class='ocrx_word' id='word_1_720' title='bbox 3403 3100 3756 3168; x_wconf 87' lang='lat' dir='ltr'><strong>corrigerent.</strong></span> <span class='ocrx_word' id='word_1_721' title='bbox 3806 3099 3916 3155; x_wconf 85' lang='lat' dir='ltr'><strong>Sed</strong></span> <span class='ocrx_word' id='word_1_722' title='bbox 3966 3101 4012 3155; x_wconf 88' lang='lat' dir='ltr'><strong>si</strong></span> 
     </span>
    </p>
   </div>
   <div class='ocr_carea' id='block_1_92' title="bbox 2426 3191 4015 3263">
    <p class='ocr_par' dir='ltr' id='par_1_92' title="bbox 2426 3191 4015 3263">
     <span class='ocr_line' id='line_1_92' title="bbox 2426 3191 4015 3263; baseline 0.003 -21"><span class='ocrx_word' id='word_1_723' title='bbox 2426 3191 2582 3245; x_wconf 88' lang='lat' dir='ltr'><strong>vultis</strong></span> <span class='ocrx_word' id='word_1_724' title='bbox 2607 3233 2620 3253; x_wconf 88' lang='lat'><em>.</em></span> <span class='ocrx_word' id='word_1_725' title='bbox 2646 3209 2709 3245; x_wconf 81' lang='lat' dir='ltr'><strong>ex</strong></span> <span class='ocrx_word' id='word_1_726' title='bbox 2739 3193 2903 3246; x_wconf 87' lang='lat' dir='ltr'><strong>veteri</strong></span> <span class='ocrx_word' id='word_1_727' title='bbox 2932 3191 3278 3248; x_wconf 82' lang='lat' dir='ltr'><strong>Testamento</strong></span> <span class='ocrx_word' id='word_1_728' title='bbox 3301 3192 3428 3248; x_wconf 89' lang='lat' dir='ltr'><strong>illud</strong></span> <span class='ocrx_word' id='word_1_729' title='bbox 3459 3203 3767 3263; x_wconf 72' lang='lat' dir='ltr'><strong>Spectamus</strong></span> <span class='ocrx_word' id='word_1_730' title='bbox 3786 3235 3800 3257; x_wconf 88' lang='lat'><strong>,</strong></span> <span class='ocrx_word' id='word_1_731' title='bbox 3827 3195 3898 3249; x_wconf 91' lang='lat' dir='ltr'><strong>ob</strong></span> <span class='ocrx_word' id='word_1_732' title='bbox 3923 3209 4015 3247; x_wconf 83' lang='lat' dir='ltr'><strong>uo-</strong></span> 
     </span>
    </p>
   </div>
   <div class='ocr_carea' id='block_1_93' title="bbox 2425 3285 4011 3354">
    <p class='ocr_par' dir='ltr' id='par_1_93' title="bbox 2425 3285 4011 3354">
     <span class='ocr_line' id='line_1_93' title="bbox 2425 3285 4011 3354; baseline 0.002 -18"><span class='ocrx_word' id='word_1_733' title='bbox 2425 3296 2588 3337; x_wconf 82' lang='lat' dir='ltr'><strong>5tram</strong></span> <span class='ocrx_word' id='word_1_734' title='bbox 2640 3285 2888 3338; x_wconf 89' lang='lat' dir='ltr'><strong>nimirum</strong></span> <span class='ocrx_word' id='word_1_735' title='bbox 2939 3285 3251 3353; x_wconf 84' lang='lat' dir='ltr'><strong>pravitatem</strong></span> <span class='ocrx_word' id='word_1_736' title='bbox 3283 3285 3384 3339; x_wconf 90' lang='lat' dir='ltr'><strong>boc</strong></span> <span class='ocrx_word' id='word_1_737' title='bbox 3430 3300 3564 3354; x_wconf 83' lang='lat' dir='ltr'><strong>Opus</strong></span> <span class='ocrx_word' id='word_1_738' title='bbox 3609 3285 3775 3340; x_wconf 84' lang='lat' dir='ltr'><strong>fuisse</strong></span> <span class='ocrx_word' id='word_1_739' title='bbox 3814 3288 4011 3354; x_wconf 84' lang='lat' dir='ltr'><strong>princi-</strong></span> 
     </span>
    </p>
   </div>
   <div class='ocr_carea' id='block_1_94' title="bbox 2429 3376 4016 3445">
    <p class='ocr_par' dir='ltr' id='par_1_94' title="bbox 2429 3376 4016 3445">
     <span class='ocr_line' id='line_1_94' title="bbox 2429 3376 4016 3445; baseline 0.003 -19"><span class='ocrx_word' id='word_1_740' title='bbox 2429 3389 2570 3444; x_wconf 80' lang='lat' dir='ltr'><strong>patu.</strong></span> <span class='ocrx_word' id='word_1_741' title='bbox 2603 3376 2833 3444; x_wconf 84' lang='lat' dir='ltr'><strong>Propter</strong></span> <span class='ocrx_word' id='word_1_742' title='bbox 2865 3377 3074 3445; x_wconf 88' lang='lat' dir='ltr'><strong>iniquos</strong></span> <span class='ocrx_word' id='word_1_743' title='bbox 3100 3376 3361 3444; x_wconf 85' lang='lat' dir='ltr'><strong>quispiam</strong></span> <span class='ocrx_word' id='word_1_744' title='bbox 3391 3379 3648 3445; x_wconf 75' lang='lat' dir='ltr'><strong>propheta</strong></span> <span class='ocrx_word' id='word_1_745' title='bbox 3687 3392 4016 3433; x_wconf 87' lang='lat' dir='ltr'><strong>succensens</strong></span> 
     </span>
    </p>
   </div>
   <div class='ocr_carea' id='block_1_95' title="bbox 2427 3468 4014 3545">
    <p class='ocr_par' dir='ltr' id='par_1_95' title="bbox 2427 3468 4014 3545">
     <span class='ocr_line' id='line_1_95' title="bbox 2427 3468 4014 3545; baseline -0.003 -21"><span class='ocrx_word' id='word_1_746' title='bbox 2427 3471 2510 3524; x_wconf 88' lang='lat' dir='ltr'><strong>bis</strong></span> <span class='ocrx_word' id='word_1_747' title='bbox 2539 3470 2714 3524; x_wconf 72' lang='lat' dir='ltr'><strong>verbis</strong></span> <span class='ocrx_word' id='word_1_748' title='bbox 2745 3472 2910 3524; x_wconf 88' lang='lat' dir='ltr'><strong>utitur</strong></span> <span class='ocrx_word' id='word_1_749' title='bbox 2934 3487 2946 3521; x_wconf 92' lang='lat'>:</span> <span class='ocrx_word' id='word_1_750' title='bbox 2976 3468 3186 3522; x_wconf 84' lang='lat' dir='ltr'><strong>Tacebis</strong></span> <span class='ocrx_word' id='word_1_751' title='bbox 3213 3470 3333 3522; x_wconf 84' lang='lat' dir='ltr'><strong>dum</strong></span> <span class='ocrx_word' id='word_1_752' title='bbox 3362 3470 3546 3536; x_wconf 86' lang='lat' dir='ltr'><strong>impius</strong></span> <span class='ocrx_word' id='word_1_753' title='bbox 3571 3472 3778 3524; x_wconf 80' lang='lat' dir='ltr'><strong>devorat</strong></span> <span class='ocrx_word' id='word_1_754' title='bbox 3794 3474 4014 3545; x_wconf 74' lang='lat' dir='ltr'><strong>justum,</strong></span> 
     </span>
    </p>
   </div>
   <div class='ocr_carea' id='block_1_96' title="bbox 2425 3563 4016 3634">
    <p class='ocr_par' dir='ltr' id='par_1_96' title="bbox 2425 3563 4016 3634">
     <span class='ocr_line' id='line_1_96' title="bbox 2425 3563 4016 3634; baseline -0.002 -17"><span class='ocrx_word' id='word_1_755' title='bbox 2425 3575 2469 3617; x_wconf 89' lang='lat' dir='ltr'><strong>ct</strong></span> <span class='ocrx_word' id='word_1_756' title='bbox 2499 3565 2652 3634; x_wconf 78' lang='lat' dir='ltr'><strong>facies</strong></span> <span class='ocrx_word' id='word_1_757' title='bbox 2679 3565 2699 3593; x_wconf 79' lang='lat'><strong>’</strong></span> <span class='ocrx_word' id='word_1_758' title='bbox 2723 3565 2948 3616; x_wconf 80' lang='lat' dir='ltr'><strong>homines</strong></span> <span class='ocrx_word' id='word_1_759' title='bbox 2981 3563 3125 3632; x_wconf 75' lang='lat' dir='ltr'><strong>quasi</strong></span> <span class='ocrx_word' id='word_1_760' title='bbox 3156 3563 3315 3630; x_wconf 84' lang='lat' dir='ltr'><strong>pisces</strong></span> <span class='ocrx_word' id='word_1_761' title='bbox 3358 3563 3530 3623; x_wconf 87' lang='lat' dir='ltr'><strong>maris,</strong></span> <span class='ocrx_word' id='word_1_762' title='bbox 3564 3572 3611 3614; x_wconf 89' lang='lat' dir='ltr'><strong>et</strong></span> <span class='ocrx_word' id='word_1_763' title='bbox 3640 3564 3786 3631; x_wconf 78' lang='lat' dir='ltr'><strong>quasi</strong></span> <span class='ocrx_word' id='word_1_764' title='bbox 3815 3565 4016 3631; x_wconf 81' lang='lat' dir='ltr'><strong>reptilia</strong></span> 
     </span>
    </p>
   </div>
   <div class='ocr_carea' id='block_1_97' title="bbox 2429 3653 4016 3723">
    <p class='ocr_par' dir='ltr' id='par_1_97' title="bbox 2429 3653 4016 3723">
     <span class='ocr_line' id='line_1_97' title="bbox 2429 3653 4016 3723; baseline 0.001 -17"><span class='ocrx_word' id='word_1_765' title='bbox 2429 3675 2525 3710; x_wconf 86' lang='lat' dir='ltr'><strong>nou</strong></span> <span class='ocrx_word' id='word_1_766' title='bbox 2550 3657 2782 3709; x_wconf 75' lang='lat' dir='ltr'><strong>(rubentia</strong></span> <span class='ocrx_word' id='word_1_767' title='bbox 2805 3657 2980 3708; x_wconf 81' lang='lat' dir='ltr'><strong>ducem</strong></span> <span class='ocrx_word' id='word_1_768' title='bbox 3009 3653 3233 3722; x_wconf 80' lang='lat' dir='ltr'><strong>(Habac.</strong></span> <span class='ocrx_word' id='word_1_769' title='bbox 3259 3656 3310 3708; x_wconf 80' lang='grc'><strong>1.</strong></span> <span class='ocrx_word' id='word_1_770' title='bbox 3341 3654 3424 3706; x_wconf 76' lang='grc'><strong>15.</strong></span> <span class='ocrx_word' id='word_1_771' title='bbox 3455 3653 3580 3723; x_wconf 70' lang='lat' dir='ltr'><strong>ll)?</strong></span> <span class='ocrx_word' id='word_1_772' title='bbox 3611 3654 3750 3720; x_wconf 73' lang='lat' dir='ltr'><strong>Ergo</strong></span> <span class='ocrx_word' id='word_1_773' title='bbox 3778 3655 4016 3709; x_wconf 71' lang='lat' dir='ltr'><strong>idcodux</strong></span> 
     </span>
    </p>
   </div>
   <div class='ocr_carea' id='block_1_98' title="bbox 2428 3737 4020 3815">
    <p class='ocr_par' dir='ltr' id='par_1_98' title="bbox 2428 3737 4020 3815">
     <span class='ocr_line' id='line_1_98' title="bbox 2428 3737 4020 3815; baseline 0 -13"><span class='ocrx_word' id='word_1_774' title='bbox 2428 3761 2510 3802; x_wconf 72' lang='grc' dir='ltr'><strong>εει</strong></span> <span class='ocrx_word' id='word_1_775' title='bbox 2537 3791 2548 3810; x_wconf 87' lang='grc'><em>,</em></span> <span class='ocrx_word' id='word_1_776' title='bbox 2581 3763 2648 3803; x_wconf 89' lang='lat' dir='ltr'><strong>ne</strong></span> <span class='ocrx_word' id='word_1_777' title='bbox 2694 3759 2960 3815; x_wconf 85' lang='lat' dir='ltr'><strong>tamquam</strong></span> <span class='ocrx_word' id='word_1_778' title='bbox 3005 3747 3212 3814; x_wconf 88' lang='lat' dir='ltr'><strong>reptilia</strong></span> <span class='ocrx_word' id='word_1_779' title='bbox 3243 3737 3408 3799; x_wconf 80' lang='lat' dir='ltr'><strong>simth</strong></span> <span class='ocrx_word' id='word_1_780' title='bbox 3433 3763 3446 3798; x_wconf 91' lang='lat'>:</span> <span class='ocrx_word' id='word_1_781' title='bbox 3474 3746 3595 3799; x_wconf 87' lang='lat' dir='ltr'><strong>ideo</strong></span> <span class='ocrx_word' id='word_1_782' title='bbox 3624 3748 3878 3814; x_wconf 85' lang='lat' dir='ltr'><strong>princeps</strong></span> <span class='ocrx_word' id='word_1_783' title='bbox 3902 3790 3917 3812; x_wconf 89' lang='lat'><strong>,</strong></span> <span class='ocrx_word' id='word_1_784' title='bbox 3953 3763 4020 3802; x_wconf 88' lang='lat' dir='ltr'><strong>ne</strong></span> 
     </span>
    </p>
   </div>
   <div class='ocr_carea' id='block_1_99' title="bbox 2432 3835 4020 3909">
    <p class='ocr_par' dir='ltr' id='par_1_99' title="bbox 2432 3835 4020 3909">
     <span class='ocr_line' id='line_1_99' title="bbox 2432 3835 4020 3909; baseline -0.001 -16"><span class='ocrx_word' id='word_1_785' title='bbox 2432 3851 2695 3909; x_wconf 90' lang='lat' dir='ltr'><strong>tamquam</strong></span> <span class='ocrx_word' id='word_1_786' title='bbox 2748 3841 2918 3908; x_wconf 83' lang='lat' dir='ltr'><strong>pisces</strong></span> <span class='ocrx_word' id='word_1_787' title='bbox 2948 3839 2968 3869; x_wconf 85' lang='grc'>³</span> <span class='ocrx_word' id='word_1_788' title='bbox 2996 3853 3094 3892; x_wconf 92' lang='lat' dir='ltr'><strong>nos</strong></span> <span class='ocrx_word' id='word_1_789' title='bbox 3141 3837 3368 3892; x_wconf 81' lang='lat' dir='ltr'><strong>invicem</strong></span> <span class='ocrx_word' id='word_1_790' title='bbox 3418 3835 3765 3891; x_wconf 89' lang='lat' dir='ltr'><strong>devoremus.</strong></span> <span class='ocrx_word' id='word_1_791' title='bbox 3799 3837 3934 3892; x_wconf 76' lang='lat' dir='ltr'><strong>Nam</strong></span> <span class='ocrx_word' id='word_1_792' title='bbox 3967 3849 4020 3891; x_wconf 83' lang='grc' dir='ltr'><strong>ιιι</strong></span> 
     </span>
    </p>
   </div>
   <div class='ocr_carea' id='block_1_100' title="bbox 2431 3930 4022 4000">
    <p class='ocr_par' dir='ltr' id='par_1_100' title="bbox 2431 3930 4022 4000">
     <span class='ocr_line' id='line_1_100' title="bbox 2431 3930 4022 4000; baseline 0.001 -18"><span class='ocrx_word' id='word_1_793' title='bbox 2431 3941 2647 4000; x_wconf 87' lang='lat' dir='ltr'><strong>propter</strong></span> <span class='ocrx_word' id='word_1_794' title='bbox 2691 3931 2910 3985; x_wconf 85' lang='lat' dir='ltr'><strong>morbos</strong></span> <span class='ocrx_word' id='word_1_795' title='bbox 2951 3930 3340 3985; x_wconf 85' lang='lat' dir='ltr'><strong>medicamenta</strong></span> <span class='ocrx_word' id='word_1_796' title='bbox 3371 3940 3494 3983; x_wconf 86' lang='lat' dir='ltr'><strong>sunt</strong></span> <span class='ocrx_word' id='word_1_797' title='bbox 3516 3930 3636 3984; x_wconf 91' lang='lat' dir='ltr'><strong>data</strong></span> <span class='ocrx_word' id='word_1_798' title='bbox 3655 3971 3671 3995; x_wconf 94' lang='lat'><strong>,</strong></span> <span class='ocrx_word' id='word_1_799' title='bbox 3700 3931 3778 3984; x_wconf 89' lang='lat' dir='ltr'><strong>sic</strong></span> <span class='ocrx_word' id='word_1_800' title='bbox 3800 3941 4022 3998; x_wconf 73' lang='lat' dir='ltr'><strong>prepter</strong></span> 
     </span>
    </p>
   </div>
   <div class='ocr_carea' id='block_1_101' title="bbox 2428 4021 4021 4091">
    <p class='ocr_par' dir='ltr' id='par_1_101' title="bbox 2428 4021 4021 4091">
     <span class='ocr_line' id='line_1_101' title="bbox 2428 4021 4021 4091; baseline -0.003 -16"><span class='ocrx_word' id='word_1_801' title='bbox 2428 4023 2644 4087; x_wconf 89' lang='lat' dir='ltr'><strong>delicta,</strong></span> <span class='ocrx_word' id='word_1_802' title='bbox 2675 4022 2954 4091; x_wconf 89' lang='lat' dir='ltr'><strong>supplicia.</strong></span> <span class='ocrx_word' id='word_1_803' title='bbox 2984 4022 3246 4087; x_wconf 87' lang='lat' dir='ltr'><strong>Quoniam</strong></span> <span class='ocrx_word' id='word_1_804' title='bbox 3287 4021 3430 4074; x_wconf 89' lang='lat' dir='ltr'><strong>enim</strong></span> <span class='ocrx_word' id='word_1_805' title='bbox 3459 4022 3503 4073; x_wconf 92' lang='lat' dir='ltr'><strong>is</strong></span> <span class='ocrx_word' id='word_1_806' title='bbox 3531 4022 3619 4089; x_wconf 89' lang='lat' dir='ltr'><strong>qui</strong></span> <span class='ocrx_word' id='word_1_807' title='bbox 3648 4022 3847 4075; x_wconf 87' lang='lat' dir='ltr'><strong>virtute</strong></span> <span class='ocrx_word' id='word_1_808' title='bbox 3883 4037 4021 4090; x_wconf 45' lang='lat' dir='ltr'><strong>pra.-</strong></span> 
     </span>
    </p>
   </div>
   <div class='ocr_carea' id='block_1_102' title="bbox 2429 4111 4022 4183">
    <p class='ocr_par' dir='ltr' id='par_1_102' title="bbox 2429 4111 4022 4183">
     <span class='ocr_line' id='line_1_102' title="bbox 2429 4111 4022 4183; baseline -0.002 -16"><span class='ocrx_word' id='word_1_809' title='bbox 2429 4115 2570 4167; x_wconf 78' lang='lat' dir='ltr'><strong>tlitus</strong></span> <span class='ocrx_word' id='word_1_810' title='bbox 2602 4115 2758 4177; x_wconf 89' lang='lat' dir='ltr'><strong>vivit,</strong></span> <span class='ocrx_word' id='word_1_811' title='bbox 2785 4114 3048 4182; x_wconf 84' lang='lat' dir='ltr'><strong>ejusmodi</strong></span> <span class='ocrx_word' id='word_1_812' title='bbox 3088 4111 3406 4183; x_wconf 62' lang='lat' dir='ltr'><strong>praefectura</strong></span> <span class='ocrx_word' id='word_1_813' title='bbox 3463 4127 3568 4166; x_wconf 92' lang='lat' dir='ltr'><strong>non</strong></span> <span class='ocrx_word' id='word_1_814' title='bbox 3615 4112 3850 4180; x_wconf 63' lang='lat' dir='ltr'><strong>indiget,</strong></span> <span class='ocrx_word' id='word_1_815' title='bbox 3897 4113 4022 4165; x_wconf 87' lang='lat' dir='ltr'><strong>audi</strong></span> 
     </span>
    </p>
   </div>
   <div class='ocr_carea' id='block_1_103' title="bbox 2429 4206 4022 4276">
    <p class='ocr_par' dir='ltr' id='par_1_103' title="bbox 2429 4206 4022 4276">
     <span class='ocr_line' id='line_1_103' title="bbox 2429 4206 4022 4276; baseline -0.002 -17"><span class='ocrx_word' id='word_1_816' title='bbox 2429 4208 2552 4276; x_wconf 87' lang='lat' dir='ltr'><strong>quid</strong></span> <span class='ocrx_word' id='word_1_817' title='bbox 2596 4208 2740 4260; x_wconf 84' lang='lat' dir='ltr'><strong>dicat</strong></span> <span class='ocrx_word' id='word_1_818' title='bbox 2762 4206 2957 4260; x_wconf 85' lang='lat' dir='ltr'><strong>Paulus</strong></span> <span class='ocrx_word' id='word_1_819' title='bbox 2988 4225 3000 4260; x_wconf 92' lang='lat'><strong>:</strong></span> <span class='ocrx_word' id='word_1_820' title='bbox 3025 4207 3120 4260; x_wconf 82' lang='lat' dir='ltr'><strong>Sin</strong></span> <span class='ocrx_word' id='word_1_821' title='bbox 3150 4216 3319 4258; x_wconf 86' lang='lat' dir='ltr'><strong>autem</strong></span> <span class='ocrx_word' id='word_1_822' title='bbox 3349 4207 3423 4258; x_wconf 75' lang='lat' dir='ltr'><strong>vis</strong></span> <span class='ocrx_word' id='word_1_823' title='bbox 3451 4223 3551 4258; x_wconf 80' lang='lat' dir='ltr'><strong>non</strong></span> <span class='ocrx_word' id='word_1_824' title='bbox 3595 4206 3770 4258; x_wconf 81' lang='lat' dir='ltr'><strong>timere</strong></span> <span class='ocrx_word' id='word_1_825' title='bbox 3793 4217 4022 4274; x_wconf 69' lang='lat' dir='ltr'><strong>potestn-</strong></span> 
     </span>
    </p>
   </div>
   <div class='ocr_carea' id='block_1_104' title="bbox 2431 4297 4018 4366">
    <p class='ocr_par' dir='ltr' id='par_1_104' title="bbox 2431 4297 4018 4366">
     <span class='ocr_line' id='line_1_104' title="bbox 2431 4297 4018 4366; baseline -0.003 -15"><span class='ocrx_word' id='word_1_826' title='bbox 2431 4313 2527 4351; x_wconf 77' lang='lat' dir='ltr'><strong>tem</strong></span> <span class='ocrx_word' id='word_1_827' title='bbox 2556 4342 2568 4360; x_wconf 84' lang='lat'><strong>,</strong></span> <span class='ocrx_word' id='word_1_828' title='bbox 2616 4301 2802 4353; x_wconf 86' lang='lat' dir='ltr'><strong>bonum</strong></span> <span class='ocrx_word' id='word_1_829' title='bbox 2845 4299 2928 4366; x_wconf 82' lang='lat' dir='ltr'><strong>{ac</strong></span> <span class='ocrx_word' id='word_1_830' title='bbox 2956 4338 2970 4360; x_wconf 97' lang='lat'><strong>,</strong></span> <span class='ocrx_word' id='word_1_831' title='bbox 3004 4306 3049 4350; x_wconf 85' lang='lat' dir='ltr'><strong>et</strong></span> <span class='ocrx_word' id='word_1_832' title='bbox 3099 4299 3302 4350; x_wconf 78' lang='lat' dir='ltr'><strong>habebis</strong></span> <span class='ocrx_word' id='word_1_833' title='bbox 3340 4299 3540 4350; x_wconf 80' lang='lat' dir='ltr'><strong>laudent</strong></span> <span class='ocrx_word' id='word_1_834' title='bbox 3587 4314 3649 4351; x_wconf 75' lang='lat' dir='ltr'><strong>ea:</strong></span> <span class='ocrx_word' id='word_1_835' title='bbox 3690 4298 3778 4350; x_wconf 85' lang='lat' dir='ltr'><strong>illa</strong></span> <span class='ocrx_word' id='word_1_836' title='bbox 3838 4297 4018 4357; x_wconf 69' lang='lat' dir='ltr'><strong>(Rom.</strong></span> 
     </span>
    </p>
   </div>
   <div class='ocr_carea' id='block_1_105' title="bbox 2433 4387 4026 4458">
    <p class='ocr_par' dir='ltr' id='par_1_105' title="bbox 2433 4387 4026 4458">
     <span class='ocr_line' id='line_1_105' title="bbox 2433 4387 4026 4458; baseline -0.003 -14"><span class='ocrx_word' id='word_1_837' title='bbox 2433 4393 2516 4444; x_wconf 77' lang='lat'><strong>1&#39;5.</strong></span> <span class='ocrx_word' id='word_1_838' title='bbox 2543 4392 2616 4457; x_wconf 82' lang='grc'><strong>5).</strong></span> <span class='ocrx_word' id='word_1_839' title='bbox 2651 4388 2930 4458; x_wconf 82' lang='lat' dir='ltr'><strong>Spectator</strong></span> <span class='ocrx_word' id='word_1_840' title='bbox 2960 4401 3080 4442; x_wconf 91' lang='lat' dir='ltr'><strong>tuus</strong></span> <span class='ocrx_word' id='word_1_841' title='bbox 3103 4430 3116 4450; x_wconf 90' lang='lat'><strong>,</strong></span> <span class='ocrx_word' id='word_1_842' title='bbox 3139 4388 3328 4458; x_wconf 87' lang='lat' dir='ltr'><strong>inquit,</strong></span> <span class='ocrx_word' id='word_1_843' title='bbox 3362 4402 3443 4442; x_wconf 80' lang='grc' dir='ltr'><strong>εει</strong></span> <span class='ocrx_word' id='word_1_844' title='bbox 3470 4387 3653 4456; x_wconf 84' lang='lat' dir='ltr'><strong>judex.</strong></span> <span class='ocrx_word' id='word_1_845' title='bbox 3683 4389 3740 4442; x_wconf 86' lang='lat' dir='ltr'><strong>Si</strong></span> <span class='ocrx_word' id='word_1_846' title='bbox 3771 4400 3918 4442; x_wconf 61' lang='lat' dir='ltr'><strong>recte</strong></span> <span class='ocrx_word' id='word_1_847' title='bbox 3954 4390 4026 4439; x_wconf 86' lang='lat' dir='ltr'><strong>vi-</strong></span> 
     </span>
    </p>
   </div>
   <div class='ocr_carea' id='block_1_106' title="bbox 2432 4478 4024 4550">
    <p class='ocr_par' dir='ltr' id='par_1_106' title="bbox 2432 4478 4024 4550">
     <span class='ocr_line' id='line_1_106' title="bbox 2432 4478 4024 4550; baseline -0.001 -18"><span class='ocrx_word' id='word_1_848' title='bbox 2432 4499 2524 4535; x_wconf 75' lang='lat' dir='ltr'><strong>vas</strong></span> <span class='ocrx_word' id='word_1_849' title='bbox 2548 4525 2561 4546; x_wconf 93' lang='lat'><strong>,</strong></span> <span class='ocrx_word' id='word_1_850' title='bbox 2595 4499 2697 4535; x_wconf 90' lang='lat' dir='ltr'><strong>non</strong></span> <span class='ocrx_word' id='word_1_851' title='bbox 2742 4491 3010 4550; x_wconf 83' lang='lat' dir='ltr'><strong>spectator</strong></span> <span class='ocrx_word' id='word_1_852' title='bbox 3033 4480 3204 4534; x_wconf 89' lang='lat' dir='ltr'><strong>solum</strong></span> <span class='ocrx_word' id='word_1_853' title='bbox 3228 4521 3240 4542; x_wconf 95' lang='lat'><strong>,</strong></span> <span class='ocrx_word' id='word_1_854' title='bbox 3275 4479 3368 4533; x_wconf 90' lang='lat' dir='ltr'><strong>sed</strong></span> <span class='ocrx_word' id='word_1_855' title='bbox 3409 4480 3570 4534; x_wconf 89' lang='lat' dir='ltr'><strong>etiam</strong></span> <span class='ocrx_word' id='word_1_856' title='bbox 3621 4478 3887 4532; x_wconf 86' lang='lat' dir='ltr'><strong>laudator.</strong></span> <span class='ocrx_word' id='word_1_857' title='bbox 3919 4479 4024 4533; x_wconf 84' lang='lat' dir='ltr'><strong>Sed</strong></span> 
     </span>
    </p>
   </div>
   <div class='ocr_carea' id='block_1_107' title="bbox 2431 4571 4022 4645">
    <p class='ocr_par' dir='ltr' id='par_1_107' title="bbox 2431 4571 4022 4645">
     <span class='ocr_line' id='line_1_107' title="bbox 2431 4571 4022 4645; baseline 0 -19"><span class='ocrx_word' id='word_1_858' title='bbox 2431 4577 2553 4644; x_wconf 82' lang='lat' dir='ltr'><strong>quid</strong></span> <span class='ocrx_word' id='word_1_859' title='bbox 2600 4592 2698 4645; x_wconf 83' lang='lat' dir='ltr'><strong>cgo</strong></span> <span class='ocrx_word' id='word_1_860' title='bbox 2741 4575 2807 4628; x_wconf 89' lang='lat' dir='ltr'><strong>de</strong></span> <span class='ocrx_word' id='word_1_861' title='bbox 2858 4574 3155 4643; x_wconf 87' lang='lat' dir='ltr'><strong>principum</strong></span> <span class='ocrx_word' id='word_1_862' title='bbox 3204 4571 3396 4642; x_wconf 86' lang='lat' dir='ltr'><strong>loquor</strong></span> <span class='ocrx_word' id='word_1_863' title='bbox 3422 4573 3742 4626; x_wconf 89' lang='lat' dir='ltr'><strong>necessitate</strong></span> <span class='ocrx_word' id='word_1_864' title='bbox 3765 4611 3779 4633; x_wconf 93' lang='lat'><strong>,</strong></span> <span class='ocrx_word' id='word_1_865' title='bbox 3806 4587 3936 4625; x_wconf 89' lang='lat' dir='ltr'><strong>cum</strong></span> <span class='ocrx_word' id='word_1_866' title='bbox 3967 4584 4022 4626; x_wconf 90' lang='lat' dir='ltr'><strong>ct</strong></span> 
     </span>
    </p>
   </div>
   <div class='ocr_carea' id='block_1_108' title="bbox 2431 4649 4028 4734">
    <p class='ocr_par' dir='ltr' id='par_1_108' title="bbox 2431 4649 4028 4734">
     <span class='ocr_line' id='line_1_108' title="bbox 2431 4649 4028 4734; baseline -0.003 -14"><span class='ocrx_word' id='word_1_867' title='bbox 2431 4670 2550 4721; x_wconf 83' lang='lat' dir='ltr'><strong>aliis</strong></span> <span class='ocrx_word' id='word_1_868' title='bbox 2593 4669 2759 4721; x_wconf 90' lang='lat' dir='ltr'><strong>multo</strong></span> <span class='ocrx_word' id='word_1_869' title='bbox 2791 4649 3082 4734; x_wconf 82' lang='lat' dir='ltr'><strong>majoribus</strong></span> <span class='ocrx_word' id='word_1_870' title='bbox 3111 4663 3456 4719; x_wconf 86' lang='lat' dir='ltr'><strong>sublitniores</strong></span> <span class='ocrx_word' id='word_1_871' title='bbox 3499 4665 3607 4718; x_wconf 88' lang='lat' dir='ltr'><strong>sint</strong></span> <span class='ocrx_word' id='word_1_872' title='bbox 3647 4663 3736 4734; x_wconf 88' lang='lat' dir='ltr'><strong>qui</strong></span> <span class='ocrx_word' id='word_1_873' title='bbox 3783 4665 4028 4733; x_wconf 79' lang='lat' dir='ltr'><strong>philosn.</strong></span> 
     </span>
    </p>
   </div>
   <div class='ocr_carea' id='block_1_109' title="bbox 2435 4756 4026 4831">
    <p class='ocr_par' dir='ltr' id='par_1_109' title="bbox 2435 4756 4026 4831">
     <span class='ocr_line' id='line_1_109' title="bbox 2435 4756 4026 4831; baseline 0 -19"><span class='ocrx_word' id='word_1_874' title='bbox 2435 4763 2610 4831; x_wconf 80' lang='lat' dir='ltr'><strong>phiam</strong></span> <span class='ocrx_word' id='word_1_875' title='bbox 2640 4760 2849 4815; x_wconf 80' lang='lat' dir='ltr'><strong>culunt?</strong></span> <span class='ocrx_word' id='word_1_876' title='bbox 2874 4758 3145 4829; x_wconf 88' lang='lat' dir='ltr'><strong>Siquidem</strong></span> <span class='ocrx_word' id='word_1_877' title='bbox 3171 4758 3468 4827; x_wconf 90' lang='lat' dir='ltr'><strong>principum</strong></span> <span class='ocrx_word' id='word_1_878' title='bbox 3488 4756 3722 4824; x_wconf 90' lang='lat' dir='ltr'><strong>ipsorum</strong></span> <span class='ocrx_word' id='word_1_879' title='bbox 3749 4757 4026 4828; x_wconf 79' lang='lat' dir='ltr'><strong>principcs</strong></span> 
     </span>
    </p>
   </div>
   <div class='ocr_carea' id='block_1_110' title="bbox 2433 4849 4023 4923">
    <p class='ocr_par' dir='ltr' id='par_1_110' title="bbox 2433 4849 4023 4923">
     <span class='ocr_line' id='line_1_110' title="bbox 2433 4849 4023 4923; baseline -0.001 -17"><span class='ocrx_word' id='word_1_880' title='bbox 2433 4863 2559 4906; x_wconf 90' lang='lat' dir='ltr'><strong>sunt</strong></span> <span class='ocrx_word' id='word_1_881' title='bbox 2601 4854 2765 4923; x_wconf 78' lang='lat' dir='ltr'><strong>leges.</strong></span> <span class='ocrx_word' id='word_1_882' title='bbox 2802 4853 3048 4905; x_wconf 80' lang='lat' dir='ltr'><strong>Attamen</strong></span> <span class='ocrx_word' id='word_1_883' title='bbox 3095 4865 3268 4920; x_wconf 85' lang='lat' dir='ltr'><strong>neque</strong></span> <span class='ocrx_word' id='word_1_884' title='bbox 3320 4849 3526 4919; x_wconf 89' lang='lat' dir='ltr'><strong>legibus</strong></span> <span class='ocrx_word' id='word_1_885' title='bbox 3569 4849 3766 4919; x_wconf 88' lang='lat' dir='ltr'><strong>indiget</strong></span> <span class='ocrx_word' id='word_1_886' title='bbox 3807 4851 3900 4916; x_wconf 86' lang='lat' dir='ltr'><strong>is,</strong></span> <span class='ocrx_word' id='word_1_887' title='bbox 3933 4857 4023 4921; x_wconf 84' lang='lat' dir='ltr'><strong>qui</strong></span> 
     </span>
    </p>
   </div>
   <div class='ocr_carea' id='block_1_111' title="bbox 2434 4941 4025 5012">
    <p class='ocr_par' dir='ltr' id='par_1_111' title="bbox 2434 4941 4025 5012">
     <span class='ocr_line' id='line_1_111' title="bbox 2434 4941 4025 5012; baseline -0.003 -13"><span class='ocrx_word' id='word_1_888' title='bbox 2434 4960 2552 4999; x_wconf 87' lang='lat' dir='ltr'><strong>eum</strong></span> <span class='ocrx_word' id='word_1_889' title='bbox 2604 4943 2863 4998; x_wconf 89' lang='lat' dir='ltr'><strong>modestia</strong></span> <span class='ocrx_word' id='word_1_890' title='bbox 2892 4952 2946 4997; x_wconf 88' lang='lat' dir='ltr'><strong>et</strong></span> <span class='ocrx_word' id='word_1_891' title='bbox 2989 4941 3243 5012; x_wconf 63' lang='lat' dir='ltr'><strong>aequitate</strong></span> <span class='ocrx_word' id='word_1_892' title='bbox 3272 4941 3408 4994; x_wconf 88' lang='lat' dir='ltr'><strong>vivit</strong></span> <span class='ocrx_word' id='word_1_893' title='bbox 3439 4959 3450 4992; x_wconf 91' lang='lat'><strong>:</strong></span> <span class='ocrx_word' id='word_1_894' title='bbox 3479 4950 3641 5010; x_wconf 86' lang='lat' dir='ltr'><strong>atque</strong></span> <span class='ocrx_word' id='word_1_895' title='bbox 3681 4943 3777 4995; x_wconf 86' lang='lat' dir='ltr'><strong>hoc</strong></span> <span class='ocrx_word' id='word_1_896' title='bbox 3808 4950 4025 4996; x_wconf 78' lang='lat' dir='ltr'><strong>testan-</strong></span> 
     </span>
    </p>
   </div>
   <div class='ocr_carea' id='block_1_112' title="bbox 2437 5033 4025 5104">
    <p class='ocr_par' dir='ltr' id='par_1_112' title="bbox 2437 5033 4025 5104">
     <span class='ocr_line' id='line_1_112' title="bbox 2437 5033 4025 5104; baseline -0.004 -12"><span class='ocrx_word' id='word_1_897' title='bbox 2437 5048 2541 5092; x_wconf 90' lang='lat' dir='ltr'><strong>tem</strong></span> <span class='ocrx_word' id='word_1_898' title='bbox 2585 5038 2705 5090; x_wconf 88' lang='lat' dir='ltr'><strong>audi</strong></span> <span class='ocrx_word' id='word_1_899' title='bbox 2735 5036 2954 5090; x_wconf 85' lang='lat' dir='ltr'><strong>Paulum</strong></span> <span class='ocrx_word' id='word_1_900' title='bbox 2991 5034 3072 5088; x_wconf 88' lang='lat' dir='ltr'><strong>his</strong></span> <span class='ocrx_word' id='word_1_901' title='bbox 3101 5035 3314 5100; x_wconf 83' lang='lat' dir='ltr'><strong>verbis,</strong></span> <span class='ocrx_word' id='word_1_902' title='bbox 3341 5033 3492 5088; x_wconf 80' lang='lat' dir='ltr'><strong>Justo</strong></span> <span class='ocrx_word' id='word_1_903' title='bbox 3513 5035 3596 5087; x_wconf 81' lang='lat' dir='ltr'><strong>lea:</strong></span> <span class='ocrx_word' id='word_1_904' title='bbox 3625 5049 3725 5086; x_wconf 81' lang='lat' dir='ltr'><strong>non</strong></span> <span class='ocrx_word' id='word_1_905' title='bbox 3749 5042 3817 5087; x_wconf 79' lang='lat' dir='ltr'><strong>est</strong></span> <span class='ocrx_word' id='word_1_906' title='bbox 3848 5038 4025 5104; x_wconf 69' lang='lat' dir='ltr'><strong>posita</strong></span> 
     </span>
    </p>
   </div>
   <div class='ocr_carea' id='block_1_113' title="bbox 2438 5129 4023 5200">
    <p class='ocr_par' dir='ltr' id='par_1_113' title="bbox 2438 5129 4023 5200">
     <span class='ocr_line' id='line_1_113' title="bbox 2438 5129 4023 5200; baseline -0.001 -15"><span class='ocrx_word' id='word_1_907' title='bbox 2438 5134 2510 5200; x_wconf 94' lang='lat' dir='ltr'><strong>(l.</strong></span> <span class='ocrx_word' id='word_1_908' title='bbox 2541 5131 2669 5184; x_wconf 79' lang='lat' dir='ltr'><strong>Tim.</strong></span> <span class='ocrx_word' id='word_1_909' title='bbox 2699 5133 2748 5185; x_wconf 83' lang='lat' dir='ltr'><strong>l.</strong></span> <span class='ocrx_word' id='word_1_910' title='bbox 2784 5131 2860 5198; x_wconf 86' lang='lat'><strong>9).</strong></span> <span class='ocrx_word' id='word_1_911' title='bbox 2891 5129 3043 5196; x_wconf 86' lang='lat' dir='ltr'><strong>Quod</strong></span> <span class='ocrx_word' id='word_1_912' title='bbox 3070 5131 3113 5184; x_wconf 90' lang='lat' dir='ltr'><strong>si</strong></span> <span class='ocrx_word' id='word_1_913' title='bbox 3145 5129 3229 5184; x_wconf 88' lang='lat' dir='ltr'><strong>lex</strong></span> <span class='ocrx_word' id='word_1_914' title='bbox 3251 5129 3419 5199; x_wconf 86' lang='lat' dir='ltr'><strong>posita</strong></span> <span class='ocrx_word' id='word_1_915' title='bbox 3446 5145 3551 5184; x_wconf 89' lang='lat' dir='ltr'><strong>non</strong></span> <span class='ocrx_word' id='word_1_916' title='bbox 3577 5138 3680 5189; x_wconf 86' lang='lat' dir='ltr'><strong>est.</strong></span> <span class='ocrx_word' id='word_1_917' title='bbox 3709 5129 3881 5182; x_wconf 89' lang='lat' dir='ltr'><strong>multo</strong></span> <span class='ocrx_word' id='word_1_918' title='bbox 3913 5145 4023 5184; x_wconf 81' lang='lat' dir='ltr'><strong>ma-</strong></span> 
     </span>
    </p>
   </div>
   <div class='ocr_carea' id='block_1_114' title="bbox 2431 5219 4023 5292">
    <p class='ocr_par' dir='ltr' id='par_1_114' title="bbox 2431 5219 4023 5292">
     <span class='ocr_line' id='line_1_114' title="bbox 2431 5219 4023 5292; baseline -0.001 -18"><span class='ocrx_word' id='word_1_919' title='bbox 2431 5225 2511 5292; x_wconf 90' lang='lat' dir='ltr'><strong>gis</strong></span> <span class='ocrx_word' id='word_1_920' title='bbox 2541 5222 2784 5291; x_wconf 87' lang='lat' dir='ltr'><strong>princeps</strong></span> <span class='ocrx_word' id='word_1_921' title='bbox 2813 5220 2862 5274; x_wconf 89' lang='lat' dir='ltr'><strong>ei</strong></span> <span class='ocrx_word' id='word_1_922' title='bbox 2891 5220 3170 5288; x_wconf 70' lang='lat' dir='ltr'><strong>pra-fectus</strong></span> <span class='ocrx_word' id='word_1_923' title='bbox 3191 5234 3296 5273; x_wconf 91' lang='lat' dir='ltr'><strong>non</strong></span> <span class='ocrx_word' id='word_1_924' title='bbox 3327 5228 3428 5273; x_wconf 87' lang='lat' dir='ltr'><strong>est.</strong></span> <span class='ocrx_word' id='word_1_925' title='bbox 3464 5220 3542 5275; x_wconf 86' lang='lat' dir='ltr'><strong>En</strong></span> <span class='ocrx_word' id='word_1_926' title='bbox 3571 5219 3660 5273; x_wconf 85' lang='lat' dir='ltr'><strong>tibi</strong></span> <span class='ocrx_word' id='word_1_927' title='bbox 3687 5219 3907 5274; x_wconf 85' lang='lat' dir='ltr'><strong>tertium</strong></span> <span class='ocrx_word' id='word_1_928' title='bbox 3936 5237 4023 5290; x_wconf 88' lang='lat' dir='ltr'><strong>ge-</strong></span> 
     </span>
    </p>
   </div>
   <div class='ocr_carea' id='block_1_115' title="bbox 2435 5312 4024 5384">
    <p class='ocr_par' dir='ltr' id='par_1_115' title="bbox 2435 5312 4024 5384">
     <span class='ocr_line' id='line_1_115' title="bbox 2435 5312 4024 5384; baseline -0.001 -16"><span class='ocrx_word' id='word_1_929' title='bbox 2435 5332 2533 5370; x_wconf 92' lang='lat' dir='ltr'><strong>nus</strong></span> <span class='ocrx_word' id='word_1_930' title='bbox 2577 5317 2906 5384; x_wconf 89' lang='lat' dir='ltr'><strong>principatus</strong></span> <span class='ocrx_word' id='word_1_931' title='bbox 2931 5354 2945 5376; x_wconf 96' lang='lat'><strong>,</strong></span> <span class='ocrx_word' id='word_1_932' title='bbox 2973 5314 3062 5380; x_wconf 90' lang='lat' dir='ltr'><strong>qui</strong></span> <span class='ocrx_word' id='word_1_933' title='bbox 3102 5322 3156 5368; x_wconf 89' lang='lat' dir='ltr'><strong>et</strong></span> <span class='ocrx_word' id='word_1_934' title='bbox 3188 5312 3302 5383; x_wconf 90' lang='lat' dir='ltr'><strong>ipse</strong></span> <span class='ocrx_word' id='word_1_935' title='bbox 3343 5313 3558 5368; x_wconf 87' lang='lat' dir='ltr'><strong>ductam</strong></span> <span class='ocrx_word' id='word_1_936' title='bbox 3595 5313 3748 5369; x_wconf 78' lang='lat' dir='ltr'><strong>habet</strong></span> <span class='ocrx_word' id='word_1_937' title='bbox 3778 5316 4024 5368; x_wconf 73' lang='lat' dir='ltr'><strong>occasio-</strong></span> 
     </span>
    </p>
   </div>
   <div class='ocr_carea' id='block_1_116' title="bbox 2433 5404 3310 5475">
    <p class='ocr_par' dir='ltr' id='par_1_116' title="bbox 2433 5404 3310 5475">
     <span class='ocr_line' id='line_1_116' title="bbox 2433 5404 3310 5475; baseline -0.003 -16"><span class='ocrx_word' id='word_1_938' title='bbox 2433 5423 2553 5462; x_wconf 89' lang='lat' dir='ltr'><strong>nem</strong></span> <span class='ocrx_word' id='word_1_939' title='bbox 2580 5422 2608 5459; x_wconf 90' lang='lat' dir='ltr'><strong>a</strong></span> <span class='ocrx_word' id='word_1_940' title='bbox 2633 5414 2851 5475; x_wconf 68' lang='lat' dir='ltr'><strong>peccato</strong></span> <span class='ocrx_word' id='word_1_941' title='bbox 2875 5413 2928 5457; x_wconf 90' lang='lat' dir='ltr'><strong>et</strong></span> <span class='ocrx_word' id='word_1_942' title='bbox 2955 5404 3310 5474; x_wconf 85' lang='lat' dir='ltr'><strong>improbitate.</strong></span> 
     </span>
    </p>
   </div>
   <div class='ocr_carea' id='block_1_117' title="bbox 2496 5577 4020 5646">
    <p class='ocr_par' dir='ltr' id='par_1_117' title="bbox 2496 5577 4020 5646">
     <span class='ocr_line' id='line_1_117' title="bbox 2496 5577 4020 5646; baseline 0 -14"><span class='ocrx_word' id='word_1_943' title='bbox 2496 5589 2511 5617; x_wconf 72' lang='grc' dir='ltr'><strong>ι</strong></span> <span class='ocrx_word' id='word_1_944' title='bbox 2550 5591 2664 5646; x_wconf 75' lang='lat' dir='ltr'><strong>Reg.</strong></span> <span class='ocrx_word' id='word_1_945' title='bbox 2691 5593 2819 5631; x_wconf 87' lang='lat' dir='ltr'><strong>unus</strong></span> <span class='ocrx_word' id='word_1_946' title='bbox 2834 5615 2849 5640; x_wconf 89' lang='lat'><strong>,</strong></span> <span class='ocrx_word' id='word_1_947' title='bbox 2872 5591 2965 5629; x_wconf 85' lang='lat' dir='ltr'><strong>non</strong></span> <span class='ocrx_word' id='word_1_948' title='bbox 2987 5577 3228 5630; x_wconf 83' lang='lat' dir='ltr'><strong>emendati</strong></span> <span class='ocrx_word' id='word_1_949' title='bbox 3251 5592 3432 5630; x_wconf 77' lang='lat' dir='ltr'><strong>simius.</strong></span> <span class='ocrx_word' id='word_1_950' title='bbox 3457 5579 3574 5630; x_wconf 76' lang='lat' dir='ltr'><strong>wn.</strong></span> <span class='ocrx_word' id='word_1_951' title='bbox 3596 5614 3612 5637; x_wconf 88' lang='lat'><strong>,</strong></span> <span class='ocrx_word' id='word_1_952' title='bbox 3636 5578 3716 5630; x_wconf 83' lang='lat' dir='ltr'><strong>ille</strong></span> <span class='ocrx_word' id='word_1_953' title='bbox 3751 5595 3843 5630; x_wconf 75' lang='lat' dir='ltr'><strong>non</strong></span> <span class='ocrx_word' id='word_1_954' title='bbox 3867 5594 4020 5632; x_wconf 68' lang='lat' dir='ltr'><strong>antir-</strong></span> 
     </span>
    </p>
   </div>
   <div class='ocr_carea' id='block_1_118' title="bbox 2433 5649 4025 5818">
    <p class='ocr_par' dir='ltr' id='par_1_118' title="bbox 2433 5649 4025 5818">
     <span class='ocr_line' id='line_1_118' title="bbox 2433 5649 4025 5818; baseline 0.001 -62"><span class='ocrx_word' id='word_1_955' title='bbox 2433 5649 2678 5818; x_wconf 40' lang='lat' dir='ltr'><strong>(mining.</strong></span> <span class='ocrx_word' id='word_1_956' title='bbox 2713 5717 2866 5761; x_wconf 88' lang='lat' dir='ltr'><strong>unus,</strong></span> <span class='ocrx_word' id='word_1_957' title='bbox 2912 5716 2942 5753; x_wconf 92' lang='grc' dir='ltr'><strong><em>ο</em></strong></span> <span class='ocrx_word' id='word_1_958' title='bbox 2972 5703 3227 5772; x_wconf 77' lang='lat' dir='ltr'><strong>providens</strong></span> <span class='ocrx_word' id='word_1_959' title='bbox 3267 5712 3410 5762; x_wconf 79' lang='lat' dir='ltr'><strong>Dens,</strong></span> <span class='ocrx_word' id='word_1_960' title='bbox 3455 5711 3585 5754; x_wconf 82' lang='lat' dir='ltr'><strong>taces</strong></span> <span class='ocrx_word' id='word_1_961' title='bbox 3625 5706 3743 5755; x_wconf 60' lang='lat' dir='ltr'><strong>diem</strong></span> <span class='ocrx_word' id='word_1_962' title='bbox 3791 5709 3946 5764; x_wconf 66' lang='lat' dir='ltr'><strong>tum</strong></span> <span class='ocrx_word' id='word_1_963' title='bbox 3968 5708 4025 5757; x_wconf 76' lang='lat' dir='ltr'><strong>ab</strong></span> 
     </span>
     <span class='ocr_line' id='line_1_119' title="bbox 2435 5771 3100 5818; baseline -0.006 0"><span class='ocrx_word' id='word_1_964' title='bbox 2435 5773 2577 5818; x_wconf 74' lang='lat' dir='ltr'><strong>inuno</strong></span> <span class='ocrx_word' id='word_1_965' title='bbox 2635 5775 2874 5818; x_wconf 76' lang='lat' dir='ltr'><strong>ewmtur.</strong></span> <span class='ocrx_word' id='word_1_966' title='bbox 2896 5774 2940 5816; x_wconf 86' lang='lat' dir='ltr'><strong>ct</strong></span> <span class='ocrx_word' id='word_1_967' title='bbox 2965 5771 3100 5818; x_wconf 81' lang='lat' dir='ltr'><strong>facta.</strong></span> 
     </span>
    </p>
   </div>
   <div class='ocr_carea' id='block_1_119' title="bbox 2435 5771 3100 5836">
    <p class='ocr_par' dir='ltr' id='par_1_119' title="bbox 2435 5771 3100 5836">
     <span class='ocr_line' id='line_1_120' title="bbox 2435 5771 3100 5836; baseline -0.011 -16"><span class='ocrx_word' id='word_1_968' title='bbox 2435 5773 2577 5836; x_wconf 75' lang='lat' dir='ltr'><strong>inuno</strong></span> <span class='ocrx_word' id='word_1_969' title='bbox 2601 5771 2874 5819; x_wconf 73' lang='lat' dir='ltr'><strong>decoratur.</strong></span> <span class='ocrx_word' id='word_1_970' title='bbox 2896 5774 2940 5816; x_wconf 82' lang='lat' dir='ltr'><strong>ct</strong></span> <span class='ocrx_word' id='word_1_971' title='bbox 2964 5771 3100 5836; x_wconf 69' lang='lat' dir='ltr'><strong>facta.</strong></span> 
     </span>
    </p>
   </div>
   <div class='ocr_carea' id='block_1_120' title="bbox 2501 5835 3055 5896">
    <p class='ocr_par' dir='ltr' id='par_1_120' title="bbox 2501 5835 3055 5896">
     <span class='ocr_line' id='line_1_121' title="bbox 2501 5835 3055 5896; baseline -0.004 -17"><span class='ocrx_word' id='word_1_972' title='bbox 2501 5835 2518 5866; x_wconf 86' lang='grc'>³</span> <span class='ocrx_word' id='word_1_973' title='bbox 2555 5842 2690 5896; x_wconf 55' lang='lat' dir='ltr'><strong>ltebn,</strong></span> <span class='ocrx_word' id='word_1_974' title='bbox 2713 5843 2866 5894; x_wconf 71' lang='grc' dir='ltr'>μδεεδ</span> <span class='ocrx_word' id='word_1_975' title='bbox 2890 5835 3055 5877; x_wconf 73' lang='lat' dir='ltr'><strong>nauta.</strong></span> 
     </span>
    </p>
   </div>
  </div>
