4186 6324
705 336 804 393 οᾯ
818 346 852 392 7

801 451 874 518 γ’.
898 448 1020 512 Πῶς
1051 445 1143 503 οὖν
1162 449 1191 510 6
1213 451 1422 516 Παῦλός
1455 469 1640 524 φησιν,
1663 453 1745 507 ὅτι
1777 455 1897 508 οὐκ
1930 455 2101 507 ἐστιν
2128 451 2302 516 ἐξου-

727 539 854 601 σία,
876 539 928 590 εί
939 537 1026 606 μὴ
1046 537 1164 592 ἀπὸ
1182 538 1332 594 Θεοῦ
1341 555 1363 604 ;
1387 541 1507 594 Ὀτι
1531 542 1696 605 αὑτὸς
1717 542 1887 612 αὑτὴν
1908 542 2046 611 πρὸς
2071 541 2130 594 τὸ
2154 541 2304 594 λυσι-

726 624 878 688 τελες
909 626 1038 695 ἡμῖν
1063 626 1415 696 κατέστησεν.
1440 628 1718 698 Είσήγαγε
1745 629 1846 698 μὲν
1874 627 1982 700 γὰρ
2010 629 2182 700 αὑτῆς
2199 631 2300 698 τὴν

726 714 917 783 χρείαν
940 714 974 784 ἡ
1001 713 1266 786 ἁμαρτία·
1295 717 1325 770 6
1353 716 1412 770 δὲ
1432 716 1564 781 Θεὸς
1602 719 1740 790 πρὸς
1765 717 1830 772 τὸ
1856 718 2137 788 συμφέρον
2164 718 2300 788 ημῖν

724 800 1097 870 ἀπεχρήσατο.
1115 802 1222 856 Kal
1241 802 1488 876 καθάπερ
1509 805 1542 876 ἡ
1564 804 1724 876 χρεία
1737 804 1845 858 τῶν
1865 804 2171 874 φαρμάκων
2191 801 2300 857 ἀπὸ

719 883 834 942 τῦν
858 887 1182 957 τραυμάτων
1210 886 1438 954 γίνεται,
1473 888 1507 957 ή
1542 887 1598 940 δὲ
1623 887 1886 957 ιπαγωγὴ
1919 887 2027 941 τῶν
2065 884 2292 956 φαρμά-

722 987 837 1025 κων
862 970 971 1025 ἀπὺ
1001 971 1100 1039 τῆς
1130 971 1237 1025 τῶν
1258 971 1456 1045 ίατρῶν
1489 973 1680 1042 σοφίας
1702 989 1717 1007 ο
1749 973 1891 1026 οὑτω
1927 974 2022 1028 καὶ
2055 974 2089 1043 ἡ
2134 971 2291 1043 χρεία

721 1059 825 1131 τῆς
837 1058 1080 1121 δουλείας
1094 1059 1202 1112 ἀπὺ
1218 1059 1318 1128 τῆς
1347 1060 1622 1132 ἁμαρτίας
1645 1061 1836 1129 γέγονε
1855 1077 1870 1091 ⁸
1899 1061 1963 1114 τδ
1983 1061 2040 1115 δὲ
2065 1060 2148 1124 εἰς
2172 1059 2292 1112 δέον

721 1145 893 1216 αὑτὴν
914 1144 1194 1218 ρυθμίσαι,
1217 1147 1323 1201 ἀπὸ
1346 1149 1446 1217 τῆς
1470 1148 1566 1202 τοῦ
1593 1148 1732 1203 θεοῦ
1751 1149 1962 1218 σοφίας.
2005 1146 2163 1200 Ἀλλά
2184 1145 2290 1217 γὰρ

720 1233 1062 1303 διανάστητε,
1093 1235 1188 1288 καὶ
1215 1234 1314 1306 τὴν
1345 1235 1617 1307 ῥᾳθυμίαν
1645 1235 1930 1290 ἀπόθεσθε.
1953 1235 2109 1299 Τίνος
2128 1235 2292 1288 ἓνεκα

719 1320 879 1376 τοῦτο
896 1321 1040 1390 λέγω
1057 1341 1074 1390 ;
1108 1323 1244 1394 Περὶ
1262 1324 1494 1395 Γραφῶν
1514 1325 1642 1396 ὑμῖν
1658 1323 2011 1396 διηγούμεθα,
2040 1324 2198 1395 ὑμεῖς
2231 1321 2289 1375 δὲ

720 1410 847 1472 τοὺς
878 1409 1186 1480 ὀφθαλμοὺς
1221 1412 1624 1482 ἀποστήσαντες
1651 1412 1827 1482 ήμῶν,
1869 1411 2006 1483 πρὸς
2023 1410 2124 1474 τὰς
2154 1410 2288 1479 λαμ-

723 1497 898 1560 πάδας
923 1497 1016 1551 καὶ
1044 1498 1133 1550 τὸν
1175 1497 1274 1560 τάς
1309 1497 1596 1568 λαμπάδας
1632 1498 1864 1551 ἄπτοντα
1896 1500 2286 1568 μετεστήσατε.

720 1584 833 1639 Καὶ
879 1583 1049 1653 πόσης
1077 1581 1233 1637 τοῦτο
1280 1583 1572 1656 ῥᾳθυμίας,
1607 1585 1757 1655 ἡμᾶς
1811 1585 2066 1652 ἀφέντας,
2116 1583 2289 1653 τούτῳ

721 1671 1012 1742 προσέχειν
1035 1688 1050 1737 ;
1084 1669 1200 1740 Πῦρ
1217 1670 1441 1724 ἀνάπτω
1457 1670 1610 1740 κάγὼ
1635 1683 1662 1712 ιι
1684 1670 1745 1723 τὸ
1765 1672 1874 1724 ἀπὸ
1904 1670 2013 1723 τῶν
2036 1670 2286 1741 Γραφῶν,

718 1759 814 1812 καὶ
835 1759 926 1811 ἐπὶ
946 1758 1048 1828 τῆς
1073 1757 1318 1829 γλώττης
1337 1759 1436 1830 τῆς
1451 1759 1724 1830 ἡμετέρας
1738 1758 2044 1830 λαμπάδιον
2074 1758 2287 1812 καίεται

717 1846 780 1900 τὸ
799 1848 899 1917 τῆς
927 1845 1294 1909 διδασκαλίας.
1324 1846 1494 1900 Τοῦτο
1527 1844 1709 1918 μεῖζον
1735 1847 1831 1899 καὶ
1854 1845 2059 1915 βέλτιον
2083 1845 2143 1899 τὸ
2173 1845 2290 1915 φῶς

720 1933 926 1986 ἐκείνου
964 1932 1058 1986 τοῦ
1105 1933 1316 2003 φωτός·
1349 1933 1410 1986 οὑ
1440 1933 1548 2004 γὰρ
1584 1933 1647 2004 δὴ
1686 1931 1976 2005 Θρυαλλίδα
2005 1933 2289 2003 διάϐροχον

720 2020 902 2091 ἐλαίῳ,
921 2020 1169 2089 καθάπερ
1193 2014 1369 2084 οὗτος,
1401 2021 1730 2091 ἑξάπτομεν,
1762 2020 1898 2074 ἀλλά
1917 2020 2097 2091 ψυχὰς
2124 2023 2182 2074 έν
2207 2021 2290 2072 εὑ-

720 2109 904 2180 σεϐείᾳ
932 2109 1234 2182 ἀρδομένας
1261 2113 1325 2180 τῇ
1356 2109 1454 2179 τῆς
1483 2111 1801 2183 ἀκροάσεως
1831 2111 2143 2181 ἀνάπτομεν
2170 2111 2288 2164 ἐπι-

717 2196 908 2267 θυμίᾳ.
929 2196 1205 2264 Διελέγετό
1225 2213 1353 2249 ποτε
1381 2197 1474 2250 καὶ
1499 2199 1526 2250 6
1558 2196 1765 2258 Παῦλος
1797 2198 1854 2250 ὲν
1888 2195 2120 2268 ὑπερῴῳ
2157 2196 2282 2250 τινί.

729 2282 891 2338 Ἀλλά
920 2284 1109 2356 μηδεὶς
1136 2283 1401 2355 νομιζέτω
1427 2301 1492 2354 με
1512 2283 1709 2353 Παύλῳ
1726 2283 2091 2354 παραϐάλλειν
2115 2284 2287 2353 ὲμαυυ

715 2370 839 2424 τόν·
873 2371 934 2424 ού
968 2371 1078 2442 γάρ
1106 2369 1251 2425 οὕτω
1283 2372 1503 2442 μέμηνα
1525 2387 1540 2405 ⁶
1575 2370 1690 2424 ἀλλ’
1722 2372 1808 2424 ἵνα
1867 2371 2074 2444 μάθητε
2111 2373 2284 2444 πόσην

715 2457 844 2527 περὶ
867 2456 966 2528 τὴν
993 2457 1258 2528 ἀκρόασιν
1301 2457 1535 2527 σπουδὴν
1567 2457 1968 2511 ἐπιδείκνυσθαι
2004 2459 2136 2529 χρή.
2197 2461 2285 2511 Δι-

714 2544 935 2613 ελέγετο
957 2544 1138 2599 τοίνυν
1162 2547 1191 2599 6
1217 2545 1428 2609 Παῦλος
1447 2547 1505 2599 έν
1529 2545 1783 2617 ὑπερῴῳ,
1811 2547 1906 2599 καὶ
1927 2546 2133 2618 ἑσπέρα
2159 2563 2286 2600 κατ-

715 2631 896 2696 έλαϐε,
929 2629 1181 2704 καθάπερ
1209 2633 1304 2686 καὶ
1335 2629 1430 2686 νῦν
1457 2673 1472 2699 ,
1507 2633 1603 2686 καὶ
1640 2631 1920 2703 λαμπάδες
1943 2629 2084 2704 ἦσαν
2117 2635 2177 2687 ὲν
2206 2634 2286 2706 τῷ

715 2717 979 2790 ὑπερῴῳ·
1010 2712 1130 2772 εἶτα
1156 2721 1187 2773 6
1215 2717 1455 2789 Εὗτυχος
1484 2719 1593 2772 ἀπὸ
1623 2722 1724 2790 τῆς
1752 2719 1967 2790 θυρίδος
1989 2720 2282 2786 κατέπεσε,

712 2808 806 2861 καὶ
834 2807 897 2860 οὑ
915 2806 1122 2861 διέλυσε
1145 2807 1204 2861 τὸ
1226 2805 1425 2876 πτῶμα
1450 2806 1542 2861 τὸν
1570 2805 1845 2875 σύλλογον,
1874 2808 1996 2862 οὐδὲ
2017 2809 2283 2880 ἀνέστησε

710 2894 772 2948 τὸ
803 2893 1026 2963 θέατρον
1056 2895 1086 2947 6
1113 2893 1370 2957 θάνατος·
1400 2893 1515 2949 ἀλλ’
1541 2893 1713 2958 οὕτως
1743 2890 1884 2967 ἦσαν
1923 2897 2282 2968 προσηλωμέ-

711 2995 794 3032 νοι
818 2981 884 3051 τῇ
922 2978 1031 3033 τῶν
1058 2979 1217 3033 θείων
1258 2980 1520 3052 ἀκροάσει
1555 2979 1781 3049 λογίων,
1816 2983 1894 3046 ὼς
1935 2982 2068 3054 μηδὲ
2095 2983 2286 3054 αίσθη-

713 3068 870 3139 θῆναι
905 3067 1000 3122 τοῦ
1039 3067 1329 3140 πτώματος
1354 3086 1368 3099 ·
1404 3069 1562 3139 ὑμεῖς
1610 3070 1669 3123 δὲ
1700 3071 1852 3124 οὐδὲν
1880 3072 2029 3138 ξένον
2065 3073 2282 3137 ἰδόντες,

714 3155 834 3212 οὑδὲ
859 3155 1186 3226 παράδοξον,
1215 3156 1330 3209 ἀλλ’
1363 3156 1648 3228 ἄνθρωπον
1668 3158 1736 3212 τά
1769 3157 1972 3231 συνήθη
2003 3160 2282 3224 ποιοῦντα,

710 3246 811 3306 τὰς
836 3240 985 3311 ὄψεις
1015 3243 1134 3295 ἐκεῖ
1165 3240 1520 3313 μετεθήκατε.
1558 3244 1669 3297 Kal
1698 3245 1858 3308 ποίας
1891 3245 1959 3300 ἂν
2003 3247 2089 3317 εἴη
2127 3247 2284 3300 τοῦτο

713 3326 1040 3398 συγγνώμης
1066 3326 1246 3392 ἀξιον;
1281 3329 1485 3400 Μηδεὶς
1517 3329 1727 3395 τοίνυν,
1762 3332 2055 3402 ἀγαπητοὶ,
2092 3350 2281 3406 φορτι-

711 3416 816 3486 κήν
839 3432 958 3468 τινα
983 3416 1081 3486 τὴν
1096 3415 1412 3485 ἐπιτίμησιν
1438 3416 1703 3486 νομιζέτω
1720 3431 1734 3447 ⁸
1762 3420 1821 3471 οὑ
1840 3418 1948 3490 γάρ
1973 3422 2278 3489 μισοῦντες,

710 3502 848 3556 ἀλλά
895 3501 1178 3571 κηδόμενοι
1234 3500 1588 3571 ἐγκαλοῦμεν.
1641 3502 2123 3574 Ἀξιοπιστότερα
2173 3508 2282 3580 γάρ

711 3591 1012 3658 τραύματα
1029 3587 1241 3655 φίλων,
1269 3587 1307 3656 ἣ
1328 3589 1576 3642 ἑκούσια
1594 3590 1900 3658 φιλήματα
1925 3592 2172 3662 ἐχθρῶν.

782 3677 1111 3747 Διανάστητε
1131 3675 1329 3738 τοίνυν,
1362 3675 1686 3757 παρακαλῶ,
1727 3679 1821 3731 καὶ
1857 3676 2017 3733 τοῦτο
2054 3681 2283 3749 ἀφέντες

709 3764 773 3818 τὸ
799 3762 930 3835 πῦρ,
959 3762 1037 3833 τῷ
1063 3763 1202 3831 φωτὶ
1229 3763 1524 3833 προσέχετε
1548 3761 1659 3816 τῶν
1691 3761 1852 3817 θείων
1868 3764 2119 3836 Γραφῶν.
2137 3768 2286 3821 Ἕτε-

712 3868 805 3922 ρον
833 3851 941 3920 γάρ
963 3850 1089 3919 ὑμῖν
1107 3849 1280 3918 ἀρχῆς
1307 3847 1566 3918 βούλομαι
1591 3847 1793 3924 τρ-όττον
1823 3852 2018 3918 εἰπεῖν,
2050 3854 2152 3908 οὑκ
2177 3856 2287 3910 ἀπὸ

711 3937 986 4010 ἁμαρτίας
1007 3936 1354 4006 λαμϐάνοντα
1552 3936 1649 4006 τὴν
1671 3937 1947 4005 ὑπόθεσιν,
1973 3940 2112 3994 ἀλλά
2135 3945 2286 4013 παρά

709 4029 810 4096 τῆς
839 4025 1052 4094 φύσεως
1083 4023 1274 4093 αὐτῆς.
1306 4024 1402 4087 Τίς
1425 4019 1518 4077 οὖν
1542 4018 1694 4088 οὗτός
1723 4026 1908 4094 tactv;
1958 4027 2016 4080 '0
2048 4029 2158 4082 τῶν
2191 4047 2282 4084 τε-

712 4117 919 4169 κόντων
942 4112 1022 4174 είς
1045 4109 1263 4179 ἔκγονα.
1293 4111 1507 4164 Ὦδίνων
1530 4112 1639 4183 γάρ
1659 4113 1808 4166 ἐστιν
1848 4115 2050 4187 ἀμοιϐὴ
2082 4121 2114 4188 ἡ
2173 4135 2284 4172 τοι-

713 4201 849 4271 αύτη
880 4200 1035 4270 τιμή.
1067 4199 1164 4250 Διά
1197 4197 1355 4252 τοῦτο
1387 4197 1482 4252 καί
1515 4216 1599 4262 τις
1634 4199 1795 4268 σοφὸς
1827 4200 2007 4269 λέγει·
2058 4204 2155 4270 Ὠς
2189 4206 2284 4259 δε-

711 4293 968 4354 σπόταις
1013 4287 1352 4342 δούλευσωο
1370 4287 1492 4353 τοῖς
1528 4289 1867 4357 γεννήσασι
1888 4307 1981 4345 σε.
2028 4290 2162 4348 Εῐτα
2188 4297 2283 4349 καὶ

710 4381 810 4449 τὴν
842 4377 1019 4431 αἰτίαν
1050 4375 1246 4443 ἐπάγει
1266 4374 1438 4443 λέγων
1457 4391 1473 4408 ο
1498 4376 1559 4430 Τί
1578 4377 1689 4445 τὰρ
1714 4378 1919 4445 αὐτοῖς
1942 4381 2285 4437 ἀνταποδώ-

712 4483 845 4530 σεις
866 4505 882 4527 ,
909 4462 1102 4527 καθὼς
1129 4463 1302 4517 αὐτοί
1325 4478 1422 4517 σοι
1444 4478 1464 4527 ;
1496 4463 1686 4518 Καίτοι
1711 4464 1764 4518 τί
1793 4467 1923 4519 ποτέ
1946 4469 2115 4530 ἐστιν,
2154 4469 2182 4523 δ
2208 4473 2283 4542 μὴ

713 4555 935 4608 δύναται
985 4554 1110 4614 παῖς
1153 4547 1444 4606 ἀποδοῦναι
1498 4551 1700 4623 πατρίς
1734 4553 1902 4607 Οὑδὲν
1952 4551 2047 4610 οὖν
2093 4558 2282 4631 ἀλλοῆ

712 4643 870 4696 τοῦτο
899 4641 1070 4709 λέγει·
1094 4637 1290 4703 Καθὼς
1319 4639 1473 4692 αὐτοί
1515 4656 1574 4692 σε
1607 4640 1926 4711 ἐγέννησαν,
1971 4645 2036 4697 σὺ
2089 4647 2286 4712 αὐτοὺς

713 4729 970 4799 γεννῆσαι
1000 4726 1060 4779 οὑ
1088 4725 1310 4797 δυνήσῃ.
1367 4726 1517 4779 Ἐπεὶ
1551 4722 1644 4780 οὖν
1680 4728 1822 4781 κατά
1850 4728 2010 4783 τοῦτο
2036 4731 2284 4802 ἠλαττώ-

716 4816 875 4886 μεθα,
914 4812 1173 4882 ἑτέρωθεν
1211 4813 1692 4885 πλεονεκτήσωμεν
1713 4818 1834 4880 ταῖς
1865 4818 1946 4880 είς
1975 4819 2174 4885 αὐτοὺς
2200 4839 2282 4876 τι-

719 4906 868 4975 μαῖς,
906 4904 979 4972 μὴ
1003 4901 1090 4953 διὰ
1116 4901 1204 4954 τὸν
1235 4902 1333 4974 τῆς
1365 4901 1579 4971 φύσεως
1607 4903 1770 4972 νόμον
1799 4904 1979 4975 μόνον,
2007 4907 2144 4962 ἀλλά
2178 4913 2284 4982 πρὸ

713 4991 813 5068 τῆς
840 4988 1052 5058 φύσεως
1081 4987 1168 5039 δια
1201 4989 1290 5041 τὸν
1311 4987 1406 5041 τοῦ
1430 4988 1563 5041 Θεοῦ
1597 4990 1779 5058 φόϐον.
1805 4994 1914 5045 Kal
1942 4994 2051 5066 γάρ
2079 4998 2283 5071 σφόδρα

713 5080 740 5130 ὁ
767 5065 896 5137 Θεὸς
933 5075 1176 5144 βούλεται
1220 5074 1346 5136 τοὺς
1373 5075 1628 5140 τεκόντας
1673 5080 1937 5148 τιμᾶσθαι
1988 5065 2141 5153 παρὰ
2175 5065 2284 5140 τών

712 5165 1040 5233 τεχθέντων’
1074 5164 1167 5216 xal
1199 5163 1324 5226 τοὺς
1366 5164 1463 5234 μὲν
1511 5165 1667 5219 τοῦτο
1699 5169 1990 5233 ποιοῦντας
2027 5172 2283 5241 μεγάλοις

715 5250 934 5319 ἀγαθοῖς
966 5252 1057 5303 καί
1084 5250 1310 5320 δωρεαῖς
1337 5250 1644 5320 ἀμείϐεται,
1673 5255 1797 5318 τοὺς
1833 5256 1887 5309 δὲ
1918 5261 2285 5329 παραϐαίνον-

713 5355 810 5399 τας
838 5338 929 5390 τὸν
956 5339 1118 5407 νόμον
1171 5339 1428 5407 μεγάλοις
1464 5340 1558 5393 καὶ
1590 5339 1781 5406 δεινοῖς
1825 5344 2038 5410 κολάζει
2071 5352 2281 5412 κακοῖς.

726 5428 788 5479 Ὀ
835 5425 1200 5493 κακολογῶν,
1239 5428 1392 5496 φησὶ,
1439 5427 1664 5497 πατέρα
1697 5429 1732 5498 ἢ
1754 5434 2014 5501 μητέρα,
2051 5435 2284 5503 θανάτῳ

779 5697 798 5724 δ
833 5697 950 5748 Rea.
990 5697 1082 5759 n39
1102 5698 1234 5746 ἅπτω
1274 5699 1421 5747 κάτω.

1423 333 1478 385 S.
1520 332 1802 387 JUANNIS
1839 328 2324 388 CHRYSOSTOMI
2378 329 2698 386 ARCIIIEP.
2737 330 3278 386 CONSTANTINOP.

3882 328 3985 388 598

2401 449 2753 503 τελευτάτω.
2783 449 2908 512 Τοῖς
2929 449 2987 502 δὲ
3023 447 3260 517 τιμῶσιν
3286 447 3483 510 αὐτοὺς
3511 445 3654 501 οὓτω
3683 447 3804 511 πώς
3825 462 3981 518 φησιο

2404 540 2547 608 Τίμα
2580 539 2686 593 τὸν
2708 538 2932 606 πατέρα
2965 554 3082 593 σου
3112 539 3211 592 καί
3237 537 3351 603 τὴν
3373 537 3601 606 μητέρα
3618 552 3760 598 σου.
3786 538 3890 591 ἵνα
3913 532 3985 592 εὖ

2397 644 2499 682 σοι
2529 629 2800 698 γένηται·
2831 629 2928 684 καί
2961 643 3077 697 san
3102 629 3541 696 μακροχρόνιος
3579 628 3678 681 ἐπὶ
3705 627 3821 695 τῆς
3844 626 3981 697 τῆς.

2399 720 2578 792 Ὅπερ
2597 721 2855 791 μέγιστον
2870 720 3071 790 ἀγαθὸν
3087 716 3226 774 εῖναι
3245 721 3544 790 νομίζεται,
3557 723 3732 792 γῆρας
3750 719 3985 791 λιπαρὸν

2400 813 2496 866 καὶ
2525 815 2702 884 μῆκος
2726 813 2893 885 ζωῆς,
2923 812 3080 868 τοῦτο
3103 813 3300 882 έθηκεν
3326 812 3560 868 ἔπαθλον
3605 815 3718 877 τοῖς
3747 811 3985 883 τιμῶσιν

2399 903 2626 969 αὐτούς’
2659 907 2754 960 καὶ
2771 906 2908 977 ὅπερ
2937 906 3165 976 ἔσχατον
3194 901 3334 959 εἶναι
3367 905 3515 958 δοκεῖ
3534 904 3725 970 κακὸν,
3751 903 3986 966 θάνατος·

2399 991 2597 1067 ἂωρος,
2617 993 2777 1048 τοῦτο
2798 994 2995 1065 έθηκεν
3015 994 3291 1064 ἐπιτίμιον
3310 995 3422 1056 τοῖς
3445 991 3763 1062 ὑϐρίζουσιν
3789 992 3871 1052 εἰς
3892 991 3985 1042 αὑο

2397 1088 2555 1152 τούς·
2587 1087 2713 1150 τοὺς
2744 1087 2844 1158 μὲν
2871 1085 3254 1156 ἐπισπώμενος
3284 1086 3366 1148 είς
3379 1083 3595 1138 εῦνοιαν
3616 1083 3800 1154 τῇτῆς
3816 1081 3983 1152 τιμῆς

2399 1177 2730 1250 ἐπαγγελίᾳ,
2763 1179 2891 1241 τοὺς
2917 1175 2974 1230 δὲ
3004 1177 3099 1230 καὶ
3123 1176 3355 1238 ἄκοντας
3380 1174 3613 1242 ἀπάγων
3635 1173 3733 1243 τῆς
3768 1171 3986 1243 ῦϐρεως

2397 1270 2478 1340 τῷ
2496 1269 2595 1339 τῆς
2621 1267 2891 1340 τιμωρίας
2919 1267 3089 1340 φόϐῳ.
3116 1268 3252 1322 Οὐδὲ
3270 1267 3380 1338 γάρ
3406 1267 3594 1328 ἀπλῶς
3613 1264 3987 1336 ἀποθνήσκειν

2398 1359 2609 1413 κελεύει
2637 1358 2728 1412 τδν
2767 1358 3122 1430 πατραλοίαν,
3158 1358 3281 1411 οὑδὲ
3306 1357 3534 1428 δημίους
3567 1354 3729 1409 αὑτὸν
3755 1353 3866 1407 ἀπὺ
3885 1351 3983 1406 τοῦ

2395 1449 2745 1519 δικαστηρίου
2780 1447 3046 1511 λαϐόντας
3084 1445 3300 1513 ἐξάγειν
3336 1446 3428 1500 διὰ
3453 1446 3558 1516 τῆς
3590 1445 3818 1515 ἀγορᾶς,
3858 1441 3984 1496 οὐδὲ

2397 1544 2494 1610 τῆς
2528 1538 2736 1601 πόλεως
2773 1536 2878 1603 ἔξω
2909 1536 3009 1608 τὴν
3037 1535 3284 1607 κεφαλὴν
3313 1535 3644 1604 ἀποτέμνειν
3663 1547 3678 1564 ·
3708 1532 3825 1585 ἀλλ’
3854 1531 3986 1599 ἄγει

2399 1629 2498 1698 μὲν
2529 1628 2691 1682 αὑτὸν
2728 1628 2807 1690 είς
2837 1627 3011 1698 μέσην
3042 1624 3143 1697 τὴν
3180 1624 3335 1678 πόλιν
3377 1624 3542 1688 αὑτὸς
3578 1623 3608 1674 6
3639 1622 3844 1693 πατὴρ,
3884 1621 3985 1674 καὶ

2396 1719 2564 1790 χωρὶς
2611 1715 2938 1784 ἀποδείξεως
2980 1717 3164 1787 πάσης
3212 1713 3564 1768 πιστεύεταιο
3594 1711 3690 1766 καὶ
3723 1711 3868 1782 μάλα
3902 1711 3986 1763 διο

2394 1813 2579 1874 καίως.
2611 1812 2668 1862 ὐ
2689 1810 2798 1882 γὰρ
2814 1809 2910 1864 καὶ
2927 1809 3187 1880 χρήματα
3205 1805 3298 1860 καὶ
3316 1804 3543 1876 σώματα
3560 1805 3656 1857 καὶ
3669 1805 3782 1857 πᾶν
3801 1801 3985 1857 ὁτιοῦν

2395 1903 2648 1972 ἑλόμενος
2669 1901 2810 1972 ὑπὲρ
2825 1899 2920 1954 τοῦ
2943 1898 3134 1961 παιδὸς
3155 1896 3630 1966 καταδαπανῆσαι,
3649 1895 3750 1948 οὑκ
3767 1894 3834 1948 άν
3849 1910 3986 1946 ποτε

2395 1995 2701 2065 κατήγορος
2725 1993 2891 2047 αὑτοῦ
2914 1992 3159 2061 γέγονεν,
3180 1990 3228 2043 εί
3262 1989 3336 2060 μὴ
3359 1989 3530 2059 πολλῆ
3544 1989 3648 2058 τῆς
3671 1990 3887 2060 ὕϐρεως
3913 1987 3986 2062 ἦν

2395 2091 2427 2160 ή
2457 2087 2753 2160 ὑπερϐολή.
2784 2087 2942 2156 Ἀγει
2963 2086 3145 2140 τοίνυν
3171 2083 3336 2138 αὑτὸν
3357 2082 3441 2145 είς
3468 2083 3530 2136 τὺ
3562 2083 3727 2154 μέσον
3752 2082 3856 2152 τῆς
3880 2082 3986 2136 πό-

2391 2181 2549 2243 λεως,
2598 2175 2716 2233 εἶτα
2753 2179 2912 2232 καλεῖ
2947 2178 3041 2231 τὸν
3083 2177 3257 2246 δῆμον
3301 2177 3516 2232 ἅπαντα
3536 2215 3550 2239 ,
3579 2175 3674 2229 καὶ
3698 2174 3851 2243 λέγει
3881 2176 3987 2246 τὴν

2391 2269 2726 2342 κατηγορίαν
2755 2287 2770 2302 ·
2801 2270 2852 2323 οί
2885 2269 2942 2323 δι
2967 2267 3259 2333 ἀκούοντες
3289 2268 3490 2332 πάντες
3509 2307 3522 2330 ,
3562 2266 3797 2329 εκαστος
3833 2266 3988 2319 λίθον

2389 2360 2605 2428 λαϐὼν,
2643 2360 2789 2415 οὑτω
2837 2359 3092 2431 βάλλουσι
3132 2359 3226 2413 τδν
3265 2358 3623 2431 πατραλοίαν.
3664 2359 3744 2411 Οὑ
3778 2358 3892 2428 γὰρ
3918 2358 3986 2429 δὴ

2389 2450 2588 2514 θεατὰς
2639 2449 2800 2520 μόνον
2835 2450 2938 2520 τῆς
2978 2448 3273 2520 τιμωρίας,
3317 2449 3456 2503 ἀλλὰ
3501 2449 3594 2502 καὶ
3639 2448 3988 2517 αὐτουργοὺς

2388 2540 2528 2597 εἶναι
2554 2540 2800 2613 βούλεται
2820 2543 2850 2595 6
2870 2539 3188 2612 νομοθέτης,
3213 2541 3298 2595 ῖνα
3322 2543 3402 2604 είς
3428 2540 3528 2611 τὴν
3551 2538 3732 2606 δεξιάν
3752 2540 3988 2604 ἕκαστος

2392 2629 2516 2686 ίδὼν
2551 2631 2651 2704 τὴν
2692 2630 2887 2685 ἑαυτοῦ
2906 2670 2922 2695 ,
2952 2630 3019 2684 δι’
3065 2624 3136 2702 ἧς
3169 2630 3262 2684 τὸν
3299 2629 3449 2684 λίθον
3498 2631 3591 2684 καὶ
3621 2630 3786 2693 αὐτὸς
3819 2631 3988 2684 ἔϐαλε

2388 2722 2529 2777 κατὰ
2553 2723 2652 2792 τῆς
2673 2720 2770 2775 τοῦ
2793 2721 3124 2794 πατραλοίου
3155 2720 3397 2791 κεφαλῆς
3421 2761 3436 2784 .
3466 2720 3649 2775 ίκανὺν
3678 2722 3989 2793 ὑπόμνημα

2385 2814 2525 2886 πρὸς
2549 2811 2836 2883 διόρθωσιν
2859 2811 2979 2882 ἔχῃ.
3003 2811 3081 2865 Οὑ
3106 2812 3268 2880 μόνον
3285 2810 3342 2865 δὲ
3360 2811 3521 2866 τοῦτο
3539 2852 3555 2872 ,
3578 2811 3716 2865 ἀλλὰ
3744 2815 3839 2865 καὶ
3870 2813 3987 2866 ξτε-

2389 2921 2482 2976 ρον
2511 2905 2646 2975 ἡμῖν
2678 2905 2707 2958 6
2726 2902 3028 2973 νομοθέτης
3052 2902 3352 2957 αίνίττεται
3376 2944 3392 2968 ,
3429 2904 3514 2957 ὅτι
3554 2906 3584 2957 6
3623 2903 3754 2968 τοὺς
3783 2902 3987 2971 γονέας

2388 2995 2626 3067 ὑϐρίζων
2657 2995 2759 3049 οὑκ
2790 2994 3037 3059 δκείνους
3067 2993 3297 3066 ἠδίκηκε
3335 2995 3516 3064 μόνον,
3547 2993 3685 3048 ἀλλά
3713 2993 3810 3048 καὶ
3841 2995 3987 3048 πάνυ

2386 3103 2485 3148 τας
2517 3084 2859 3157 ἀνθρώπους.
2892 3085 2992 3140 Διά
3019 3084 3178 3138 τοῦτο
3211 3085 3421 3148 πάντας
3448 3085 3541 3138 ἐπὶ
3567 3084 3668 3156 τὴν
3693 3085 3990 3138 κοινωνίαν

2385 3179 2487 3240 τῆς
2521 3176 2792 3248 τιμωρίας
2813 3177 2999 3240 καλεῖ,
3031 3174 3286 3246 καθάπερ
3315 3175 3679 3245 ὑϐρισμένους
3707 3176 3988 3239 ἅπαντας,

2387 3268 2483 3321 καὶ
2505 3268 2677 3338 δῆμον
2702 3265 2839 3337 ὁμοῦ
2872 3267 2968 3320 καὶ
2995 3266 3154 3320 πόλιν
3183 3266 3531 3338 περιίστησιν
3557 3267 3809 3333 ἅπασαν,
3855 3284 3984 3322 παι-

2385 3359 2558 3416 δεύων
2581 3360 2821 3423 καὶτοὺς
2844 3359 2996 3413 οὐδὲν
3024 3357 3247 3428 ἔχοντας
3275 3358 3455 3412 κοινὸν
3477 3360 3613 3429 πρὸς
3635 3360 3762 3423 τοὺς
3785 3359 3989 3430 ἠδικη-

2392 3450 2582 3520 μένους
2602 3448 2696 3502 ιπὶ
2723 3448 2972 3515 γονεῦσιν
3002 3447 3380 3519 ὑϐριζομένοις
3403 3449 3753 3515 ἀγανακτεῖν,
3780 3448 3860 3512 ὡς
3885 3449 3992 3521 τῆς

2387 3547 2573 3614 κοινῆς
2601 3543 2816 3613 φύσεως
2849 3540 3235 3613 ὑϐριζομένης,
3262 3544 3358 3596 καὶ
3383 3544 3475 3595 τὸν
3496 3543 3737 3596 τοιοῦτον
3763 3545 3992 3617 ἅνθρωο

2389 3655 2507 3700 πον,
2559 3635 2748 3704 ὥσπερ
2788 3634 2976 3704 λοιμόν
3011 3650 3134 3687 τινα
3167 3636 3260 3687 καὶ
3294 3637 3480 3705 κοινὴν
3524 3636 3680 3688 νόσον
3703 3678 3718 3701 ,
3753 3635 3827 3706 μὴ
3881 3637 3990 3708 τῆς

2389 3725 2599 3788 πόλεως
2636 3723 2829 3794 μόνον,
2868 3722 3006 3777 ἀλλὰ
3041 3724 3137 3778 καὶ
3168 3723 3264 3776 τοῦ
3305 3726 3482 3793 φωτὸς
3513 3725 3838 3778 ἀπελαύνειν
3883 3729 3993 3782 αὑ-

2389 3815 2501 3869 τοῦ.
2549 3814 2811 3884 Πολέμιος
2860 3813 2970 3884 γὰρ
3017 3817 3045 3867 6
3088 3813 3329 3878 τοιοῦτος
3370 3815 3466 3868 καὶ
3504 3816 3683 3880 κοινὸς
3720 3817 3993 3872 ἀπάντων

2391 3908 2539 3961 ἐστὶν
2569 3908 2790 3978 ἐχθρὸς,
2820 3907 2915 3960 καὶ
2948 3905 3099 3980 [664]
3137 3906 3234 3962 τοῦ
3267 3906 3406 3960 Θεοῦ
3425 3948 3440 3972 ,
3471 3909 3567 3962 καὶ
3592 3909 3692 3977 τῆς
3721 3909 3952 3978 φύσεως
3976 3955 3994 3977 ,

2392 3999 2486 4052 καὶ
2513 3997 2623 4052 τῶν
2652 3997 2851 4066 νόμων,
2879 3997 2974 4050 καὶ
2997 3997 3096 4068 τῆς
3119 3997 3305 4066 κοινῆς
3335 3997 3592 4052 ἀπάντων
3623 3998 3777 4069 ἡμῶν
3803 3998 3992 4072 ζωῆς,

2390 4089 2490 4143 Διά
2509 4089 2667 4143 τοῦτο
2685 4089 2893 4151 πάντας
2916 4087 3355 4156 συνεφάπτεσθαι
3385 4088 3595 4142 κελεύει
3611 4089 3711 4159 τῆς
3739 4092 3992 4158 σφαγῆς,

2390 4180 2578 4252 ὥσπερ
2599 4179 2720 4233 τινὰ
2745 4178 3028 4250 καθαρμὸν
3047 4179 3144 4249 τῆς
3163 4178 3372 4241 πόλεως
3386 4178 3769 4250 ἐργαζόμενος.
3797 4180 3994 4236 Πολλὰ

2394 4275 2522 4344 ὑμῖν
2560 4270 2744 4340 ἀγαθά
2771 4271 3002 4339 γένοιτο,
3038 4272 3120 4324 ὅτι
3154 4270 3294 4340 μετὰ
3321 4271 3594 4342 τοσαύτης
3622 4271 3815 4342 ἡδονῆς
3848 4275 3995 4339 τοὺς

2392 4362 2520 4434 περὶ
2559 4361 2654 4414 τοῦ
2699 4358 3032 4431 πατραλοίου
3060 4358 3251 4427 λόγους
3281 4358 3554 4425 ἐδέξασθε,
3589 4360 3684 4414 καὶ
3719 4360 3834 4414 ἀντὶ
3869 4363 3994 4415 τῶν

2392 4454 2555 4508 λίθων
2600 4455 2721 4516 ταῖς
2768 4451 2918 4522 βοαῖς
2963 4449 3128 4505 αὑτὸν
3169 4450 3426 4504 ὲϐάλλετε
3465 4467 3480 4482 ·
3521 4453 3818 4524 τεκμήριον
3865 4456 3995 4529 γάρ

2392 4545 2552 4598 τοῦτό
2581 4547 2698 4599 ἔστι
2727 4543 2822 4597 τοῦ
2861 4542 3061 4613 πολλὴν
3089 4542 3220 4612 περὶ
3255 4544 3346 4596 τὸν
3373 4542 3568 4597 ἑαυτοῦ
3600 4545 3811 4615 πατέρα
3843 4546 3994 4600 ἕκα-

2396 4655 2519 4690 στον
2563 4635 2716 4707 ὑμῶν
2758 4634 2857 4705 τὴν
2903 4633 3119 4687 εὖνοιαν
3160 4633 3542 4704 ἐπιδεδεῖχθαι.
3579 4636 3692 4688 Kal
3716 4637 3822 4705 γάρ
3849 4639 3993 4692 τότε

2392 4732 2520 4791 τοὺς
2565 4728 2762 4798 νόμους
2813 4725 3047 4796 μάλιστα
3095 4725 3399 4794 θαυμάζειν
3449 4725 3719 4796 εἰώθαμεν
3743 4728 3869 4790 τοὺς
3916 4731 3993 4785 τὰ

2393 4818 2771 4888 ἁμαρτήματα
2797 4813 3144 4879 κολάζοντας,
3170 4815 3300 4867 ὅταν
3330 4813 3405 4886 μὴ
3434 4816 3732 4879 συνειδότες
3762 4817 3994 4884 ἑαυτοῖς

2390 4910 2462 4964 τά
2505 4910 2879 4981 ἁμαρτήματα
2935 4901 3104 4976 ὦμεν.
3146 4906 3318 4978 ’Υπὲρ
3364 4907 3430 4976 δὴ
3471 4907 3676 4961 τούτων
3721 4909 3993 4964 ἁπάντων

2391 5001 2874 5072 εὑχαριστήσωμεν
2917 4997 2994 5068 τῷ
3042 4995 3410 5067 φιλανθρώπῳ
3443 4996 3562 5065 Θεῷ
3591 4996 3666 5066 τῷ
3693 4997 3994 5071 κηδομένῳ

2391 5093 2491 5162 τῆς
2521 5092 2668 5162 ζωῆς
2697 5090 2794 5160 τῆς
2824 5088 3118 5158 ἡμετέρας,
3155 5088 3249 5139 καὶ
3279 5085 3593 5156 προνοοῦντι
3624 5088 3846 5154 γονέων,
3878 5097 3992 5146 καὶ

2394 5183 2597 5236 παίδων
2643 5179 2999 5250 φροντίζοντι,
3053 5178 3147 5230 καὶ
3189 5176 3369 5229 πάντα
3395 5177 3535 5248 ὑπὲρ
3576 5176 3675 5246 τῆς
3701 5178 3993 5250 ἡμετέρας

2390 5271 2758 5342 οἰκονομοῦντι
2788 5267 3080 5337 σωτηρίας.
3108 5266 3266 5338 Αὐτῷ
3291 5266 3401 5338 γὰρ
3423 5267 3622 5336 πρέπει
3645 5266 3788 5332 δόξα,
3815 5272 3990 5342 τιμὴ,

2391 5363 2486 5417 καὶ
2526 5360 2890 5431 προσκύνησις
2945 5357 3041 5410 σὺν
3095 5355 3174 5427 τῷ
3229 5357 3455 5428 άνάρχῳ
3511 5357 3706 5427 Πατρὶ,
3759 5360 3854 5410 καὶ
3899 5362 3992 5431 τῷ

2394 5453 2533 5523 ἁγίῳ
2559 5450 2856 5518 Πνεύματι,
2886 5446 2980 5500 νῦν
3011 5448 3103 5501 καὶ
3132 5449 3240 5513 ἀεὶ,
3270 5447 3364 5502 καὶ
3395 5449 3475 5512 είς
3496 5448 3620 5510 τοὺς
3645 5446 3847 5513 αίῶνας
3870 5451 3992 5505 τῶν

2397 5545 2619 5598 αἰώνων.
2663 5540 2850 5611 Ἀμήν.
