4186 6324
262 404 370 459 5907

334 517 373 573 3
418 518 663 588 Quonam
708 519 867 590 Igitur
897 525 1053 588 pacto
1082 515 1156 570 ait
1192 513 1387 570 l’aulus
1415 522 1730 581 potestatem
1764 524 1870 561 non

261 623 390 665 esse
414 608 516 664 nisi
546 626 576 661 a
618 608 729 665 Deo
757 608 934 679 (Rom.
963 608 1051 664 15.
1083 605 1184 676 2)?
1212 602 1364 673 Quod
1395 602 1645 657 nimirum
1671 601 1737 654 ad
1766 600 1872 653 uti-

265 698 470 756 litatem
514 711 753 755 nostram
796 698 949 755 nobis
987 698 1135 753 illam
1177 696 1318 751 Deus
1351 688 1706 749 constituerit.
1738 690 1872 746 Natu

263 798 547 860 peccauitn
590 789 808 859 quidem
850 788 1226 845 necessitatem
1270 786 1389 855 ejus
1436 783 1638 839 invexit
1675 799 1689 835 :
1733 782 1875 837 Deus

256 894 445 935 autem
470 879 535 934 ad
563 890 803 936 nostram
833 879 1117 935 utilitatem
1145 886 1229 933 est
1256 890 1402 932 usus.
1436 877 1501 931 Et
1527 872 1874 945 quemadmo-

260 970 394 1025 dum
422 986 489 1025 es
518 971 830 1027 vulneribus
858 973 916 1025 lit
947 978 1008 1026 ut
1050 969 1457 1025 medicamentis
1502 968 1870 1038 indigeamus;

261 1075 333 1117 es
359 1061 690 1117 medicorum
716 1071 894 1116 autem
922 1060 1203 1131 sapientia,
1234 1069 1291 1115 ut
1315 1058 1671 1115 adhibeantur
1698 1057 1874 1113 medi-

259 1163 515 1206 camenta
548 1169 562 1205 :
590 1152 671 1207 sic
701 1161 756 1207 et
793 1152 1088 1207 necessitas
1125 1150 1398 1207 servitutis
1423 1160 1603 1204 ortum
1632 1148 1814 1204 habuit
1843 1163 1874 1203 a

264 1253 489 1312 peccato
520 1261 536 1298 :
569 1254 627 1299 ut
650 1254 830 1300 autem
857 1244 923 1299 ad
950 1243 1003 1299 id
1028 1245 1169 1315 quod
1199 1260 1334 1315 opus
1359 1252 1476 1299 erat
1501 1242 1588 1298 illa
1615 1242 1875 1313 dirigere-

263 1341 375 1401 tur,
400 1333 455 1390 id
480 1349 613 1392 sane
640 1336 837 1392 divinae
862 1347 1141 1408 acceptum
1170 1335 1447 1391 ferendum
1468 1344 1551 1391 est
1576 1334 1873 1405 sapientiae.

265 1425 471 1482 Verum
510 1428 697 1485 adeste
727 1430 955 1496 animis,
988 1438 1044 1485 et
1070 1430 1333 1487 desidiam
1363 1444 1579 1485 omnem
1617 1429 1869 1485 excutite.

261 1517 373 1574 Cur
402 1520 617 1576 tandem
646 1521 697 1577 id
726 1521 880 1577 dico?
906 1522 1209 1593 Scripturas
1235 1522 1387 1578 vobis
1415 1536 1751 1588 enarramus,
1778 1537 1877 1577 vos

262 1623 396 1666 vero
418 1613 626 1670 aversis
648 1630 677 1668 a
708 1616 863 1671 nobis
881 1617 1075 1682 oculis,
1100 1616 1169 1671 ad
1198 1617 1446 1673 lucernas
1469 1625 1524 1671 et
1548 1616 1614 1670 ad
1640 1631 1764 1672 eum
1784 1617 1876 1687 qui

262 1703 514 1761 lucernas
531 1707 860 1764 accendebat
882 1708 984 1779 (α),
1006 1726 1102 1765 eos
1124 1709 1488 1765 convertistis.
1510 1709 1733 1778 Quanta:
1755 1724 1877 1779 por-

262 1809 331 1852 ro
357 1803 445 1852 est
482 1795 584 1853 hoc
609 1800 873 1855 socordiae
891 1840 908 1865 ,
938 1799 1095 1855 nobis
1135 1800 1338 1856 relictis
1361 1843 1377 1867 ,
1409 1801 1533 1856 huic
1560 1799 1877 1856 attendere?

263 1884 449 1957 Ignem
479 1902 580 1959 ego
607 1903 821 1959 quoque
845 1891 1084 1947 acceodo
1104 1893 1119 1923 ⁸
1140 1931 1157 1958 ,
1186 1892 1276 1961 qui
1307 1892 1438 1946 latet
1467 1892 1518 1944 iu
1545 1889 1837 1961 Scripturis
1856 1932 1873 1955 ,

261 1985 320 2032 et
346 1976 404 2032 in
434 1985 615 2033 nostra
643 1978 818 2050 lingua
847 1980 1191 2037 succenditur
1213 1983 1431 2037 lucerna
1456 1981 1737 2037 doctrinae.
1762 1982 1878 2037 Hoc

264 2066 364 2122 illo
393 2060 567 2137 majus
598 2078 683 2123 est
726 2069 905 2124 lumen
935 2086 1001 2126 ac
1038 2071 1232 2127 melius
1260 2088 1275 2128 :
1308 2087 1413 2126 non
1440 2072 1584 2128 enim
1612 2058 1736 2128 oleo
1760 2088 1877 2127 ma-

264 2157 403 2212 dens
438 2157 765 2229 ellychnium
791 2202 808 2226 ,
846 2170 903 2215 ut
931 2161 1032 2217 iste
1052 2203 1066 2224 ,
1095 2162 1440 2218 accendimus
1462 2204 1478 2229 ,
1507 2164 1602 2219 sed
1632 2165 1879 2234 irrigatas

268 2249 469 2321 pietate
494 2253 701 2307 animas
727 2254 978 2308 audiendi
999 2254 1294 2324 cupiditate
1325 2256 1738 2311 inflammamus.
1771 2258 1879 2312 Dis-

264 2343 485 2400 serebat
513 2345 672 2400 etiam
714 2346 912 2402 l‘aulus
939 2348 1228 2419 aliquando
1259 2348 1309 2403 iu
1345 2352 1621 2405 omnaculo
1645 2351 1876 2421 quodam

263 2435 404 2506 (Art.
431 2436 522 2491 20.
560 2438 693 2507 7-9).
723 2439 893 2494 Nemo
921 2451 1099 2495 tamen
1140 2442 1430 2497 arbitretur
1454 2443 1718 2513 maipsum
1742 2445 1879 2499 velle

265 2541 355 2584 me
380 2543 503 2583 cum
531 2527 698 2587 Paulo
726 2546 1041 2601 comparare
1064 2573 1079 2594 ,
1107 2548 1214 2587 non
1243 2535 1386 2589 enim
1414 2535 1551 2591 adeo
1580 2550 1699 2591 sum
1732 2536 1877 2592 insa-

264 2635 404 2685 nus,
435 2619 529 2676 sed
562 2632 620 2677 ut
664 2622 974 2694 intelligatis
1011 2635 1269 2696 quantum
1308 2627 1467 2681 studii
1501 2643 1596 2683 vos
1633 2639 1881 2699 oporteat

263 2712 331 2764 ad
376 2711 703 2768 audiendum
745 2714 1026 2772 adbibere.
1067 2718 1374 2774 Disserebat
1414 2734 1547 2789 ergo
1590 2720 1785 2774 Paulus
1825 2721 1877 2775 in

263 2805 567 2870 cmuaculo,
594 2814 649 2862 et
670 2824 910 2876 vespera,
938 2821 991 2863 ut
1022 2827 1163 2866 nunc
1185 2812 1369 2875 etiam,
1392 2811 1595 2875 incidit,
1618 2824 1880 2885 erantque

265 2892 503 2951 loc-erute
532 2898 584 2953 iu
611 2902 892 2956 cumaeulo
922 2920 935 2954 :
964 2902 1162 2958 deinde
1190 2903 1381 2959 cecidit
1411 2904 1684 2976 Eutychus
1712 2905 1781 2960 de
1813 2906 1879 2962 fe-

266 2996 448 3041 nestra
476 3029 491 3047 .
523 3005 697 3062 neque
721 3004 1043 3048 conventum
1073 3010 1233 3049 casus
1272 2995 1360 3051 ille
1388 2996 1670 3062 dissolvit,
1704 3014 1881 3069 neque

264 3094 417 3135 mors
462 3079 729 3137 theatrum
776 3087 1037 3141 sustulit:
1072 3102 1254 3141 vermn
1301 3088 1370 3141 ita
1416 3088 1612 3143 divinis
1653 3090 1881 3159 eloquiis

264 3171 547 3229 audiendis
579 3175 725 3230 afﬁxi
752 3188 941 3242 erant,
974 3187 1031 3232 ut
1071 3195 1248 3248 neque
1276 3196 1435 3236 casus
1475 3181 1619 3237 illius
1660 3197 1878 3238 sensum

267 3262 438 3317 ullum
466 3267 711 3335 ceperint
739 3283 754 3320 :
786 3282 881 3323 vos
918 3285 1045 3324 vero
1076 3271 1219 3325 nulla
1264 3272 1473 3327 insolita
1507 3290 1563 3327 re
1590 3286 1879 3343 compecto

267 3356 350 3411 vel
374 3357 530 3421 mira,
554 3357 650 3414 sed
676 3358 898 3417 homine
923 3371 1149 3423 tantum,
1171 3364 1261 3433 qui
1284 3363 1499 3417 soli:qu
1524 3367 1878 3422 ministerium

265 3445 471 3513 obibat,
500 3447 628 3503 illuc
652 3450 839 3504 oculos
863 3453 1227 3507 Convertistis.
1258 3454 1324 3507 Et
1349 3470 1452 3523 qua
1481 3456 1696 3511 tandem
1725 3459 1879 3513 venia

264 3538 489 3609 dignum
522 3540 625 3596 hoc
663 3540 863 3597 fuerit?
888 3542 1058 3598 Nemo
1089 3545 1266 3615 igitur,
1296 3546 1662 3612 dilectissimi,
1697 3564 1881 3618 repte-

267 3630 583 3687 bensionem
629 3633 910 3689 molestam
953 3644 1009 3689 et
1050 3652 1269 3705 gravem
1312 3638 1605 3694 arbitretur
1646 3657 1659 3691 :
1708 3656 1881 3710 neque

266 3724 414 3779 enim
440 3721 567 3777 odio
594 3724 829 3793 impulsi,
855 3725 949 3780 sed
977 3727 1339 3782 sollicitudine
1360 3729 1557 3785 inducti
1586 3731 1879 3799 reprehen-

264 3820 465 3875 dimus.
500 3818 765 3875 Fideliora
789 3823 987 3892 quippe
1012 3836 1131 3879 sunt
1156 3827 1435 3881 amicorum
1466 3832 1697 3896 vulnera,
1727 3847 1881 3899 quam

263 3922 550 3981 spontaneo
575 3913 750 3967 oscula
777 3915 1096 3969 inimicorum
1124 3917 1307 3981 (Pror.
1337 3919 1425 3973 ‘27.
1460 3919 1536 3989 6).

340 4000 422 4056 Ds
452 4002 626 4072 ορείἰσ
662 4004 886 4073 ﬁliorum
916 4024 1037 4077 ergo
1066 4019 1299 4077 parentes
1323 4028 1339 4073 ,'
1371 4014 1435 4065 de
1460 4014 1878 4067 reumucmtimii-

265 4094 359 4148 bus
386 4095 705 4151 motibus
731 4109 998 4166 parentum
1027 4101 1273 4155 cultores.
1302 4102 1378 4156 De
1403 4106 1564 4172 paruis
1593 4108 1877 4171 parricida-

266 4201 384 4238 rum
407 4200 426 4238 :
450 4202 543 4239 cur
566 4186 793 4255 lapidart'
821 4205 906 4243 eos
934 4191 1091 4244 coluit
1124 4190 1277 4246 Deus.
1303 4224 1374 4234 —-
1396 4196 1667 4251 Attemlite
1698 4199 1876 4267 igitur,

265 4288 474 4347 quarso,
500 4285 555 4331 ct
582 4275 685 4332 hoc
713 4278 836 4349 igne
866 4280 1053 4335 relicto
1080 4282 1147 4337 ad
1177 4298 1450 4340 sacrarum
1480 4287 1876 4358 Scripturarum

268 4366 451 4422 lumen
476 4367 713 4422 animum
740 4369 1009 4426 adhibete.
1041 4373 1218 4429 Alium
1242 4377 1384 4430 enim
1409 4378 1739 4447 principatus
1766 4397 1876 4436 mo

264 4457 397 4513 dum
437 4459 598 4515 statui
632 4459 849 4528 dicere,
879 4467 967 4534 qui
1007 4482 1112 4519 non
1143 4483 1171 4519 a
1206 4478 1459 4537 peccato,
1494 4471 1587 4526 sed
1622 4488 1651 4526 a
1690 4483 1877 4528 natura

267 4547 383 4617 ipsa
424 4550 587 4606 traxit
624 4552 906 4622 originem.
940 4558 1071 4623 Quis
1114 4558 1203 4613 ille
1247 4576 1406 4627 porro
1439 4565 1560 4617 est?
1592 4564 1876 4621 Parentqu

268 4638 323 4692 in
364 4638 583 4695 liberos.
623 4641 722 4697 Est
758 4644 902 4699 enim
944 4650 1309 4704 remuneratio
1343 4664 1525 4719 partus
1556 4654 1727 4708 honor
1755 4644 1897 4713 iste.

270 4731 558 4801 I‘mpterra
586 4735 801 4805 sapiens
824 4739 1090 4807 quispiam
1114 4741 1245 4796 dicit
1279 4762 1291 4796 :
1325 4745 1485 4811 Quasi
1510 4747 1729 4803 dominis
1751 4754 1877 4805 servi

264 4824 330 4877 iis
351 4864 363 4881 .
396 4826 481 4893 qui
513 4835 561 4879 te
584 4840 864 4897 genuerunt
894 4830 1080 4901 (Ereti.
1111 4834 1163 4887 3.
1194 4834 1268 4903 8).
1309 4836 1507 4891 Deinde
1534 4856 1749 4895 causam
1780 4844 1875 4895 ad-

266 4913 379 4982 jicit
410 4914 594 4970 dtcens
623 4935 637 4971 ;
666 4918 803 4984 Quid
826 4922 959 4974 enim
983 4922 1229 4979 retribues
1258 4927 1383 4992 illis,
1410 4933 1661 4997 quomodo
1691 4934 1768 4986 illi
1790 4935 1879 4988 tibi

264 5003 444 5071 (Ibid.
474 5007 529 5060 7.
559 5007 710 5079 30)?
758 5011 991 5067 Tametsi
1024 5016 1151 5082 quid
1180 5019 1394 5073 tandem
1422 5032 1503 5076 est
1524 5063 1537 5083 ,
1567 5025 1707 5093 quod
1740 5026 1879 5083 ﬁlius

267 5096 408 5164 putri
445 5098 749 5156 retribuere
791 5118 896 5156 non
936 5109 1143 5172 possit?
1175 5107 1315 5163 Nihil
1343 5126 1476 5181 ergo
1508 5114 1649 5168 aliud
1684 5128 1879 5185 praeter

267 5186 373 5243 hoc
401 5187 529 5244 dicit
561 5208 576 5243 :
607 5190 677 5248 Ut
702 5203 752 5248 te
778 5195 875 5263 ipsi
906 5213 1224 5266 genuerunt,
1256 5213 1310 5258 tu
1338 5206 1456 5261 illos
1480 5208 1697 5277 gignere
1723 5214 1877 5266 mini-

269 5293 360 5335 me
405 5282 622 5351 poteris.
656 5286 880 5349 Quando
917 5288 1076 5357 igitur
1114 5293 1167 5347 in
1214 5295 1313 5350 hac
1358 5314 1415 5352 re
1456 5298 1558 5353 illis
1597 5302 1879 5361 inferiores

271 5385 479 5435 sumus,
510 5373 726 5429 aliunde
756 5377 895 5443 illos,
928 5380 1119 5435 delatis
1150 5386 1278 5453 ipsis
1310 5388 1623 5455 honoribus,
1657 5410 1879 5465 Supere-

269 5476 412 5525 tuus,
442 5478 547 5516 non
576 5469 646 5519 ob
675 5467 843 5536 legem
874 5480 1079 5528 natura:
1110 5485 1334 5541 tantum,
1362 5482 1455 5535 sed
1482 5494 1606 5539 ante
1632 5498 1874 5543 naturam

267 5552 340 5607 ob
370 5553 465 5609 Dei
502 5555 771 5611 timorem.
804 5559 1025 5615 Multum
1055 5566 1196 5620 enim
1232 5581 1477 5635 parentes
1504 5590 1531 5624 ει
1566 5576 1748 5631 liberis
1778 5579 1875 5633 hu-

272 5646 447 5703 ttorari
478 5647 589 5701 vult
622 5648 765 5704 Deus
794 5668 805 5703 :
837 5642 1005 5722 et'qui
1038 5654 1137 5710 boc
1178 5658 1434 5725 fecerint,
1476 5667 1681 5734 inagnis
1724 5668 1877 5725 bouis

334 5758 354 5822 ξ
389 5765 527 5822 ueg.,
550 5758 709 5821 ignem
728 5774 874 5822 super
897 5771 1079 5814 terram
1103 5772 1331 5819 nerei-do.

334 5818 406 5880 (α)
434 5818 702 5882 Lampadi-5
726 5818 830 5873 sive
855 5823 1067 5877 lucerna:
1094 5834 1137 5879 in
1165 5818 1369 5882 verit-Sta
1396 5836 1804 5891 accendebantur.

1587 397 1652 453 IN
1692 392 1996 451 GENESN
2037 394 2274 450 SEllill)
2312 392 2401 451 ιν.

3491 394 3597 452 5θό

1984 519 2359 561 remuneratur
2384 521 2448 561 ac
2473 504 2651 567 donis.
2675 519 2773 561 eos
2803 519 2932 559 vero
2958 504 3045 574 qui
3074 503 3244 574 legem
3277 507 3597 574 transgressi

1981 599 2199 666 fuerint,
2228 598 2435 669 magnis
2460 606 2513 654 et
2534 598 2790 668 gravibus
2814 597 2971 652 malis
2998 598 3167 666 punit.
3198 596 3300 665 Qui
3321 598 3599 653 math

1979 691 2065 755 rit,
2101 690 2290 760 inquit,
2324 690 2460 758 putri
2487 690 2563 743 vel
2594 689 2763 756 matri,
2796 698 2957 744 morte
2984 688 3231 742 moriatur
3252 688 3271 759 (
3292 687 3462 743 Exod.
3494 688 3599 744 2i.

1980 782 2096 847 l7).
2130 782 2219 837 Eis
2244 796 2394 848 vero,
2420 782 2509 851 qui
2540 781 2809 836 honorant
2834 780 2976 845 illos,
3006 780 3087 835 sic
3112 780 3226 834 ait:
3259 778 3473 835 Honora
3504 797 3603 848 pa-

1980 884 2108 930 trem
2133 885 2273 928 tuum
2300 885 2346 930 et
2378 886 2588 928 matrem
2617 884 2778 940 tuum,
2806 882 2860 927 ut
2888 874 3011 929 bene
3038 873 3101 927 sit
3127 872 3216 927 tibi
3244 889 3263 925 :
3290 882 3337 926 et
3362 873 3461 927 eris
3481 873 3603 927 lon-

1980 985 2150 1041 garum
2174 986 2330 1039 super
2359 978 2548 1023 terram
2579 968 2792 1039 (Exod.
2822 968 2915 1025 20.
2952 969 3019 1025 12
3038 971 3077 1039 ).
3114 968 3269 1037 Quod
3296 970 3601 1027 niaximum

1980 1078 2102 1119 esse
2130 1063 2327 1119 bonum
2356 1072 2630 1129 censetur,
2662 1065 2872 1119 beatam
2909 1063 3117 1119 scilicet
3155 1071 3515 1127 senectutem,
3544 1071 3602 1118 et

1981 1155 2107 1210 vitae
2150 1155 2509 1226 prolixitatem
2536 1196 2551 1222 ,
2600 1152 2705 1210 hoc
2748 1154 3030 1224 proposuit
3074 1152 3356 1224 premium
3407 1152 3471 1208 iis
3509 1151 3600 1222 qui

1983 1246 2131 1316 ipsos
2170 1246 2480 1301 bonorarint
2511 1262 2524 1299 :
2555 1255 2611 1301 et
2634 1244 2778 1315 quod
2818 1260 3089 1300 summum
3129 1258 3253 1300 esse
3284 1243 3484 1298 malum
3518 1243 3603 1297 vi-

1982 1338 2159 1402 detur,
2189 1347 2415 1393 mortem
2444 1336 2785 1391 immaturam
2806 1377 2822 1403 ,
2852 1335 2956 1389 hoc
2986 1335 3038 1389 in
3072 1349 3285 1404 poenam
3320 1336 3602 1404 proposuit

1984 1429 2050 1484 iis
2075 1470 2089 1495 ,
2122 1429 2212 1500 qui
2239 1428 2615 1484 contumeliosi
2645 1428 2701 1483 in
2727 1442 2823 1483 eos
2850 1426 3044 1481 fuerint
3076 1445 3089 1479 :
3117 1434 3279 1496 atque
3306 1426 3377 1479 ita
3405 1424 3602 1482 horum

1982 1521 2199 1590 quidem
2230 1519 2660 1575 benevolentiam
2685 1518 2786 1576 sibi
2814 1517 3037 1573 honoris
3066 1516 3450 1586 pollicitatione
3469 1530 3603 1571 con-

1981 1612 2150 1678 ciliat,
2185 1612 2308 1667 illus
2335 1627 2463 1667 vero
2490 1615 2653 1667 etiam
2682 1610 2879 1665 invitos
2909 1624 3081 1679 ιιωιιευ
3110 1607 3397 1663 formidine
3421 1622 3451 1659 a
3479 1621 3601 1661 con-

1984 1705 2203 1760 tumelia
2247 1713 2482 1759 revocat.
2529 1702 2646 1757 Non
2695 1701 2869 1757 solum
2909 1702 3053 1757 enim
3093 1701 3231 1754 mori
3277 1696 3600 1768 parricidam

1979 1797 2151 1867 jubet,
2177 1812 2351 1868 neque
2373 1797 2655 1867 abreptum
2678 1810 2706 1849 a
2726 1794 2928 1866 judicio
2955 1809 3049 1863 per
3072 1793 3245 1847 forum
3268 1806 3300 1847 a
3322 1790 3604 1846 lictoribus

1981 1888 2173 1955 educi,
2204 1903 2379 1958 neque
2406 1897 2559 1944 extra
2596 1888 2867 1943 civitatem
2899 1885 3073 1955 capite
3106 1883 3342 1939 truncari
3378 1900 3393 1937 :
3422 1881 3517 1938 sed
3547 1882 3601 1937 in

1986 1981 2221 2036 mediam
2248 1981 2520 2036 civitatem
2546 1979 2762 2035 deducit
2790 1979 2963 2049 ipsum
2991 1986 3160 2047 pater,
3188 1984 3244 2031 et
3267 1974 3472 2044 absque
3496 1973 3603 2027 alia

1982 2074 2170 2145 quavis
2216 2074 2530 2143 probatione
2561 2072 2695 2127 fides
2726 2071 2801 2127 illi
2840 2071 3069 2126 habetur
3099 2088 3114 2124 :
3146 2085 3213 2125 ac
3245 2068 3442 2125 merito
3476 2066 3598 2137 ῳιὶτ

1982 2166 2128 2223 dem.
2158 2166 2291 2221 Nam
2321 2165 2413 2236 qui
2449 2166 2705 2235 pecunias
2743 2172 2813 2229 et,
2836 2178 3061 2233 corpora
3108 2172 3159 2218 et
3198 2160 3344 2216 aliud
3387 2158 3602 2231 quidvis

1985 2273 2083 2328 pro
2124 2258 2236 2312 filio
2277 2257 2507 2314 libenter
2547 2255 2915 2327 impenderet,
2954 2271 3245 2325 numquam
3290 2254 3409 2323 ejus
3449 2252 3603 2307 fieret

1982 2358 2287 2413 accusator,
2323 2348 2426 2403 nisi
2461 2362 2671 2404 summa
2711 2347 2781 2403 ab
2820 2347 2914 2402 illo
2954 2345 3146 2415 injuria
3178 2352 3325 2401 esset
3352 2342 3599 2399 allectus.

1986 2441 2209 2496 Deducit
2250 2442 2413 2512 igitur
2440 2441 2591 2497 illtun
2620 2440 2673 2495 in
2710 2438 2949 2495 medium
2980 2437 3210 2493 civitatis
3230 2478 3247 2503 ,
3278 2436 3473 2491 deinde
3503 2451 3602 2505 po-

1984 2535 2110 2606 pulo
2135 2535 2398 2592 advocato
2427 2535 2825 2592 accusationem
2855 2535 3200 2604 pronuntiat:
3230 2533 3321 2601 qui
3351 2545 3480 2586 vero
3506 2546 3603 2585 au-

1981 2630 2156 2690 diunt,
2185 2628 2378 2700 singuli
2410 2638 2627 2699 arrepto
2652 2628 2833 2697 lapide
2866 2626 3189 2696 parricidam
3216 2624 3370 2679 illum
3401 2637 3601 2692 percu-

1986 2721 2144 2775 tiunt.
2191 2719 2307 2776 Non
2351 2721 2499 2776 enim
2546 2728 2880 2790 specuttorcs
2922 2727 3131 2773 tantum
3179 2714 3462 2786 supplicii,
3504 2712 3600 2767 sed

1984 2813 2147 2868 etiam
2177 2812 2454 2869 ministros
2479 2827 2576 2869 eos
2608 2826 2732 2868 esse
2760 2810 2869 2866 vult
2904 2811 3200 2881 legislator,
3231 2818 3290 2863 ut
3317 2823 3441 2864 cum
3471 2805 3603 2861 des-

1986 2913 2157 2960 teram
2184 2918 2339 2960 suam
2358 2905 2586 2976 quisque
2612 2905 2979 2974 conspexerit,
3010 2918 3112 2973 qua
3145 2900 3378 2972 lapidem
3402 2909 3457 2956 et
3485 2899 3604 2969 ipse

1985 2996 2047 3051 in
2070 2996 2347 3066 parricida:
2370 3005 2530 3067 caput
2561 2996 2807 3065 projecit,
2834 2996 2934 3049 hac
2959 2992 3249 3049 suftlcienti
3276 2990 3605 3047 admonitio-

1986 3102 2054 3142 ne
2092 3087 2384 3142 instrucuts
2423 3087 2487 3142 ad
2524 3087 2805 3141 meliorem
2844 3086 3050 3153 frugem
3080 3090 3386 3138 revocetur.
3415 3080 3606 3151 Neque

1987 3196 2120 3237 vero
2154 3180 2205 3236 id
2249 3183 2426 3237 solum
2450 3223 2464 3246 ,
2498 3181 2593 3237 sed
2635 3166 2690 3235 et
2728 3180 2870 3234 aliud
2916 3178 3070 3233 nobis
3103 3177 3276 3234 innuit
3305 3175 3604 3247 legislator,

1985 3292 2111 3331 eum
2141 3276 2415 3338 nimirum.
2445 3276 2535 3344 qui
2566 3275 2892 3331 contumelia
2924 3280 3176 3342 parentes
3200 3270 3464 3335 ali‘ecerit,
3493 3285 3613 3326 non

1987 3367 2109 3421 illos
2134 3374 2361 3433 tantum,
2392 3366 2485 3421 sed
2514 3367 2678 3421 etiam
2715 3380 2906 3420 omnes
2936 3364 3182 3419 homines
3212 3362 3441 3418 laesisse.
3470 3360 3606 3416 Pro-

1987 3467 2167 3525 pterea
2206 3468 2430 3512 cunctos
2469 3456 2536 3511 ad
2578 3456 2824 3527 supplicii
2863 3456 3195 3510 consortium
3234 3462 3421 3517 vocat,
3449 3453 3604 3524 quasi

1985 3548 2312 3602 contumelia
2355 3548 2551 3603 fuerint
2592 3548 2671 3602 all'
2686 3549 2768 3601 -cti
2800 3561 2990 3601 omnes
3015 3588 3030 3612 ,
3063 3562 3127 3601 ac
3155 3547 3413 3616 populum
3443 3545 3605 3600 simul

1985 3648 2039 3692 et
2080 3649 2247 3694 totam
2276 3650 2536 3694 convocat
2577 3641 2851 3695 civitatem
2875 3681 2890 3705 ,
2922 3649 2977 3692 ut
3016 3639 3251 3702 doceat,
3282 3651 3379 3693 eos
3407 3636 3607 3707 quibus

1986 3731 2118 3785 nihil
2147 3741 2232 3786 est
2258 3747 2542 3787 commune
2569 3748 2691 3787 cmn
2733 3732 2837 3785 illis
2865 3732 2955 3802 qui
2991 3714 3170 3786 affecti
3208 3739 3333 3787 sunt
3372 3730 3602 3799 injuria.

1987 3824 2039 3877 in
2062 3838 2157 3877 eos
2184 3823 2551 3893 indignatione
2577 3826 2937 3889 commoveri,
2964 3824 3055 3892 qui
3082 3823 3459 3878 contumeiiosi
3492 3822 3606 3877 fuc-

1986 3917 2091 3971 rint
2134 3916 2188 3971 in
2231 3926 2521 3986 parentes,
2560 3926 2831 3986 tamquam
2872 3918 2924 3971 in
2964 3931 3309 3971 communem
3354 3924 3603 3971 naturatu

1984 4006 2213 4063 cadente
2243 4008 2437 4077 injuria
2463 4050 2476 4069 ,
2512 4018 2673 4074 utque
2701 4008 2861 4063 talem
2900 4007 3178 4063 hominem
3202 4007 3358 4078 quasi
3396 4015 3606 4076 pestem

1985 4098 2271 4168 quamdam
2298 4115 2749 4168 communemque
2788 4101 3039 4153 morbum
3082 4113 3190 4152 non
3229 4113 3294 4153 ex
3339 4097 3472 4151 urbe
3511 4111 3605 4150 so.

1986 4190 2117 4255 lum,
2150 4190 2244 4246 sed
2272 4207 2337 4246 ex
2367 4192 2477 4259 ipsa
2509 4208 2725 4263 quoque
2752 4193 2859 4245 vita
2885 4192 3122 4261 ejiciant.
3151 4190 3334 4247 Hostis
3352 4191 3498 4246 enim
3512 4201 3607 4247 .est

1986 4282 2068 4337 vir
2096 4282 2396 4352 ejusmodi,
2438 4295 2493 4338 et
2532 4286 2771 4339 onmium
2811 4286 3114 4340 communis
3155 4285 3439 4349 inimicus,
3473 4285 3606 4349 Dei,

1986 4386 2213 4441 naturae,
2238 4376 2434 4445 legum.
2456 4386 2510 4431 et
2525 4377 2766 4432 onmium
2789 4388 3033 4433 nostrum
3054 4378 3371 4433 viventium.
3398 4376 3609 4435 Idcirco

1984 4466 2146 4521 simul
2184 4482 2373 4522 omnes
2412 4468 2628 4537 aggredi
2671 4469 2877 4525 caedem
2914 4469 3098 4539 jubet,
3141 4477 3201 4524 ut
3236 4469 3605 4540 expiationem

1985 4558 2273 4626 quamdam
2302 4559 2544 4627 perﬁciat
2573 4561 2825 4615 civitatis.
2855 4562 3016 4617 Multa
3044 4562 3205 4617 vobis
3224 4563 3362 4617 bona
3391 4564 3604 4618 contin-

1984 4659 2131 4719 gant,
2156 4651 2294 4721 quod
2320 4661 2463 4706 tanta
2478 4667 2601 4707 cum
2626 4652 2901 4722 voluptate
2920 4654 2989 4708 de
3014 4655 3275 4725 parricida
3293 4671 3603 4712 sermonem

1984 4741 2307 4811 exceperitis
2332 4782 2346 4807 ,
2376 4758 2439 4797 ac
2465 4743 2699 4812 lapidum
2733 4745 2855 4800 loco
2881 4746 3103 4801 vOCIbus
3133 4747 3280 4801 illum
3317 4762 3602 4816 percusse-

1986 4833 2139 4887 ritis:
2171 4834 2269 4887 hoc
2306 4837 2450 4888 enim
2496 4837 2750 4891 imlicimn
2792 4838 3025 4907 ingentis
3054 4839 3564 4895 est.benevolenti.r
3585 4879 3609 4907 ,

1985 4939 2087 4991 qua
2118 4936 2322 4993 patrem
2351 4940 2507 4980 suum
2537 4938 2775 4981 vestrum
2810 4931 3177 4999 unusquisque
3202 4931 3603 5000 comp'ertitur.

1985 5015 2137 5071 Tunc
2174 5020 2316 5072 enim
2358 5023 2625 5091 principue
2672 5024 2853 5091 leges,
2894 5039 3012 5091 qute
3052 5024 3245 5079 delicta
3288 5025 3603 5094 vindicant,

1987 5107 2205 5163 laudare
2238 5113 2651 5177 consuevimus,
2682 5131 2804 5169 cum
2836 5116 3151 5170 delictorum
3184 5117 3280 5187 ipsi
3312 5118 3468 5172 nobis
3499 5119 3601 5174 tui-

1988 5202 2129 5253 nimc
2169 5203 2368 5255 conscii
2414 5203 2693 5261 fuerimus.
2744 5207 2847 5261 l‘ro
2891 5208 2970 5260 bis
3012 5208 3171 5275 igitur
3204 5210 3457 5265 omnibus
3495 5212 3603 5266 cle-

1986 5296 2148 5347 menti
2192 5295 2302 5348 Deo
2341 5298 2541 5365 gratias
2583 5314 2839 5367 agamus,
2883 5302 2972 5370 qui
3016 5304 3136 5355 vita:
3177 5312 3376 5357 nostrze
3416 5320 3601 5357 curam

1984 5388 2143 5455 gerit,
2172 5390 2259 5456 qui
2293 5392 2599 5457 parentibus
2629 5394 2893 5457 providet,
2922 5396 3008 5462 qui
3038 5394 3106 5449 de
3135 5396 3315 5451 liberis
3341 5408 3425 5452 est
3448 5399 3601 5452 solli-

1984 5477 2141 5540 citus,
2167 5488 2221 5531 et
2244 5496 2338 5546 pro
2362 5490 2542 5535 nostra
2567 5484 2741 5537 salute
2760 5497 2948 5539 cuncta
2974 5487 3229 5555 disponit.
3257 5490 3433 5555 Ipsum
3454 5491 3599 5544 enim

1984 5566 2141 5621 decet
2165 5570 2350 5639 gloria,
2384 5571 2576 5635 honor,
2606 5584 2659 5627 et
2691 5575 2954 5642 adoratio,
2991 5595 3091 5632 una
3120 5596 3241 5634 cum
3274 5581 3428 5635 Patre
3454 5584 3608 5649 prin-

1984 5660 2107 5729 cipii
2134 5675 2373 5732 experte,
2399 5682 2461 5719 ac
2488 5676 2676 5723 sancto
2696 5670 2920 5741 Spiritu,
2950 5690 3089 5728 nunc
3119 5686 3166 5729 et
3197 5691 3431 5744 semper,
3462 5686 3516 5730 et
3547 5678 3599 5733 in

1988 5756 2180 5811 stecula
2210 5760 2550 5817 surculorum.
2590 5763 2781 5819 Amen.
