4186 6324
1200 521 1431 579 δεκωο
1469 521 1511 576 v
1556 521 1654 592 (α).

639 659 792 728 Quod
813 676 911 713 non
938 666 1140 729 propter
1159 656 1411 710 Adatnum
1438 658 1696 725 punimur,
1718 662 1763 704 et
1785 651 1982 714 maiora
2009 662 2097 718 per
2114 661 2228 700 cum

708 753 839 806 bona
860 767 1015 822 quam
1041 747 1178 802 mala
1206 757 1322 802 sunt
1347 747 1650 815 importata,
1680 745 1724 798 si
1750 741 1892 796 nobis
1914 740 2040 810 ipsis
2064 747 2228 790 allen-

707 845 826 900 ἀπε
847 843 1149 898 uoluerimus
1166 859 1184 896 :
1205 852 1251 896 et
1274 839 1515 894 adea-sus
1537 855 1624 893 eos
1642 836 1730 907 qui
1755 850 2002 905 pauperes
2023 839 2227 895 preter-

707 947 826 991 ειη(
832 975 846 991 ο

709 1075 759 1129 1.
791 1073 895 1127 Vos
922 1071 1134 1142 quidem
1164 1071 1389 1125 fortasse
1420 1081 1518 1122 nos
1553 1079 1770 1119 onmem
1807 1062 2002 1134 putatis
2029 1061 2096 1115 de
2125 1060 2225 1114 do-

637 1167 840 1221 minatu
874 1163 1166 1217 absolvisse
1206 1173 1510 1216 sermonem
1544 1175 1561 1212 :
1590 1167 1642 1211 at
1671 1171 1772 1226 ego
1802 1154 2027 1207 multum
2056 1151 2230 1206 adhuc

637 1255 694 1309 in
720 1269 788 1309 eo
815 1254 969 1308 video
1003 1251 1230 1307 fructum
1271 1264 1548 1320 apparere.
1591 1247 1697 1304 Sed
1731 1262 1798 1301 ne
1825 1243 2184 1314 defatigemini
2211 1284 2227 1304 .

635 1359 846 1416 quaso.
884 1358 1162 1413 quousque
1193 1352 1361 1396 totum
1404 1341 1576 1411 ipsum
1607 1337 2052 1407 dccerpscrimus.
2097 1332 2227 1387 Nam

635 1448 690 1492 ct
717 1435 997 1504 diligentes
1036 1434 1280 1504 agricolae
1309 1448 1429 1487 eum
1461 1432 1620 1485 vitem
1652 1428 1796 1484 foliis
1821 1436 2121 1482 comantem
2152 1424 2232 1477 vi-

636 1527 847 1591 derint,
879 1535 934 1580 et
961 1526 1130 1579 multo
1157 1525 1331 1578 fructu
1357 1529 1630 1577 oneratam
1650 1561 1667 1585 ,
1696 1534 1801 1574 non
1831 1528 2084 1574 externos
2113 1526 2230 1570 tan—

638 1629 751 1673 tum
789 1617 1105 1672 abscindunt
1150 1628 1430 1678 racemos,
1468 1612 1562 1668 sed
1599 1621 1653 1667 et
1697 1610 1920 1666 ulterius
1962 1606 2231 1679 progressi

637 1710 882 1781 palmites
922 1707 1296 1777 confringuut.
1342 1718 1396 1760 et
1445 1705 1572 1760 folia
1617 1713 1908 1769 coercent,
1952 1703 2026 1757 ita
2066 1711 2125 1759 ut
2161 1716 2229 1757 ne

638 1799 840 1854 minimi
883 1799 1098 1868 quidem
1147 1799 1285 1852 acini
1331 1810 1664 1851 raecmorum
1710 1793 1991 1850 frondibus
2032 1793 2228 1849 obtecti

637 1892 852 1946 lateant.
883 1889 1056 1945 Nolite
1082 1889 1241 1961 igitur
1265 1888 1674 1959 negligentiores
1705 1887 1807 1942 illis
1835 1885 2031 1953 videri,
2058 1900 2230 1956 neque

639 1984 946 2053 priusquam
972 1991 1139 2036 totum
1167 1998 1195 2036 a
1224 1982 1376 2036 vobis
1398 1977 1467 2035 sit
1490 1989 1766 2050 acceptum
1799 1980 2031 2035 reeedite
2055 1998 2068 2034 :
2093 1995 2231 2050 pra:-

635 2073 822 2128 sertim
862 2086 984 2127 cum
1027 2073 1176 2127 labor
1213 2071 1427 2142 quidem
1470 2085 1655 2138 meus,
1697 2070 1898 2126 fructus
1939 2079 2118 2126 autem
2161 2071 2231 2125 sit

638 2173 834 2219 νοςιθτ.

706 2253 810 2309 Cur
839 2252 901 2307 ob
937 2253 1090 2308 unius
1127 2262 1390 2324 peccatum
1419 2253 1512 2307 alii
1546 2253 1842 2322 puniantur.
1870 2282 1942 2292 --
1969 2252 2232 2308 Hesterno

635 2345 724 2400 die
767 2344 1019 2399 mulieres
1056 2343 1455 2406 accusavimus,
1486 2344 1568 2398 vel
1599 2344 1775 2413 potius
1802 2359 1906 2397 non
1940 2344 2226 2410 mulieres,

633 2435 730 2492 sed
778 2431 940 2490 Evam
985 2434 1126 2505 quod
1177 2450 1272 2504 per
1323 2444 1595 2504 peccatum
1646 2436 1957 2489 servitutem
2008 2434 2228 2490 invexit.

635 2525 887 2580 Fortasse
911 2524 1091 2579 dicent
1123 2525 1272 2577 nobis
1305 2525 1556 2579 mulieres
1584 2543 1598 2577 :
1625 2525 1822 2592 Quare,
1849 2540 1970 2579 cum
1997 2525 2080 2578 illa
2110 2541 2231 2594 pec-

634 2624 830 2678 casset,
863 2630 960 2670 nos
984 2616 1248 2669 damnata:
1275 2613 1496 2679 fuimus,
1518 2622 1571 2667 et
1598 2615 1754 2667 unius
1784 2629 2027 2683 personae
2053 2616 2232 2683 lapsus

636 2705 766 2772 fuit,
797 2705 1002 2759 crimen
1041 2715 1218 2760 autem
1261 2718 1422 2759 sexus
1464 2703 1668 2758 totius?
1698 2705 1810 2758 lloc
1848 2706 2009 2759 etiam
2050 2705 2231 2761 dicere

634 2797 776 2852 servi
824 2806 1040 2867 possent
1073 2796 1249 2864 :Quid
1288 2810 1464 2850 causze
1503 2807 1578 2850 est
1621 2810 1752 2859 cur,
1781 2811 1902 2849 cum
1931 2796 1986 2849 in
2023 2804 2229 2866 patrem

637 2889 1054 2944 contumeliosus
1094 2888 1279 2940 fuisset
1315 2886 1568 2940 Chanaan
1608 2885 1719 2959 (ὁ),
1757 2885 1824 2940 ad
1865 2895 2032 2940 totum
2063 2900 2233 2956 genus

638 2996 792 3051 parua
820 2979 1109 3034 transivit?
1135 2979 1198 3032 Ει
1223 2977 1312 3046 qui
1341 2979 1678 3046 magistratus
1708 2977 2074 3044 reformidant,
2107 2993 2232 3048 pos-

636 3081 757 3126 sent
785 3070 1022 3139 objicere
1053 3087 1067 3122 :
1095 3067 1203 3123 Cur
1230 3069 1441 3122 tandem
1469 3069 1678 3122 czeteris
1712 3068 1972 3123 scelerate
2003 3069 2230 3123 viventi-

637 3162 738 3216 bus
772 3161 872 3231 ipsi
907 3161 1039 3230 jugo
1071 3159 1343 3214 servitutis
1372 3157 1567 3213 addicti
1606 3157 1768 3213 sunt?
1797 3158 1933 3226 Quid
1965 3160 2124 3229 igitur
2149 3159 2233 3214 bis

637 3254 886 3310 omnibus
907 3253 1381 3324 respondebimus?
1400 3252 1671 3322 Siquidem
1694 3270 1794 3308 una
1816 3253 2081 3310 solutione
2096 3271 2234 3325 qua:-

636 3345 899 3400 stiouibus
926 3344 1043 3399 istis
1068 3345 1314 3398 omnibus
1341 3343 1565 3398 satisfiet
1597 3362 1609 3397 :
1643 3345 1846 3414 priores
1873 3346 2086 3414 quidem
2115 3346 2234 3401 illos

637 3451 889 3506 peccasse
913 3477 928 3502 ,
956 3451 1018 3490 ac
1045 3451 1138 3490 sua
1179 3437 1612 3505 praevaricatione
1639 3437 1950 3490 servitutem
1995 3438 2238 3492 introdu-

639 3529 819 3594 xisse;
851 3542 1033 3581 verum
1063 3526 1418 3582 introductam
1459 3526 1603 3580 illam
1644 3527 1967 3595 posteriores
2003 3529 2234 3596 peccatis

639 3620 750 3674 suis
778 3619 1144 3674 conﬁrmasse.
1173 3617 1304 3672 Nam
1324 3618 1373 3691 si
1399 3618 1611 3686 quidem
1645 3629 1901 3686 perpetuo
1930 3632 1990 3673 se
2017 3627 2236 3688 possent

639 3727 669 3764 a
701 3711 931 3780 peccatis
965 3714 1229 3764 immunes
1258 3709 1578 3774 ostendere,
1607 3709 1727 3776 jure
1759 3710 1982 3765 fortasse
2020 3721 2235 3779 possent

640 3802 1008 3856 contradicere
1045 3817 1062 3855 :
1094 3800 1175 3855 sin
1218 3809 1394 3855 autem
1443 3802 1622 3854 nmltis
1669 3801 1766 3870 ipsi
1806 3816 2018 3870 quoque
2065 3804 2238 3872 poenis

642 3905 766 3949 sunt
792 3893 1028 3959 obnoxii,
1061 3893 1251 3947 frustra
1285 3892 1384 3947 hac
1411 3895 1754 3947 excusatione
1780 3908 1837 3947 se
1869 3903 2100 3950 tuentur.
2127 3895 2238 3965 Ego

642 3986 784 4040 enim
823 4001 926 4038 non
961 3984 1069 4038 dixi
1092 4027 1106 4048 ,
1149 3994 1424 4053 peccatum
1449 3984 1568 4051 jam.
1592 3985 1900 4038 servitutem
1930 3999 2035 4038 non
2065 3985 2236 4039 intro-

642 4081 838 4134 ducere
858 4122 871 4144 ,
898 4079 990 4135 sed
1021 4093 1180 4133 omne
1208 4088 1481 4148 peccatum
1508 4092 1629 4132 cum
1661 4079 1915 4132 servitute
1949 4093 2069 4135 esse
2103 4093 2236 4134 con-

640 4170 903 4240 junctum,
933 4169 1066 4223 etin
1097 4172 1294 4238 peccati
1329 4179 1590 4224 naturam.
1621 4183 1724 4222 non
1758 4170 1809 4222 in
1839 4169 2006 4224 solam
2036 4171 2236 4239 peccati

645 4261 1000 4316 differentiam
1038 4275 1250 4314 causam
1292 4259 1472 4328 rejeci.
1511 4258 1580 4313 Ut
1620 4258 1777 4328 igitur
1809 4275 1995 4314 omnes
2024 4261 2235 4329 quidem

648 4353 967 4408 incurabiles
990 4354 1158 4406 morbi
1189 4361 1416 4406 mortem
1441 4350 1693 4416 inferunt,
1725 4366 1828 4404 non
1851 4366 2037 4429 omnes
2063 4361 2238 4406 tamen

647 4448 885 4518 ejusdem
927 4453 1055 4500 sunt
1097 4456 1296 4499 natur.e
1329 4464 1342 4498 :
1372 4445 1448 4498 sic
1485 4453 1540 4498 et
1572 4444 1750 4497 omnia
1780 4444 1994 4514 quidem
2025 4455 2239 4515 pet-cata

648 4544 860 4611 pariunt
887 4540 1228 4600 servitutem,
1262 4553 1365 4591 non
1397 4545 1574 4590 tamen
1615 4535 1853 4604 ejusdem
1887 4547 2089 4590 natura:
2118 4547 2241 4592 sunt

649 4633 850 4686 omnia.
885 4632 1129 4685 Peccavit
1159 4631 1288 4692 Eva,
1314 4646 1434 4684 cum
1465 4631 1661 4698 lignum
1683 4630 1936 4698 gustavit,
1961 4639 2014 4683 et
2043 4630 2242 4684 idcirco

651 4723 899 4777 damnata
929 4729 1030 4776 est.
1064 4722 1351 4789 Propterea
1398 4721 1503 4772 noli
1538 4728 1591 4770 tn
1629 4734 1812 4771 rursus
1841 4720 1984 4773 aliud
2015 4721 2107 4773 illo
2137 4719 2244 4773 for-

650 4827 793 4870 tasse
816 4814 1053 4868 deterius
1083 4821 1354 4883 peccatum
1380 4812 1736 4865 connnittere.
1769 4811 1879 4865 Iloc
1902 4820 1954 4864 et
1980 4811 2048 4865 de
2075 4813 2244 4866 servis

649 4909 844 4962 merito
886 4906 1179 4961 dixerimus
1203 4948 1217 4971 ,
1253 4906 1353 4959 hoc
1395 4914 1448 4958 ct
1490 4906 1558 4959 de
1600 4906 1701 4958 illis
1730 4906 1818 4974 qui
1851 4906 2246 4974 magistratibus

652 4999 895 5062 subsunt,
930 4998 1127 5065 pritnos
1158 4999 1403 5050 nimirum
1433 5005 1705 5064 peceatum
1738 4997 2116 5059 introduxissc,
2154 5013 2244 5066 p0-

651 5101 826 5145 steres
851 5099 1029 5143 autem
1055 5088 1397 5142 succedentes
1423 5086 1723 5140 dominatus
1749 5088 1995 5141 virtutem
2023 5090 2132 5142 suis
2159 5105 2244 5143 re-

654 5181 877 5236 tinuisse
907 5180 1138 5235 delictis.
1172 5180 1390 5232 l‘ossutn
1421 5187 1474 5242 et,
1500 5179 1600 5231 alia
1627 5177 1939 5234 defensione
1969 5181 2041 5234 uti
2069 5182 2244 5250 :quod

657 5275 806 5327 multi
838 5289 1052 5344 nempe,
1085 5288 1203 5326 oum
1234 5273 1298 5325 ad
1329 5255 1576 5325 virtutem
1606 5274 1828 5343 regressi
1857 5286 2059 5338 essent,
2092 5289 2120 5327 a
2151 5275 2246 5329 do-

658 5385 688 5420 n
717 5369 861 5422 i'iatn
891 5366 1087 5422 fuerint
1115 5365 1387 5419 vindicati.
1419 5365 1496 5418 Ac
1539 5365 1705 5433 prius,
1735 5365 1779 5419 si
1812 5366 2003 5434 placet,
2031 5367 2098 5422 de
2126 5383 2245 5421 mu-

719 5525 792 5588 (u)
830 5532 877 5574 In
900 5523 1235 5585 ealiceRegio
1255 5523 1380 5572 2542
1402 5523 1508 5574 haec
1544 5522 1740 5588 Humilia
1765 5539 1859 5574 non
1884 5530 1932 5575 tn
1971 5527 2103 5575 serie
2127 5524 2245 5575 alia-

659 5598 763 5638 rum
788 5592 994 5648 ponitur,
1023 5594 1074 5636 et
1095 5589 1290 5648 omnino
1313 5587 1712 5648 praetermittitur.

723 5647 797 5711 (ὸ)
829 5652 909 5696 llic
943 5657 1060 5710 puto
1099 5647 1333 5711 mendose
1353 5648 1461 5710 poni
1486 5647 1703 5711 Clianaan
1727 5662 1736 5708 ι
1756 5661 1812 5696 ro
1834 5650 1996 5707 chum,
2022 5657 2075 5698 ut
2098 5649 2246 5698 etiam

660 5713 706 5761 lu
732 5709 926 5759 ilitllliii‘l
950 5709 1244 5771 praecedenti
1270 5709 1384 5758 ﬁdit.
1413 5709 1574 5758 Morel.
1619 5711 1712 5758 Sed
1739 5712 1803 5758 ibi
1827 5717 1930 5762 Mss.
1955 5714 2246 5760 auctoritate

657 5774 875 5835 tltmupt
893 5785 1076 5821 sumtus
1105 5785 1119 5821 :
1145 5772 1220 5821 hic
1242 5786 1340 5821 non
1379 5773 1630 5831 audemus,
1665 5785 1778 5835 quia
1826 5781 1929 5822 Mss.
1957 5776 2102 5823 etiam
2125 5774 2244 5822 t‘ha-

664 5847 789 5882 ναίω
814 5834 1010 5884 habent.

1414 410 1467 464 S.
1512 407 1789 464 JOANNIS
1823 396 2300 460 ςιιιιῖειοετολιι
2353 397 2669 450 Al’tLLlllEl’.
2713 391 3254 450 CUNSTANTINOP.

3835 387 3956 442 εοο

2341 508 2563 563 lieribus
2589 521 2894 563 sermonem
2935 502 3294 568 instituamus,
3323 513 3383 557 ut
3415 501 3598 556 videas
3624 515 3735 570 quo
3763 512 3951 570 pacto,

2338 613 2462 652 cum
2487 598 2590 651 illis
2617 597 2824 652 vincula
2850 597 3039 651 beatus
3061 595 3256 649 Paulus
3279 592 3580 657 indidisset,
3609 596 3796 647 eadem
3825 608 3953 649 ωτι

2337 703 2428 743 sus
2457 688 2569 758 ipse
2598 689 2877 743 laxaverit.
2908 687 2968 740 Si
2995 703 3096 757 qua
3134 685 3334 751 mulier,
3366 683 3533 754 inquit
3552 726 3567 746 ,
3596 684 3756 738 cirum
3795 683 3956 735 habet

2335 779 2613 847 inﬁdelem,
2646 788 2691 833 et
2721 780 2804 833 hic
2826 780 3072 833 consentit
3099 777 3327 831 habitare
3349 792 3466 830 cunt
3494 777 3607 840 illa,
3635 793 3736 829 non
3766 775 3955 828 dimit-

2337 880 2412 924 tat
2450 872 2596 924 illum
2630 873 2715 943 (Ι.
2746 869 2864 926 Cor.
2904 872 2956 924 'l.
2990 871 3057 925 15
3077 874 3115 938 ).
3147 869 3261 937 Qua
3290 869 3360 923 de
3389 883 3548 923 causa
3569 869 3596 922 ἲ
3625 868 3772 922 Unde
3812 868 3961 921 enim

2337 963 2434 1016 scis
2455 1004 2470 1027 ,
2503 963 2705 1025 mulier,
2738 979 2807 1016 an
2835 963 2998 1016 virum
3027 972 3287 1016 servatura
3311 961 3382 1014 sis
3415 958 3591 1031 (Ibid.
3626 977 3674 1014 ν.
3711 957 3853 1025 16)ἳ
3883 958 3957 1014 Et

2336 1070 2446 1124 quo
2470 1062 2663 1124 pacto,
2695 1055 2905 1124 inquit,
2939 1055 3110 1108 virum
3150 1052 3345 1123 poterit
3377 1065 3594 1106 scrvare
3623 1051 3818 1105 mulier
3836 1049 3862 1102 τ
3891 1050 3953 1106 Si

2336 1146 2546 1212 doceat,
2573 1147 2616 1201 si
2649 1148 2894 1208 instruat.
2927 1147 2970 1200 si
3001 1145 3071 1201 de
3101 1146 3357 1215 religione
3393 1159 3696 1200 sermonem
3729 1142 3949 1198 inferat.

2337 1239 2495 1308 Atqui
2534 1238 2752 1294 dicebas
2791 1238 2933 1302 heri,
2965 1237 3122 1292 beate
3160 1237 3355 1302 Paule,
3388 1236 3594 1289 Mulieri
3623 1237 3807 1289 docere
3846 1252 3953 1287 non

2336 1330 2569 1400 permitto
2601 1330 2685 1399 (Ι.
2717 1328 2851 1383 Tim.
2882 1328 2940 1384 2.
2971 1327 3089 1400 12).
3123 1327 3223 1395 Qui
3257 1326 3315 1381 fit
3345 1327 3536 1397 igitur,
3568 1336 3626 1380 ut
3654 1326 3799 1380 illam
3834 1329 3954 1380 viro

2337 1423 2645 1491 magistram
2667 1420 2958 1476 adhibeas?
2976 1420 3094 1476 Non
3117 1435 3325 1476 mecum
3349 1420 3469 1489 ipse
3491 1433 3732 1489 pugnans
3749 1419 3800 1472 id
3823 1433 3949 1488 ago,

2336 1512 2430 1567 sed
2459 1527 2668 1566 meeum
2699 1510 2857 1567 valde
2883 1511 3184 1566 consentio.
3218 1510 3352 1564 Audi
3374 1551 3388 1572 ,
3417 1525 3602 1579 qumso
3628 1552 3640 1572 ,
3671 1517 3728 1562 et
3754 1523 3852 1562 cur
3881 1509 3952 1562 il-

2337 1605 2441 1660 lam
2472 1603 2761 1674 dejecerit,
2793 1613 2849 1659 et
2875 1619 2972 1658 cur
3001 1617 3186 1658 rursus
3215 1602 3280 1655 ad
3311 1601 3602 1672 magisterii
3631 1600 3951 1655 cathedram

2337 1695 2482 1750 illam
2512 1696 2768 1762 evexerit,
2795 1705 2852 1750 ut
2883 1694 3030 1749 Pauli
3059 1694 3375 1764 sapientiam
3405 1694 3600 1748 discas.
3634 1692 3824 1746 Doceat
3851 1695 3949 1755 vir.

2338 1788 2526 1857 inquit.
2558 1787 2694 1855 Quid
2727 1787 2836 1842 ita?
2862 1786 3064 1858 Quippe
3087 1788 3176 1856 qui
3210 1787 3446 1840 seductus
3472 1803 3571 1839 non
3599 1787 3666 1838 sit
3693 1789 3708 1853 (
3733 1787 3778 1838 Ι.
3809 1783 3950 1837 Tim.

2335 1877 2390 1933 2.
2437 1878 2558 1948 li).
2597 1877 2763 1932 Adam
2798 1880 2961 1943 enim,
3001 1877 3205 1947 inquit,
3238 1893 3339 1931 non
3374 1886 3448 1931 est
3477 1877 3735 1930 seductus.
3773 1876 3956 1928 Discat

2337 1969 2538 2036 mulier,
2579 1969 2768 2039 inquit.
2807 1969 2943 2035 Quid
2979 1968 3084 2022 ita?
3110 1968 3312 2038 Quippe
3339 1984 3456 2034 qua
3482 1968 3688 2021 seducta
3716 1969 3802 2020 sit.
3836 1967 3956 2020 Mn-

2339 2062 2438 2117 lier
2479 2064 2620 2118 enim
2665 2061 2884 2118 seducta
2935 2062 2988 2116 in
3035 2061 3476 2130 prmvaricatione
3522 2059 3638 2112 fuit.
3681 2059 3777 2114 llic
3818 2075 3956 2113 vero

2337 2154 2663 2207 contrarium
2706 2153 2972 2207 videmus.
3014 2152 3146 2208 Cum
3183 2152 3328 2206 enim
3363 2151 3440 2206 vir
3478 2150 3640 2206 fuerit
3678 2152 3952 2215 infidelis,

2339 2248 2530 2301 mulier
2566 2257 2743 2302 autem
2785 2245 2957 2300 fidelis
2981 2287 2996 2310 ,
3045 2247 3241 2300 Doceat
3266 2286 3280 2305 .
3323 2246 3530 2315 inquit,
3563 2245 3771 2298 mulier.
3799 2244 3948 2309 Quid

2339 2337 2443 2390 ita?
2473 2335 2605 2405 Quia
2635 2335 2853 2391 seducta
2887 2352 2992 2390 non
3025 2345 3127 2399 est,
3155 2350 3280 2390 cum
3309 2336 3379 2390 sit
3409 2335 3600 2390 fidelis.
3639 2336 3815 2390 Discat
3848 2336 3951 2404 igi-

2339 2436 2424 2480 tur
2449 2427 2552 2491 vir,
2579 2425 2700 2496 quia
2728 2427 2981 2481 seductus
3010 2435 3111 2490 est,
3142 2441 3264 2481 cum
3293 2427 3363 2481 sit
3401 2426 3490 2480 inii
3513 2426 3653 2480 lelis.
3683 2427 3952 2479 Commu-

2339 2528 2460 2572 tatas
2482 2528 2602 2571 sunt
2622 2515 2849 2571 docrndi
2873 2518 3016 2572 vices
3043 2535 3057 2573 :
3081 2526 3482 2572 commuteutur
3501 2519 3661 2571 etiam
3685 2516 3954 2584 deinceps

2338 2613 2482 2666 vices
2523 2608 2854 2666 dominandi.
2902 2609 3093 2675 Vides,
3132 2624 3240 2680 quo
3281 2619 3434 2679 pacto
3474 2609 3672 2680 ubique
3706 2610 3952 2664 ostendit

2337 2703 2647 2756 servitutem
2681 2717 2786 2755 non
2818 2713 3093 2768 naturam,
3127 2701 3220 2756 sed
3250 2700 3620 2770 deceptionem
3656 2711 3707 2755 et
3745 2716 3955 2770 pecca—

2340 2803 2450 2848 tum
2491 2792 2683 2863 sequi?
2715 2793 2867 2846 \'enit
2909 2794 3067 2862 igitur
3090 2792 3155 2847 ad
3190 2793 3469 2848 mulierem
3498 2792 3568 2847 ab
3607 2793 3753 2846 initio
3776 2792 3955 2848 dece-

2340 2887 2471 2955 ptio,
2497 2895 2716 2954 sequuta
2744 2895 2827 2939 est
2851 2884 3114 2952 subjectio
3139 2884 3510 2954 deeeptionem
3538 2885 3864 2953 :eonunigra
3876 2885 3954 2936 vit

2337 2978 2404 3032 ad
2431 2977 2602 3031 virum
2633 2975 2828 3032 deinde
2853 2975 3130 3045 deeeptio,
3162 2976 3533 3046 commigravit
3566 2991 3774 3046 quoque
3809 2977 3959 3028 sub-

2334 3073 2520 3142 jectio.
2547 3070 2612 3124 Et
2635 3069 2775 3124 sicut
2804 3069 2855 3123 in
2883 3069 3145 3138 principio
3171 3068 3411 3122 mulieris
3436 3068 3662 3121 salutem
3694 3068 3804 3119 viro
3829 3082 3958 3122 cre-

2339 3162 2508 3230 didit,
2535 3163 2657 3232 quia
2686 3161 2938 3218 seductus
2978 3176 3083 3214 non
3115 3171 3231 3216 erat
3252 3201 3268 3227 ,
3297 3161 3376 3214 sic
3411 3161 3597 3216 dicens
3621 3201 3633 3221 .
3663 3160 3742 3213 Ad
3775 3161 3959 3213 virum

2339 3255 2595 3309 convenio
2621 3265 2739 3317 tua,
2772 3264 2818 3307 et
2843 3254 2951 3322 ipse
2977 3256 3048 3305 lui
3075 3252 3418 3306 dominabitur
3441 3250 3593 3323 (Gen.
3621 3252 3674 3306 5.
3704 3251 3789 3316 l6)
3818 3270 3831 3302 :
3869 3253 3960 3307 sic

2339 3349 2500 3402 etiam
2539 3347 2642 3402 hoc
2675 3347 2792 3400 loco
2825 3361 2946 3399 cum
2985 3355 3130 3400 esset
3158 3345 3352 3400 mulier
3378 3345 3549 3399 fidelis
3572 3385 3587 3410 ,
3619 3361 3738 3414 qua:
3766 3346 3957 3399 virum

2341 3441 2565 3498 haberet
2603 3440 2905 3506 infidelem,
2939 3440 3164 3494 salutem
3205 3440 3304 3493 viri
3349 3438 3558 3492 mulieri
3598 3437 3818 3492 credidit
3860 3439 3960 3494 his

2343 3534 2523 3589 verbis
2549 3544 2703 3589 utens
2733 3548 2749 3586 :
2780 3531 2930 3587 Unde
2953 3532 3087 3585 enim
3112 3532 3228 3594 scis,
3263 3532 3464 3596 mulier,
3495 3547 3560 3583 an
3587 3532 3746 3583 virum
3773 3547 3960 3584 serra-

2344 3637 2458 3680 tura
2485 3627 2590 3682 sis?
2609 3625 2747 3692 Quid
2774 3625 2873 3679 hac
2902 3623 3018 3677 fieri
3044 3623 3503 3678 demonstratione
3521 3623 3716 3676 clarius
3742 3634 3959 3690 potest,

2345 3729 2401 3772 ut
2427 3720 2736 3772 servitutem
2764 3724 2972 3771 constet
2998 3730 3103 3769 non
3131 3725 3373 3768 naturam
3395 3717 3672 3784 consequi,
3696 3715 3786 3767 sed
3819 3729 3959 3782 pec-

2343 3811 2565 3864 catum?
2610 3809 2724 3863 lloc
2767 3808 2836 3862 de
2883 3809 3054 3861 servis
3097 3821 3311 3876 quoque
3356 3806 3461 3861 dici
3513 3816 3703 3875 potem.
3753 3805 3959 3860 Servus

2345 3913 2547 3956 vocatus
2581 3901 2674 3955 es?
2707 3899 2829 3954 Non
2856 3901 2920 3954 sit
2952 3899 3040 3953 tibi
3074 3916 3209 3953 cura:
3235 3899 3320 3968 (i.
3350 3897 3470 3954 Cor.
3500 3900 3554 3953 7.
3582 3899 3642 3953 ει
3674 3901 3691 3968 )
3748 3898 3919 3953 Vides
3941 3942 3956 3962 .

2345 4005 2403 4048 ut
2430 4009 2611 4048 rursus
2641 3993 2840 4048 nudum
2868 4007 2989 4047 esse
3015 4007 3211 4046 nomen
3237 3991 3510 4045 servitutis
3532 3991 3801 4052 ostendat,
3826 4010 3957 4046 eum

2344 4084 2513 4137 virtus
2541 4081 2803 4137 adfuerit?
2832 4081 2938 4137 Sed
2957 4092 3004 4135 et
3030 4084 3071 4136 si
3100 4091 3242 4151 potes
3265 4081 3379 4149 ﬁeri
3407 4081 3552 4144 liber,
3581 4084 3742 4152 magis
3761 4093 3910 4137 utere
3940 4099 3960 4137 :

2346 4175 2449 4229 hoc
2476 4183 2579 4234 est,
2614 4173 2876 4227 Permane
2915 4174 3093 4241 potius
3121 4171 3172 4225 in
3203 4171 3483 4225 servitute.
3517 4171 3685 4236 Quam
3715 4170 3788 4224 ob
3818 4187 3954 4225 can-

2346 4267 2498 4320 sam?
2533 4266 2634 4337 Qui
2660 4266 2792 4318 enim
2821 4265 2874 4317 in
2911 4263 3129 4317 Domino
3165 4273 3370 4317 vocatus
3401 4273 3472 4316 est
3499 4279 3669 4316 servus
3690 4305 3705 4327 ,
3740 4265 3960 4322 libertus

2347 4367 2418 4411 est
2444 4356 2649 4410 Domini
2676 4355 2725 4422 (Ι
2735 4355 2838 4408 bid.
2863 4370 2910 4407 υ.
2935 4355 3051 4424 22).
3083 4353 3244 4407 Vides
3271 4354 3488 4407 nomine
3512 4354 3627 4407 solo
3652 4365 3809 4409 tenus
3830 4371 3960 4411 cs~c

2347 4448 2678 4510 servitutem,
2711 4461 2771 4501 re
2797 4455 2975 4500 autem
3005 4447 3114 4513 ipsa
3144 4446 3442 4500 libertatem
3465 4445 3489 4499 3
3517 4445 3626 4498 Cur
3654 4461 3816 4515 porro
3839 4462 3962 4500 ser-

2348 4554 2472 4592 vum
2500 4553 2718 4592 manere
2757 4538 3032 4606 permisit?
3059 4535 3128 4592 Ut
3167 4537 3428 4591 libertatis
3469 4538 3830 4605 praestantiam
3856 4555 3958 4592 ro-

2345 4643 2656 4698 gnosceres.
2692 4628 2824 4683 Nam
2865 4628 3003 4681 sicut
3038 4629 3203 4680 multo
3242 4629 3415 4696 majus
3453 4643 3514 4682 ac
3555 4629 3741 4696 majori
3781 4631 3958 4682 admi-

2349 4721 2554 4774 ratione
2592 4720 2809 4790 dignum
2855 4729 2938 4773 est
2984 4720 3150 4773 illtesa
3195 4733 3412 4772 servare
3456 4721 3615 4772 trium
3665 4735 3961 4786 puerorum

2351 4827 2574 4881 corpora
2607 4822 2854 4866 manente
2886 4811 3100 4864 fornace
3127 4853 3140 4875 ,
3173 4827 3332 4881 quam
3376 4813 3517 4864 illam
3559 4812 3909 4879 exstinguere
3946 4833 3959 4863 :

2349 4903 2428 4956 sic
2467 4902 2633 4955 multo
2674 4903 2845 4969 majus
2883 4912 2939 4968 et
2976 4902 3344 4956 admirabilius
3383 4911 3502 4968 est,
3539 4918 3697 4972 quam
3743 4904 3965 4957 solvere

2351 4996 2696 5059 servitutem,
2739 5004 2987 5051 manente
3029 4996 3110 5048 illa
3154 4996 3454 5049 libertatem
3486 4995 3796 5050 ostendere.
3831 4993 3967 5048 ideo

2351 5087 2483 5142 dixit
2505 5105 2521 5142 :
2543 5086 2610 5141 Et
2634 5089 2675 5141 si
2708 5097 2847 5156 potes
2876 5088 2989 5154 ﬁeri
3014 5089 3155 5149 liber,
3182 5090 3344 5157 magis
3374 5098 3511 5140 utere
3535 5104 3551 5148 ;
3581 5087 3681 5138 hoc
3705 5097 3809 5149 est,
3833 5086 3965 5140 Ser-

2354 5194 2448 5234 vus
2475 5194 2630 5234 mane
2662 5194 2677 5234 :
2703 5179 3039 5234 verissimam
3072 5183 3214 5232 enim
3246 5179 3488 5246 possides
3520 5178 3846 5232 libertatem.

2419 5271 2474 5325 2.
2509 5271 2669 5324 Visne
2689 5271 2741 5324 in
2765 5271 3165 5342 magistratibus
3190 5271 3354 5326 etiam
3385 5271 3522 5325 istud
3549 5273 3819 5327 cei-nerei
3845 5273 3966 5329 Rex

2353 5363 2451 5418 fuit
2481 5364 2997 5426 Nabuchodonosor,
3040 5363 3129 5434 qui
3164 5363 3436 5418 fornacem
3470 5379 3628 5433 quam
3659 5363 3966 5420 vehemen-

2355 5456 2560 5510 tissime
2585 5457 2790 5510 curavit
2833 5456 3088 5522 accendi,
3132 5472 3194 5510 ac
3231 5465 3342 5511 tres
3385 5470 3580 5524 pueros
3619 5457 3671 5508 iu
3721 5456 3966 5510 medium

2353 5545 2568 5610 adduci,
2602 5547 2840 5615 juvenes,
2886 5547 3153 5612 desertos,
3205 5547 3352 5600 omni
3398 5547 3597 5600 auxilio
3641 5545 3966 5605 destitutos.

2357 5652 2564 5704 servos,
2609 5639 2868 5706 captivos,
2903 5649 3166 5693 extorres.
3199 5637 3265 5692 Et
3291 5637 3418 5708 quid
3450 5638 3564 5692 ait?
3605 5635 3667 5690 Si
3702 5652 3833 5700 rere,
3861 5638 3966 5692 Sc-

2358 5731 2502 5795 drac,
2541 5730 2724 5793 Μάκαρ,
2767 5731 3062 5801 Abdenago,
3087 5733 3204 5785 deos
3237 5749 3374 5786 meos
3399 5749 3497 5785 non
3529 5732 3714 5793 colitis.
3750 5741 3796 5784 rt
3825 5732 3965 5783 inia-

2359 5826 2525 5894 gincm
2556 5840 2759 5878 unt'eam
2786 5839 2938 5895 quam
2975 5825 3129 5878 statui
3160 5843 3260 5879 non
3299 5827 3522 5880 adoratis
3545 5823 3706 5899 (Dan.
3740 5827 3774 5881 5
3835 5827 3971 5886 lii?
