4186 6324
272 386 378 443 B99

931 495 1150 551 ΛΟΓΟΣ
1178 494 1253 549 Ε’.

273 645 404 708 ὀτι
434 653 507 707 οὐ
536 650 635 718 διὰ
663 649 770 718 τὸν
816 646 997 716 Ἀδὰμ
1028 643 1400 718 κολαζόμεοςι
1421 682 1436 706 ,
1469 641 1571 695 καὶ
1592 641 1699 718 Δὅτι
1735 639 1868 718 μεὶ-

338 722 478 784 ζονα
508 717 630 774 τῶν
668 717 743 771 δι’
792 713 1029 771 ἐκείνου
1068 713 1536 784 εἰσενεχθέντων
1569 713 1861 784 ,λυπηρῶν

338 778 415 846 τὰ
445 789 698 858 χρηστὰ,
728 789 837 842 ἐὰν
869 785 1103 858 ἑαυτοῖς
1131 778 1555 858 προσέχωμεν
1581 781 1676 835 καί
1709 778 1862 833 κατὰ

338 853 981 928 τῶνὲιάρατρεχόντων
1002 855 1145 922 τοὺς
1173 853 1459 921 πένητας.

336 1032 408 1080 α’.
428 1025 616 1095 Ὑμεῖς
635 1023 736 1094 μὲν
750 1020 1142 1092 ίσωςνομίζετε
1167 1021 1257 1074 τὸν
1272 1019 1404 1090 περὶ
1422 1020 1520 1089 τῆς
1541 1015 1865 1078 δεσποτείας

260 1116 403 1184 ἡμῖν
439 1114 655 1168 ἅπαντα
709 1108 1045 1182 ἀπηρτίσθαι
1096 1110 1255 1177 λόγον
1286 1124 1300 1138 ·
1343 1105 1454 1176 ἐγὼ
1484 1106 1540 1160 δέ
1569 1105 1650 1160 ἐτι
1694 1105 1864 1158 πολὺν

256 1203 377 1269 ὁρῶ
407 1201 498 1255 τὸν
528 1198 742 1270 καρπὸν
772 1198 831 1250 ἐν
860 1194 1011 1266 αύτῷ
1036 1195 1381 1266 φαινόμενον.
1422 1192 1586 1246 Ἀλλά
1620 1191 1695 1264 μὴ
1723 1193 1864 1245 ἀπο-

259 1291 480 1358 κάμητε
499 1327 514 1350 ,
556 1283 864 1357 παρακαλῶ
888 1325 904 1348 ,
935 1283 1043 1346 ἕως
1076 1282 1241 1337 αὐτὸν
1264 1283 1484 1336 ἅπαντα
1511 1280 1866 1351 ἐκτρυγήσω-

263 1393 387 1445 μεν.
420 1375 530 1428 Καὶ
560 1375 667 1446 γάρ
708 1374 762 1426 οί
794 1371 1070 1440 φιλόπονοι
1095 1370 1204 1423 τῶν
1227 1369 1490 1441 γεωργῶν
1527 1369 1655 1422 ὅταν
1681 1369 1864 1422 ἴδωσιν

257 1463 508 1532 ἄμπελον
543 1461 761 1524 πολλοῖς
796 1460 894 1530 μὲν
927 1462 1040 1522 τοῖς
1072 1459 1290 1526 φύλλοις
1327 1457 1588 1528 κομῶσαν
1611 1501 1626 1519 ,
1679 1456 1862 1526 πολλῷ

258 1550 316 1604 δὲ
345 1550 423 1620 τῷ
450 1549 650 1621 καρπῷ
683 1547 1012 1621 βριθομένην
1037 1588 1052 1612 ,
1081 1547 1205 1616 οὐχὶ
1240 1547 1366 1609 τοὺς
1399 1545 1600 1610 ἔξωθεν
1629 1545 1862 1616 βότρυας

260 1640 588 1708 ἐκτέμνουσι
644 1636 844 1708 μόνον,
889 1633 1026 1687 ἀλλά
1069 1634 1164 1686 καὶΙ
1210 1633 1471 1702 ἐνδοτέρω
1512 1633 1748 1703 χωροῦσι
1793 1631 1863 1685 τά

263 1725 524 1794 κλήματα
562 1722 939 1786 ἀνακλῶντες,
972 1721 1066 1774 καὶ
1097 1720 1166 1773 τά
1200 1719 1377 1789 φύλλα
1410 1718 1860 1784 ἀναστέλλοντες,

259 1813 405 1866 ὥστε
428 1811 564 1884 μηδέ
593 1809 800 1882 μικράς
818 1809 1095 1878 σταφυλῆς
1131 1811 1306 1881 ῥᾶγας
1336 1809 1442 1862 ὑπὸ
1469 1810 1581 1870 τοῖς
1609 1809 1864 1872 πετάλοις

261 1900 653 1972 κρυπτομένας
711 1898 917 1952 λαθεῖν.
985 1896 1078 1968 Μὴ
1128 1898 1307 1950 τοίνυν
1370 1897 1597 1950 ἐκείνων
1653 1896 1863 1967 φανῆτε

260 1988 648 2064 ρᾳθυμότεροι,
685 1985 820 2055 μηδὲ
847 1985 1146 2054 ἀποστῆτε,
1185 1983 1290 2048 hoc
1321 1982 1390 2036 ἂν
1414 1985 1475 2036 τὸ
1501 1985 1613 2037 πᾶν
1635 1983 1859 2052 λάϐητε’

262 2076 358 2128 καὶ
387 2074 644 2145 μάλιστα,
667 2070 931 2155 δεξιά-μιν
949 2070 1108 2160 πόνος
1141 2071 1296 2140 δμὺς,
1331 2073 1359 2123 ὁ
1392 2069 1448 2124 δὲ
1480 2071 1695 2143 καρπὸς
1729 2071 1865 2140 ὑμέ-

257 2175 317 2212 τε
326 2176 440 2229 ρος.

331 2313 811 2384 Κατηγορήσαμεν
834 2311 963 2387 χθές
985 2311 1092 2366 τῶν
1115 2312 1412 2381 γυναικῶν,
1440 2314 1642 2384 μᾶλλον
1664 2314 1720 2367 δὲ
1741 2314 1864 2384 οὐχὶ

258 2400 370 2454 τῶν
399 2401 697 2469 γυναικῶν,
729 2399 866 2454 ἀλλά
892 2402 993 2472 τῆς
1018 2399 1182 2465 Εὔας,
1215 2403 1296 2454 ὅτι
1331 2403 1422 2456 διά
1452 2404 1551 2473 τῆς
1586 2403 1865 2474 ἁμαρτίας

256 2489 360 2560 τὴν
407 2488 654 2542 δουλείαν
695 2489 1022 2560 εἰσήγαγεν.
1082 2489 1304 2544 Εἴποιεν
1364 2490 1431 2544 ἂν
1489 2492 1546 2544 αἰ
1602 2494 1864 2560 γυναῖκες

265 2579 394 2648 ἡμῖν
425 2575 607 2640 ’Τίνος
641 2571 738 2629 οὖν
769 2575 977 2640 ἐνεκεν,
1005 2577 1222 2647 ἐκείνης
1251 2578 1671 2650 ἀμαρτησάσης,
1702 2579 1864 2648 ἡμεῖς

260 2661 782 2733 κατεδικάσθημεν,
837 2663 932 2716 καὶ
978 2663 1039 2716 τὸ
1090 2664 1188 2733 μὲν
1236 2665 1594 2734 παράπτωμα
1642 2666 1864 2733 γέγονεν

259 2749 382 2812 ἐνὸς
416 2747 714 2821 προσώπου
737 2788 752 2813 ,
788 2748 850 2802 τὸ
889 2749 945 2802 δὲ
989 2749 1244 2820 ἔγκλημα
1284 2751 1463 2803 κοινὴν
1505 2752 1607 2822 τῆς
1647 2751 1866 2820 φύσεως

263 2835 518 2906 ἀπάσης;
554 2835 728 2889 Τοῦτο
755 2837 850 2890 καὶ
872 2835 1048 2889 δοῦλοι
1075 2836 1279 2890 εἴποιεν
1303 2837 1368 2890 ἄν
1388 2849 1401 2861 '
1429 2835 1496 2890 Τί
1519 2826 1744 2907 δήποτε,
1767 2838 1864 2892 τοῦ

261 2922 492 2977 Χαναὰν
525 2924 605 2986 εἰς
658 2923 750 2976 τὸν
798 2924 1014 2996 πατέρα
1041 2923 1363 2995 ὑϐρίσαντος
1387 2965 1403 2988 ,
1436 2925 1504 2978 τά
1553 2926 1655 2993 τῆς
1688 2943 1864 2993 τιμω-

260 3012 388 3082 ρίας
415 3013 498 3074 εἰς
531 3011 680 3065 ἀπαν
705 3010 855 3082 διέϐη
890 3012 950 3065 τὸ
978 3012 1163 3080 γένος;
1201 3013 1314 3067 Καὶ
1356 3014 1405 3067 οἱ
1439 3014 1566 3078 τοὺς
1594 3013 1866 3084 ἄρχοντας

255 3097 320 3152 δέ
352 3097 678 3168 φοϐούμενοι
701 3097 860 3152 τοῦτο
884 3098 951 3152 ἂν
978 3099 1316 3151 αἰτιάσαιντο
1339 3115 1354 3130 ο
1381 3098 1446 3150 Τί
1470 3099 1675 3167 δήποτε
1696 3139 1710 3159 .
1750 3101 1868 3154 ἐτέ-

259 3202 373 3257 ρων
395 3186 455 3238 ἐν
484 3186 720 3256 πονηρίᾳ
743 3184 1048 3254 ζητάντων,
1073 3186 1232 3239 αὐτοὶ
1260 3184 1339 3255 τῷ
1374 3183 1526 3256 ζυγῷ
1555 3189 1654 3257 τῆς
1689 3188 1866 3259 ἀρχῆς

263 3271 674 3343 παρεδόθησαν;
703 3272 768 3324 Τί
794 3267 888 3325 οὖν
915 3271 982 3325 ἂν
1008 3273 1258 3342 εἴποιμεν
1289 3274 1457 3343 ἡμεῖς
1486 3273 1623 3344 πρὸς
1643 3274 1865 3337 τούτους

261 3361 546 3424 ἃπανταςς
573 3359 689 3413 Μία
714 3357 824 3432 γάρ
854 3358 1007 3412 ἐσται
1031 3361 1250 3414 πάντων
1277 3359 1613 3430 ζητημάτων
1637 3361 1861 3432 ήλύσις·

257 3448 342 3501 ὅτι
372 3448 623 3517 ἥμαρτον
649 3446 750 3516 μὲν
770 3448 822 3499 οί
850 3446 1130 3516 πρότεροι,
1150 3448 1245 3499 καὶ
1277 3446 1366 3500 διὰ
1384 3445 1483 3515 τῆς
1515 3449 1724 3510 οἰκείας
1761 3465 1866 3502 πα-

261 3535 470 3605 ρακοῆς
518 3533 620 3604 τὴν
668 3531 914 3586 δουλείαν
965 3534 1262 3602 εἰσήγαγον
1292 3549 1305 3562 ·
1343 3533 1694 3605 εἰσαχθεῖσαν
1724 3536 1781 3588 δὲ
1815 3537 1864 3588 οἱ

262 3620 419 3694 I665]
451 3620 591 3691 μετά
615 3619 791 3673 ταῦτα
820 3622 942 3682 ταῖς
970 3621 1100 3690 παρ’
1136 3620 1346 3674 ἑαυτῶν
1379 3621 1667 3692 ἐκύρωσαν
1695 3625 1868 3695 ἀμαρ-

258 3710 428 3772 τίαις.
476 3705 540 3760 Εί
586 3707 685 3777 μὲν
727 3706 837 3776 γάρ
876 3707 1052 3777 ἔχοιεν
1095 3707 1327 3768 ἑαυτοὺς
1363 3707 1534 3773 δεῖξαι
1572 3709 1866 3772 διαπαντὸς

261 3794 680 3867 ἁμαρτημάτων
725 3794 885 3857 ὄντας
931 3793 1242 3866 καθαροὺς,
1297 3795 1429 3858 ἴσως
1472 3797 1538 3850 ἂν
1571 3796 1655 3867 εἴη
1681 3798 1866 3864 αὐτοῖς

261 3882 450 3945 καλῶς
498 3881 676 3935 ὼκεῖν
727 3880 1032 3949 ἀντιλέγειν
1060 3895 1073 3909 ⁶
1104 3882 1152 3934 εἰ
1197 3881 1254 3933 δὲ
1298 3883 1394 3935 καὶ
1438 3884 1595 3937 αὐτοὶ
1648 3885 1866 3947 πολλοῖς

261 3971 404 4023 εἰσιν
426 3968 725 4039 ἐπιτιμίοις
753 3967 1069 4031 ὑπεύθυνοι,
1095 3969 1326 4041 περιττά
1355 3970 1423 4024 τά
1447 3971 1544 4042 τῆς
1569 3972 1867 4035 ἀπολογίας

259 4058 470 4127 ταύτης
512 4058 682 4111 ἐστίν.
743 4056 885 4126 Ἐγὼ
915 4059 1026 4130 γάρ
1055 4059 1157 4111 οὐκ
1193 4054 1384 4122 εἷπον,
1432 4060 1515 4113 ὅτι
1568 4059 1671 4133 ἤδη
1705 4061 1864 4132 μὲνὴ

261 4143 512 4216 ἁμαρτία
530 4145 776 4199 δουλείαν
799 4146 898 4198 οὐκ
929 4146 1159 4214 εἰσάγει,
1192 4147 1304 4199 ἀλλ’
1335 4149 1418 4200 ὅτι
1445 4151 1595 4201 πᾶσα
1621 4149 1867 4219 ἁμαρτία

261 4230 479 4303 δουλείᾳ
506 4231 982 4303 συγκεκλήρωται,
1019 4233 1114 4286 καὶ
1143 4231 1308 4302 φύσιν
1338 4234 1728 4305 ἀμαρτίας,νού
1751 4235 1866 4288 δια-

266 4320 444 4390 φοράν
466 4318 738 4389 ἁμαρτίας
758 4318 1072 4390 ᾐτιασάμην
1098 4318 1277 4389 μόνον.
1300 4320 1512 4391 ’Ὥσπερ
1534 4318 1627 4375 οὖν
1650 4322 1866 4376 ἅπαντα

269 4412 372 4479 μὲν
423 4412 493 4465 τά
549 4411 746 4464 ἀνίατα
809 4413 1093 4481 νοσήματα
1150 4413 1230 4475 εἰς
1289 4410 1520 4466 θάνατον
1561 4413 1722 4482 ἄγει,
1770 4415 1869 4484 οὐχ

267 4501 487 4554 ἅπαντα
535 4501 592 4554 δὲ
642 4501 745 4570 τῆς
790 4501 960 4570 αὐτῆς
1006 4503 1122 4554 ἐστι
1173 4501 1390 4570 φύσεως
1423 4521 1435 4532 ·
1467 4503 1611 4556 οὕτω
1661 4506 1756 4557 καὶ
1800 4506 1871 4558 τὰ

268 4595 647 4665 ἁμαρτήματα
674 4596 889 4647 ᾶπαντα
917 4595 1016 4664 μὲν
1039 4596 1284 4650 δουλείαν
1313 4599 1506 4662 τίκτει,
1525 4600 1625 4669 οὐχ
1655 4599 1870 4652 ἅπαντα

264 4687 325 4740 δὲ
354 4687 453 4755 τῆς
485 4685 656 4755 αὐτῆς
685 4687 802 4738 ἐστι
840 4685 1078 4754 φύσεως.
1112 4687 1400 4758 Ἥμαρτεν
1420 4691 1450 4756 ἡ
1471 4689 1584 4741 Εὕα
1613 4691 1868 4762 ἁψαμένη

270 4772 365 4825 τοῦ
421 4773 612 4839 ξύλου,
663 4773 758 4825 καὶ
807 4773 1105 4843 κατεκρίθη
1157 4774 1225 4826 δι’
1277 4774 1428 4828 αὑτό.
1474 4777 1574 4829 Διά
1599 4776 1758 4830 τοῦτο
1794 4779 1869 4848 μὴ

269 4861 598 4930 άμαρτήσῃς
633 4859 698 4912 σὺ
731 4858 893 4912 πάλιν
925 4859 1118 4928 ἑτέραν
1151 4861 1281 4924 ἴσως
1329 4863 1544 4933 ἐκείνης
1593 4864 1872 4934 ἁμαρτίαν

269 4950 681 5021 χαλεπωτέραν.
713 4952 884 5004 Τοῦτο
912 4951 1007 5003 καὶ⁴
1036 4952 1128 5004 ἐπὶ
1147 4951 1256 5005 τῶν
1273 4953 1475 5006 δούλων
1499 4954 1648 5018 ἀξιον
1670 4958 1870 5019 εἰπεῖν,

269 5043 428 5096 τοῦτο
462 5043 555 5095 καὶ
598 5044 690 5096 ἐπὶ
731 5043 836 5095 τῶν
875 5044 1195 5113 ἀρχομένων
1221 5085 1234 5107 ,
1262 5045 1344 5097 ὅτι
1375 5046 1667 5115 εἰσήγαγον
1697 5049 1794 5116 μέν
1824 5051 1871 5100 οί

270 5136 480 5207 πρῶτοι
510 5134 608 5204 τὴν
643 5135 940 5204 ἁμαρτίαν,
967 5137 1015 5186 οἱ
1046 5135 1099 5186 δὲ
1137 5136 1251 5203 μετ’
1286 5137 1529 5199 ἐκείνους
1550 5137 1871 5208 διαδεξάμε-

270 5247 354 5282 νοι
411 5228 677 5297 κατέσχον
728 5228 825 5296 τῆς
888 5227 1208 5291 δεσποτείας
1261 5229 1359 5300 τὴν
1415 5229 1642 5300 δύναμιν
1686 5232 1754 5283 δι’
1800 5225 1875 5286 ὧν

270 5321 725 5392 ἐπλημμέλησαν.
756 5321 905 5391 Ἔχω
929 5321 1023 5374 καὶ
1057 5322 1257 5391 ἑτέρως
1289 5322 1764 5392 ἀπολογήσασθαι·
1793 5325 1875 5376 ὅτι

273 5414 458 5466 πολλοὶ
481 5413 616 5486 πρὺς
646 5411 844 5484 ἀρετὴν
873 5412 1260 5476 ἐπανελθόντες
1285 5454 1297 5476 ,
1339 5415 1734 5484 ἀπηλλάγησαν

272 5504 612 5566 δεσποτείας.
671 5503 781 5555 Καὶ
809 5503 1105 5572 πρότερον,
1142 5505 1188 5555 εἰ
1222 5503 1396 5564 δοκεῖ,
1428 5505 1519 5555 ἐπί
1551 5505 1660 5556 τῶν
1687 5522 1874 5572 γυναι-

278 5594 387 5648 κῶν
415 5598 504 5648 τὸν
537 5595 696 5661 λόγον
720 5593 1089 5662 γυμνάσωμεν
1111 5638 1122 5653 ,
1163 5595 1226 5646 ἵν’
1264 5595 1378 5666 ἴδῃς
1407 5597 1523 5658 πῶς
1549 5600 1576 5648 ό
1603 5599 1874 5667 μακάριος

277 5687 523 5750 Παῦλος,
559 5688 587 5739 ὁ
623 5685 868 5756 περιθεὶς
906 5686 1098 5748 αὐταῖς
1139 5685 1208 5738 τά
1258 5686 1434 5754 δεσμά
1458 5727 1470 5748 ,
1524 5690 1685 5752 αὐτὸς
1733 5692 1874 5742 αύτά

286 5778 434 5834 πάλιν
461 5779 656 5842 ἀνῆκε.
691 5777 761 5830 Εἴ
795 5795 879 5842 τις
921 5776 1097 5844 γυνὴ,
1138 5779 1323 5846 φησὶν,
1360 5778 1549 5848 ἄνδρα
1577 5781 1700 5850 ἔχει
1733 5784 1867 5836 ἀπί-

1484 377 1552 433 IN
1588 375 1894 435 GENESIM
1929 375 2166 432 SERMO
2205 375 2271 430 ν.

3458 380 3570 438 ουο

1969 506 2142 554 στον,
2171 489 2268 542 καί
2289 487 2473 552 αὐτὸς
2501 481 2864 540 συνευδοκεῖ
2883 478 3073 536 οἰκεῖν
3093 482 3225 551 μετ’
3255 477 3467 548 αὐτῆς,
3479 479 3567 548 μὴ

1965 577 2186 646 ἀφιέτω
2213 575 2422 631 αὐτόν.
2452 573 2554 628 Διά
2578 574 2662 639 τί;
2693 571 2761 626 Τί
2779 571 2892 641 γὰρ
2918 569 3088 636 οἶδας
3107 609 3122 630 .
3152 569 3350 638 γύναι,
3382 570 3433 621 εἰ
3463 567 3570 620 τὸν

1966 664 2157 733 ἄνδρα
2183 663 2445 730 σώσεις;
2469 663 2583 716 Καὶ
2601 660 2740 724 πῶς,
2759 660 2915 730 φησὶ,
2942 658 3167 712 δύναται
3203 654 3378 709 σῶσαι
3407 653 3570 725 γονῆς

1966 752 2304 806 Διδάσκουσα
2329 791 2344 815 ,
2369 749 2688 820 κατηχοῦσα
2707 788 2723 812 ,
2750 746 3024 816 ἐνάγουσα
3058 744 3198 815 πρὸς
3223 743 3317 796 τὸν
3346 741 3449 812 τῆς
3482 744 3566 794 εὑ·

1970 838 2188 902 σεϐείας
2213 838 2395 907 λόγον.
2412 837 2607 891 Καίτοι
2624 835 2773 906 χθές,
2791 828 2837 887 ὦ
2863 833 3101 904 μακάριε
3127 829 3332 892 Παῦλε,
3363 829 3573 897 ἔλεγες,

1965 927 2048 980 ὅτι
2093 924 2348 979 Γυναικί
2396 924 2713 978 διδάσκειν
2763 925 2874 977 οὐκ
2917 919 3234 987 ἐπιτρέπω.
3299 916 3423 982 Πῶς
3478 912 3572 970 οὖν

1968 1015 2134 1069 πάλιν
2162 1014 2486 1068 διδάσκαλον
2518 1013 2690 1085 αὐτὴν
2723 1014 2898 1076 ποιεῖς
2930 1010 3025 1064 τοῦ
3049 1008 3274 1080 ἀνδρός;
3296 1007 3436 1078 Οὐχὶ
3462 1024 3572 1078 μα-

1967 1102 2199 1173 χόμενος
2229 1099 2455 1171 ἐμαυτῷ
2476 1100 2634 1154 τοῦτο
2663 1099 2823 1164 ποιῶ,
2871 1096 3009 1151 ἀλλά
3050 1097 3146 1150 καὶ
3183 1095 3391 1165 σφόδρα
3431 1109 3570 1165 συμ-

1967 1188 2182 1258 φωνῶν.
2207 1190 2408 1242 ’Ἄκουε
2439 1185 2570 1256 γοῦν
2603 1190 2698 1240 καὶ
2726 1185 2874 1250 τίνος
2895 1184 3084 1237 ἕνεκεν
3115 1183 3289 1253 αὐτὴν
3321 1180 3568 1246 ἐξέϐαλε,
3628 1224 3630 1227 .

1967 1278 2063 1330 καὶ
2083 1277 2227 1339 τίνος
2258 1275 2448 1328 ἕνεκεν
2478 1273 2648 1344 αὐτὴν
2687 1273 2850 1327 πάλιν
2880 1269 3149 1338 ἐπανάγει
3179 1268 3316 1338 πρὸς
3345 1267 3437 1321 τὸν
3469 1267 3570 1337 τῆς

1965 1363 2319 1428 διδασκαλίας
2361 1363 2571 1435 θρόνον,
2620 1363 2709 1414 ἵνα
2759 1359 2938 1432 μάθῃς
2969 1360 3072 1430 τὴν
3101 1357 3314 1411 Παύλου
3354 1355 3568 1424 σοφίαν.

1965 1450 2336 1514 Διδωκέτω,
2399 1450 2600 1520 φησὶν,
2635 1451 2669 1502 ό
2710 1447 2885 1516 ἁνήρ.
2949 1445 3048 1500 Διά
3096 1445 3184 1510 τί;
3246 1445 3368 1498 Οὐκ
3411 1442 3572 1512 ἠπα-

1965 1540 2119 1608 τήθη
2181 1539 2313 1609 γάρ.
2397 1537 2575 1607 Ἀδὰμ
2615 1538 2763 1607 γὰρ,
2825 1537 3022 1604 φησὶν,
3102 1536 3214 1588 οὐκ
3263 1531 3570 1600 ἠπατήθη.

1966 1627 2362 1689 Μανθανέτω,
2405 1626 2606 1696 φησὶν,
2654 1625 2692 1690 ἠ
2728 1621 2908 1693 γυνή.
2963 1620 3062 1674 Διά
3110 1621 3198 1685 τί;
3258 1618 3571 1685 Ἡπατήθη

1964 1713 2094 1782 γάρ.
2137 1715 2199 1765 'H
2229 1713 2368 1783 γυνὴ
2412 1714 2543 1782 γὰρ,
2575 1713 2759 1780 φησὶν,
2792 1708 3139 1778 ἀπατηθεῖσα
3167 1709 3225 1760 ἐν
3254 1707 3572 1778 παραϐάσει

1965 1801 2214 1868 γέγονεν.
2279 1798 2549 1853 Ἐνταῦθα
2593 1798 2650 1851 δὲ
2691 1797 2753 1850 τὸ
2797 1795 3064 1850 ἐναντίον.
3120 1795 3292 1848 Ὅταν
3325 1793 3425 1863 μὲν
3461 1792 3572 1862 γάρ

1965 1888 2196 1950 ἄπιστος
2328 1890 2357 1940 ό
2405 1886 2566 1958 ἀνὴρ,
2623 1885 2791 1956 πιστὴ
2835 1884 2891 1937 δὲ
2949 1884 2984 1952 ὴ
3038 1880 3199 1950 γυνὴ.
3246 1881 3570 1940 διδασκέτω.

1967 1974 2166 2045 φησὶν,
2206 1975 2241 2044 ἡ
2285 1973 2444 2043 γυνή.
2493 1972 2592 2024 Διά
2629 1972 2719 2035 τί;
2755 1971 2879 2023 Ὅτι
2912 1969 3014 2021 οὐκ
3043 1969 3321 2037 ὴπάτηται
3350 1983 3364 1998 ο
3402 1967 3573 2038 πιστὴ

1963 2065 2074 2135 γάρ
2100 2067 2236 2119 ἐστι.
2270 2062 2608 2118 Μανθανέτω
2637 2061 2816 2114 τοίνυν
2857 2059 2886 2111 ὁ
2911 2060 3051 2128 ἀνήρ
3077 2071 3092 2086 '
3126 2055 3385 2127 ἠπατήθη
3416 2055 3570 2127 γάρ)

1965 2150 2194 2214 ἄπιστος
2235 2151 2343 2222 γάρ
2378 2151 2548 2202 ἐστιν.
2609 2146 2985 2217 Ἀντεστράφη
3009 2183 3023 2208 ,
3058 2145 3223 2214 φησὶ,
3256 2143 3326 2196 τὰ
3355 2144 3453 2213 τῆς
3489 2142 3573 2196 δι-

1963 2237 2263 2301 δασκαλίας
2293 2251 2308 2265 ⁶
2338 2234 2735 2308 ἀντεστράφθω
2769 2233 2958 2286 λοιπὸν
2997 2233 3095 2284 καὶ
3131 2231 3202 2282 τά
3242 2231 3344 2300 τῆς
3379 2231 3576 2284 δεσπο-

1964 2326 2136 2389 τείας.
2179 2321 2331 2388 Είδες
2370 2323 2487 2386 πῶς
2535 2321 2815 2392 πανταχοῦ
2867 2320 2930 2374 ού
2981 2323 3050 2390 τῇ
3098 2319 3259 2388 φύσει
3284 2358 3299 2381 ,
3335 2317 3472 2371 ἀλλά
3504 2321 3571 2388 τῇ

1964 2416 2152 2487 ἀπάτῃ
2180 2416 2273 2467 καὶ
2296 2415 2362 2485 τῇ
2395 2414 2642 2484 ἀμαρτία
2666 2412 2912 2466 δείκνυσι
2941 2411 3043 2482 τὴν
3076 2410 3325 2464 δουλείαν
3352 2407 3576 2462 ἀκολου-

1965 2497 2394 2566 θοῦσανςἮλθε
2431 2501 2617 2554 τοίνυν
2668 2501 2809 2570 πρὸς
2853 2500 2955 2570 τὴν
3007 2499 3244 2567 γυναῖκα
3296 2499 3330 2567 ὴ
3386 2497 3572 2567 ἀπάτη

1965 2588 2119 2656 παρὰ
2147 2588 2248 2659 τὴν
2277 2589 2476 2659 ἀρχὴν,
2512 2588 2852 2658 ἠκολούθησε
2882 2589 2950 2658 τῇ
2984 2587 3175 2659 ἀπάτῃ
3206 2588 3239 2656 ἡ
3274 2586 3527 2654 ὑποταγή
3557 2598 3571 2612 '

1968 2679 2206 2748 μετέστη
2231 2677 2368 2747 μετά
2394 2676 2567 2730 ταῦτα
2589 2676 2726 2747 πρὸς
2746 2675 2838 2729 τὸν
2853 2676 3073 2746 άνδραή
3095 2675 3304 2744 ἀπάτη,
3334 2673 3577 2743 μετέστη

1965 2765 2059 2817 καὶ
2083 2767 2116 2835 η
2139 2765 2406 2835 ὑποταγή.
2427 2765 2539 2818 Καὶ
2557 2763 2812 2835 καθάπερ
2829 2765 2887 2816 ἐν
2908 2765 3049 2834 ἀρχῇ
3072 2763 3152 2834 τῷ
3171 2762 3326 2834 ἀνδρὶ
3346 2761 3444 2832 τὴν
3469 2778 3576 2813 σω-

1961 2871 2029 2925 τη
2040 2854 2161 2925 ρίαν
2172 2858 2272 2926 τῆς
2287 2853 2546 2923 γυναικὸς
2561 2855 2964 2919 ἐνεπίστευσεν,
2979 2854 3168 2923 ἐπειδὴ
3185 2854 3285 2906 οὐκ
3299 2853 3572 2923 ἡπάτητο,

1963 2943 2165 2994 οὑτωσὶ
2197 2941 2374 3009 λέγων
2395 2981 2410 3002 ,
2442 2941 2600 3009 Πρὸς
2627 2942 2736 2996 τὸν
2757 2941 2951 3010 ἄνδρα
2979 2959 3097 2996 σου
3123 2941 3162 3008 ἠ
3213 2938 3574 3010 ἀποστροφή

1967 3046 2103 3097 σου,
2121 3027 2220 3082 καὶ
2242 3029 2424 3094 αὐτός
2445 3042 2564 3082 σου
2582 3029 2889 3096 κυριεύσει
2906 3044 2919 3058 ο
2941 3029 3086 3081 οὓτω
3110 3030 3205 3082 καὶ
3220 3027 3455 3080 ἐνταῦθα
3479 3029 3576 3081 ἐπὶ

1966 3116 2066 3186 τῆς
2097 3114 2295 3185 πιστῆς
2320 3115 2423 3184 τῆς
2449 3115 2540 3167 τὸν
2562 3115 2794 3168 ἄπιστον
2823 3115 2992 3186 ἄνδρα
3024 3115 3259 3186 ἐχούσης
3283 3157 3298 3179 ,
3330 3115 3429 3186 τὴν
3463 3132 3573 3168 σω-

1965 3201 2164 3273 τηρίαν
2212 3201 2309 3254 τοῦ
2356 3201 2550 3271 ἀνδρὸς
2589 3201 2914 3272 ἐμπιστεύει
2952 3203 3019 3272 τῇ
3071 3202 3315 3270 γυναικὶ,
3344 3202 3520 3269 λέγων
3555 3219 3572 3234 ·

1968 3290 2120 3361 [ϋϐθι
2158 3289 2218 3344 Τί
2249 3289 2361 3358 γὰρ
2397 3286 2586 3355 οἶδας,
2627 3291 2828 3358 γύναι,
2863 3292 2914 3343 εί
2945 3290 3054 3343 τὸν
3086 3289 3276 3357 ἄνδρα
3316 3291 3574 3355 σώσεις;

1966 3377 2034 3430 Τί
2065 3377 2268 3448 ταύτης
2295 3377 2397 3448 τῆς
2425 3377 2754 3441 ἀποδείξεως
2779 3376 3115 3449 σαφέστερον
3145 3378 3341 3446 γένοιτ’
3361 3377 3446 3442 ἂν,
3474 3377 3573 3430 τοῦ

1969 3466 2044 3534 μὴ
2071 3467 2137 3536 τῇ
2172 3464 2333 3533 φύσει
2355 3463 2452 3534 τὴν
2471 3463 2740 3526 δουλείαν,
2776 3464 2917 3521 ἀλλά
2938 3469 3003 3535 τῇ
3029 3466 3276 3536 ἁμαρτίᾳ
3299 3464 3530 3519 ἔπεσθαι
3555 3482 3571 3531 ς

1966 3551 2140 3607 Τοῦτο
2187 3552 2282 3606 καὶ
2332 3552 2425 3604 ἐπὶ
2479 3550 2588 3603 τῶν
2637 3550 2843 3605 δούλων
2896 3551 3044 3605 ἐστιν
3102 3555 3298 3606 εἰπεῖν.
3346 3552 3576 3618 Δοῦλος

1965 3641 2231 3710 ἐκλήθης
2249 3660 2269 3706 ;
2289 3641 2384 3708 Μή
2417 3659 2517 3694 σοι
2538 3641 2792 3709 μελέτω.
2823 3643 2987 3715 Ὁρᾷς
3007 3643 3125 3707 πῶς
3149 3644 3308 3696 πάλιν
3331 3641 3575 3695 δείκνυσι

1966 3727 2120 3797 ψιλὸν
2150 3726 2320 3798 ὄνομα
2368 3729 2468 3798 τὴν
2507 3728 2756 3781 δουλείαν
2787 3724 2957 3781 οὖσαν
2977 3769 2991 3793 ,
3022 3731 3153 3784 ὅταν
3178 3731 3349 3802 ἀρετὴ
3382 3731 3573 3800 παρῇ;

1981 3815 2135 3870 Ἀλλ’
2170 3817 2223 3869 εἰ
2253 3815 2350 3869 καί
2389 3814 2649 3870 δύνασαι
2675 3817 2993 3884 ἐλεύθερος
3014 3818 3313 3888 γενέσθαι,
3335 3817 3579 3887 μᾶλλον

1967 3900 2214 3973 χρῆσαι,
2251 3903 2525 3967 τουτέστι,
2588 3904 2790 3974 μᾶλλον
2837 3906 2966 3975 μένε
2995 3907 3054 3959 ἐν
3087 3909 3153 3976 τῇ
3187 3906 3420 3977 δουλείᾳ.
3474 3906 3577 3960 Διά

1968 3993 2055 4058 τί;
2097 3993 2160 4044 '0
2184 3992 2387 4060 γὰρέν
2419 3994 2616 4060 Κυρίῳ
2652 3995 2901 4061 κληθεὶς
2943 3993 3201 4062 δοῦλος,
3248 3996 3575 4050 ἀπελεύθε-

1961 4097 2072 4148 ρος
2103 4083 2326 4148 Κυρίου
2373 4081 2567 4134 ἐστίν.
2617 4077 2771 4145 Εἶδες
2831 4084 2994 4153 μέχρι
3044 4085 3421 4155 προσηγορίας
3473 4083 3575 4154 τὴν

1968 4167 2214 4220 δουλείαν
2239 4209 2252 4230 ,
2283 4170 2341 4220 ἐν
2370 4169 2451 4238 τῷ
2489 4171 2780 4239 πράγματι
2811 4171 2866 4223 δὲ
2903 4174 3001 4239 τὴν
3028 4171 3381 4242 ἐλευθερίαν;
3414 4171 3573 4234 Τίνος

1968 4253 2026 4308 δὲ
2064 4257 2252 4310 ’ἐνεκεν
2287 4257 2466 4327 ἀφῆκε
2513 4258 2695 4327 μένειν
2725 4257 2943 4326 agam;
2978 4259 3098 4311 ’Ἱνα
3128 4261 3227 4330 τῆς
3262 4259 3576 4331 ἐλευθερίας

1975 4345 2154 4419 μάθῃς
2195 4347 2295 4416 τὴν
2345 4348 2686 4417 περιουσίαν.
2731 4348 2943 4419 Ὥσπερ
2981 4348 3092 4420 γάρ
3119 4349 3216 4401 τοῦ
3249 4349 3442 4403 σϐέσαι
3476 4351 3575 4419 τὴν

1973 4434 2202 4504 κάμινον
2231 4434 2331 4502 τὴν
2360 4436 2452 4487 ἐπὶ
2482 4434 2590 4487 τῶν
2622 4435 2792 4505 τριῶν
2836 4435 3045 4489 παίδων
3076 4437 3213 4489 πολὺ
3261 4437 3437 4507 θαυμο
3451 4439 3574 4492 στό-

1973 4539 2130 4590 τερον
2165 4517 2233 4592 ἦν
2278 4521 2338 4574 τὸ
2389 4521 2661 4592 μενούσης
2708 4524 2882 4593 αὐτῆς
2931 4524 3092 4593 ἀσινῆ
3137 4524 3468 4596 διατηρῆσαι
3505 4527 3576 4580 τά

1974 4609 2234 4676 σώματα·
2260 4609 2402 4661 οὓτω
2434 4609 2529 4662 τοῦ
2570 4609 2732 4661 λῦσαι
2775 4609 2873 4680 τὴν
2907 4610 3155 4664 δουλείαν
3195 4611 3254 4664 τὸ
3305 4615 3573 4682 μενούσης

1975 4696 2145 4765 αὐτῆς
2182 4695 2354 4761 δεῖξαι
2399 4697 2497 4768 τὴν
2529 4696 2846 4769 ἐλευθερίαν
2881 4698 3064 4768 πολλῷ
3100 4697 3288 4768 μεῖζόν
3325 4704 3440 4752 ἐστι
3481 4703 3575 4753 καὶ

1973 4787 2434 4856 θαυμαστότερον.
2501 4790 2598 4841 Διά
2644 4787 2804 4841 τοῦτό
2852 4806 3049 4859 φησιν’
3111 4793 3181 4844 Εἰ
3235 4791 3335 4843 καί
3391 4791 3574 4844 δύνα-

1973 4895 2076 4931 σαι
2114 4879 2434 4947 ἐλεύθερος
2483 4881 2784 4948 γενέσθαι,
2821 4881 3068 4950 μᾶλλον
3103 4882 3361 4951 χρήσειν
3413 4901 3574 4937 τουτ-

1975 4971 2110 5031 έστι,
2151 4972 2281 5040 μένε
2311 4972 2496 5036 δοῦλος
2528 4992 2540 5004 ·
2585 4975 2683 5044 τὴν
2709 4975 2817 5046 γὰρ
2847 4974 3224 5047 ἀληθεστάτην
3253 4977 3399 5047 ἔχεις
3421 4976 3573 5030 ἐλευ-

1977 5061 2185 5133 θ;ρίαν.

2051 5232 2115 5301 β’.
2143 5233 2330 5288 Βούλει
2354 5235 2446 5288 καὶ
2464 5236 2556 5287 ἐπὶ
2581 5235 2690 5288 τῶν
2722 5236 2999 5306 ἀρχόντων
3012 5236 3170 5289 τοῦτο
3207 5235 3364 5303 ἰδεῖν;
3409 5236 3575 5291 Βασι-

1976 5326 2100 5388 λεὺς
2134 5321 2201 5396 ἦν
2233 5328 2261 5377 ὁ
2291 5327 2765 5398 Ναϐουχοδονόσορ
2786 5371 2800 5392 ,
2851 5329 2948 5381 καὶ
2981 5328 3081 5400 τὴν
3128 5329 3359 5399 κάμινον
3400 5329 3576 5400 ἀνῆψε

1980 5419 2119 5486 μετά
2144 5419 2348 5488 πολλῆς
2369 5420 2469 5490 τῆς
2496 5421 2882 5492 σ’ροδῴτητος,
2912 5423 3007 5474 καὶ
3038 5423 3166 5484 τοὺς
3195 5423 3344 5493 τρεῖς
3376 5421 3577 5487 παῖδας

1977 5509 2055 5569 εἰς
2101 5506 2266 5576 μέσον
2298 5511 2611 5579 παρήγαγε,
2651 5510 2824 5573 νέους,
2853 5512 3115 5583 ἐρήμους,
3148 5511 3403 5581 οὐδεμίαν
3430 5512 3575 5580 ἐχονο

1977 5617 2074 5660 τας
2112 5601 2448 5671 προστασίαν
2475 5644 2488 5665 ,
2514 5602 2734 5665 δούλους
2758 5643 2772 5665 ,
2821 5603 3204 5673 αἰχμαλώτους
3225 5644 3241 5667 ,
3292 5603 3577 5666 ἀπόλιδας.

1979 5694 2085 5746 Καὶ
2112 5695 2162 5746 τί
2200 5711 2397 5763 (manv;
2433 5697 2499 5749 Εὶ
2523 5696 2782 5763 ὼίηθῶς,
2819 5696 3078 5764 Σεδρὰκ,
3114 5698 3346 5754 Μισὰκ.
3392 5697 3577 5750 Ἀϐδε-

1981 5786 2160 5855 νηγὼ,
2198 5786 2321 5855 τοῖς
2347 5787 2503 5854 θεοῖς
2526 5807 2645 5858 μου
2668 5791 2740 5843 οὐ
2767 5792 3087 5860 ιίιιτρεύετε
3108 5831 3120 5856 ,
3143 5790 3252 5871 νειιί
3283 5791 3354 5860 τῇ
3392 5793 3574 5848 εἰκόνι
