4186 6324
308 338 404 395 illi

308 449 450 518 Quid
477 466 611 522 ergo
640 451 914 517 illi?Vide,
939 467 1048 522 quo
1077 462 1233 523 pacto
1264 449 1432 507 virtus
1460 466 1576 516 eos,
1603 452 1693 521 qui
1723 450 1922 521 captivi

308 552 486 610 erant,
509 545 683 616 magis
713 545 888 615 regios
914 559 1074 615 quam
1108 559 1287 615 regem
1318 545 1492 613 ipsum
1519 543 1837 606 reddiderit,
1863 558 1927 597 ac

311 634 485 689 multo
509 634 796 690 excelsiori
823 634 1003 689 animo
1026 634 1278 704 pneditos
1301 634 1422 688 illos
1453 633 1770 688 ostenderit.
1807 632 1925 687 Non

309 725 462 781 enim
486 736 758 796 tamquam
788 741 969 797 regem
997 726 1355 795 alloquentes.
1380 727 1474 780 sed
1507 736 1776 794 tamquam
1803 741 1925 778 cum

310 814 498 886 aliquo
524 814 627 869 sibi
666 814 885 871 subdito
922 829 1229 871 sermonem
1274 825 1521 871 serentes
1559 830 1684 869 cum
1733 814 1926 871 ﬁducia

310 903 739 976 respondebant.
785 905 909 960 Non
953 924 1083 974 opus
1128 906 1389 972 habemus,
1421 907 1687 976 inquiunt,
1732 923 1823 959 nos
1864 908 1928 960 de

308 997 464 1052 verba
492 999 587 1052 hoc
622 999 929 1068 respondere
959 1000 1067 1070 regi
1109 1000 1128 1064 (
1157 998 1295 1052 Dan.
1329 999 1384 1055 5.
1420 1001 1487 1055 16
1513 1001 1551 1070 ).
1584 999 1700 1054 Νοη
1726 1000 1924 1067 verbis,

311 1087 413 1143 sed
457 1089 623 1145 rebus
669 1088 800 1159 ipsis
845 1087 1365 1145 demonstrationem
1408 1090 1805 1146 exhibebimus.
1834 1090 1928 1145 Est

308 1176 453 1234 Deus
482 1180 533 1233 in
563 1178 710 1247 creto,
743 1190 921 1248 potens
946 1182 1147 1252 eripere
1167 1198 1259 1236 nos
1286 1180 1467 1252 (Ibid.
1490 1198 1540 1236 υ.
1566 1183 1633 1237 17
1651 1180 1690 1253 ).
1718 1182 1927 1238 Benefi-

312 1268 459 1324 cium
500 1285 531 1323 a
573 1269 794 1326 Daniele
841 1280 1124 1340 acceptum
1175 1272 1227 1326 in
1265 1272 1583 1327 memoriam
1614 1273 1690 1328 illi
1716 1289 1928 1330 revoca-

312 1369 443 1415 runt
484 1360 673 1415 iisdem
714 1362 795 1415 usi
840 1363 1037 1425 verbis,
1071 1378 1191 1431 qua:
1223 1364 1487 1433 propheta
1528 1374 1652 1420 tunc
1683 1365 1920 1434 protulit.

306 1453 448 1521 Quid
488 1453 635 1509 enim
666 1454 757 1509 ille
796 1454 1047 1509 dicebat?
1080 1454 1200 1510 Non
1231 1466 1306 1511 est
1332 1473 1601 1528 magorum
1635 1457 1927 1513 (inserena-

304 1560 445 1611 rum,
494 1543 854 1600 Chaldaeorum
896 1546 1120 1611 verbum,
1153 1548 1290 1617 quod
1323 1548 1535 1618 requirit
1575 1565 1703 1603 rex:
1730 1550 1820 1604 sed
1851 1560 1925 1604 est

306 1633 452 1692 Deus
466 1637 519 1689 in
548 1636 687 1691 catis
706 1636 936 1692 revelatis
960 1639 1202 1708 mysteria
1230 1640 1248 1707 (
1283 1636 1369 1693 Id.
1399 1638 1457 1692 2.
1475 1638 1569 1693 27.
1597 1638 1669 1695 28
1696 1637 1739 1713 ).
1774 1639 1925 1695 Hanc

304 1728 471 1798 igitur
507 1729 583 1783 illi
614 1744 801 1784 vocem
835 1732 888 1784 in
910 1730 1225 1785 memoriam
1256 1739 1528 1794 revocant,
1550 1740 1605 1786 ut
1626 1730 1923 1787 modestio-

304 1836 423 1877 rem
446 1821 594 1875 illum
616 1820 863 1877 reddant.
887 1821 1088 1877 Deinde
1103 1821 1252 1876 addit
1292 1822 1599 1892 Scriptura:
1633 1822 1702 1876 Et
1722 1824 1767 1876 si
1797 1839 1919 1889 non,

303 1922 483 1965 notum
507 1912 571 1965 sit
599 1912 711 1975 tibi,
744 1928 856 1978 rex,
886 1914 1006 1983 quia
1031 1912 1153 1965 deos
1177 1922 1291 1966 tuos
1315 1930 1416 1966 non
1443 1913 1679 1977 colimus,
1711 1922 1759 1966 et
1788 1914 1922 1967 ima-

302 2002 474 2072 ginem
502 2018 735 2069 auream,
789 2019 943 2071 quant
994 2003 1237 2069 statuisti,
1268 2020 1369 2057 non
1404 2004 1682 2059 adoramus
1707 2003 1832 2075 (Id.
1865 2007 1918 2060 4.

304 2093 375 2148 18
406 2094 453 2163 ).
479 2092 615 2149 Vide
641 2093 903 2163 juvenum
933 2094 1275 2163 sapientiam.
1305 2093 1441 2149 Nam
1474 2104 1640 2161 utne,
1672 2098 1764 2167 qui
1797 2108 1923 2153 tunc

298 2184 549 2247 aderant.
593 2184 760 2240 Deum
801 2184 1134 2240 inﬁrmitatis
1176 2198 1514 2254 accusarent,
1554 2188 1603 2242 si
1642 2186 1780 2242 forte
1808 2191 1924 2243 col-

298 2277 482 2345 lapsos
513 2276 635 2330 illos
677 2277 729 2330 in
772 2276 1043 2330 toruacem
1082 2276 1220 2331 mori
1255 2278 1588 2348 contigisset,
1626 2280 1917 2348 potentiam

298 2365 425 2435 ejus
455 2376 583 2421 ante
611 2366 937 2421 conﬁtentur
963 2368 1226 2434 dicentes,
1267 2365 1364 2422 Est
1401 2367 1542 2423 Deus
1581 2369 1634 2423 in
1663 2371 1809 2436 cato,
1832 2372 1921 2441 qui

298 2468 463 2529 potest
493 2475 585 2514 nos
627 2460 822 2529 eripere
854 2475 873 2513 :
906 2475 973 2514 nc
1010 2471 1191 2514 autem
1241 2475 1428 2514 rursus
1472 2476 1593 2515 cum
1644 2460 1916 2517 ﬂammam

296 2550 621 2615 evasissent,
650 2550 918 2605 mercedis
938 2567 1000 2605 ac
1024 2552 1227 2621 praemii
1250 2567 1411 2607 causa
1444 2553 1553 2606 Deo
1578 2556 1791 2609 servire
1819 2571 1912 2625 pu-

298 2652 564 2707 tarentur,
595 2643 948 2712 adjecerunt:
980 2642 1048 2697 Et
1083 2644 1128 2698 si
1169 2661 1292 2708 non,
1327 2655 1502 2698 notum
1540 2646 1605 2698 sit
1643 2646 1753 2712 tibi,
1798 2663 1912 2712 rex,

293 2734 418 2804 quia
469 2736 589 2789 deos
638 2745 753 2789 tuos
791 2752 892 2790 non
943 2736 1191 2803 colimus,
1232 2747 1281 2792 et
1338 2737 1613 2808 imaginem
1662 2754 1911 2804 auream,

293 2842 451 2895 quam
484 2827 725 2893 statuisti,
767 2845 869 2882 non
898 2828 1212 2894 adoramus;
1241 2828 1438 2900 quibus
1468 2829 1647 2885 verbis
1672 2830 1830 2885 simul
1860 2840 1916 2887 et

299 2918 595 2985 praedicant
632 2919 729 2973 Dei
776 2920 1025 2975 virtutem
1050 2930 1104 2976 et
1126 2936 1446 2991 generosam
1477 2923 1671 2977 anima:
1700 2938 1813 2978 sua:
1850 2924 1918 2977 ll-

294 3008 511 3064 duciam
557 3026 667 3081 pra:
714 3026 774 3066 se
819 3013 1018 3077 ferunt,
1058 3029 1126 3066 ne
1166 3013 1304 3068 forte
1340 3013 1409 3068 de
1449 3014 1555 3069 illis
1582 3015 1704 3085 quis
1728 3015 1914 3073 dicere

298 3110 502 3168 posset,
520 3117 644 3172 qua:
658 3102 946 3159 adversum
968 3104 1071 3159 Job
1090 3104 1338 3160 diabolus
1354 3106 1735 3164 calumniando
1747 3109 1913 3180 jacta-

296 3190 414 3246 bat.
444 3190 582 3259 Quid
614 3208 744 3248 vero
773 3193 987 3249 dicebat
1014 3194 1305 3251 diabolus?
1336 3194 1458 3250 Non
1502 3199 1661 3268 gratis
1698 3200 1819 3253 colit
1865 3209 1914 3254 te

291 3279 397 3336 Job
418 3298 439 3335 .'
456 3284 705 3355 siquidem
732 3286 940 3338 munisti
963 3302 1042 3339 res
1066 3287 1198 3357 ejus,
1229 3303 1345 3357 qua:
1374 3289 1529 3355 intra,
1554 3299 1601 3343 et
1629 3306 1746 3357 quat
1765 3302 1911 3345 extra

292 3384 417 3428 sunt
461 3373 601 3447 (Job
653 3378 705 3431 1.
739 3377 794 3432 9.
828 3378 964 3447 i0).
1011 3378 1089 3433 Ne
1133 3379 1294 3447 igitur
1333 3380 1400 3435 de
1447 3382 1530 3435 his
1572 3383 1734 3437 etiam
1780 3382 1909 3437 illud

290 3462 401 3518 dici
434 3476 637 3535 posset,
662 3468 736 3524 illi
760 3478 1125 3530 autevertunt,
1144 3479 1200 3524 et
1231 3470 1515 3541 impudens
1539 3486 1602 3526 os
1629 3472 1903 3529 obturant.

378 3553 627 3610 Virtutem
663 3559 749 3626 qui
786 3570 1029 3623 sectatur,
1061 3560 1187 3613 iiber
1215 3571 1289 3615 est
1324 3570 1370 3615 et
1402 3562 1637 3632 superior
1657 3564 1860 3635 regibus
1887 3581 1907 3629 ,°

287 3650 453 3703 virtus
473 3666 673 3704 onmem
698 3662 884 3706 metum
906 3651 1335 3709 excludit.—Sed
1352 3695 1367 3719 ,
1399 3663 1457 3708 ut
1488 3654 1756 3722 dicebam,
1781 3656 1908 3713 licet

291 3739 541 3809 captivus
570 3741 642 3795 sit
667 3742 883 3813 aliquis,
925 3742 1051 3798 licet
1076 3758 1287 3810 servus,
1327 3743 1454 3799 licet
1481 3745 1816 3815 peregrinus,
1841 3746 1907 3801 li-

285 3840 377 3887 cet
406 3832 459 3887 in
485 3834 658 3889 aliena
683 3836 899 3904 regione
932 3845 1195 3901 versetur,
1227 3846 1282 3891 et
1304 3836 1558 3891 virtutem
1588 3851 1774 3892 secum
1808 3837 1903 3894 ha-

287 3924 411 3978 beat
435 3965 449 3987 ,
482 3925 731 3993 superior
761 3927 1011 3981 omnibus
1038 3925 1141 3981 erit
1165 3926 1403 3995 regibus.
1438 3925 1601 3981 Vides
1622 3936 1679 3983 et
1707 3926 1902 3984 mulie-

287 4030 409 4068 rum
432 4014 662 4069 solutam
684 4031 806 4071 esse
832 4018 1169 4081 servitutem,
1188 4026 1244 4072 et
1260 4016 1603 4086 famulorum,
1632 4028 1687 4073 et
1712 4033 1901 4075 eorum

284 4106 377 4176 qui
408 4106 739 4176 principibus
763 4108 1028 4163 subsunt?
1055 4110 1168 4180 Age
1195 4108 1452 4179 deinceps
1493 4108 1775 4165 ostendam
1805 4110 1900 4166 tibi

285 4207 492 4251 metum
536 4212 751 4267 quoque
792 4198 1083 4254 bestiarum
1127 4214 1247 4255 esse
1276 4198 1582 4269 depulsum.
1617 4199 1674 4254 ln
1706 4199 1897 4255 eadem

283 4288 555 4358 quondam
588 4288 862 4359 Babylone
880 4290 1156 4359 conjectus
1179 4289 1355 4346 fuerat
1383 4292 1436 4345 in
1468 4290 1643 4345 lacum
1674 4291 1859 4346 Daniel
1884 4310 1897 4346 :

285 4380 381 4435 sed
422 4395 546 4435 eum
597 4381 788 4437 leones
830 4382 1097 4452 attingere
1141 4397 1249 4437 non
1299 4380 1588 4436 audebant.
1636 4381 1902 4439 Videbaut

282 4470 428 4525 enim
465 4473 738 4542 antiquam
767 4482 823 4528 et
849 4476 1049 4544 regiam
1082 4476 1371 4545 imaginem
1402 4475 1453 4529 in
1483 4475 1601 4545 ipso
1631 4475 1901 4547 refulgen-

288 4572 417 4627 tent,
468 4562 722 4634 illamque
766 4564 996 4619 formam
1040 4567 1357 4632 cernebant,
1398 4584 1560 4637 quam
1606 4568 1658 4623 in
1692 4568 1901 4625 Adamn

284 4653 534 4708 viderant
577 4664 703 4709 ante
749 4665 1050 4725 peccatum.
1086 4657 1365 4728 Siquidem
1397 4675 1520 4713 cum
1554 4659 1744 4714 eadem
1772 4661 1902 4717 sub-

277 4745 535 4815 jectione,
562 4762 685 4801 cum
712 4747 779 4802 ad
810 4747 1076 4803 Adamum
1117 4752 1503 4819 accessissent,
1536 4753 1753 4809 nomina
1786 4766 1897 4810 tum

282 4848 627 4906 acceperunt.
659 4838 843 4909 Neque
873 4838 964 4894 hic
988 4840 1164 4895 solum
1190 4858 1205 4907 ;
1238 4841 1333 4897 sed
1362 4853 1419 4898 et
1458 4844 1513 4897 in
1544 4843 1704 4898 beato
1732 4844 1900 4902 Paulo

285 4928 424 4981 idetn
467 4929 711 4999 contigit.
746 4930 877 4984 Nam
903 4938 959 4984 et
988 4932 1075 4986 ille
1113 4947 1238 4987 cum
1265 4935 1317 4987 in
1346 4934 1699 4990 barbarorum
1750 4936 1899 4991 insu-

284 5021 389 5073 lam
416 5018 624 5087 ejectus
660 5031 826 5083 esset,
862 5036 1007 5091 pyrae
1037 5023 1326 5088 assidebat,
1359 5034 1416 5078 ut
1449 5025 1724 5080 caleﬁerct
1756 5025 1894 5099 (Act.

281 5106 427 5178 28):
480 5109 677 5165 deinde
728 5110 1011 5179 prosiliens
1043 5128 1075 5167 e
1105 5114 1394 5168 sarmentis
1442 5114 1623 5183 vipera
1669 5132 1891 5171 manum

285 5202 400 5270 ejus
445 5202 658 5257 invasit.
696 5202 833 5271 Quid
884 5218 1013 5272 ergo
1060 5212 1243 5273 postea
1290 5206 1557 5276 contigit?
1596 5203 1893 5264 Confestim

285 5294 455 5350 bestia
486 5295 699 5350 cecidit.
737 5295 866 5349 Nam
900 5297 1152 5365 quoniam
1186 5309 1464 5366 peccatum
1514 5315 1619 5353 non
1664 5300 1891 5369 invenit,

286 5402 354 5442 ne
383 5388 634 5442 mordere
658 5389 874 5457 quidem
911 5390 1125 5457 potuit:
1164 5389 1257 5443 sed
1286 5392 1738 5460 quemadmodum
1772 5409 1892 5459 nos,

283 5481 329 5534 si
359 5481 575 5551 quando
601 5481 776 5537 levem
824 5484 1058 5552 aliquem
1096 5484 1377 5552 scopulum
1416 5484 1710 5539 ascendere
1741 5486 1893 5539 volu-

286 5590 427 5640 mus,
456 5574 587 5629 dum
629 5590 892 5646 nusquam
941 5576 1257 5644 reperimus.
1309 5576 1453 5647 quod
1493 5576 1892 5647 apprehensum

286 5678 604 5733 teneamus,
659 5679 883 5738 tepente
920 5667 1289 5735 Ctiltt'itiimus,
1339 5670 1452 5723 sive
1497 5670 1548 5723 in
1592 5668 1892 5737 subjectum

288 5767 531 5835 pelagus,
562 5762 672 5817 sive
702 5764 750 5817 in
785 5762 1133 5833 praxripitium
1170 5780 1181 5815 :
1213 5764 1290 5818 sic
1330 5771 1382 5818 ct
1420 5763 1505 5817 illa
1548 5760 1738 5827 bestia,
1769 5776 1889 5816 cum

1614 337 1677 395 IN
1716 331 2018 394 CENESIM
2056 333 2289 393 SERMO
2322 335 2389 393 ν.

3552 337 3660 393 eo:

2038 449 2278 521 subjecta
2310 459 2455 507 esset
2480 465 2613 523 pyra
2636 491 2652 517 ,
2685 448 2829 521 quod
2861 460 3141 521 peccaturo
3168 494 3183 519 ,
3216 451 3301 505 cui
3324 448 3631 507 adhaereret

2038 556 2143 594 non
2177 540 2492 608 invenisset,
2526 556 2701 612 neque
2737 542 2826 596 cui
2848 542 3043 597 dentes
3073 543 3343 613 inﬁgeret,
3380 543 3431 595 in
3462 557 3656 615 pyram

2035 631 2256 697 decidit,
2286 642 2340 688 et
2372 634 2695 702 interempta
2728 642 2831 687 est.
2870 631 2963 689 Vis
2993 634 3223 687 alterum
3255 634 3348 687 tibi
3376 632 3656 689 defensio-

2037 722 2121 775 nis
2164 736 2337 791 genus
2386 722 2439 777 in
2485 722 2721 778 medimn
2770 723 3038 778 aderant?
3081 723 3258 780 Unum
3303 722 3521 793 quidem
3546 733 3653 789 est,

2034 816 2178 884 quod
2210 833 2316 869 non
2352 818 2559 885 priores
2591 824 2796 870 tantum
2839 818 3145 885 peccirint,
3177 817 3272 871 sed
3316 826 3372 870 ct
3406 815 3498 885 qui
3534 825 3657 885 post

2037 906 2155 959 illos
2182 908 2291 960 uati
2321 916 2484 969 sunt;
2512 906 2743 960 alterum
2776 921 2926 967 vero,
2960 906 3100 975 quod
3133 906 3223 975 qui
3254 906 3393 960 bene
3435 920 3495 960 se
3531 920 3657 976 ges-

2034 997 2208 1053 serint
2228 1040 2243 1063 ,
2278 998 2440 1067 idque
2467 997 2595 1051 dum
2624 998 2676 1051 in
2710 998 2811 1053 hac
2839 998 2947 1051 vita
2978 1008 3351 1062 versarentur,
3396 996 3655 1053 leviorem

2034 1090 2386 1159 experiantur
2414 1090 2732 1144 servitutem
2762 1106 2776 1143 :
2809 1089 2891 1144 vel
2919 1089 3095 1158 potius
3123 1089 3192 1144 ab
3223 1089 3311 1143 illa
3340 1091 3548 1160 integra
3584 1088 3655 1143 li-

2037 1179 2314 1247 berentur,
2364 1189 2421 1235 ut
2464 1181 2628 1235 etiam
2669 1182 2721 1233 in
2766 1180 3106 1245 mulieribus,
3138 1192 3193 1237 et
3222 1182 3275 1236 in
3304 1180 3557 1246 subditis,
3593 1187 3651 1239 et

2034 1274 2087 1327 in
2122 1272 2314 1329 belluis
2358 1290 2385 1325 a
2424 1273 2581 1327 nobis
2616 1282 2895 1327 ostensum
2939 1281 3041 1326 est.
3074 1272 3316 1327 Tertiqu
3363 1287 3491 1326 vero
3530 1281 3655 1343 post

2035 1364 2147 1428 illa,
2198 1362 2339 1433 quod
2388 1363 2635 1418 Christus
2688 1379 2810 1416 cum
2859 1363 3205 1429 advenisset,
3250 1364 3454 1432 majora
3506 1376 3651 1417 nunc

2032 1457 2171 1511 bo:ia
2217 1460 2287 1510 sit
2327 1456 2479 1509 nobis
2526 1456 2817 1525 pollicitus,
2865 1470 3027 1523 quam
3084 1470 3146 1510 ea
3190 1454 3385 1525 quibus
3429 1453 3644 1523 spoliati

2033 1547 2229 1601 fuimus
2254 1548 2325 1601 ab
2354 1548 2439 1609 iis,
2482 1547 2572 1616 qui
2602 1566 2630 1597 a
2671 1546 2932 1615 principio
2961 1555 3269 1617 peccaram.
3301 1543 3443 1612 Quid
3474 1544 3645 1607 enim,

2030 1654 2232 1709 QUJFSO,
2269 1656 2409 1694 tuine
2442 1639 2626 1709 luges?
2649 1654 2716 1692 an
2748 1638 2892 1707 quod
2927 1639 3165 1692 admisso
3197 1647 3418 1706 peceato
3440 1652 3471 1692 e
3496 1651 3655 1705 para-

2029 1731 2149 1786 diso
2194 1742 2245 1784 te
2289 1731 2459 1783 Adam
2504 1731 2764 1800 ejccerit‘.’
2811 1728 2914 1784 Fac
2968 1730 3106 1783 bona
3158 1743 3345 1798 opera,
3396 1733 3647 1781 virtutem

2028 1823 2433 1883 tenittlareutec
2458 1822 2567 1889 jam
2600 1820 2929 1889 paradisum,
2954 1819 3050 1875 sed
3083 1820 3177 1874 tibi
3209 1819 3401 1874 cadum
3435 1834 3644 1883 resero,

2030 1928 2209 1982 neque
2242 1916 2526 1980 permitto,
2562 1921 2618 1964 ut
2641 1927 2707 1965 ex
2741 1912 2895 1980 primi
2934 1911 3172 1981 parentis
3200 1911 3649 1981 prarvaricathme

2030 2006 2156 2059 mali
2191 2006 2285 2057 tibi
2318 2004 2608 2073 quidquam
2638 2004 2913 2058 obveniat.
2947 2006 3029 2058 An
3076 2003 3249 2073 luges,
3286 2001 3431 2073 quod
3465 2002 3644 2057 domi-

2028 2106 2154 2151 natu
2184 2097 2236 2149 in
2266 2097 2405 2148 t'eias
2436 2096 2674 2163 privatus
2697 2095 2809 2149 sis?
2833 2096 2973 2150 Ecce
2997 2095 3089 2149 tibi
3122 2094 3399 2149 daemones
3424 2108 3643 2165 quoque

2025 2189 2275 2258 subjicio,
2305 2188 2347 2241 si
2381 2188 2511 2241 velis
2537 2187 2837 2241 attendere.
2868 2186 3074 2241 (latente
3115 2202 3350 2255 namque
3372 2227 3387 2250 ,
3434 2186 3604 2255 inquit
3624 2226 3640 2249 ,

2024 2296 2181 2349 supra
2205 2289 2461 2349 serpentes
2489 2288 2532 2331 et
2563 2278 2880 2349 scorpiones,
2914 2288 2961 2330 et
2986 2293 3142 2346 super
3170 2292 3373 2330 onmem
3407 2275 3643 2328 virtutem

2025 2371 2219 2424 inimici
2244 2375 2259 2441 (
2283 2370 2415 2425 Luc.
2450 2369 2535 2424 10.
2578 2369 2642 2425 l9
2734 2368 2922 2439 Neque
2948 2368 3082 2423 dixit
3105 2411 3119 2436 ,
3156 2368 3516 2425 Dominamini
3538 2408 3553 2432 ,
3584 2376 3647 2423 ut

2023 2478 2146 2517 cum
2173 2463 2241 2516 de
2268 2464 2455 2517 bestiis
2482 2471 2702 2532 ageret,
2730 2462 2858 2530 sed,
2888 2460 3098 2516 Cateate
3116 2502 3131 2526 ,
3160 2469 3221 2515 ut
3242 2475 3514 2515 summum
3559 2462 3643 2515 in-

2025 2556 2249 2610 ducerct
2274 2555 2631 2609 dominatum.

2096 2649 2151 2702 5.
2208 2648 2499 2717 Propterea
2530 2647 2729 2702 Paulus
2762 2662 2979 2717 quoque
3006 2662 3112 2702 non
3145 2646 3302 2712 dixit,
3335 2646 3477 2701 Deus
3508 2646 3640 2702 sub-

2015 2738 2165 2808 jiciot
2213 2748 2456 2793 satanant
2497 2739 2600 2792 sub
2642 2736 2867 2807 pedibus
2913 2739 3141 2805 vestris,
3179 2737 3297 2801 sed,
3328 2736 3470 2792 Deus
3512 2755 3638 2792 con-

2020 2840 2141 2885 teret
2186 2843 2419 2885 satmtam
2444 2831 2536 2886 sub
2568 2831 2779 2901 pedibus
2813 2832 2988 2885 uestris
3032 2830 3209 2901 (Rom.
3238 2829 3327 2887 16.
3360 2830 3479 2902 20).
3519 2829 3639 2886 Non

2014 2921 2149 2991 jam,
2185 2931 2242 2976 ut
2268 2923 2434 2991 prius,
2460 2921 2485 2974 Ι
2494 2938 2583 2992 pse
2612 2922 2891 2976 observavit
2928 2933 3084 2989 caput
3124 2932 3290 2988 tuum,
3319 2932 3366 2976 et
3392 2932 3447 2975 tu
3475 2922 3638 2992 ipsius

2017 3014 2315 3067 calcaneum
2344 3013 2629 3066 observabis
2654 3027 2673 3066 :
2716 3011 2809 3068 sed
2849 3013 3059 3081 integra
3102 3021 3187 3066 est
3227 3013 3474 3078 victoria,
3504 3026 3637 3083 per-

2018 3102 2191 3158 fectus
2219 3104 2542 3173 triumphus,
2569 3104 2723 3172 plena
2754 3112 2961 3171 strages
2993 3104 3185 3166 hostis,
3226 3104 3547 3168 internecio,
3580 3114 3638 3159 et

2016 3194 2260 3249 exitium.
2299 3195 2424 3249 \‘iro
2461 3205 2512 3249 te
2552 3194 2780 3265 subjecit
2827 3194 2934 3248 Eva
2958 3212 2973 3258 ;
3000 3209 3103 3264 ego
3146 3210 3274 3249 vero
3306 3206 3357 3251 te
3380 3211 3486 3251 non
3518 3197 3636 3251 viro

2017 3296 2246 3349 uinum,
2277 3286 2372 3342 δρᾶ
2414 3295 2468 3341 et
2512 3286 2643 3356 ipsis
2672 3286 2879 3358 angelis
2905 3285 3115 3340 honore
3142 3288 3406 3357 :equalem
3438 3287 3631 3357 reddo,

2014 3376 2059 3430 si
2088 3377 2237 3429 vt-lis.
2274 3376 2386 3430 Vita
2427 3388 2478 3431 te
2525 3377 2775 3445 praesenti
2809 3377 3074 3446 privavit:
3108 3393 3210 3448 ego
3235 3394 3362 3433 vero
3394 3377 3630 3434 futuram

2016 3468 2110 3522 tibi
2141 3469 2369 3538 largior,
2406 3483 2721 3536 perennem,
2774 3469 3157 3536 immortalem,
3196 3480 3251 3524 et
3291 3470 3446 3525 bouis
3473 3471 3634 3525 innu—

2015 3560 2179 3613 meris
2208 3558 2619 3614 redundantem.
2642 3558 2812 3614 Nemo
2834 3562 2997 3630 igitur
3026 3573 3245 3631 ριόνιοτ
3273 3562 3396 3617 illos
3420 3562 3631 3633 priores

2012 3652 2212 3705 damno
2252 3668 2311 3706 se
2358 3652 2609 3707 allectum
2659 3653 2992 3709 arbitretur:
3050 3654 3251 3709 etenim
3298 3654 3345 3709 si
3401 3654 3630 3711 velimus

2012 3744 2216 3809 omnia,
2270 3759 2389 3811 qua:
2434 3743 2590 3798 nobis
2638 3744 2929 3814 largiturus
2980 3756 3084 3811 est,
3130 3746 3405 3816 persequi,
3457 3746 3631 3801 multo

2013 3837 2215 3905 majora
2262 3837 2365 3901 bis,
2395 3852 2516 3906 qua:
2547 3837 2851 3903 amisimus,
2882 3838 3039 3893 nobis
3083 3854 3206 3893 esse
3248 3838 3445 3892 donata
3478 3854 3632 3894 cont-

2013 3930 2303 3998 perienms.
2347 3928 2614 3984 (Sa-terum
2655 3945 2719 3984 ex
2772 3930 2859 3991 iis,
2894 3946 3015 4000 qua:
3052 3930 3195 3987 dicta
3225 3943 3372 3998 sunt,
3403 3932 3471 3989 de
3500 3934 3629 3989 reli-

2009 4019 2131 4088 quis
2157 4019 2319 4073 etiam
2349 4020 2637 4072 consumit.
2685 4018 3037 4074 Laboriosum
3082 4022 3321 4076 Adatnus
3350 4024 3513 4077 vitam
3548 4024 3631 4078 in-

2011 4109 2196 4171 vexit;
2228 4120 2283 4162 at
2311 4108 2558 4163 Christus
2588 4110 2748 4163 vitam
2785 4112 3053 4179 promisit,
3089 4112 3231 4167 unde
3274 4113 3406 4185 fugit
3446 4114 3622 4180 dolor,

2011 4199 2246 4262 tristitia,
2278 4209 2330 4253 et
2356 4200 2607 4269 gemitus,
2646 4215 2814 4270 seque
2845 4216 3069 4272 regnum
3110 4204 3366 4258 cmlorum
3402 4204 3626 4276 largitu-

2010 4305 2129 4344 rum
2161 4306 2193 4359 p
2216 4290 2465 4345 illicetur.
2510 4289 2682 4345 Venite
2715 4307 2968 4362 namque,
3015 4294 3206 4364 inquit,
3250 4297 3496 4350 benedicti
3521 4296 3628 4352 Pa-

2010 4382 2101 4434 tris
2119 4382 2234 4442 mei.
2266 4382 2517 4451 possidete
2536 4394 2771 4452 paratum
2800 4385 2937 4437 vobis
2965 4400 3180 4453 regnum
3209 4403 3240 4439 a
3264 4390 3628 4443 constitutione

2008 4474 2204 4527 mundi.
2222 4472 2429 4528 Esurivi
2448 4476 2603 4541 enim,
2630 4485 2678 4528 et
2706 4475 2919 4529 dedistis
2942 4478 3068 4531 mihi
3090 4479 3440 4536 manducare:
3467 4482 3624 4545 sitivi,

2006 4576 2053 4617 et
2079 4566 2288 4620 dedistis
2317 4567 2441 4620 mihi
2467 4567 2631 4621 bibere
2654 4582 2673 4620 :
2704 4568 2887 4637 hospes
2913 4585 3075 4638 aunt,
3115 4582 3167 4627 et
3196 4574 3476 4645 collegistis
3509 4592 3627 4629 me:

2007 4658 2177 4711 nudus
2211 4673 2374 4723 eram,
2409 4666 2454 4710 et
2486 4658 2819 4727 coaperuistis
2849 4676 2927 4714 me
2950 4675 2970 4714 :
2998 4662 3051 4715 in
3090 4679 3313 4730 carcere,
3342 4675 3387 4718 et
3418 4667 3627 4719 venistis

2005 4749 2074 4801 ad
2104 4765 2181 4802 me
2204 4746 2416 4819 (Matth.
2446 4749 2537 4803 25.
2570 4748 2639 4804 5t
2660 4778 2684 4789 -
2708 4749 2825 4821 36).

2080 4841 2298 4895 Moralis
2313 4841 2562 4913 epilogus.
2588 4840 2844 4896 Hortatur
2864 4844 2933 4896 ad
2952 4845 3345 4917 eleemosynam.
3365 4880 3437 4890 --
3458 4850 3622 4906 Num~

2005 4935 2131 5005 quid
2163 4936 2325 5004 igitur
2351 4950 2451 4989 nos
2492 4950 2708 5004 quoque
2755 4935 2969 4991 beatam
3013 4939 3157 4993 illam
3195 4957 3382 4997 vocem
3429 4944 3621 5000 auehe-

2007 5026 2169 5083 nius?
2199 5026 2461 5098 Equidem
2504 5044 2613 5082 nnn
2653 5030 2943 5084 admodum
2981 5031 3031 5085 id
3062 5032 3237 5087 ausim
3278 5050 3619 5101 asseverare.

2005 5120 2306 5187 praesertim
2338 5134 2459 5172 cum
2492 5134 2757 5189 pauperes
2791 5120 2946 5176 valde
2969 5136 3403 5181 contemnamus.
3424 5127 3621 5197 Jejuuil

2006 5218 2216 5278 tempus
2241 5219 2345 5275 est,
2378 5218 2452 5261 tot
2481 5209 2886 5267 cohortationes
2916 5214 3068 5275 tiunt,
3114 5223 3191 5269 tot
3234 5216 3488 5273 salutaria
3518 5220 3620 5274 do»

2003 5312 2249 5356 contenta
2286 5313 2673 5371 proponuntur,
2721 5319 2907 5370 preces
2946 5307 3239 5381 continuae,
3289 5309 3619 5379 quotidiana)

2004 5392 2265 5451 Collectze,
2295 5391 2421 5461 quid
2458 5401 2634 5447 tamen
2680 5406 2797 5461 post
2831 5405 3033 5451 tantam
3080 5415 3263 5455 curam
3306 5401 3405 5457 ista
3453 5408 3621 5474 proti-

2001 5482 2194 5537 cittnt?
2225 5481 2366 5536 Nihil
2403 5483 2578 5551 plane.
2612 5485 2747 5540 llinc
2776 5489 2919 5541 enim
2954 5492 3255 5547 recedimus
3286 5496 3477 5550 ordine
3507 5497 3617 5551 dis-

2004 5575 2175 5644 posita
2210 5592 2501 5645 pauperum
2533 5579 2743 5647 agmina
2781 5579 2906 5636 hinc
2943 5583 3068 5638 inde
3107 5588 3363 5641 stantium
3398 5589 3614 5647 intuen-

2006 5677 2118 5732 tes;
2147 5679 2200 5721 et
2229 5669 2379 5737 quasi
2416 5668 2715 5735 columnas,
2762 5688 2867 5726 non
2908 5673 3139 5729 humana
3168 5693 3393 5748 Corpora
3426 5699 3620 5739 (ιρι-πων

2006 5774 2207 5829 remus,
2254 5761 2331 5817 sic
2372 5762 2572 5833 absque
2624 5767 2989 5822 misericordia
3035 5773 3395 5841 pra-terimus.
3430 5776 3613 5847 Itaque
