4186 6324
597 373 706 428 603

600 502 708 541 non
735 499 892 540 secus
917 497 980 537 ac
1004 479 1049 536 si
1071 487 1272 534 statuas
1294 476 1468 529 anima
1496 480 1763 536 carentes,
1788 483 1894 522 non
1922 465 2189 535 spirantes

601 577 847 631 homines
875 581 1260 644 spectaremus,
1281 568 1348 621 ita
1370 565 1586 637 domum
1617 572 1983 631 properamus.
2017 553 2192 610 Enim-

599 663 737 722 vero
752 666 918 719 fames
947 663 1108 733 cogit,
1140 659 1401 730 inquiunt.
1426 657 1538 710 lmo
1568 651 1795 708 suadere
1815 649 1976 705 debet
2000 646 2186 706 fames,

602 767 662 813 ut
689 755 987 820 subsistas;
1020 752 1302 823 siquidem,
1334 759 1393 804 ut
1416 748 1628 817 vulgato
1673 743 1841 798 fertur
1880 735 2186 810 proverbio,

601 847 750 903 Pleni
791 857 1006 901 ventres
1048 844 1350 900 esurientes
1390 855 1495 894 non
1535 846 1798 892 noverunt
1825 851 1838 885 :
1863 842 1918 886 at
1954 827 2044 899 qui
2075 842 2192 882 esu-

605 939 750 993 riunt
786 953 852 992 ex
899 936 1217 993 necessitate
1242 948 1336 989 sua
1383 933 1543 987 etiam
1583 929 1814 983 alienam
1858 927 2186 995 agnoscunt;

601 1031 689 1084 vel
723 1030 899 1100 potius
929 1045 997 1084 ne
1024 1028 1101 1083 sic
1126 1024 1342 1096 quidem
1375 1023 1485 1077 fieri
1516 1029 1708 1091 potest,
1743 1028 1800 1071 ut
1839 1016 1983 1070 illam
2023 1023 2187 1067 totam

601 1131 936 1192 perspectam
981 1121 1230 1173 habeant.
1282 1117 1415 1170 Nam
1461 1124 1514 1167 tu
1559 1112 1774 1186 quidem
1824 1109 1890 1162 ad
1947 1113 2189 1177 paratam

601 1228 842 1267 mensam
879 1212 1115 1277 festinas,
1161 1221 1214 1265 et
1247 1226 1312 1262 ne
1340 1207 1406 1262 ad
1449 1207 1714 1260 modicum
1736 1201 1951 1272 quidam
1981 1208 2189 1265 tempus

599 1314 754 1373 potes
779 1314 1127 1371 εκειιεεωιιεε
1165 1316 1364 1370 pauper
1389 1308 1567 1352 autem
1600 1307 1704 1350 stat
1733 1295 1797 1346 ad
1831 1297 1995 1362 ipsam
2021 1302 2188 1358 usque

599 1411 878 1464 vesperam
901 1395 1154 1450 festinans
1184 1404 1236 1448 et
1267 1391 1454 1447 sedqu
1481 1389 1812 1452 incumbens,
1842 1393 1899 1437 ut
1926 1381 2188 1452 quotidia-

599 1504 728 1542 num
772 1489 968 1542 victum
994 1493 1266 1554 comparet
1290 1503 1301 1535 :
1328 1496 1556 1550 cumque
1580 1479 1720 1533 diem
1745 1476 1950 1529 finitum
1973 1471 2185 1533 viderit,

598 1578 878 1650 pecuniam
909 1593 1036 1632 vero
1067 1575 1299 1629 nondum
1324 1583 1486 1628 totam
1509 1572 1807 1632 collectam,
1828 1582 1946 1635 qua:
1966 1565 2031 1617 ad
2058 1577 2192 1632 quo-

602 1669 858 1724 tidianum
889 1669 1085 1722 victum
1114 1665 1364 1727 sufﬁciat,
1397 1662 1543 1716 dolet
1575 1670 1627 1713 et
1654 1675 1733 1713 ex:
1753 1655 2010 1715 andescit,
2041 1663 2095 1708 et
2122 1652 2188 1739 ad

597 1773 661 1812 ea
692 1773 810 1828 qua:
854 1757 995 1811 vires
1041 1755 1205 1824 ipsius
1250 1753 1517 1809 excedunt
1554 1748 1796 1803 audenda
1828 1743 2182 1814 compellitur.

599 1849 724 1903 Ideo
750 1849 849 1906 sub
874 1863 1151 1918 vesperam
1178 1844 1568 1901 vehementius.
1581 1858 1678 1896 nos
1713 1839 1970 1895 invadunt
2001 1837 2186 1905 jnrau-

602 1949 704 2004 tes,
731 1938 1056 2008 adjurautes,
1090 1939 1360 2008 lugentes,
1393 1934 1684 2004 plorantes,
1728 1945 1916 1986 manus
1961 1925 2188 1982 tenden-

599 2038 701 2094 tes,
728 2028 828 2083 alia
855 2030 1131 2083 innumera
1165 2026 1500 2096 impudenter
1523 2040 1680 2095 agere
1705 2022 1894 2078 coacti.
1927 2020 2191 2074 Verentur

598 2119 742 2174 enim
797 2134 884 2182 ne,
932 2134 1054 2173 eum
1101 2133 1287 2172 omnes
1325 2119 1540 2172 domum
1591 2116 1929 2178 recesserint,
1971 2113 2022 2164 in
2056 2114 2191 2168 urbe

601 2219 869 2278 tamquam
903 2209 953 2262 in
981 2210 1195 2262 deserto
1224 2209 1331 2262 sint
1358 2207 1587 2263 erraturi
1622 2225 1633 2258 :
1664 2216 1720 2261 et
1745 2208 1878 2260 sicut
1911 2205 2000 2276 qui
2029 2207 2190 2259 inter-

597 2301 690 2355 diu
719 2300 1047 2370 naufragium
1077 2302 1336 2362 fecerunt,
1367 2300 1542 2354 tabula
1573 2307 1806 2370 arrepta,
1838 2306 1963 2351 ante
2002 2311 2190 2364 vespe-

597 2407 716 2446 ram
738 2392 805 2446 ad
834 2402 1045 2461 portum
1074 2392 1354 2460 pervenire
1386 2391 1654 2457 festinant,
1679 2406 1746 2444 ne
1772 2389 1906 2443 forte
1934 2404 2052 2443 cum
2085 2404 2186 2441 nox

599 2483 896 2544 advenerit,
955 2483 1082 2537 foris
1135 2494 1414 2538 manentes
1462 2483 1674 2552 gravius
1725 2479 2059 2549 naufragium
2091 2495 2187 2548 pa-

599 2574 797 2626 tiamur
825 2593 837 2626 :
875 2575 944 2628 ita
975 2583 1029 2628 et.
1056 2589 1316 2645 pauperes
1345 2575 1472 2628 dum
1513 2573 1707 2629 famem
1755 2583 2026 2641 tamquam
2057 2586 2190 2624 nau-

598 2663 824 2732 fragium
869 2665 1271 2734 pertimescuut,
1319 2673 1443 2718 ante
1488 2677 1763 2732 vesperam
1805 2661 2083 2730 pecuniam
2123 2659 2190 2713 ad

599 2754 849 2807 diurnum
884 2754 1082 2808 vietum
1133 2753 1486 2808 sufﬁcientem
1535 2753 1786 2821 colligere
1820 2751 2090 2810 festinant,
2124 2764 2191 2803 ne

599 2860 719 2898 cum
748 2859 935 2900 omnes
956 2845 1174 2899 domum
1201 2844 1560 2906 discesserint,
1591 2853 1739 2897 extra
1773 2853 1981 2910 portam
2011 2855 2190 2894 rema-

599 2947 782 2992 neant.
808 2938 998 2994 Portus
1019 2939 1161 2993 enim
1194 2937 1297 2991 illis
1319 2945 1443 2991 sunt
1467 2951 1653 2991 eorum
1680 2951 1892 3002 manus,
1916 2936 2005 3005 qui
2033 2949 2188 3004 opem

599 3028 795 3083 ferum.

672 3123 725 3174 4.
760 3119 1049 3187 Paupernm
1081 3121 1314 3173 miseram
1349 3119 1686 3174 conditionem
1721 3118 1992 3184 describit,
2023 3119 2192 3172 diviti-

601 3213 788 3281 busque
813 3211 1054 3265 duritiam
1096 3212 1263 3266 cordis
1293 3211 1578 3279 exprobrat.
1604 3241 1676 3250 —
1706 3214 1774 3265 At
1809 3227 1908 3266 nos
1937 3227 2113 3282 neque
2141 3213 2191 3266 in

601 3303 718 3356 foro
743 3302 1128 3369 calamitatibus
1156 3318 1342 3358 eorum
1381 3319 1788 3358 commoremur
1811 3344 1824 3367 ,
1874 3320 2045 3374 neque
2070 3321 2192 3359 cum

600 3393 819 3446 domum
847 3394 1050 3447 reversi
1078 3409 1260 3448 sumus
1295 3411 1307 3446 :
1343 3394 1435 3448 sed
1461 3405 1658 3447 etcum
1698 3410 1880 3449 mensa
1919 3396 2071 3450 nobis
2099 3414 2191 3465 ap-

600 3483 772 3551 posita
792 3481 989 3548 fuerit,
1033 3497 1176 3551 saspe
1207 3483 1424 3538 inﬁnitis
1469 3483 1624 3538 bouis
1656 3483 1850 3539 referta
1893 3486 2190 3556 (siquidem

600 3589 662 3627 ca
714 3573 849 3628 bona
879 3573 1111 3626 vocanda
1143 3583 1266 3628 sunt
1295 3591 1413 3644 qua:
1455 3575 1520 3628 ad
1563 3583 1758 3629 nostrw
1795 3576 2194 3632 iulmmauitatis

598 3665 1099 3720 condemnationem
1145 3667 1558 3736 comedimus),
1616 3683 1981 3724 verumtamen
2033 3673 2191 3724 etiam

600 3771 723 3808 cum
753 3757 991 3825 apposita
1021 3755 1180 3810 fuerit
1209 3773 1416 3823 mensa,
1446 3757 1569 3811 dmn
1598 3774 1694 3826 per
1713 3761 2024 3828 angiportos
2057 3761 2194 3815 infc-

603 3846 716 3898 rius
760 3845 881 3899 illos
929 3846 1237 3900 incedentes
1279 3847 1559 3911 audimus,
1607 3857 1660 3902 et
1698 3849 1750 3902 in
1792 3852 1964 3904 triviis
2004 3868 2192 3922 magna

604 3953 734 3991 voce
764 3939 1089 4003 clamantes,
1139 3939 1414 4008 profundis
1457 3939 1699 3994 dolentes
1739 3942 1788 3994 iu
1820 3943 2053 3996 tenebris
2079 3984 2092 4007 ,
2143 3950 2192 3999 in

601 4027 765 4082 multa
798 4029 1113 4091 solitudine,
1163 4046 1228 4082 ne
1258 4033 1332 4083 sic
1358 4030 1571 4099 quidem
1614 4047 2018 4088 commoremur
2051 4053 2062 4086 :
2096 4036 2194 4090 sed

601 4127 658 4171 et
688 4119 853 4172 saturi
879 4118 1004 4171 dum
1034 4118 1101 4172 ad
1145 4135 1389 4173 somnum
1436 4136 1532 4173 nos
1575 4123 1970 4186 convertimus,
2005 4134 2058 4178 ct
2104 4126 2194 4178 illo

603 4222 790 4261 rursus
819 4216 1058 4277 tempore
1085 4210 1262 4263 multis
1302 4211 1624 4265 clamoribus
1662 4213 1900 4269 dolorem
1936 4227 2194 4273 testantes

605 4297 872 4361 audimus,
904 4299 1055 4367 quasi
1101 4300 1341 4354 rabidum
1373 4315 1598 4365 canem,
1646 4319 1750 4356 non
1779 4304 2062 4359 Immaan
2097 4324 2193 4362 v0-

606 4404 720 4442 cem
743 4388 1070 4456 audiremus,
1098 4390 1168 4444 ita
1200 4394 1535 4460 przcterimus
1562 4412 1574 4447 :
1605 4405 1658 4448 et
1688 4411 1860 4465 neque
1887 4396 2195 4453 difficultate

606 4481 866 4550 temporis
895 4497 1192 4547 movemur,
1223 4484 1361 4553 quod
1393 4486 1708 4556 intempesta
1741 4498 1897 4543 nocte
1923 4491 2194 4546 dormien-

605 4572 748 4626 tibus
777 4574 1024 4628 onmibus
1051 4577 1369 4632 lamentetur
1396 4578 1485 4632 ille
1510 4580 1674 4645 solus,
1707 4597 1882 4650 neque
1907 4585 2045 4652 quod
2078 4602 2194 4652 per-

607 4668 853 4736 exiguum
885 4668 1009 4736 quid
1053 4669 1315 4736 postulet,
1365 4672 1504 4738 quod
1533 4673 1659 4725 nihil
1690 4676 1916 4742 amplius
1965 4695 1992 4729 a
2041 4680 2194 4734 nobis

605 4773 764 4825 quam
793 4775 983 4833 panem
1004 4800 1020 4822 ,
1067 4770 1155 4813 aut
1183 4763 1397 4830 paulum
1428 4765 1627 4833 argenti
1657 4777 1830 4832 petat,
1877 4785 2047 4837 neque
2079 4788 2192 4824 ma-

606 4847 879 4914 gnitudine
901 4850 1217 4905 calamitatis
1244 4893 1257 4915 ,
1295 4852 1437 4920 quod
1471 4864 1723 4922 perpetua
1757 4859 1890 4911 fame
1917 4861 2193 4916 ceaiﬁiete-

608 4948 716 5004 tur,
751 4956 922 5009 neque
969 4941 1229 4996 modestia
1271 4944 1637 5012 supplicantis,
1669 4949 1897 5016 quicum
1933 4961 2074 5004 tanta
2104 4969 2196 5005 ne-

605 5031 853 5084 cessitate
898 5043 1195 5100 prematur,
1239 5049 1342 5086 nou
1388 5034 1450 5088 ad
1493 5035 1634 5090 fores
1668 5039 1923 5094 accedere
1963 5042 2194 5108 audeat,

608 5136 714 5174 non
740 5125 983 5178 cominus
1014 5135 1172 5187 stare,
1207 5126 1298 5178 sed
1333 5127 1548 5179 inferius
1571 5129 1725 5197 longo
1757 5142 1993 5186 remotus
2027 5147 2191 5188 Inter-

606 5219 748 5273 vallo
778 5218 1214 5290 supplicationem
1263 5233 1410 5272 suam
1443 5221 1648 5274 otferat.
1691 5225 1766 5277 Ac
1795 5226 1837 5278 si
1861 5227 2070 5294 quidem
2105 5244 2195 5281 ac-

608 5310 768 5377 cipiat
796 5352 809 5373 ,
852 5310 1155 5364 innumeras
1187 5327 1370 5379 preces
1413 5314 1694 5381 rependit:
1725 5317 1768 5370 si
1798 5332 1901 5370 uou
1946 5320 2191 5387 accipiat,

611 5417 676 5455 ne
697 5402 775 5454 sic
794 5401 1005 5470 quidem
1030 5418 1273 5471 asperum
1303 5405 1521 5457 verbmn
1541 5407 1754 5472 emittit,
1787 5424 1957 5478 neque
1987 5412 2194 5480 probris

609 5493 898 5546 insectatur
921 5501 1013 5547 aut
1037 5493 1253 5548 infamat
1281 5511 1394 5559 eos,
1425 5497 1514 5565 qui
1541 5511 1660 5550 cum
1688 5499 1817 5553 dare
1845 5502 2070 5569 possint,
2117 5505 2194 5556 ni-

611 5583 682 5635 hil
719 5584 954 5651 prmbent
983 5603 994 5637 :
1029 5585 1120 5640 sed
1166 5596 1220 5640 ut
1258 5587 1518 5656 quispiam
1550 5587 1672 5641 dtnn
1703 5589 1767 5644 ad
1801 5591 2190 5648 intolerandum

608 5675 874 5742 quoddam
902 5678 1218 5746 supplicium
1249 5693 1278 5732 a
1303 5679 1551 5735 carniﬁce
1577 5680 1785 5738 ducitur
1807 5725 1821 5749 ,
1849 5685 2042 5740 deinde
2070 5703 2191 5741 cum

611 5775 992 5835 praetereuntes
1017 5783 1200 5824 omnes
1226 5769 1508 5826 cohortalis
1535 5783 1587 5828 et
1629 5775 1918 5832 obsecrans
1937 5819 1952 5845 ,
1987 5779 2188 5836 nullum

1375 363 1430 415 S.
1474 356 1754 414 JOANNIS
1792 343 2271 410 CHRYSOSTOMI
2315 342 2636 398 ARCHIEP.
2677 342 3214 399 CONSTANTINOP.

3801 344 3905 399 σοι

2307 455 2603 512 subsidium
2631 457 2878 511 obtinere
2904 457 3156 524 potttcrit,
3183 455 3344 508 nmlta
3369 470 3491 510 cum
3516 455 3910 513 inhumanitate

2302 549 2367 601 ad
2397 549 2714 618 supplicium
2742 548 2955 602 ducitur
2979 567 2990 601 :
3022 548 3092 602 ita
3125 545 3210 602 hic
3239 562 3452 618 quoque
3481 547 3603 600 dum
3631 557 3904 615 utinquam

2298 656 2328 694 a
2351 639 2603 696 carniﬁce
2635 639 2863 694 trahitur
2890 640 2956 693 ad
2985 649 3196 694 noctem
3224 655 3254 693 a
3279 639 3441 703 fame,
3470 650 3633 710 atque
3662 640 3726 694 ad
3766 642 3902 709 rigi-

2301 732 2399 786 lias
2442 733 2803 789 intolerabiles
2827 774 2842 796 ,
2896 746 3087 785 manus
3113 730 3283 786 tendit
3303 772 3319 794 ,
3357 743 3412 785 et
3443 731 3749 786 uehementi
3777 748 3904 784 cum

2299 824 2536 878 clamore
2583 838 2794 878 sursum
2825 823 2877 877 iu
2907 821 3114 877 a-dihus
3143 822 3394 878 sedentes
3419 822 3753 891 deprecans,
3803 838 3910 878 nec

2299 914 2460 966 ullum
2494 912 2839 969 humanitatis
2877 912 3135 967 auxilium
3184 914 3516 983 impetraris,
3561 901 3903 968 cum'imulta

2295 1004 2614 1061 crudelitate
2657 1005 3154 1061 immisericorditer
3177 1004 3514 1060 amandatur.
3548 1005 3688 1059 Nihil
3722 1017 3905 1060 tamen

2297 1099 2486 1152 horum
2518 1113 2617 1153 nos
2651 1099 2869 1154 inllectit
2889 1141 2905 1164 ,
2952 1098 3046 1153 sed
3068 1107 3190 1168 post
3220 1107 3420 1152 tantam
3457 1097 3904 1152 inlmmauitatem

2296 1203 2487 1243 manus
2517 1188 2569 1241 in
2595 1189 2786 1242 czelum
2813 1187 3038 1244 tendere
3062 1187 3322 1243 audemus
3347 1229 3362 1251 ,
3411 1203 3474 1241 ac
3500 1187 3568 1242 de
3595 1187 3907 1242 misericor-

2295 1279 2378 1332 dia
2411 1277 2550 1346 apud
2594 1279 2759 1333 Deum
2786 1278 2945 1333 verba
2975 1279 3153 1333 facere
3177 1318 3194 1344 ,
3240 1279 3560 1348 veniamque
3591 1287 3904 1333 uestrorum

2294 1370 2615 1425 delictorum
2645 1371 2919 1439 postulare
2944 1387 2958 1432 ;
3015 1385 3114 1425 nec
3145 1371 3397 1426 timemus
3416 1413 3430 1434 ,
3473 1387 3540 1425 ne
3571 1369 3738 1426 ﬁnitis
3757 1370 3908 1441 ejus-

2296 1462 2440 1514 modi
2471 1462 2720 1530 precibus
2750 1471 2866 1531 post
2911 1473 3111 1515 tantam
3154 1461 3526 1516 crudelitatem
3569 1473 3622 1516 et
3654 1463 3906 1516 immaui-
3958 1475 3971 1486 ’

2295 1563 2456 1608 tatem
2484 1554 2551 1608 de
2574 1555 2707 1608 ca'lo
2735 1554 2933 1608 fulmen
2967 1555 3017 1608 in
3053 1569 3152 1608 nos
3177 1565 3316 1609 ruat.
3348 1553 3472 1621 Qui,
3502 1568 3704 1624 quaiso,
3737 1555 3814 1619 ﬁt,
3842 1565 3907 1608 ut

2294 1658 2415 1697 cum
2438 1645 2503 1697 ad
2527 1660 2774 1698 somnum
2796 1653 2851 1699 et
2879 1645 3113 1714 quietem
3140 1643 3431 1715 pergimus,
3460 1657 3565 1698 non
3593 1659 3903 1710 vereamur,

2298 1751 2364 1789 ne
2389 1735 2547 1789 nobis
2578 1735 2664 1790 hic
2692 1735 2810 1806 ipse
2836 1751 3040 1805 pauper
3069 1735 3121 1789 in
3161 1736 3365 1792 somnis
3403 1750 3669 1806 apparens
3697 1738 3903 1806 squali-

2295 1824 2418 1890 dus,
2450 1823 2725 1889 sordidus,
2757 1825 2949 1894 pannis
2975 1824 3203 1891 obsitus,
3232 1827 3578 1890 lamentetur,
3607 1841 3671 1880 ac
3701 1826 3904 1896 lugeat,

2295 1923 2350 1967 et
2387 1915 2760 1970 crudelitatem
2808 1916 3140 1985 exprobret?
3185 1916 3276 1971 Sic
3318 1917 3463 1972 enim
3495 1917 3696 1972 multos
3723 1917 3905 1970 :ltttlhi

2295 2003 2535 2059 dicentes
2577 2020 2636 2059 se
2665 2047 2680 2072 ,
2731 2022 2853 2060 cum
2903 2005 2972 2061 de
3020 2006 3107 2061 die
3137 2007 3460 2077 pauperibus
3485 2009 3777 2064 subvenire
3810 2025 3906 2063 ue-

2295 2095 2604 2164 glexissent,
2627 2097 2772 2152 visos
2797 2097 2897 2152 sibi
2925 2099 2992 2154 de
3016 2109 3171 2153 nocte
3193 2098 3411 2154 funibus
3435 2101 3758 2156 constrictos
3778 2117 3903 2170 ege-

2297 2201 2488 2241 norum
2509 2202 2665 2242 mantt
2690 2188 2850 2252 trahi,
2875 2189 3126 2266 cruciari,
3152 2200 3206 2245 et
3230 2190 3528 2246 immmeris
3557 2193 3715 2246 malis
3737 2191 3900 2245 afﬁci.

2295 2275 2402 2330 Sed
2432 2277 2546 2332 lucc
2568 2277 2783 2348 quidem
2811 2267 3034 2334 somnus
3051 2289 3172 2334 sunt
3195 2290 3250 2336 et
3276 2281 3626 2344 insomnium,
3654 2297 3720 2336 ac
3744 2298 3902 2352 pinna

2296 2371 2616 2439 temporaria
2645 2388 2658 2423 :
2692 2386 2790 2426 nos
2818 2380 2998 2427 autem
3018 2387 3198 2428 nonne
3225 2374 3533 2437 metuimus,
3585 2391 3794 2444 quzeso,
3837 2392 3907 2428 ue

2294 2458 2509 2528 quando
2537 2475 2824 2529 pauperem
2849 2461 2992 2517 hunc
3013 2461 3421 2530 lamentantem,
3455 2465 3780 2519 clamantem
3799 2507 3814 2529 ,
3844 2475 3904 2519 et

2297 2551 2596 2619 plorantem
2625 2552 2674 2604 iu
2701 2551 2931 2608 Abrahae
2947 2553 3065 2608 sinu
3088 2555 3386 2620 videamus,
3411 2565 3468 2609 ut
3491 2557 3617 2610 olim
3643 2555 3905 2611 Lazarum

2298 2643 2387 2698 ille
2409 2643 2603 2698 dives?
2627 2645 2759 2712 Quae
2785 2661 2916 2701 vero
2946 2655 3001 2701 et
3028 2657 3326 2716 sequuntur
3357 2649 3511 2714 inde,
3545 2660 3741 2703 vestra:
3769 2664 3907 2704 con-

2297 2734 2538 2788 scientia:
2564 2735 2867 2806 colligenda
2899 2737 3164 2807 relinquo,
3195 2740 3507 2807 peracerba,
3535 2749 3589 2793 et
3614 2740 3907 2795 intoleran-

2295 2826 2362 2881 da
2391 2826 2478 2881 illa
2509 2837 2788 2894 termento,
2818 2845 2931 2899 quo
2962 2840 3120 2900 pacto
3149 2847 3340 2900 aquam
3363 2832 3596 2901 petierit,
3620 2848 3728 2902 quo
3751 2846 3910 2901 parto

2297 2936 2365 2976 ne
2389 2929 2592 2990 guttam
2617 2921 2838 2992 quidem
2869 2923 3183 2986 obtinuerit,
3219 2940 3324 2993 quo
3359 2933 3513 2992 pacto
3543 2926 3782 2978 cruciata
3807 2927 3907 2978 lin-

2296 3026 2398 3080 gua
2430 3011 2607 3077 fuerit,
2637 3012 2908 3081 quomodo
2935 3024 3054 3082 post
3083 3014 3278 3067 multas
3310 3028 3498 3083 preces
3525 3014 3670 3069 fusas
3699 3016 3904 3069 nullam

2300 3102 2459 3156 fuerit
2497 3102 2706 3158 veniam
2747 3115 3150 3172 consequutus,
3205 3114 3260 3159 et
3307 3106 3581 3175 quomodo
3628 3107 3909 3176 suppliciis

2301 3203 2644 3263 torqueretur
2669 3195 2905 3249 aeternis.
2936 3197 3004 3249 At
3032 3196 3176 3250 enim
3207 3197 3346 3250 absit
3387 3205 3446 3250 ut
3475 3196 3573 3250 ista
3607 3212 3708 3251 nos
3739 3213 3906 3266 espe-

2299 3282 2533 3337 rimento
2559 3297 2844 3338 noscamus
2867 3324 2883 3350 ,
2939 3285 3034 3338 sed
3061 3300 3121 3338 ea
3151 3295 3356 3340 tantum
3398 3287 3540 3341 dicta
3586 3287 3905 3355 audientes,

2299 3374 2472 3428 minas
2493 3375 2746 3444 operibus
2774 3375 2947 3429 illatas
2967 3377 3252 3443 evitemus,
3275 3393 3336 3434 ac
3362 3379 3505 3449 digni
3531 3381 3748 3447 redditi,
3770 3398 3908 3449 quos

2300 3480 2531 3536 proavus
2561 3468 2826 3521 Abraham
2858 3467 3084 3524 comiter
3108 3485 3170 3524 ac
3198 3485 3542 3540 peramautcr
3561 3475 3817 3543 excipiat,
3843 3476 3905 3529 ad

2299 3557 2547 3610 eumdem
2580 3573 2703 3610 cum
2732 3557 2823 3610 illo
2848 3560 3130 3627 pervenire
3168 3561 3342 3615 locum
3389 3565 3658 3631 possimus
3678 3606 3692 3628 ,
3740 3568 3905 3636 gratia

2299 3655 2354 3700 et
2385 3646 2711 3718 benignitate
2745 3649 2952 3703 Domini
2984 3652 3150 3705 nostri
3183 3651 3308 3706 .lesu
3350 3652 3583 3718 Christi,
3637 3671 3762 3709 eum
3801 3672 3908 3726 quo

2301 3736 2443 3792 Patri
2467 3738 2656 3806 gloria,
2679 3737 2871 3803 honor,
2897 3739 3202 3809 imperium,
3223 3759 3324 3796 una
3342 3758 3461 3798 cum
3479 3745 3679 3813 Spiritu
3698 3756 3906 3815 sancto,

2303 3845 2443 3884 nunc
2473 3839 2526 3885 et
2553 3845 2783 3900 semper,
2821 3832 2949 3887 etin
2979 3835 3175 3887 smcula
3205 3836 3543 3891 stt-culorum.
3575 3842 3771 3893 Amen.

2871 3965 3104 4022 SERMO
3145 3968 3209 4022 vr
3236 3967 3334 4042 (α).

2301 4098 2378 4152 De
2422 4100 2577 4170 ligno,
2628 4117 2694 4153 an
2738 4119 2800 4154 ex
2852 4118 2907 4154 eo
2943 4105 3278 4172 cognitionem
3309 4106 3427 4159 boni
3451 4118 3498 4160 et
3526 4109 3651 4162 mali
3680 4109 3914 4165 Adumus

2369 4194 2584 4258 adeptus
2605 4193 2688 4256 sit,
2717 4212 2783 4246 en
2811 4210 2922 4247 vero
2955 4206 3222 4265 antequam
3267 4198 3452 4262 ederet,
3482 4200 3576 4254 huc
3601 4203 3913 4271 dignosccn-

2371 4283 2424 4334 di
2451 4283 2693 4352 firmitate
2720 4286 2961 4351 prteditus
2993 4288 3140 4354 fuerit
3176 4305 3193 4340 :
3221 4288 3437 4356 itemque
3485 4293 3548 4344 de
3587 4293 3815 4364 jejunio,
3868 4307 3914 4348 ct

2371 4375 2504 4441 quod
2525 4385 2751 4441 oporteat
2782 4378 2918 4429 domi
2956 4379 3188 4431 meditari
3213 4396 3326 4448 qua:
3351 4382 3403 4434 in
3432 4382 3639 4438 ecclesia
3668 4387 3913 4439 dicuntur

2374 4464 2542 4531 (Gen.
2568 4467 2623 4518 ‘2.
2653 4467 2735 4519 l7.
2759 4484 2868 4536 sqq.
2904 4469 2945 4537 ).

2374 4578 2425 4631 l.
2469 4577 2673 4641 Quanto
2727 4578 2902 4633 utilius
2941 4583 3008 4633 sit
3046 4583 3369 4637 concionibus
3420 4584 3659 4641 interesse
3688 4628 3700 4649 ,
3756 4605 3912 4653 quam

2306 4668 2534 4736 profanis
2561 4671 2902 4723 conventibus.
2934 4701 3003 4710 -—
3030 4672 3298 4739 Jejunium
3329 4675 3540 4743 quidem
3571 4677 3734 4747 diligo
3763 4683 3910 4748 quod

2307 4761 2669 4827 Ietiiperantize
2706 4762 2775 4814 sit
2812 4778 3025 4830 parens,
3059 4773 3112 4818 et
3136 4765 3254 4819 fons
3280 4767 3454 4820 omnis
3499 4769 3859 4840 philosophia:
3895 4793 3909 4826 :

2303 4850 2397 4903 sed
2452 4860 2505 4904 et
2555 4851 2682 4905 illud
2721 4862 2935 4921 propter
2966 4869 3060 4908 vos
3079 4855 3265 4924 diligo.
3297 4867 3351 4912 et
3403 4871 3624 4929 propter
3674 4875 3912 4918 vestram

2302 4943 2600 5006 caritatem,
2625 4945 2762 5010 quod
2794 4946 3076 5000 huucmihi
3106 4962 3315 5003 sacrum
3347 4961 3506 5020 atque
3531 4957 3906 5010 venerandum

2302 5044 2494 5086 ruatqu
2509 5035 2761 5103 coegerit,
2780 5036 2935 5104 idque
2954 5047 3186 5105 prmstet,
3204 5051 3258 5092 ut
3277 5051 3485 5108 optatos
3502 5045 3677 5099 vultus
3698 5058 3910 5101 vestros

2303 5122 2492 5176 intueri
2510 5126 2793 5191 possimus,
2809 5129 3155 5190 etconeedat,
3179 5140 3237 5182 ut
3255 5131 3354 5183 hoc
3382 5148 3536 5188 sacro
3554 5149 3825 5189 conventu
3845 5154 3909 5194 ac

2305 5216 2718 5272 festixitatecmn
2745 5219 2929 5273 ﬁducia
2949 5220 3294 5277 delectentur.
3322 5224 3432 5279 Non
3458 5229 3813 5284 enimerrabit
3839 5233 3907 5293 is,

2303 5309 2389 5376 qui
2411 5325 2721 5364 consessum
2741 5310 2881 5366 hunc
2897 5323 3134 5368 vestrum
3162 5327 3214 5368 et
3243 5333 3453 5372 sacrum
3471 5334 3816 5384 conventum,
3853 5338 3905 5379 et

2305 5398 2660 5464 festivitatem,
2691 5411 2745 5454 et
2769 5401 2868 5456 alia
2892 5414 3137 5458 sexcenta
3163 5407 3298 5460 bona
3322 5411 3662 5478 nuncuparit.
3696 5413 3829 5467 Nam
3860 5419 3906 5470 si

2305 5487 2355 5540 iu
2397 5487 2567 5543 forum
2608 5491 2874 5559 profectus
2901 5494 3184 5562 quispiam,
3217 5508 3272 5551 et
3296 5498 3345 5551 in
3375 5501 3604 5570 aliquem
3661 5504 3903 5561 incidens

2303 5595 2364 5633 ex
2390 5582 2592 5645 amicis,
2622 5598 2836 5638 omnem
2863 5600 3003 5654 saepe
3034 5588 3302 5643 tristitiam
3347 5591 3607 5662 abstergit
3639 5611 3653 5646 :
3681 5611 3779 5648 nos
3816 5613 3906 5665 qu:

2305 5733 2448 5856 sugg
2472 5741 2611 5846 ttoulnc1
2627 5744 2906 5847 igrnionem
2934 5750 2985 5791 ct
3009 5751 3308 5805 sequentem
3324 5746 3491 5797 confer
3507 5762 3617 5799 cum
3631 5748 3810 5801 Homtl.
3832 5751 3889 5799 ts

2423 5810 2430 5820 ‘
2472 5809 2498 5844 C
2555 5833 2564 5843 .
2690 5835 2699 5847 .
