4186 6324
293 377 394 431 605

288 490 611 561 ἀνθρώπους
644 490 956 560 βλέποντες,
988 489 1160 552 οὕτως
1186 486 1369 541 οἴκαδε
1405 485 1760 555 ἐπειγόμεθα.
1811 486 1885 537 Τὸ

291 581 395 653 γάρ
427 584 624 652 πεινῇν
656 580 1093 648 καταναγκάζει,
1126 579 1282 650 φησί.
1321 578 1431 631 Καὶ
1469 576 1574 648 μὴν
1599 576 1661 628 τὸ
1696 577 1887 646 πεινῇν

289 673 529 726 πειθέτω
555 673 740 744 μένειν
757 690 771 702 -
791 673 848 724 αί
870 671 970 742 μὲν
987 671 1098 742 γάρ
1114 669 1574 740 ἐμπεπλησμένων.
1595 667 1884 737 γαστέρες,

289 765 432 818 κατά
459 765 561 835 τὴν
591 764 910 834 παροιμίαν,
943 763 1044 826 τὰς
1076 761 1358 824 πεινώσας
1386 759 1675 828 ἀγνοοῦσιν
1703 775 1716 790 ·
1750 759 1804 811 αἱ
1828 757 1885 810 δὲ

290 855 560 909 πεινῶσαι
592 855 657 906 ἐκ
695 857 794 925 τῆς
827 855 1037 918 οίκείας
1069 854 1319 924 ἀνάγκης
1345 853 1441 906 καὶ
1468 852 1567 920 τὴν
1596 848 1886 918 ἀλλοτρίαν

290 943 721 1013 ἐπιγινώσκουσι
757 962 771 975 ο
809 943 1010 1015 μᾶλλον
1035 944 1092 997 δέ
1111 944 1233 996 οὐδὲ
1271 941 1417 996 οὕτω
1447 939 1671 994 δυνατὸν
1703 942 1884 994 πᾶσαν

287 1036 456 1106 αὐτὴν
495 1035 759 1088 κατιδεῖν.
807 1035 880 1087 Σὺ
919 1035 1018 1103 μὲν
1067 1033 1177 1103 γάρ
1229 1033 1323 1085 ἐπὶ
1355 1031 1884 1103 παρεσκευασμένην

287 1128 500 1197 τρέχεις
531 1125 836 1198 τράπεζαν,
878 1127 970 1178 καὶ
989 1125 1110 1178 οὐδὲ
1150 1124 1346 1196 μικρὸν
1372 1125 1664 1194 ἀναμεῖναι
1689 1122 1882 1194 ἀνέχῃ’

288 1223 314 1272 ὁ
339 1220 395 1272 δὲ
419 1220 593 1289 πένης
615 1218 814 1289 ἔστηκε
850 1217 1011 1288 μέχρι
1027 1220 1127 1288 τῆς
1157 1217 1400 1288 ἐσπέεκς
1423 1215 1613 1286 αὐτῆς,
1636 1213 1883 1268 σπεύδων

291 1311 381 1364 καὶ
403 1311 759 1380 ἐπειγόμενος
791 1310 894 1380 τὴν
915 1311 1192 1380 ἐφήμερον
1215 1309 1421 1379 τροφὴν
1440 1308 1763 1377 ἀπαρτίσαι·
1791 1307 1884 1358 καὶ

287 1403 428 1474 ὀρῶν
462 1405 566 1474 τὴν
585 1405 682 1473 μὲν
718 1402 930 1473 ἡμέραν
976 1399 1380 1472 πληρωθεῖσαν,
1411 1400 1473 1451 τὸ
1529 1400 1585 1452 δέ
1617 1398 1881 1468 ἀργύριον

287 1495 500 1549 οὐδέπω
531 1493 820 1566 πληρωθὲν
845 1491 1011 1552 ἅπαν.
1041 1492 1098 1544 τὸ
1125 1491 1263 1563 πρὸς
1289 1491 1495 1561 τροφὴν
1530 1489 1734 1560 ἀρκοῦν
1786 1492 1883 1556 ἐφ-

289 1591 514 1660 ήμερον,
540 1588 794 1641 ὀδυνᾶται
827 1587 919 1640 καὶ
957 1583 1323 1656 ἐμπίπραται,
1365 1583 1460 1635 καὶ
1509 1582 1732 1652 μείζονα
1781 1581 1882 1651 τῆς

287 1682 495 1743 οἰκείας
527 1679 815 1748 δυνάμεως
854 1677 1060 1746 τολμᾷν
1095 1675 1484 1743 ἀναγκάζεται.
1505 1673 1604 1727 Διά
1639 1673 1798 1726 τοῦτο
1825 1677 1883 1726 ἐν

287 1773 499 1842 ἑσπέρᾳ
541 1769 899 1840 σφοδρότερον
923 1768 1054 1836 ἡμῖν
1079 1767 1436 1824 ἐπιτίθενται,
1461 1765 1745 1835 ὀμνύντες,
1785 1765 1878 1832 ὁρ·

287 1863 532 1927 κοῦντες,
556 1861 905 1932 θρηνοῦντες,
936 1858 1346 1928 ὀλοφυρόμενοι,
1378 1855 1476 1920 τὰς
1501 1860 1689 1928 χεῖρας
1707 1857 1884 1909 ἐκτείο

287 1973 490 2020 νοντες,
552 1955 722 2025 μυρία
783 1955 947 2022 ἐτερα
982 1953 1361 2020 ἀναισχυντεῖν
1421 1951 1876 2019 ἀναγκαζόμενοι.

285 2048 573 2101 Δεδοίκασι
626 2047 736 2116 γάρ
781 2045 876 2115 μὴ,
918 2045 1138 2096 πάντων
1172 2041 1356 2094 οἴκαδε
1383 2041 1878 2111 ἀναχωρησάντων,

291 2137 439 2211 [669]
462 2139 540 2201 ὡς
563 2141 619 2189 ἐν
642 2138 856 2208 ἐρήμῳ.
878 2139 942 2206 τῇ
977 2135 1127 2187 πόλει
1156 2133 1463 2186 πλανᾶσθαι
1498 2135 1752 2200 μέλλωσι.
1774 2132 1883 2185 Καὶ

289 2231 544 2300 καθάπερ
577 2230 626 2282 οἱ
654 2229 900 2297 ναυαγίῳ
923 2225 1312 2296 περιπεσόντες
1337 2226 1394 2277 ἐν
1421 2226 1625 2296 ἡμέρᾳ,
1663 2224 1882 2277 ἐπειδὰν

290 2323 657 2375 ἐπιλάϐωνται
705 2320 934 2382 σανίδος,
985 2319 1092 2390 πρὸ
1139 2319 1242 2387 τῆς
1289 2317 1527 2388 ἑσπέρας
1561 2318 1649 2369 τὸν
1689 2317 1882 2386 λιμένα

291 2414 618 2467 καταλαϐεῖν
642 2413 977 2480 ἐπείγονται,
998 2413 1210 2479 μήποτε
1240 2409 1340 2480 τῆς
1375 2409 1569 2470 νυκτὸς
1627 2409 1883 2461 ἐπελθού-

291 2523 389 2576 σης
417 2506 525 2570 ἐξω
552 2506 836 2574 μείναντες
858 2501 1240 2572 χαλεπωτέρου
1267 2500 1570 2570 πειραθῶσι
1596 2500 1689 2553 τοῦ
1718 2517 1885 2552 ναυα-

289 2599 430 2665 γίου·
459 2595 605 2649 οῦτω
621 2597 714 2649 καὶ
735 2595 785 2647 οί
822 2597 1075 2664 πένητες,
1093 2593 1344 2664 καθάπερ
1369 2594 1626 2660 ναυάγιον
1647 2591 1883 2644 δεδοικόο

290 2707 376 2751 τες
407 2690 502 2742 τὸν
521 2688 699 2758 λιμὸν,
733 2686 1024 2740 σπεύδουσι
1073 2686 1180 2758 πρὸ
1225 2686 1326 2755 τῆς
1375 2685 1614 2753 ἑσπέρας
1647 2683 1707 2736 τὸ
1749 2683 1883 2753 πρὸς

290 2780 492 2852 τροφὴν
521 2780 706 2842 αὐτοῖς
722 2777 986 2850 ἀργύριον
1024 2778 1228 2850 ἀρκοῦν
1279 2779 1628 2845 συναγαγεῖν,
1666 2777 1752 2830 ἵνα
1787 2776 1881 2845 μὴ,

291 2871 507 2922 πάντων
568 2868 1044 2939 ἀποδημησάντων
1112 2867 1317 2930 οἴκαδε,
1377 2865 1482 2930 ἔξω
1545 2864 1636 2918 τοῦ
1667 2865 1884 2934 λιμένος

291 2959 537 3028 μείνωσι.
561 2958 741 3028 Λιμὴν
761 2957 870 3027 γὰρ
900 2957 1085 3019 αὐτοῖς
1119 2955 1301 3008 αἰτῶν
1327 2954 1885 3024 ἀντιλαμϐανομένων

290 3052 470 3123 χεῖρές
495 3051 656 3104 εἰσιν.

357 3239 423 3293 δ’.
445 3239 637 3307 Ἡμεῖς
665 3237 722 3290 δὲ
733 3235 857 3291 οὐτε
875 3237 933 3290 ἐν
949 3235 1124 3306 ἀγορᾷ
1142 3234 1278 3306 πρὸς
1300 3233 1399 3296 τάς
1422 3233 1648 3287 ἐκείνων
1669 3233 1883 3302 ἐκκαμ-

290 3331 538 3402 πτόμεθα
563 3329 874 3400 συμφοράς,
907 3327 1031 3381 οὐτε
1061 3326 1244 3380 οἴκαδε
1270 3325 1617 3387 ἀπελθόντεςο
1641 3323 1886 3378 ἀλλὰκαὶ

288 3423 386 3492 τῆς
408 3423 692 3492 τραπέζης
722 3423 857 3490 ἡμῖν
893 3418 1329 3490 παρακειμένης,
1365 3417 1628 3481 πολλάκις
1665 3417 1760 3470 καὶ
1785 3434 1886 3486 μυ-

293 3515 422 3585 ρίων
471 3513 754 3583 γεμούσης
797 3510 1020 3579 ἀγαθῶν
1066 3510 1202 3580 (είγε
1236 3509 1417 3578 ἀγαθὰ
1456 3510 1562 3582 χρὴ
1608 3509 1815 3573 καλεῖν,
1850 3510 1886 3564 ἀ

289 3607 381 3659 ἐπὶ
422 3606 748 3676 κατακρίσει
791 3604 889 3673 τῆς
933 3601 1093 3672 ἡμῶν
1144 3601 1544 3671 ἀπανθρωπίας
1581 3601 1883 3672 ἐσθίομεν),

290 3699 428 3770 πλὴν
453 3698 590 3751 ἀλλά
621 3699 716 3751 καὶ
742 3699 840 3764 τῆς
875 3693 1154 3766 τραπέζης
1187 3696 1624 3765 παρακειμένης,
1651 3694 1882 3748 ἀκούον-

289 3807 379 3854 τες
408 3789 654 3844 κάτωθεν
681 3789 772 3842 διὰ
800 3786 911 3840 τῶν
953 3785 1245 3840 στενωπῶν
1279 3786 1606 3856 βαδιζόντων
1635 3785 1883 3848 ἐκείνων,

293 3884 386 3937 καὶ
420 3882 632 3954 μεγάλα
671 3879 917 3950 βοώντων
953 3880 1012 3931 ἐν
1067 3881 1179 3940 τοῖς
1225 3879 1886 3950 ἁμφόδοις,ὀδυνωμένων

291 3977 347 4028 ἐν
403 3975 693 4045 βαθυτάτῳ
746 3973 946 4042 σκότῳ,
985 3970 1042 4022 ἐν
1078 3971 1284 4042 ἐρημία
1312 3970 1505 4041 πολλῇ,
1563 3969 1684 4024 ούδέ
1711 3969 1887 4032 οῦτως

291 4063 779 4137 ἐπικαμπτόμεθα·
831 4063 966 4117 ἀλλά
1010 4063 1106 4116 καὶ
1139 4060 1570 4132 ἐμπλησθέντες,
1603 4062 1698 4115 καὶ
1747 4063 1885 4133 πρὸς

293 4157 461 4211 ῦπνον
489 4157 814 4226 βαδίζοντες,
851 4157 945 4208 καὶ
977 4159 1031 4207 ἐν
1065 4154 1258 4224 ἐκείνῳ
1291 4153 1454 4206 πάλιν
1470 4153 1548 4224 τῷ
1583 4154 1759 4225 καιρῷ
1785 4173 1884 4223 με⁸

293 4252 436 4321 γάλα
467 4250 711 4305 κάτωθεν
740 4249 1086 4319 ὀδυρομένων
1141 4248 1454 4313 ἀκούοντες,
1503 4247 1693 4318 ῶσπερ
1723 4247 1885 4310 κυνὸς

291 4341 612 4404 λυττῶντος,
637 4340 752 4393 ἀλλ’
805 4340 906 4392 οὐκ
940 4339 1292 4410 ἀνθρωπίνης
1347 4339 1636 4401 ἀκούοντες
1699 4339 1886 4408 φωνῆς

292 4432 437 4486 οῦτω
467 4431 908 4501 παρατρέχομεν·
942 4433 1034 4483 καὶ
1087 4429 1211 4482 ούτε
1240 4430 1380 4501 πρὸς
1422 4431 1514 4482 τὸν
1549 4431 1742 4500 καιρὸν
1765 4433 1883 4482 ἐπι-

297 4525 663 4598 στρεφόμεθα,
693 4525 774 4576 ὅτι
815 4525 957 4593 ἀωρὶ
988 4523 1176 4576 λοιπὸν
1202 4523 1313 4575 τῶν
1337 4522 1549 4575 νυκτῶν
1590 4523 1885 4576 καθευδόνο

294 4631 403 4667 των
433 4614 688 4666 ἀπάντων
717 4612 925 4674 ἐκεῖνος
953 4609 1203 4680 ὀδύρεται
1247 4611 1426 4679 μόνος,
1460 4609 1584 4662 οὐτε
1628 4611 1767 4680 πρὸς
1825 4610 1885 4662 τὸ

298 4704 499 4767 κοῦφον
528 4703 624 4772 τῆς
653 4702 946 4772 αἰτήσεως,
977 4701 1057 4754 ὅτι
1110 4701 1275 4772 ἄρτου
1330 4700 1492 4754 πλέον
1539 4702 1693 4754 οὐδὲν
1736 4704 1885 4772 ἡμᾶς

294 4798 389 4850 ἀπ.
420 4798 538 4860 .τεῖ,
561 4796 594 4867 ἦ
621 4795 884 4866 ἀργύριον
908 4794 1107 4862 ὀλίγον,
1132 4793 1256 4847 οὐτε
1283 4795 1416 4864 πρὸς
1457 4795 1517 4848 τὸ
1541 4795 1769 4864 μέγεθος
1788 4798 1888 4866 τῆς

295 4887 604 4956 συμφορᾶς,
633 4885 873 4956 ὅτιλιμῷ
896 4885 1118 4939 παλαίει
1160 4885 1418 4956 διηνεκεῖ,
1447 4885 1571 4939 οὐτε
1622 4889 1759 4958 πρὸς
1787 4887 1888 4954 τὴν

296 4977 596 5031 ἐπιείκειαν
651 4978 744 5030 τοῦ
797 4979 1019 5043 ἱκέτου,
1074 4979 1156 5032 ὅτι
1220 4979 1456 5050 τοσαύτῃ
1522 4981 1886 5051 κατεχόμενος

295 5067 532 5135 ἀνάγκη,
548 5065 612 5118 οὐ
634 5066 769 5136 πρὸς
787 5066 887 5130 τὰς
918 5067 1089 5136 θύρας
1115 5069 1309 5132 ἐλθεῖν,
1328 5071 1427 5122 οὐκ
1444 5071 1610 5138 ἐγγῦς
1631 5071 1887 5138 γενέσθαι

295 5155 490 5225 τολμᾷ,
541 5154 690 5208 ἀλλά
736 5155 980 5209 κάτωθεν
1019 5159 1084 5209 ἐκ
1131 5158 1326 5212 πολλοῦ
1362 5159 1458 5211 τοῦ
1517 5161 1888 5232 διαστήματος

297 5249 529 5300 ποιεῖται
551 5248 650 5317 τὴν
679 5247 976 5318 ἱκετηρίαν.
1011 5248 1128 5302 Κᾶν
1164 5251 1261 5318 μὲν
1289 5251 1448 5323 λάϐῃ,
1483 5253 1680 5324 μυρίας
1704 5255 1888 5308 δίδωσι

295 5340 393 5401 τὰς
418 5340 602 5408 εὐχάς·
631 5337 697 5392 ἂν
727 5338 784 5392 δὲ
815 5338 893 5410 μὴ
921 5339 1062 5411 λάϐῃ
1083 5381 1097 5404 ,
1124 5341 1243 5394 οὐδέ
1274 5343 1420 5396 οὕτω
1464 5345 1660 5415 πικρὸν
1692 5346 1890 5400 ἐκϐάλ-

297 5429 376 5482 λει
399 5429 572 5500 ῥῆμα,
602 5429 724 5483 οὐδὲ
755 5429 1082 5502 λοιδορεῖται
1105 5434 1199 5485 καί
1228 5434 1542 5506 βλασφημεῖ
1570 5437 1695 5500 τοὺς
1722 5437 1881 5490 δυναμ-

300 5521 492 5588 μένους
519 5520 725 5587 δοῦναι,
764 5524 857 5576 καὶ
895 5525 970 5595 μὴ
1025 5525 1387 5597 παρέχοντας’
1427 5527 1541 5580 ἀλλ’
1571 5527 1762 5600 ὥσπερ
1803 5547 1885 5596 τις

298 5613 401 5665 ὐπὺ
429 5613 627 5683 δημίου
675 5614 820 5677 τινὸς
852 5616 945 5668 ἐπὶ
999 5615 1222 5670 κόλασιν
1260 5618 1528 5688 ἀγόμενος
1586 5621 1884 5692 ἀφόρητον,

297 5698 410 5756 εἶτα
427 5704 555 5764 τοὺς
592 5702 885 5773 παριόντας
912 5705 1159 5770 ἅπαντας
1201 5709 1558 5778 παρακαλῶν,
1602 5711 1882 5774 ἱκετεύων,

298 5793 386 5845 καὶ
430 5794 707 5865 μηδεμιᾶς
767 5797 1048 5864 τυγχάνων
1099 5799 1459 5866 ἀντιλήᾷεως,
1494 5802 1632 5866 μετὰ
1680 5801 1885 5869 πολλῆς

1531 369 1593 424 IN
1631 366 1936 423 GENESIM
1977 363 2217 424 SERMO
2270 368 2355 424 Vl.

3481 371 3588 427 606

1996 484 2095 554 τῆς
2133 484 2530 555 ἀπανθρωπίας
2553 483 2689 555 πρὸς
2718 483 2815 555 τὴν
2848 485 3072 538 κολασιν
3094 485 3309 554 ἄγεταν
3333 484 3476 539 οὕτω
3497 491 3587 541 καὶ

1993 567 2172 639 οὗτος,
2213 573 2467 644 καθάπερ
2488 575 2593 628 ὐπὸ
2612 574 2806 646 δημίου
2839 573 2934 628 τοῦ
2964 575 3122 644 λιμοῦ
3146 576 3282 648 πρὸς
3297 577 3398 649 τὴν
3418 576 3589 632 νύκτα

1995 665 2287 736 ἑλκόμενος
2319 665 2412 719 καὶ
2437 665 2536 736 τὴν
2557 667 2831 738 ἀφόρητον
2858 669 3191 738 ἀγρυπνίαν,
3232 667 3462 721 ἐκτείνει
3492 669 3592 738 μὲν

1993 757 2091 821 τάς
2130 760 2337 827 χεῖρας,
2370 758 2510 827 μετά
2555 760 2788 830 σφοδρᾶς
2817 760 2915 830 τῆς
2943 760 3073 833 βοῆς
3121 761 3248 823 τοὺς
3273 761 3332 812 ἐν
3363 762 3484 824 ταῖς
3514 763 3593 814 οἰ-

1995 849 2142 913 κίαις
2167 849 2280 903 ἀνω
2316 849 2658 921 καθημένους
2713 851 3074 922 παρακαλῶν,
3101 852 3358 922 οὐδεμιᾶς
3392 852 3449 906 δέ
3469 853 3591 921 φιλ-

1993 940 2312 1012 ανθρωπίας
2375 943 2692 1011 τυγχάνων,
2745 943 2990 1013 ἀνηλεῶς
3040 943 3436 1014 ἀποπέμπεται
3497 945 3591 1000 καὶ

1997 1035 2135 1104 μετά
2177 1033 2378 1104 πολλῆς
2407 1034 2505 1104 τῆς
2533 1033 2835 1104 ὠμότητος.
2867 1034 3006 1087 Ἀλλ’
3034 1035 3188 1089 οὐδὲν
3211 1036 3423 1090 τούτων
3444 1037 3593 1107 ἡμᾶς

1992 1126 2355 1196 ἐπικάμπτει,
2403 1127 2539 1179 ἀλλά
2571 1126 2710 1197 μετά
2743 1127 3016 1198 τοσαύτην
3064 1127 3462 1199 ἀπανθρωπίαν
3511 1131 3594 1190 εἰς

1992 1220 2083 1273 τὸν
2109 1220 2338 1290 οὐρανὸν
2368 1222 2607 1272 ἐκτεῖναι
2633 1219 2730 1283 τὰς
2759 1221 2947 1290 χεῖρας
2978 1219 3291 1290 τολμῶμεν,
3330 1221 3424 1274 καὶ
3462 1223 3595 1293 περ)⁸

1993 1313 2145 1366 ἐλέου
2173 1312 2520 1382 διαλεχθῆναι
2550 1312 2628 1382 τῷ
2681 1311 2819 1382 Θεῷ,
2853 1313 2942 1366 καὶ
2993 1313 3327 1383 συγγνώμην
3366 1314 3594 1382 αίτῆσαι

1991 1405 2099 1457 τῶν
2129 1404 2806 1485 οἱκείιυνιάμαρτημάτων·
2829 1406 2922 1458 καὶ
2955 1407 3015 1458 οὐ
3048 1405 3369 1476 δεδοίκαμεν
3402 1406 3476 1476 μὴ
3500 1423 3593 1459 κε-

1994 1498 2186 1567 ραυνὸς
2220 1497 2358 1567 μετά
2378 1497 2476 1567 τὴν
2508 1497 2947 1569 τοιαύηνεύχὴν
2979 1499 3304 1568 κατενεχθῇ,
3331 1500 3470 1569 μετά
3492 1499 3595 1569 τὴν

1989 1589 2260 1659 τοσαύτην
2309 1589 2568 1658 ὠμότητα
2623 1590 2719 1642 καὶ
2776 1589 3200 1661 ἀπανθρωπίαν.
3270 1590 3394 1655 Πῶς
3453 1590 3594 1661 πρὸς

1995 1680 2185 1742 ῦπνον,
2228 1680 2348 1732 είπέ
2392 1697 2504 1746 μοι,
2538 1679 2826 1750 βαδίζομεν
2880 1680 2975 1734 καὶ
3004 1681 3334 1743 ἀνάπαυσιν,
3379 1682 3475 1734 καὶ
3527 1681 3590 1732 οὐ

1990 1773 2310 1842 δεδοίκαμεν
2352 1772 2504 1844 [670]
2540 1775 2614 1844 μὴ
2670 1776 2790 1828 κατ’
2828 1773 2962 1844 ὄναρ
2989 1774 3152 1837 αὐτὸς
3198 1770 3356 1836 οὗτος
3403 1776 3533 1844 ὑμῖν
3563 1778 3596 1827 ὀ

1991 1867 2162 1934 πένης
2185 1865 2432 1929 ἐπιστὰς,
2463 1865 2712 1935 αὐχμῶν,
2742 1865 2932 1936 ῥυπῶν
2990 1867 3157 1936 ῥάκια
3186 1866 3593 1938 περιϐεϐλημέ-

1992 1975 2102 2021 νος,
2138 1958 2398 2028 ὀδύρηται
2429 1958 2524 2011 καὶ
2551 1957 2821 2030 θρηνήσῃ,
2867 1958 2967 2029 τὴν
2997 1957 3261 2028 ὡμότητα
3309 1958 3590 2026 ἐγκαλῶνι

1993 2047 2104 2100 Καὶ
2133 2047 2242 2117 γάρ
2275 2047 2486 2100 πολλῶν
2514 2048 2774 2110 πολλάκις
2801 2049 3016 2119 ἥκουσα
3051 2049 3341 2116 λεγόντων,
3366 2051 3448 2103 ὅτι
3473 2051 3596 2121 μεθ’

1993 2140 2208 2211 ἡμέραν
2231 2139 2584 2210 ὑπεριδόντες
2607 2139 2704 2208 τῆς
2733 2139 2842 2192 τῶν
2873 2141 3105 2211 πτωχῶν
3136 2141 3496 2212 ἀντιλήψεως,
3533 2144 3593 2194 ἐν

1993 2236 2147 2289 νυκτὶ
2190 2235 2402 2305 σχοινία
2451 2234 2959 2305 περιϐεϐλημένους
3015 2235 3244 2298 ἑαυτοὺς
3300 2231 3440 2288 εἶδον
3470 2234 3595 2302 ,καὶ

1993 2328 2320 2396 ἑλκομένους
2350 2327 2455 2379 ὐπὸ
2481 2327 2581 2397 τῆς
2597 2325 2705 2378 τῶν
2756 2327 3008 2396 πενήτων
3041 2325 3243 2396 χειρὸς,
3278 2341 3591 2396 σπαραττο-

1995 2419 2211 2489 μένους,
2238 2418 2407 2488 μυρία
2434 2418 2745 2487 πάσχοντας
2771 2419 3098 2488 πράγματα.
3117 2416 3281 2469 Ἀλλά
3301 2415 3475 2470 ταῦτα
3494 2416 3594 2486 μὲν

1994 2515 2160 2576 ’ὐπνος
2186 2513 2280 2564 καὶ
2316 2511 2470 2580 ὄναρ,
2511 2511 2605 2563 καὶ
2660 2511 2999 2581 πρόσκαιρος
3054 2508 3317 2579 τιμωρίαο
3340 2509 3500 2580 ἡμεῖς
3537 2508 3595 2562 δὲ

1991 2605 2054 2658 οὐ
2081 2604 2424 2673 δεδοίκαμεν,
2453 2603 2574 2655 εἰπέ
2611 2620 2722 2672 μοι,
2776 2604 2988 2672 μήποτε
3021 2602 3114 2654 τὸν
3165 2601 3376 2670 πένητα
3405 2600 3596 2654 τοῦτον

1992 2698 2084 2750 τὸν
2114 2697 2438 2767 ὀδυρόμενον
2466 2697 2561 2748 καὶ
2591 2695 2801 2765 βοῶντα
2837 2696 2931 2748 καὶ
2965 2696 3366 2766 ὀλοφυρόμενον
3398 2695 3458 2747 ἐν
3481 2697 3597 2755 τοῖς

1993 2790 2216 2852 κόλποις
2247 2788 2448 2858 ἴδωμεν
2477 2787 2571 2840 τοῦ
2608 2786 2880 2858 Ἀϐραάμ,
2920 2785 3175 2858 καθάπερ
3207 2787 3338 2841 ποτέ
3364 2787 3457 2839 τὸν
3485 2789 3598 2841 Λά-

1993 2879 2162 2954 ζαρον
2215 2880 2246 2932 ὁ
2290 2878 2546 2942 πλούσιος
2595 2879 2832 2944 ἐκεῖνος;
2888 2880 2969 2932 Τά
3000 2880 3057 2932 δὲ
3109 2879 3360 2932 ἐντεῦθεν
3389 2880 3596 2950 ἀφίημι

1994 2971 2260 3043 ὐμῶντῷ
2319 2972 2606 3033 συνειδότι,
2669 2971 2737 3023 τά
2807 2971 2980 3041 πικρά
3034 2973 3127 3024 καὶ
3176 2972 3597 3042 ἀπαραμύθητα

1994 3068 2181 3118 ἐκεῖνα
2211 3066 2573 3135 κολαστήρια,
2597 3064 2713 3126 πῶς
2734 3063 2937 3134 ᾔτησεν
2962 3063 3124 3134 ὓδωρ,
3155 3063 3273 3126 πῶς
3318 3064 3440 3115 οὐδὲ
3471 3080 3597 3116 στσ-

1996 3158 2151 3226 γόνος
2185 3156 2365 3225 ἔτυχε,
2401 3155 2522 3218 πῶς
2549 3157 2582 3224 ἡ
2612 3153 2830 3222 γλῶττα
2852 3153 3444 3224 άπετηγανίζετο,πῶς
3464 3155 3598 3207 πολρ

1994 3251 2090 3320 λὴν
2119 3249 2219 3318 τὴν
2245 3248 2527 3318 ἱκετηρίαν
2549 3247 2682 3312 θεὶς,
2706 3247 2966 3316 οὐδεμιᾶς
2993 3245 3329 3317 συγγνώμης
3366 3246 3597 3300 ἀπέλαυ-

1996 3359 2054 3394 σε
2077 3380 2091 3403 ,
2119 3343 2215 3393 καὶ
2249 3340 2366 3403 πῶς
2391 3338 2638 3392 ἀθάνατα
2691 3338 3001 3403 ἐκολάζετο.
3037 3338 3200 3391 Ἀλλά
3227 3339 3336 3410 γάρ
3400 3338 3474 3410 μὴ
3500 3341 3595 3408 γέο

1992 3451 2134 3485 νοιτο
2161 3434 2310 3502 ἡμᾶς
2349 3430 2522 3484 ταῦτα
2564 3431 2654 3484 διὰ
2697 3433 2795 3500 τῆς
2834 3430 3030 3501 πείρας
3078 3431 3290 3500 μαθεῖν,
3341 3430 3479 3484 ἀλλά
3508 3431 3598 3485 διά

1993 3527 2101 3579 τῶν
2127 3525 2302 3593 λόγων
2361 3524 2700 3585 ἀκούσαντας
2733 3525 2927 3591 φυγεῖν
2985 3525 3087 3594 τὴν
3128 3523 3217 3576 διά
3258 3522 3365 3576 τῶν
3420 3523 3600 3594 ἔργων

1994 3615 2247 3685 ἀπειλὴν,
2280 3615 2498 3683 καὶτῆς
2527 3615 2620 3667 τοῦ
2661 3615 3009 3684 προπάτορος
3047 3613 3302 3684 ’Δϐραάμ
3336 3613 3597 3684 φιλοφρο-

1997 3710 2161 3780 σύνης
2181 3709 2366 3776 ἀξίους
2391 3707 2836 3778 ἀποδειχθέντας,
2871 3710 2950 3770 εἰς
2975 3708 3064 3760 τὸν
3091 3707 3253 3761 αὐτὸν
3280 3707 3473 3778 ἐκείνῳ
3492 3725 3599 3777 χω-

1999 3804 2161 3874 ρῆσαι
2194 3803 2361 3854 τόπον
2385 3843 2402 3867 ,
2462 3801 2644 3871 χάριτι
2688 3799 2785 3853 καὶ
2838 3797 3230 3870 φιλανθρωπίᾳ
3257 3797 3353 3852 τοῦ
3387 3798 3601 3868 Κυρίου

1994 3897 2152 3968 ἡμῶν
2190 3893 2363 3964 Ἰησοῦ
2393 3892 2654 3964 Χριστοῦ,
2686 3891 2805 3963 μεθ’
2839 3886 2901 3945 οὗ
2929 3892 3008 3961 τῷ
3035 3893 3212 3963 Ila.th
3251 3891 3383 3961 τιμὴ
3403 3930 3420 3952 ,
3446 3890 3599 3956 δόξα,

1995 3988 2198 4058 κράτος
2223 3986 2320 4038 σὺν
2351 3983 2427 4055 τῷ
2450 3984 2592 4055 ἀγίῳ
2621 3985 2926 4055 Πνεύματι,
2959 3985 3057 4038 νῦν
3105 3983 3200 4037 καὶ
3230 3983 3340 4046 ἀεὶ,
3392 3985 3487 4036 καὶ
3517 3984 3598 4045 είς

1994 4081 2121 4142 τοὺς
2145 4077 2350 4140 αἰῶνας
2376 4077 2488 4130 τῶν
2508 4076 2743 4130 αίώνων.
2786 4077 2982 4147 Ἀμήν.

2639 4253 2861 4306 ΛΟΓΟΣ
2891 4238 3014 4320 q'.‘

1996 4381 2283 4462 Περι-τοῦ
2302 4382 2522 4462 ξύλου,
2559 4383 2609 4435 ει
2633 4381 2711 4462 ἐξ
2741 4381 2985 4462 ἐκείνοτί
3018 4381 3277 4462 ﬁgure):
3294 4382 3345 4462 _1}
3374 4379 3605 4462 τζώσις

2065 4450 2174 4509 τοῦ
2204 4453 2398 4507 καλοῦ
2427 4453 2524 4505 καί
2557 4451 2662 4506 τοῦ
2704 4451 2994 4522 πονηροῦ
3042 4450 3124 4522 τῷ
3177 4450 3389 4522 Ἀδὰμ,
3425 4452 3464 4518 ἢ
3500 4455 3603 4505 καὶ

2068 4523 2325 4592 πρόῌτῆς
2347 4523 2634 4591 βρώσεως
2670 4518 2796 4590 εἶχε
2823 4521 2938 4587 τὴν
2968 4518 3597 4592 διόγνωσινξταύτην

2064 4588 2136 4648 ἐκ
2165 4588 2214 4659 ᾧ
2254 4595 2352 4645 καί
2384 4588 2519 4658 περὶ
2551 4588 2839 4659 νηστείας
2859 4631 2873 4650 .
2915 4589 3014 4644 καί
3065 4588 3199 4657 περὶ
3232 4591 3339 4644 τοῦ
3373 4591 3503 4644 δεῖν
3531 4592 3604 4644 ἐν

2065 4668 2224 4733 οίλιίςι
2248 4663 2508 4732 μελετᾷν
2540 4663 2614 4716 τὰ
2631 4663 2930 4731 λεγόμενα
2950 4663 3021 4715 ἐν
3039 4662 3362 4730 ἐκκλησίᾳ.

2067 4799 2136 4845 α’.
2162 4789 2307 4844 Φιλῶ
2337 4790 2434 4860 μὲν
2460 4787 2559 4859 τὴν
2580 4788 2841 4857 νηστείαν
2859 4827 2873 4846 .
2898 4789 2980 4840 ὅτι
3009 4789 3196 4859 μήτηρ
3238 4785 3600 4857 σωφροσύνης

1995 4885 2164 4944 ἐστὶν,
2196 4882 2292 4936 καὶ
2323 4882 2476 4952 πηγὴ
2507 4880 2829 4949 φιλοσοφίας
2880 4881 3122 4949 ἀπάσης·
3156 4879 3298 4948 φιλῶ
3328 4880 3384 4932 δὲ
3425 4878 3598 4950 αὐτὴν

1996 4977 2092 5030 καὶ
2117 4973 2190 5028 δι’
2210 4975 2384 5045 ὑμᾶς,
2435 4974 2533 5026 καὶ
2557 4972 2646 5026 διὰ
2670 4974 2772 5043 τὴν
2801 4973 3078 5042 ὑμετέραν
3107 4972 3352 5042 ἀγάπην,
3387 4973 3468 5026 ὅτι
3506 4988 3600 5040 μοι

1995 5066 2205 5138 ταύτην
2231 5065 2331 5137 τὴν
2363 5065 2516 5135 ἱερὰν
2546 5064 2642 5118 καὶ
2658 5064 2844 5135 τιμίαν
2871 5063 3028 5134 ὐμῶν
3051 5065 3328 5133 συνήγαγε
3358 5061 3599 5127 σύνοδον,

1998 5159 2174 5214 καὶτὰ
2221 5159 2534 5229 ποθούμενα
2589 5158 2859 5227 πρόσωπα
2905 5157 3092 5210 δίδωσι
3125 5156 3287 5209 πάλιν
3320 5155 3471 5217 ίδεῖν,
3502 5156 3603 5208 καὶ

1997 5254 2227 5323 παρέχει
2256 5252 2393 5322 μετά
2415 5252 2601 5314 ἀδείας
2629 5251 2968 5320 ἐντρυφῆσαι
2992 5252 3056 5320 τῇ
3079 5251 3217 5320 καλῇ
3257 5249 3432 5321 ταύτῃ
3462 5266 3599 5302 παν-

1995 5345 2191 5416 ηγύρει
2222 5346 2317 5397 καὶ
2334 5346 2517 5414 ἑορτῇ.
2549 5344 2660 5396 Καὶ
2687 5342 2796 5413 γὰρ
2826 5345 2921 5396 κα)⁵
2945 5344 3257 5414 πανήγυριν
3288 5343 3381 5395 καὶ
3404 5341 3604 5413 ἑορτὴν

1996 5439 2090 5490 καὶ
2131 5437 2301 5506 μυρία
2321 5435 2506 5503 ἀγαθά
2544 5435 2646 5489 οὐκ
2669 5436 2735 5490 ἀν
2763 5452 2847 5499 τις
2891 5437 3128 5507 ἀμάρτοι
3175 5436 3276 5507 τὴν
3323 5435 3603 5506 ὑμετέραν

1997 5529 2213 5583 σύνοδον
2241 5527 2577 5600 προσειπών.
2627 5529 2688 5581 Εί
2720 5528 2829 5600 γὰρ
2863 5531 2943 5592 εἰς
2971 5529 3180 5599 ἀγοράν
3208 5546 3292 5603 τις
3317 5526 3597 5599 ἐμϐαλὼν,

1995 5622 2088 5674 καὶ
2115 5622 2196 5674 ἐνὶ
2219 5620 2604 5689 συντυγχάνων
2646 5619 2808 5690 φίλῳ,
2843 5619 3107 5684 πολλάκις
3149 5609 3331 5674 πάσαν
3357 5620 3604 5690 ἀθυμίαν

1995 5711 2332 5768 ἀποτίθεταιο
2354 5714 2515 5783 ἡμεῖς
2547 5713 2649 5766 οὐκ
2679 5715 2760 5777 είς
2783 5713 3012 5784 ἀγορὰν,
3045 5713 3162 5767 ἀλλ’
3183 5716 3263 5777 είς
3299 5712 3600 5784 ἐκκλησίαν

1997 5803 2366 5869 ἀπαντῶντες,
2401 5809 2495 5859 καὶ
2526 5809 2620 5866 οὐν
2654 5809 2734 5861 ἐνὶ
2769 5810 3232 5873 συντυγχάνοντες
3271 5807 3434 5876 φίλῳ,
3459 5807 3601 5863 ἀλλά
