4186 6324
210 393 319 454 608

207 527 316 568 non
364 510 420 565 in
448 506 649 569 forum.
702 503 795 558 sed
824 500 876 555 in
893 495 1174 555 ecclesiam
1206 490 1472 551 venimus,
1526 496 1581 542 et
1609 485 1663 539 in
1682 497 1816 537 con-

205 620 453 679 gressum
474 618 574 659 nos
588 601 781 657 damus
800 610 904 649 non
924 591 1079 647 unius
1099 585 1279 645 amici.
1293 582 1386 638 sed
1405 590 1511 635 tam
1527 582 1817 633 multorum

205 672 270 755 ac
295 697 489 754 talium
510 695 732 749 fratrum
758 697 1098 757 patrumque,
1126 677 1217 748 qui
1248 673 1360 729 fieri
1385 672 1600 742 poterit.
1625 679 1681 721 ut
1711 681 1815 721 non

204 806 427 847 omnem
455 783 764 843 mastitiam
789 779 1142 846 deponatnus,
1165 784 1271 825 non
1293 764 1477 821 lzctitia
1504 762 1650 817 omni
1669 759 1815 814 frua-

206 884 361 943 mur?
391 882 509 938 Non
528 879 673 935 enim
700 882 918 945 propter
938 863 1334 923 multitudinem
1364 865 1572 914 tantum
1618 852 1810 907 melior

202 988 291 1035 est
319 971 629 1030 forensibus
659 968 765 1023 illis
806 963 1040 1018 coetibus
1073 958 1161 1011 hic
1180 965 1489 1014 consessus,
1545 946 1640 1002 scd
1686 961 1813 1017 pro-

203 1077 330 1141 pter
383 1065 555 1135 ipsam
600 1056 988 1127 colloquiorum
1007 1047 1395 1105 conditionem.
1428 1040 1559 1096 Nam
1588 1038 1663 1093 illi
1699 1036 1816 1108 qui-

200 1126 328 1214 dem
352 1126 420 1211 iu-
437 1153 554 1209 foro
580 1126 943 1207 considentcs,
967 1151 1021 1197 et
1042 1142 1093 1195 in
1120 1138 1305 1193 orbem
1329 1135 1470 1187 inter
1499 1146 1558 1185 se
1579 1126 1813 1190 collecti,

201 1248 441 1319 atquein
462 1243 675 1300 circulis
691 1238 848 1295 otiosi
872 1247 1113 1305 persaepe
1132 1230 1200 1283 de
1221 1228 1379 1282 rebus
1401 1223 1680 1278 inutilibus
1700 1233 1816 1272 ser-

200 1307 397 1396 mcines
417 1339 731 1395 conserunt,
756 1340 803 1383 et
834 1326 1014 1395 jejuna
1045 1318 1444 1389 colloquutiuue
1470 1311 1709 1368 instituta
1747 1307 1815 1361 de

202 1432 268 1486 iis
298 1429 465 1484 verba
510 1424 733 1485 faciunt,
762 1435 883 1489 «ιιιςὲ
931 1414 997 1470 ad
1051 1414 1197 1484 ipsos
1240 1406 1372 1463 nihil
1421 1406 1670 1460 attinent.
1724 1399 1817 1455 Sic

198 1515 351 1577 enim
380 1520 494 1573 fere
516 1518 593 1580 lit,
627 1524 685 1570 ut
714 1511 901 1581 majori
928 1506 1106 1563 studio
1123 1520 1212 1559 res
1231 1502 1437 1557 alienas
1458 1497 1811 1568 inquiramus,

197 1627 256 1671 et
282 1613 552 1671 curiosius
580 1606 913 1676 indagemus.
942 1600 1060 1657 1am
1091 1613 1221 1653 vero
1265 1592 1531 1650 lubricum
1581 1604 1703 1644 esse
1751 1600 1816 1641 ac

199 1706 430 1781 periculi
457 1702 675 1775 plenum
723 1696 845 1752 talia
877 1694 1041 1749 verba
1072 1688 1294 1745 fundere
1323 1695 1484 1755 atque
1512 1682 1727 1743 audire.
1759 1687 1815 1733 et

197 1774 413 1863 seduci,
444 1774 748 1861 multasque
772 1788 843 1843 ob
871 1781 1133 1854 ejusmodi
1181 1788 1480 1836 conventus
1533 1774 1809 1829 multoties

196 1892 470 1948 excitatas
498 1900 619 1942 esse
667 1884 721 1938 in
769 1880 983 1935 familiis
1030 1883 1395 1945 tempestates,
1443 1871 1623 1922 dicere
1672 1881 1814 1920 nunc

196 1981 534 2056 supersedeo
567 1986 751 2035 :ccrtc
777 1974 1019 2031 inutilem
1053 1986 1116 2025 ac
1143 1982 1335 2022 vanam
1361 1980 1481 2020 esse
1508 1973 1665 2032 atque
1714 1977 1816 2014 sac-

196 2078 447 2133 cularcm
496 2084 714 2127 omnem
762 2062 1030 2136 ejusmodi
1072 2057 1578 2120 confalmlationcm,
1637 2066 1815 2122 neque

195 2169 359 2226 facile
403 2163 739 2238 spiritualem
784 2172 1040 2229 umquam
1098 2167 1404 2209 sermonem
1438 2150 1491 2203 in
1542 2145 1811 2217 ejusmodi

193 2277 519 2320 consessum
558 2256 790 2323 admitti,
822 2252 1038 2325 negabit
1062 2263 1241 2305 nemo.
1271 2247 1365 2300 llic
1392 2254 1574 2298 autem
1602 2256 1707 2295 non
1739 2242 1814 2293 ita

197 2357 278 2420 tit,
310 2353 407 2410 sed
466 2348 797 2407 contrarium
824 2344 986 2416 plane
1026 2338 1338 2410 :siquidem
1384 2335 1562 2389 omnis
1609 2328 1812 2384 inutilis

194 2458 387 2501 sermo
407 2442 668 2513 rejicitur,
690 2438 869 2492 omnis
889 2448 1018 2490 vero
1038 2432 1281 2487 doctrina
1306 2425 1598 2499 spiritualis
1621 2424 1673 2477 in
1701 2436 1814 2475 meo

192 2538 352 2593 dium
379 2532 669 2605 profertur.
726 2529 1014 2585 Enimvero
1040 2524 1109 2578 de
1138 2524 1315 2576 anima
1348 2527 1528 2573 nostra
1581 2513 1807 2570 disseri-

191 2645 345 2692 Inus,
384 2628 562 2698 deque
610 2622 763 2679 bonis
822 2621 947 2684 illis,
1003 2633 1123 2686 qua:
1151 2615 1216 2670 ad
1256 2613 1489 2668 animam
1521 2608 1810 2679 pertinent,

190 2722 378 2791 deque
404 2716 657 2787 repositis
682 2714 734 2769 in
761 2712 896 2768 cado
915 2709 1154 2769 coronis,
1173 2707 1239 2758 de
1266 2708 1501 2758 virorum
1524 2700 1811 2756 illustrium

188 2812 518 2883 vita,deque
546 2808 639 2864 Dei
668 2803 997 2875 benignitate
1020 2809 1181 2871 atque
1200 2797 1433 2853 universi
1455 2792 1810 2865 providentia,

188 2907 436 2978 denique
454 2903 524 2959 dc
549 2902 668 2957 aliis
696 2899 964 2962 omnibus,
997 2912 1118 2967 qu:e
1145 2895 1210 2949 ad
1243 2909 1341 2947 nos
1390 2891 1665 2961 pertinent
1691 2902 1809 2941 ma-

189 3000 367 3064 xime,
392 2997 547 3066 cujus
566 2994 642 3049 rei
667 2992 838 3064 gratia
869 2991 976 3045 nati
1008 2990 1198 3052 simus,
1222 2998 1274 3039 et
1304 3000 1425 3054 qua:
1454 2980 1668 3035 tandem
1696 2993 1815 3033 sors

188 3100 249 3147 et
277 3088 525 3145 conditio
546 3095 788 3141 nostrum
815 3100 880 3139 ex
910 3083 1011 3136 hac
1040 3081 1142 3134 vita
1168 3080 1466 3132 discessum
1517 3082 1809 3140 exceptura

187 3184 285 3251 sit,
308 3194 527 3252 quoque
553 3178 605 3233 in
627 3185 767 3233 statu
793 3191 882 3231 res
909 3184 1106 3229 nostra:
1126 3182 1237 3227 tum
1257 3169 1517 3239 temporis
1532 3166 1641 3221 sint
1670 3165 1813 3218 futu-

336 3274 513 3343 Atque
550 3269 711 3339 hujus
730 3265 1007 3323 concionis
1037 3264 1325 3333 participes
1356 3276 1461 3315 nou
1490 3260 1665 3313 solum
1710 3270 1811 3311 nos

190 3379 410 3430 smnus,
437 3361 535 3418 sed
556 3370 610 3416 et
647 3358 924 3430 prapbetze
950 3366 1007 3411 et
1047 3354 1275 3425 προδιειιί
1298 3395 1313 3418 ,
1362 3351 1611 3421 quodque
1643 3349 1815 3418 majus

189 3471 280 3515 est
364 3456 638 3520 omnibus,
697 3454 813 3523 ipse
862 3449 1119 3505 Dominus
1167 3445 1406 3500 omnium
1458 3452 1564 3499 stat
1607 3441 1817 3496 medius

192 3554 345 3606 inter
372 3563 471 3603 nos
501 3547 678 3601 Jesus.
729 3543 851 3613 Ipse
872 3541 1067 3611 quippe
1093 3539 1223 3593 dicit
1257 3555 1270 3590 :
1308 3536 1408 3591 Ubi
1447 3538 1548 3588 duo
1594 3534 1672 3587 vel
1715 3542 1815 3586 tres

190 3640 500 3715 congregati
535 3647 653 3694 sunt
678 3638 732 3691 in
756 3634 962 3689 nomine
986 3649 1116 3693 meo,
1157 3629 1268 3683 illic
1294 3645 1406 3682 sum
1436 3629 1489 3680 in
1522 3626 1687 3679 medio
1727 3639 1813 3676 eo-

190 3754 315 3792 rum
355 3732 573 3805 (Matth.
602 3729 691 3786 t8.
716 3727 789 3783 20
809 3730 850 3798 ).
883 3724 1035 3793 Quod
1058 3726 1102 3777 si
1131 3724 1218 3777 ubi
1242 3722 1349 3776 duo
1374 3729 1552 3775 tresve
1581 3731 1805 3787 congre-

188 3831 303 3902 gati
338 3836 487 3892 sunt,
511 3826 566 3881 in
609 3821 790 3879 medio
846 3832 929 3876 est
985 3821 1243 3888 ipsorum.
1301 3816 1467 3870 multo
1511 3813 1680 3882 magis
1726 3811 1813 3863 ubi

192 3930 277 3977 tot
303 3920 430 3982 viri,
483 3924 565 3972 tot
612 3914 907 3976 mulieres.
960 3922 1065 3966 tam
1119 3909 1270 3963 multi
1319 3906 1480 3961 etiam
1524 3914 1727 3974 patres.
1760 3907 1815 3957 et

190 4011 429 4084 apostoli
459 4024 523 4066 ac
562 4006 840 4079 propheta:
868 4006 921 4060 in
952 4004 1131 4060 medio
1154 4008 1455 4057 versantur.

269 4104 505 4158 Atlantes
524 4118 592 4155 an
619 4098 884 4154 scientiam
913 4098 1030 4151 boni
1058 4104 1103 4148 et
1134 4094 1256 4147 mali
1282 4090 1532 4145 habuerit.
1590 4088 1813 4156 Quinam

190 4198 434 4269 ignorent
463 4195 649 4250 bonum
674 4200 724 4244 et
753 4190 963 4243 malum.
992 4218 1067 4227 —
1087 4186 1427 4256 Quapropter
1471 4193 1526 4237 ct
1552 4198 1650 4236 nos
1696 4197 1811 4234 tua-

191 4290 302 4360 jori
335 4303 459 4343 cum
492 4285 682 4339 fiducia
717 4282 881 4337 verba
910 4280 1155 4342 facimus,
1190 4293 1256 4332 co
1284 4276 1404 4331 freti
1432 4273 1695 4338 subsidio,
1755 4283 1812 4327 et

195 4382 364 4437 tidem
394 4378 548 4433 vobis
572 4376 754 4431 datam
782 4373 1042 4431 solvimus
1065 4373 1104 4425 ί.
1141 4371 1391 4425 Dicturus
1410 4368 1555 4424 enim
1579 4382 1674 4422 nos
1696 4366 1813 4439 pol-

196 4474 336 4529 liciti
359 4486 566 4533 smnus.
591 4470 824 4541 primum
848 4467 918 4522 de
948 4467 1114 4536 ligno,
1155 4480 1223 4518 an
1246 4479 1310 4518 ex
1338 4477 1405 4519 eo
1449 4462 1811 4532 cognitionem

195 4568 329 4621 boni
353 4581 419 4621 ac
437 4565 562 4620 mali
590 4578 663 4620 stt
688 4562 917 4632 adeptus
942 4560 1201 4623 Adamus,
1251 4574 1320 4612 an
1366 4572 1495 4611 vero
1525 4567 1809 4625 antequam

192 4657 411 4723 ederet,
457 4653 763 4726 huiusmodi
792 4652 978 4707 notitia
1030 4651 1284 4720 przeditus
1331 4659 1494 4704 esset.
1546 4648 1815 4702 Audacter

195 4751 367 4825 hitur
408 4748 843 4845 nunckdicamus
870 4788 886 4809 .
946 4746 1107 4799 etiam
1150 4753 1436 4813 antequam
1480 4742 1810 4802 comederct.

196 4843 306 4899 hac
329 4857 453 4895 eum
480 4833 787 4910 cog'nitioue
808 4838 1091 4909 pmtlitutn
1122 4835 1284 4890 fuisse
1315 4834 1453 4889 :nisi
1494 4836 1639 4889 enim
1686 4833 1811 4901 quid

197 4936 407 4990 bonum
438 4934 705 4988 tnaltnnve
735 4929 893 4990 foret.
923 4930 1180 4994 novisset,
1201 4928 1333 4998 ipsis
1363 4926 1585 4981 rationis
1611 4941 1812 4994 exper-

198 5028 352 5083 tibus
376 5024 740 5079 animantibus
767 5022 1072 5083 immanior.
1108 5030 1162 5075 et
1186 5020 1437 5076 dominus
1462 5018 1633 5073 servis
1679 5017 1812 5070 stul-

195 5124 309 5175 tior
334 5117 652 5174 exstitisset.
713 5116 910 5169 Annon
960 5114 1104 5168 enim
1153 5113 1444 5168 absurdum
1491 5110 1719 5174 videtur,
1756 5118 1812 5162 ut

190 5225 383 5281 capra!
412 5207 628 5279 quidem
650 5214 707 5262 et
733 5219 865 5261 oves
894 5204 1160 5265 nevi-rint.
1200 5217 1447 5274 quamam
1493 5201 1658 5257 herba
1710 5199 1811 5254 sibi

189 5307 264 5360 sit
316 5303 485 5367 utilis,
533 5313 723 5370 quaeve
751 5298 1074 5369 perniciosa,
1124 5311 1297 5367 neque
1339 5297 1406 5349 ad
1451 5309 1640 5349 omnes
1693 5310 1815 5364 quae

190 5405 513 5462 occurrunt,
528 5394 920 5454 adhcrescant.
943 5390 1037 5445 sed
1054 5390 1363 5445 discernere
1395 5388 1597 5459 possint
1612 5402 1675 5441 ac
1692 5402 1818 5441 nos-

190 5510 281 5561 se,
310 5490 443 5562 quid
473 5491 605 5562 ipsis
625 5489 855 5545 tnosium
886 5489 975 5550 sit.
1005 5494 1059 5540 et
1083 5484 1208 5555 quid
1240 5481 1582 5539 commodum
1610 5500 1624 5539 :
1655 5483 1817 5536 homo

197 5600 346 5642 vero
370 5594 514 5640 tanta
531 5582 782 5639 cautione
806 5579 1119 5638 fraudetur?
1137 5576 1249 5632 Nisi
1272 5575 1415 5631 enim
1438 5576 1541 5632 hoc
1569 5575 1814 5640 haberet,

198 5679 405 5741 nullius
431 5687 574 5735 esset
597 5675 777 5745 pretii,
822 5673 917 5729 sed
943 5672 1182 5727 omnium
1213 5669 1605 5742 abjcetissimus
1653 5684 1817 5740 appa-

267 5838 284 5870 ι
325 5840 467 5900 ωε..
491 5830 619 5884 vobis
642 5828 895 5881 solvamus.

1462 369 1526 428 IN
1566 363 1863 426 GENESIM
1904 361 2135 419 διηλιΜο
2177 361 2263 416 Vl.

3423 368 3531 424 fitlti

1930 489 2094 536 reret.
2121 480 2284 536 Multo
2312 481 2454 537 enim
2483 483 2650 537 satius
2676 482 2774 553 ipsi
2798 485 2936 545 foret
2964 489 3021 549 In
3046 494 3283 553 tenebris
3301 498 3518 562 versari

1927 573 2204 644 oculisque
2228 584 2445 643 captum
2496 589 2637 640 esse,
2683 592 2747 631 ac
2796 579 2927 649 lueis
2978 596 3202 655 aspectu

1926 679 2088 735 quam
2116 665 2323 737 utquid
2372 664 2571 719 bonum
2599 667 2690 733 sit,
2741 669 2939 739 quidve
2986 677 3209 737 malum.
3241 678 3533 749 ignoraret.

1926 756 2084 815 Tolle
2113 758 2254 814 hanc
2279 773 2311 815 e
2334 758 2438 813 vita
2469 768 2654 815 nostra
2705 762 3033 833 facultatem,
3059 769 3171 838 jam
3205 773 3375 841 ipsam
3415 788 3537 828 orn-

1928 869 2050 909 nem
2102 855 2264 909 vitam
2321 863 2559 911 nostram
2610 858 2914 921 sustuleris.
2958 870 3015 914 et
3063 865 3301 919 oumium
3358 881 3541 922 rerum

1929 946 2387 1013 perturbationem
2410 948 2701 1004 invexeris.
2736 949 2849 1006 Hoc
2868 952 3011 1007 enim
3046 955 3173 1010 illud
3201 967 3304 1020 est.
3355 976 3464 1029 quo
3514 979 3544 1015 a

1928 1037 2098 1092 brutis
2116 1038 2479 1095 animantibus
2499 1040 2821 1109 ditl’erimus,
2841 1053 2896 1098 ct
2915 1060 3021 1115 quo
3044 1046 3172 1101 feris
3193 1061 3445 1119 pnestam
3459 1068 3543 1113 ns.

1925 1130 2067 1200 quod
2096 1130 2282 1185 vitium
2305 1134 2665 1203 virtutemque
2694 1136 3023 1204 noverimus,
3057 1147 3113 1193 et
3165 1141 3309 1210 quod
3367 1159 3541 1215 agno-

1927 1236 2144 1277 scamus
2172 1222 2298 1291 quid
2348 1224 2547 1278 malum
2590 1226 2683 1287 sit.
2719 1241 2894 1296 neque
2917 1228 3045 1299 quid
3068 1231 3138 1284 sit
3160 1231 3360 1288 bonum
3388 1233 3540 1305 igno-
3602 1224 3603 1227 ¹

1927 1328 2126 1368 remus.
2180 1313 2335 1382 Quod
2383 1316 2427 1369 si
2460 1332 2559 1372 nos
2621 1316 2672 1371 id
2746 1334 2889 1374 nunc
2939 1321 3160 1390 scimus,
3216 1340 3393 1395 neque
3439 1344 3542 1384 nos

1925 1414 2155 1473 tantum,
2210 1406 2307 1461 sed
2356 1408 2516 1462 etiam
2566 1406 2782 1481 Scytha:
2826 1424 2890 1465 ae
2937 1411 3173 1481 barbari,
3206 1416 3378 1472 multo
3426 1436 3541 1474 ma-

1923 1498 2004 1567 gis
2034 1507 2145 1553 tum
2179 1500 2436 1570 temporis
2484 1500 2647 1556 homo
2695 1501 2784 1556 ille
2837 1511 2963 1557 ante
3010 1518 3287 1573 peccatum
3331 1510 3384 1564 id
3434 1527 3539 1566 no-

1925 1599 2076 1643 verat
2125 1607 2139 1643 :
2188 1606 2360 1661 neque
2433 1608 2556 1646 cum
2626 1593 2788 1649 tantis
2852 1594 3148 1652 honoribus
3224 1602 3535 1660 cumulatus

1928 1692 2094 1743 esset.
2152 1694 2337 1751 utpote
2384 1684 2527 1753 quod
2582 1687 2648 1741 ad
2691 1688 2973 1759 imaginem
3032 1701 3085 1746 et
3128 1693 3537 1753 similitudinem

1926 1773 2017 1828 Dei
2069 1772 2328 1830 formatus
2380 1787 2543 1841 esset,
2575 1778 2799 1848 aliisque
2842 1779 3119 1839 beneficiis
3166 1797 3413 1855 ornatus,
3470 1805 3541 1847 eo

1922 1867 2063 1935 quod
2123 1875 2283 1938 caput
2331 1866 2593 1922 bonorum
2641 1878 2742 1934 est,
2811 1871 3035 1927 orbatus
3086 1884 3231 1931 esset
3293 1880 3535 1935 relictus.

1922 1959 2054 2013 Nam
2106 1959 2231 2028 quid
2264 1960 2459 2013 bonum
2492 1960 2561 2013 sit
2605 1969 2662 2014 et
2688 1962 2912 2030 malum,
2943 1964 3016 2017 illi
3068 1962 3242 2021 solum
3266 1966 3536 2040 ignorant,

1921 2051 2010 2121 qui
2053 2050 2280 2103 naturali
2332 2049 2557 2103 rationis
2600 2051 2806 2119 judicio
2844 2065 2970 2109 sunt
3023 2057 3212 2126 printi
3258 2059 3537 2116 :Adamus

1921 2151 2099 2197 autem
2124 2143 2286 2195 multa
2314 2142 2572 2211 sapientia
2593 2144 2829 2212 repletus
2850 2154 2988 2209 erat,
3029 2155 3087 2203 et
3126 2147 3287 2218 hujus
3337 2151 3539 2207 utrius-

1920 2248 2025 2304 que
2049 2232 2387 2289 diseernendi
2422 2232 2673 2289 facultate
2704 2235 2958 2303 pollebat.
2979 2236 3156 2310 Atque
3184 2247 3240 2293 ut
3268 2240 3539 2312 intelligas

1920 2341 2043 2380 emn
2069 2324 2328 2395 Spirituali
2364 2326 2629 2395 repletum
2674 2325 2843 2382 fuisse
2868 2328 3153 2397 sapientia,
3196 2331 3539 2389 demonstra-

1921 2418 2122 2470 tionem
2148 2416 2264 2485 ejus
2296 2416 2371 2471 rei
2402 2416 2549 2471 audi.
2591 2417 2824 2471 Adduxit
2876 2422 2948 2471 ad
2980 2436 3095 2473 sum
3119 2417 3281 2488 Deus,
3334 2424 3529 2493 inquit,

1920 2509 2124 2572 bestias.
2153 2519 2209 2562 ut
2239 2508 2425 2563 uideret
2451 2509 2576 2581 quid
2598 2519 2798 2562 vocaret
2827 2526 2913 2564 eas
2933 2527 2951 2575 ;
2969 2521 3016 2566 et
3039 2512 3087 2565 si
3109 2513 3234 2581 quid
3261 2530 3348 2567 eos
3372 2531 3531 2569 voca-

1920 2601 1988 2654 rit
2009 2601 2196 2664 Adam,
2218 2602 2313 2653 hoc
2334 2609 2407 2653 est
2438 2616 2621 2654 nomen
2654 2602 2780 2669 ipsis
2812 2600 2980 2673 (Gen.
3005 2602 3060 2656 Ξ.
3092 2604 3536 2676 19).(]οιιείὼτει

1920 2708 2070 2763 ergo.
2119 2702 2316 2763 quanta
2376 2692 2637 2763 sapientia
2691 2694 2998 2748 cumulatus
3054 2705 3222 2762 esset,
3277 2697 3368 2768 qui
3422 2705 3535 2753 tam

1921 2785 2103 2837 multis
2117 2784 2427 2853 generibus,
2449 2795 2554 2837 tam
2580 2784 2741 2837 variis
2760 2794 2815 2839 ct
2828 2785 3065 2855 cujusvis
3086 2786 3538 2856 speciei.jumcn-

1921 2887 2120 2940 torum.
2138 2876 2434 2946 reptiliutn,
2462 2887 2517 2931 et
2534 2877 2813 2931 volucrum
2841 2878 3266 2951 uomina,eaque
3290 2883 3532 2950 prepria,

1922 2969 2201 3039 imponere
2238 2968 2490 3036 potuerit.
2522 2966 2612 3021 Sic
2639 2968 2784 3022 enim
2815 2967 2953 3023 hanc
2984 2972 3265 3026 nominum
3310 2974 3537 3042 imposi-
3614 3028 3617 3032 _

1922 3061 2122 3114 tioncnt
2150 3060 2465 3130 approbavit
2496 3060 2636 3112 Deus
2657 3102 2672 3124 ,
2714 3067 2770 3112 ut
2812 3075 2917 3115 non
2940 3062 3171 3129 amplius
3193 3064 3313 3120 illas
3342 3070 3531 3135 appel-

1921 3152 2151 3206 lationes
2206 3152 2447 3212 mutarit,
2478 3165 2651 3219 neque
2677 3167 2798 3204 cu-n
2830 3152 2917 3207 illc
2946 3162 3223 3221 peccasset
3246 3196 3263 3221 ,
3293 3156 3526 3213 voluerit

1921 3257 2014 3320 eas
2063 3259 2094 3297 e
2142 3242 2320 3296 medio
2346 3241 2576 3297 tollere:
2611 3240 2775 3295 Omne
2800 3244 2966 3308 enim,
3008 3242 3203 3314 inquit,
3226 3246 3364 3315 quod
3390 3264 3536 3303 νοσα-

1923 3340 1990 3391 ιείι
2019 3354 2079 3390 ea
2101 3336 2287 3401 Adam,
2321 3336 2415 3389 hoc
2445 3345 2515 3389 est
2534 3351 2716 3389 nomen
2746 3336 2893 3403 ipsis.

1992 3430 2049 3482 2.
2076 3431 2157 3483 An
2190 3430 2350 3499 igitur
2381 3428 2499 3510 istc,
2530 3428 2655 3499 quid
2687 3428 2883 3483 bonum
2912 3438 3076 3496 esset,
3109 3431 3308 3503 quidve
3334 3435 3537 3493 malum

1923 3519 2244 3589 ignorabat?
2290 3517 2388 3573 Cui
2421 3534 2550 3573 vero
2597 3518 2647 3573 id
2680 3520 2955 3588 probabile
2997 3520 3289 3579 videatur?
3332 3524 3541 3584 Rursus

1925 3614 2206 3669 mulierem
2232 3613 2298 3666 ad
2330 3613 2503 3683 ipsum
2534 3612 2775 3674 adduxit.
2807 3626 2861 3667 et
2891 3629 2953 3668 ea
2985 3615 3096 3669 visa
3122 3616 3407 3673 confestim
3436 3634 3539 3676 na-

1925 3716 2057 3759 tura!
2102 3715 2410 3759 consortem
2463 3704 2701 3774 agnovit.
2760 3704 2826 3759 Et
2871 3706 2999 3775 quid
3029 3706 3149 3761 ait?
3176 3706 3291 3761 Hoc
3320 3726 3456 3763 nunc
3483 3726 3544 3766 os

1920 3816 1985 3854 ea:
2036 3799 2230 3853 ossibus
2284 3801 2428 3861 meis,
2482 3810 2529 3851 et
2571 3814 2693 3851 caro
2725 3799 2788 3851 de
2812 3815 2965 3853 carne
2984 3815 3098 3853 mea
3124 3798 3290 3871 (Ibid.
3322 3818 3369 3856 tt.
3396 3802 3535 3873 25).

1921 3892 2054 3948 Cum
2096 3893 2240 3948 enim
2292 3892 2451 3962 paulo
2497 3901 2624 3947 ante
2667 3892 2807 3947 Deus
2831 3893 2897 3947 ad
2924 3909 3048 3950 eum
3065 3906 3261 3951 cuncta
3285 3897 3541 3954 animalia

1920 3985 2251 4049 adduxisset,
2310 3983 2600 4038 ostendere
2632 3984 2820 4039 volens
2872 3983 3041 4039 Adam
3081 4001 3190 4041 non
3228 3987 3447 4059 aliquod
3473 4004 3540 4045 es

1922 4080 2135 4133 ca-tcris
2162 4093 2283 4133 esse
2313 4078 2415 4133 hoc
2444 4078 2663 4144 animal,
2690 4076 2827 4130 dixit
2860 4096 2874 4133 :
2903 4075 3016 4132 Hoc
3041 4095 3180 4132 nunc
3218 4096 3274 4135 os
3304 4097 3368 4135 ea:
3406 4083 3542 4136 ossi-

1919 4172 2012 4225 bus
2036 4172 2182 4232 meis,
2205 4180 2252 4223 et
2276 4186 2397 4223 caro
2442 4170 2506 4224 de
2550 4186 2703 4223 carne
2729 4186 2861 4223 mea.
2890 4167 3145 4225 Nonnulli
3172 4186 3302 4227 vero
3329 4172 3540 4239 dicunt,

1921 4279 2027 4317 non
2053 4261 2103 4316 id
2134 4262 2306 4316 solum
2336 4277 2459 4316 eum
2507 4261 2749 4327 innuere,
2778 4261 2873 4315 sed
2914 4262 3077 4318 etiam
3106 4264 3399 4321 creatiouis
3419 4282 3543 4321 mo-

1920 4356 2072 4421 dum,
2096 4368 2270 4425 neque
2293 4353 2408 4408 fore
2431 4363 2487 4407 ut
2510 4367 2696 4407 rursus
2720 4353 2913 4407 mulier
2938 4369 3000 4408 ea
3028 4356 3239 4419 ratione
3265 4368 3541 4419 nascatur.

1922 4457 2206 4517 propterea
2251 4445 2474 4505 dixisse.
2516 4441 2625 4498 Hoc
2655 4461 2810 4507 nunc,
2856 4444 3000 4515 quod
3041 4446 3227 4509 ttti.,ue
3270 4446 3409 4501 alius
3458 4448 3543 4502 iu-

1923 4551 2130 4613 tt-rpres
2173 4540 2477 4595 accuratius
2504 4538 2867 4606 interpretans
2885 4537 3043 4600 dixit,
3078 4537 3192 4593 Hoc
3219 4542 3376 4593 senth
3408 4540 3485 4610 (a)
3514 4582 3532 4606 ,

1919 4635 2070 4705 quasi
2097 4633 2325 4698 diceret,
2352 4630 2505 4685 Nunc
2532 4639 2738 4684 tantum
2770 4629 2961 4683 ηιιιιίοι-
3007 4647 3072 4684 ex
3105 4631 3223 4685 solo
3248 4631 3364 4686 viro
3396 4634 3532 4689 facta

1919 4735 2043 4789 cst,
2096 4722 2321 4792 posthac
2366 4731 2545 4775 autem
2590 4736 2697 4774 non
2744 4721 2821 4773 sic
2862 4721 2989 4786 erit,
3034 4722 3129 4775 sed
3159 4738 3226 4776 ex
3258 4724 3539 4794 utrisque:

1922 4818 1995 4872 0s
2017 4834 2081 4872 ea:
2100 4816 2294 4872 ossibus
2321 4815 2463 4877 meis.
2486 4825 2533 4869 et
2555 4831 2673 4869 curo
2695 4814 2759 4868 de
2773 4831 2928 4868 carne
2949 4832 3081 4870 mea.
3107 4814 3239 4870 Nam
3262 4829 3543 4887 assumpto

1920 4927 1986 4966 ex
2009 4920 2117 4964 tota
2141 4923 2316 4964 massa
2350 4907 2651 4978 fragmento
2669 4924 2799 4974 uno,
2827 4908 2906 4962 sic
2948 4909 3233 4964 mulierem
3262 4910 3538 4978 tortnavit,

1924 5003 2058 5056 utin
2090 5001 2341 5056 omnibus
2367 5000 2487 5054 viro
2527 5000 2912 5055 communicet.
2963 4998 3089 5054 Ηωσ
3131 5003 3394 5056 vocabitur
3419 5020 3538 5059 mu-

1920 5099 2035 5158 lier.
2094 5094 2288 5166 inquit,
2339 5094 2581 5164 quoniam
2629 5092 2694 5146 de
2742 5093 2851 5147 viro
2896 5103 3101 5165 sumpta
3143 5104 3237 5149 est.
3296 5093 3459 5151 Vides
3486 5108 3544 5153 ut

1923 5190 2086 5243 etiam
2118 5188 2534 5258 appellationem
2585 5185 2785 5240 ideirco
2832 5186 3097 5257 imponat.
3142 5195 3203 5242 ut
3253 5189 3546 5259 appellatio

1919 5280 2357 5335 communionem
2385 5288 2590 5333 naturzc
2614 5278 2971 5343 demonstret,
3000 5288 3056 5333 et
3082 5278 3252 5351 ipsius
3283 5282 3546 5339 natantis

1922 5370 2319 5427 communionis
2359 5368 2755 5423 demonstratio
2782 5377 2838 5423 et
2865 5370 3157 5426 creationis
3199 5372 3394 5429 modus
3424 5389 3543 5444 per-

1926 5466 2072 5536 petui
2112 5464 2315 5519 amoris
2353 5462 2590 5527 occasio,
2650 5470 2707 5517 et
2764 5461 3035 5517 vinculum
3081 5463 3153 5520 sit
3200 5465 3549 5524 concordior?

1986 5623 2062 5686 (a)
2096 5627 2239 5673 Juxta
2261 5621 2386 5671 duos
2408 5622 2728 5686 interpretes.
2747 5622 3288 5686 nempesymmscbum
3312 5632 3367 5675 et
3387 5622 3546 5686 Theo-

1922 5683 2346 5746 dotionetu,voces
2370 5683 2620 5733 ttebrsicse
2654 5687 2819 5741 DYb-'1
2844 5684 2957 5737 run
2985 5683 3243 5735 vertendi?
3278 5698 3338 5738 su
3359 5694 3411 5740 tt.
3450 5684 3546 5738 Ιεω

1924 5760 2108 5815 sentet;
2132 5763 2189 5805 ad
2230 5753 2423 5819 Iitersm
2447 5767 2567 5819 vero
2604 5756 2674 5804 sic
2697 5755 3100 5819 interpretamur.
3134 5757 3228 5806 hac
3251 5755 3369 5813 rice.
3410 5755 3547 5819 quod

1931 5821 2109 5873 eodem
2131 5817 2321 5869 recidit.
2347 5818 2387 5866 si
2414 5814 2679 5879 intelligas.
2705 5815 2795 5865 hac
2818 5814 2918 5867 rice
2943 5820 3115 5877 solum,
3137 5818 3184 5868 id
3208 5827 3306 5879 est,
3328 5814 3497 5869 seruet.
