4186 6324
636 365 738 419 807

641 475 844 533 Deinde
883 486 1010 530 vero
1035 468 1159 542 quid
1189 466 1304 522 ait?
1332 463 1549 533 Propter
1571 461 1665 514 hoc
1679 458 1923 524 relinquet
1951 453 2099 505 homo
2128 465 2225 520 pa-

637 580 764 618 trem
784 581 951 627 suunt,
987 571 1036 613 et
1075 568 1287 612 matrem
1325 571 1493 621 suam,
1537 563 1583 607 et
1620 547 1894 604 adluerebit
1930 543 2077 598 uxori
2123 553 2230 594 sine

639 653 804 725 (Gen.
835 653 891 706 2.
918 651 989 705 ει
1011 653 1048 716 ).
1076 647 1192 704 Non
1241 645 1551 715 simpliciter
1606 641 1760 702 dixit,
1811 634 2057 725 Unietur.
2110 628 2227 692 sed,

635 722 946 817 Adhmrebit.
993 749 1055 796 ut
1096 752 1358 794 summam
1397 730 1831 802 coniunctionem
1857 722 2180 794 significaret
2211 736 2225 773 :

641 811 705 889 Et
727 843 871 888 erunt
899 833 998 886 duo
1033 833 1083 885 in
1122 845 1327 884 carnem
1367 841 1538 880 unum.
1571 821 1779 890 Ergone
1809 817 1898 888 qui
1928 827 2031 868 tam
2064 811 2231 866 multa

636 935 878 989 noverat,
909 924 1010 986 dic,
1037 935 1218 990 quaeso
1245 961 1260 983 ,
1288 916 1411 988 quid
1441 923 1583 970 esset
1615 913 1835 974 bonum,
1861 907 1982 977 quid
2010 902 2231 964 malum,

638 1016 955 1086 ignorabat?
992 1015 1055 1067 Et
1095 1012 1176 1066 cui
1208 1009 1450 1062 videatur
1475 1006 1526 1058 id
1559 1004 1747 1056 rationi
1773 990 2233 1054 consentaneum?

639 1094 697 1165 Si
721 1108 865 1162 enim
898 1103 1166 1159 nesciebat
1193 1099 1313 1170 quid
1357 1097 1553 1150 bonum
1580 1102 1743 1156 esxet,
1776 1101 1829 1145 et
1857 1088 1981 1159 quid
2012 1086 2231 1149 malum,

637 1211 923 1268 antequam
949 1194 1016 1249 de
1045 1194 1189 1262 ligno
1224 1188 1553 1250 comederet,
1594 1185 1688 1240 sed
1721 1193 1837 1253 post
1865 1179 2231 1236 manducatio-

640 1306 761 1343 nem
784 1287 834 1342 id
860 1286 1061 1348 didicit,
1087 1292 1358 1352 peccatum
1383 1279 1454 1333 illi
1476 1276 1749 1348 sapientiae
1773 1272 2024 1343 magister
2040 1271 2234 1323 factum

641 1387 746 1442 est,
781 1388 836 1432 et
863 1390 1086 1444 serpens
1111 1387 1215 1427 nou
1243 1372 1352 1440 jam
1383 1369 1653 1430 seductor,
1697 1363 1789 1420 sed
1822 1363 2026 1415 utilium
2054 1371 2231 1414 rerum

645 1468 982 1524 consiliarius
1029 1475 1112 1520 est
1163 1462 1504 1521 constitutus,
1560 1470 1790 1524 eumque
1833 1454 2117 1531 .hontinem
2167 1463 2232 1502 ex

644 1559 817 1614 bellua
842 1556 1088 1612 reddidit.
1123 1553 1272 1608 Absit
1302 1550 1404 1604 hoc
1428 1567 1440 1602 :
1467 1564 1571 1602 non
1593 1546 1734 1601 enim
1763 1546 1832 1597 ita
1858 1559 1917 1598 se
1943 1557 2029 1597 res
2053 1539 2235 1604 habet,

643 1666 749 1705 non
774 1657 855 1704 est
880 1650 971 1702 ita.
995 1646 1125 1700 Nam
1157 1645 1202 1698 si
1237 1641 1506 1696 nesciebat
1533 1638 1659 1710 quid
1691 1637 1889 1692 bonum
1918 1643 2078 1692 esset.
2107 1631 2234 1703 quid

645 1741 861 1800 malum.
908 1725 1179 1806 quomodo
1210 1732 1515 1787 mandatum
1555 1727 1796 1798 accepit?
1848 1725 2012 1780 Nemo
2041 1722 2237 1793 quippe

645 1832 813 1900 legem
843 1829 944 1882 fert
971 1829 1040 1892 ei,
1069 1825 1158 1894 qui
1188 1825 1390 1878 nesciat
1413 1821 1609 1875 malum
1634 1819 1762 1888 quid
1790 1832 1908 1872 esse
1935 1825 2234 1885 transgres«

645 1921 848 1973 siooem
880 1937 892 1969 :
926 1917 1070 1986 atqui
1103 1916 1244 1969 Deus
1269 1923 1324 1968 et
1370 1913 1508 1973 tulit,
1537 1919 1593 1964 et
1640 1918 2088 1977 transgressorem
2139 1919 2236 1974 pu-

651 2011 801 2074 nivit,
832 2009 918 2078 qui
946 2008 1130 2076 utique
1171 2016 1414 2060 neutrum
1445 2005 1634 2056 horum
1652 1999 1888 2059 fecisset.
1918 1998 2016 2051 nisi
2042 2013 2073 2051 e
2097 1996 2240 2066 prin-

652 2103 788 2171 cipio
837 2101 1135 2154 facultatem
1184 2094 1526 2168 dignosccudi
1583 2095 1830 2146 virtutem
1867 2104 1930 2143 ac
1978 2089 2161 2141 vitium
2190 2087 2238 2141 ei

651 2193 940 2246 tribuisset.
971 2191 1133 2243 Vides
1158 2199 1212 2242 ut
1236 2189 1388 2241 nobis
1414 2185 1559 2241 omni
1599 2201 1661 2238 ex
1696 2193 1845 2252 parte
1871 2181 2086 2250 liqueat,
2116 2193 2240 2232 eum

653 2299 756 2338 non
804 2284 975 2337 solum
1010 2288 1287 2349 postquam
1317 2277 1568 2340 comedit,
1617 2275 1828 2328 novisse
1871 2269 1998 2340 quid
2042 2274 2240 2324 bonum

649 2385 812 2440 esset,
841 2375 966 2444 quid
996 2374 1211 2434 malum,
1242 2370 1335 2425 sed
1363 2379 1417 2422 et
1442 2379 1595 2421 antea
1627 2366 1752 2419 illud
1785 2363 2026 2417 sciviSse.

725 2467 971 2538 Epilogus
994 2463 1255 2518 sermonis.
1278 2491 1347 2500 —
1366 2459 1489 2514 llaec
1516 2458 1675 2527 igitur
1693 2454 1872 2510 omnia
1895 2454 2238 2512 retineamus,

652 2557 1016 2620 dilectissimi,
1061 2569 1124 2609 ac
1171 2553 1385 2608 domum
1431 2549 1630 2603 reversi
1680 2546 1944 2615 duplicem
2003 2555 2243 2596 mensam

655 2661 1004 2718 appellamus,
1033 2661 1193 2700 unam
1223 2644 1488 2702 ciborum,
1517 2639 1738 2692 alteram
1767 2650 1934 2689 sacrm
1955 2633 2198 2688 lectionis
2229 2648 2241 2683 :

659 2750 713 2793 et
738 2738 816 2792 vir
841 2736 1051 2806 quidem
1084 2749 1144 2787 ea
1171 2748 1289 2804 quze
1317 2731 1452 2787 dicta
1477 2738 1602 2783 sunt
1630 2733 1854 2795 repetat,
1901 2740 2036 2778 uxor
2066 2733 2242 2775 autem

657 2831 881 2890 ediscat,
935 2825 1152 2880 audiant
1195 2821 1378 2886 liberi,
1437 2833 1608 2886 neque
1668 2817 1848 2870 famuli
1899 2830 1959 2868 ea
2018 2813 2245 2866 lectione

658 2925 988 2978 fraudentur.
1030 2920 1251 2973 Domum
1283 2928 1420 2970 luant
1450 2913 1603 2969 eflice
1627 2910 1905 2966 ecclesiam
1942 2925 1953 2958 :
1983 2905 2243 2975 siquidem

658 3027 711 3070 et
743 3014 1026 3068 liberorum
1055 3021 1108 3066 et
1135 3008 1452 3064 famulorum
1497 3004 1679 3058 salutis
1700 3009 1782 3054 est
1821 2999 1913 3052 tibi
1945 3001 2078 3052 ratio
2121 2997 2242 3049 red—

662 3104 834 3157 denda
862 3121 874 3155 :
904 3111 957 3155 et
997 3103 1133 3154 sicut
1152 3115 1182 3154 a
1212 3098 1364 3152 nobis
1389 3096 1664 3163 exigentnr
1690 3092 1922 3144 rationes
1950 3104 2045 3157 pro
2075 3087 2245 3151 vobis,

662 3197 740 3250 sic
766 3196 834 3247 ab
859 3206 1174 3262 unoquoque
1214 3199 1448 3243 vestrum
1477 3201 1574 3256 pro
1606 3183 1823 3244 fanmlo,
1855 3196 1949 3250 pro
1971 3194 2154 3242 uxore,
2188 3192 2250 3230 ac

662 3303 758 3356 pro
780 3286 883 3340 filio
906 3284 1038 3338 ratio
1066 3291 1398 3350 reposcetur.
1439 3278 1617 3345 Itaque
1649 3283 1767 3343 post
1794 3270 2093 3338 huiusmodi
2125 3283 2252 3321 nar-

661 3379 892 3432 rationes
938 3372 1250 3428 suavissima
1291 3383 1388 3422 nos
1413 3367 1677 3435 excipient
1707 3365 1989 3424 insomnia,
2034 3362 2244 3413 onmis-

660 3485 761 3538 que
796 3465 1015 3520 visionis
1064 3463 1302 3532 expertia
1337 3479 1350 3515 :
1380 3459 1554 3530 qualia
1610 3469 1836 3523 namque
1885 3453 2020 3506 solet
2072 3449 2247 3504 anima

665 3559 892 3615 interdiu
920 3555 1188 3618 meditari,
1235 3552 1360 3605 talia
1408 3558 1462 3603 et
1494 3549 1546 3601 in
1591 3545 1796 3600 somnis
1835 3543 2153 3612 imaginatur
2199 3550 2252 3593 et

661 3653 879 3721 eftingit.
927 3649 1078 3714 Quod
1109 3647 1152 3701 si
1191 3661 1309 3715 qua:
1353 3643 1572 3712 singulis
1596 3639 1784 3692 diebus
1830 3638 2096 3696 dicuntur,
2132 3652 2247 3686 nte-

663 3747 796 3800 mori
825 3753 1000 3798 mente
1025 3753 1320 3802 servemus,
1348 3749 1539 3805 magno
1562 3733 1742 3787 labore
1772 3745 1908 3797 opus
1945 3745 2048 3782 non
2098 3729 2200 3780 erit
2237 3745 2249 3779 :

665 3850 1000 3906 consequens
1055 3810 1254 3903 qtiippe
1302 3844 1480 3883 sermo
1531 3826 1814 3879 dilucidior
1867 3823 2016 3876 vobis
2052 3824 2256 3886 erit,et

664 3930 866 3983 facilior
895 3929 980 3979 liet
1007 3935 1061 3980 et
1082 3922 1366 3993 proclivior
1395 3928 1575 3983 uoster
1600 3917 1665 3971 ad
1693 3914 1988 3970 docendum
2011 3924 2252 3968 conatus.

669 4021 735 4075 Ut
763 4019 916 4090 igitur
937 4017 1106 4084 aliqua
1129 4013 1251 4067 inde
1273 4011 1470 4066 utilitas
1494 4018 1549 4064 et
1575 4015 1641 4062 ad
1674 4021 1770 4060 nos
1791 4015 1845 4061 et
1870 4006 1933 4058 ad
1968 4020 2062 4058 vos
2082 4005 2254 4058 dima-

666 4121 757 4165 net
788 4110 889 4164 :ad
923 4123 1018 4161 nos
1063 4105 1298 4174 quidem,
1325 4119 1391 4159 eo
1416 4102 1556 4172 quod
1582 4100 1888 4166 doceamus,
1917 4098 1982 4152 ad
2027 4113 2120 4150 vos
2166 4112 2259 4149 au—

669 4214 798 4264 tem,
830 4199 968 4268 quod
999 4199 1223 4250 audiatis
1253 4213 1266 4248 :
1300 4204 1420 4262 post
1463 4207 1699 4247 mensam
1727 4191 2058 4260 corporalem
2100 4188 2258 4257 spiri-

671 4291 824 4346 tualis
868 4291 1026 4343 etiam
1071 4299 1252 4341 mensa
1285 4284 1436 4338 vobis
1464 4284 1771 4336 instruatur.
1815 4279 1904 4333 Illa
1937 4280 2079 4333 enim
2108 4278 2258 4332 vobis

666 4395 719 4439 et
748 4382 815 4437 ad
844 4382 1181 4435 secoritatem
1199 4386 1252 4432 et
1268 4376 1333 4430 ad
1355 4384 1601 4429 ornatum
1621 4373 1736 4427 usui
1760 4382 1934 4436 erunt,
1958 4381 2011 4426 et
2040 4371 2260 4438 hujusre

668 4477 790 4528 vita:
851 4471 1058 4541 negotia
1120 4468 1186 4523 ad
1239 4476 1471 4522 vestram
1530 4464 1807 4518 utilitatem
1850 4462 2039 4531 diriget
2083 4461 2257 4525 Deus,

605 4567 949 4633 somniaque
1000 4562 1152 4614 vobis
1185 4575 1347 4630 prona
1381 4567 1435 4612 et
1480 4557 1731 4627 proclivia
1764 4555 2073 4610 reddentur.
2109 4553 2260 4617 Qua:-

669 4659 762 4710 rt'te
792 4655 945 4717 enim,
1004 4653 1190 4721 inquit,
1243 4651 1461 4719 primum
1507 4663 1716 4716 regnum
1765 4647 2024 4708 actorum,
2080 4653 2124 4696 et
2154 4643 2260 4696 haec

668 4749 840 4802 omnia
885 4745 1187 4814 adjiciantur
1233 4740 1368 4793 vobis
1416 4737 1639 4809 (Matth.
1687 4737 1740 4789 6.
1797 4737 1928 4804 53).
1968 4737 2074 4789 Hoc
2099 4735 2261 4803 igitur

669 4851 999 4916 qurramus,
1041 4833 1392 4897 dilectissimi,
1421 4842 1475 4883 ut
1505 4840 1558 4882 et
1589 4829 1738 4882 istius
1788 4837 1842 4880 et
1887 4828 2020 4879 illius
2072 4827 2260 4880 futura:

671 4938 794 4986 vitat
819 4933 956 4986 bona
982 4941 1395 4996 consequamur.
1424 4924 1589 4994 gratia
1618 4932 1672 4976 et
1701 4921 2028 4990 benignitate
2052 4921 2260 4974 Domini

673 5025 840 5078 nostri
869 5022 993 5074 Jesu
1021 5019 1240 5082 Christi,
1269 5032 1361 5086 per
1387 5029 1548 5085 quem
1577 5022 1770 5067 etcum
1792 5026 1898 5081 quo
1923 5011 2088 5080 gloria
2121 5011 2260 5065 Patri

670 5125 723 5170 et
747 5114 966 5184 Spiritui
1000 5120 1208 5176 sancto,
1244 5123 1381 5162 nunc
1420 5115 1473 5162 et
1499 5122 1731 5174 semper,
1761 5113 1815 5158 et
1844 5105 1894 5157 in
1921 5105 2118 5158 saecula
2157 5119 2263 5159 sa:-

671 5205 934 5260 culorum.
981 5205 1171 5257 Amen.

1229 5267 1456 5325 δεηΜο
1509 5267 1593 5321 vn
1626 5266 1720 5338 (τι).

673 5367 843 5434 Quare
888 5363 1079 5437 lignum
1127 5363 1349 5417 scientia
1395 5360 1514 5413 boni
1557 5369 1602 5412 et
1663 5359 1782 5410 ntali
1829 5366 2028 5410 vocetur
2073 5358 2265 5428 lignum

741 5458 869 5512 illud
898 5475 915 5512 :
942 5467 987 5510 et
1028 5456 1148 5527 quid
1175 5455 1260 5513 sit.
1296 5451 1464 5506 llodie
1509 5465 1714 5504 mecum
1758 5451 1865 5504 eris
1918 5450 1968 5501 in
2019 5449 2266 5517 paradiso

745 5551 909 5619 (Gen.
936 5549 992 5603 ε.
1023 5550 1074 5603 9.
1110 5546 1234 5600 Luc.
1259 5545 1349 5601 es.
1381 5547 1449 5600 ts
1471 5546 1512 5616 ).

747 5647 797 5698 l.
835 5642 1103 5696 llestcrno
1132 5640 1217 5695 die
1241 5639 1515 5692 caritatem
1546 5644 1779 5689 vestram
1811 5634 1987 5686 multis
2023 5633 2266 5685 hortatus

736 5734 808 5795 (α)
843 5740 892 5795 tu
913 5733 1082 5781 twice
1101 5737 1215 5795 Reg.
1241 5729 1362 5778 2552
1388 5728 1465 5778 hic
1483 5740 1646 5778 sermo
1668 5727 2072 5788 ιιτιυιρτιιιίιιὶιιιτ,
2101 5734 2192 5770 nec
2219 5722 2266 5768 in

671 5793 806 5848 serie
823 5794 1023 5842 aliorum
1047 5793 1256 5856 ponitur.

1376 350 1433 406 8.
1475 343 1752 405 JOANNIS
1792 333 2270 397 CIIRYSOSTOLH
2311 331 2628 386 ARCtllEP.
2673 322 3214 383 CONSTANTINOP.

3834 313 3951 372 608

2337 459 2478 507 sum,
2511 454 2569 498 ut
2597 457 2805 505 eorum,
2833 454 2954 511 qua:
2973 439 3114 494 dicta
3146 435 3376 501 fuerant,
3417 433 3861 492 recordaremmt.
3885 445 3957 486 ac

2334 535 2602 604 duplicem
2646 533 2854 601 vesperi
2895 543 3134 585 mensam
3178 526 3561 597 appnncrctis,
3589 539 3747 578 unam
3790 522 3952 576 cibo-

2334 641 2453 681 rum
2479 667 2495 691 ,
2521 635 2578 680 et
2603 624 2826 678 alteram
2851 621 2898 676 ei
2926 633 3235 676 sermonum
3264 617 3652 687 adjuogcretis.
3681 613 3818 680 Quid
3847 612 3954 682 igi-

2336 719 2459 773 tur?
2502 730 2627 770 num
2661 715 2760 768 hoc
2789 710 2990 768 fecistis
3013 751 3030 777 ,
3061 710 3433 778 duplicemque
3482 719 3722 761 mensam
3773 716 3952 772 appo-

2335 807 2556 863 strlstis?
2585 806 2709 861 Scio
2735 819 2830 858 VOS
2855 802 2906 859 id
2937 801 3126 858 fecisse
3147 842 3161 864 ,
3193 814 3368 868 neque
3397 806 3605 852 tantum
3631 796 3771 850 illius
3795 835 3811 860 ,
3839 791 3946 847 sed

2338 901 2495 968 hujus
2527 899 2689 953 etiam
2723 896 2886 950 fuisse
2917 893 3224 966 participes.
3257 891 3440 959 Neque
3460 892 3603 944 enim
3638 903 3760 943 cum
3795 886 3955 942 dete—

2339 991 2464 1046 riori
2505 999 2710 1043 tantum
2740 987 2973 1042 studium
3020 983 3437 1047 adhibuissetis,
3471 982 3641 1035 multo
3685 978 3952 1046 potiorem

2336 1092 2680 1136 contemnere
2709 1080 2990 1132 debuistis.
3025 1076 3155 1130 Nam
3179 1078 3294 1130 huic
3322 1074 3407 1128 illa
3435 1073 3625 1126 melior
3647 1081 3732 1124 est
3760 1089 3776 1123 :
3804 1071 3955 1123 illam

2337 1174 2478 1227 enim
2517 1184 2710 1225 manus
2761 1171 3127 1222 instruxerunt
3168 1170 3514 1235 coquorum,
3567 1163 3706 1215 hanc
3755 1160 3956 1229 lingua:

2343 1263 2723 1331 prOphetarum
2754 1267 3009 1328 pararunt
3043 1275 3056 1310 :
3089 1258 3142 1310 in
3170 1257 3256 1310 illa
3287 1264 3447 1309 terra:
3468 1252 3610 1307 fetus
3645 1252 3825 1305 insunt
3847 1289 3864 1314 ,
3895 1250 3951 1304 in

2338 1354 2437 1406 ista
2459 1351 2688 1422 Spiritus
2715 1351 2919 1404 fructus
2948 1366 2962 1400 :
2992 1347 3134 1402 illius
3161 1360 3364 1401 mensae
3404 1344 3507 1399 cibi
3549 1350 3840 1413 properant
3879 1340 3953 1395 ad

2340 1445 2742 1514 corruptionem
2767 1485 2784 1509 ,
2816 1443 2976 1510 hujus
3002 1440 3168 1510 dapes
3208 1439 3275 1493 ad
3328 1437 3782 1506 incorruptionem
3817 1453 3829 1488 :
3862 1434 3954 1488 illa

2339 1547 2662 1606 prmsentcm
2689 1535 2848 1587 vitam
2881 1542 3080 1593 tuetur,
3101 1531 3200 1584 ista
3228 1542 3323 1581 nos
3352 1528 3418 1581 ad
3447 1526 3680 1581 futuram
3709 1523 3950 1580 deducit.

2341 1628 2491 1683 Hanc
2517 1629 2692 1697 itaque
2717 1639 2814 1678 vos
2856 1621 3176 1677 instruxisse
3205 1634 3323 1674 cum
3357 1618 3443 1672 illa
3471 1616 3634 1686 probe
3661 1616 3774 1670 scio
3798 1657 3813 1681 ,
3843 1628 3953 1668 non

2343 1738 2407 1776 ex
2466 1721 2784 1789 pedissequo
2812 1727 3023 1778 vestro,
3048 1730 3146 1768 nec
3169 1729 3233 1766 ex
3269 1711 3464 1765 famulo
3489 1708 3794 1763 sciscitatus
3817 1750 3830 1768 ,
3855 1706 3953 1760 sed

2342 1827 2410 1865 ex
2458 1810 2643 1864 nuntio
2670 1808 2752 1860 his
2776 1806 3028 1861 omnibus
3057 1802 3304 1857 fideliori.
3338 1800 3414 1855 Ex
3443 1813 3674 1867 quonam
3700 1794 3956 1850 tandem?

2345 1902 2422 1955 Ex
2452 1901 2638 1968 plausu
2667 1899 2915 1950 nimirum
2942 1936 2955 1960 ,
2980 1910 3086 1963 quo
3116 1909 3176 1946 ea
3199 1906 3319 1961 quze
3357 1890 3497 1944 dicta
3523 1887 3736 1942 fuerant
3761 1926 3773 1950 ,
3804 1894 3859 1938 et
3881 1901 3953 1937 ex

2344 1994 2497 2050 laude
2519 2032 2538 2061 ,
2567 2007 2669 2062 qua
2713 1991 3011 2045 doctrinam
3035 1985 3188 2040 vobis
3229 1982 3476 2038 traditam
3509 1977 3955 2034 commendasti-.

2344 2085 2476 2141 Cum
2511 2098 2652 2138 enim
2705 2081 2817 2135 heri
2859 2079 3133 2140 dixissem,
3184 2077 3408 2143 qui-que
3452 2083 3686 2127 vestrum
3733 2070 3955 2122 domum

2344 2191 2494 2231 suam
2517 2174 2798 2228 ecclesiam
2827 2171 3026 2225 efﬁciat
3050 2169 3117 2236 (α
3140 2166 3183 2234 ),
3211 2179 3400 2235 magna
3438 2177 3568 2216 voce
3593 2159 3954 2219 acclamastis.

2345 2283 2408 2322 ac
2431 2266 2718 2336 voluptatis
2739 2305 2754 2328 ,
2783 2279 2884 2332 qua
2915 2276 3010 2314 vos
3057 2260 3142 2313 illa
3173 2258 3335 2312 verba
3377 2253 3721 2326 perfuderant
3744 2294 3760 2317 ,
3791 2251 3960 2321 signi-

2347 2359 2649 2413 ficationem
2688 2355 2931 2409 dedistis.
2975 2352 3144 2406 Porro
3190 2351 3234 2404 is
3263 2349 3351 2417 qui
3383 2362 3502 2401 cum
3534 2344 3808 2413 voluptate
3837 2357 3959 2411 qua:

2346 2450 2598 2504 dicuntur
2628 2446 2796 2508 audit,
2840 2445 2886 2498 is
2925 2458 2984 2496 se
3026 2440 3093 2496 ad
3150 2453 3312 2508 opera
3366 2433 3666 2491 exhibenda
3715 2442 3958 2503 paratum

2347 2540 2598 2596 ostendit.
2661 2538 2950 2606 Propterea
2973 2533 3270 2604 promptius
3309 2527 3469 2584 hodie
3507 2542 3594 2582 me
3639 2526 3706 2580 ad
3751 2524 3952 2579 docen-

2349 2633 2474 2687 dum
2519 2630 2744 2686 acctnvi.
3063 2656 3078 2676 η

2424 2725 2630 2792 Quanta
2656 2724 2719 2776 sit
2750 2720 2987 2792 obligatio
3013 2718 3212 2772 verbum
3239 2716 3466 2770 divinum
3487 2719 3537 2766 in
3558 2729 3688 2783 opus
3705 2711 3957 2782 redigere.

2348 2846 2421 2857 —
2445 2816 2639 2870 Verum
2667 2813 2856 2884 erigite
2879 2826 3022 2866 nunc
3045 2823 3259 2880 quoque
3286 2817 3491 2862 mentes
3515 2815 3723 2860 vestras
3748 2820 3763 2856 :
3789 2815 3965 2872 neque

2350 2911 2493 2964 enim
2521 2910 2694 2963 solum
2728 2909 3034 2976 l0quentem
3085 2913 3264 2958 erecta
3315 2911 3493 2956 mente
3539 2906 3756 2968 oportet
3803 2911 3958 2956 esse.

2351 3018 2536 3057 verum
2592 3001 2751 3055 etiam
2788 2999 3062 3052 auditores
3113 3006 3348 3050 attentos
3393 2977 3557 3058 esse,
3586 3006 3788 3061 eosque
3844 3004 3962 3042 am-

2354 3094 2492 3163 pltus
2544 3107 2704 3162 quam
2759 3102 3051 3144 oratorem.
3105 3087 3234 3141 Nam
3277 3099 3374 3140 nos
3420 3081 3637 3153 quidem
3693 3081 3746 3135 id
3797 3095 3962 3134 unum

2354 3185 2654 3250 studemus,
2702 3192 2758 3236 nt
2796 3180 3117 3234 dominicam
3164 3176 3443 3246 pecuniam
3476 3172 3964 3228 collocemuszvos

2356 3290 2486 3330 vero
2524 3274 2781 3342 majorem
2811 3271 3048 3325 laborem
3087 3267 3388 3331 adhibetis,
3425 3276 3484 3318 ut
3517 3278 3637 3317 eam
3681 3271 3962 3331 exceptam

2354 3383 2477 3424 cum
2507 3368 2672 3423 multa
2703 3365 2950 3420 cautione
2977 3360 3226 3417 servetis.
3256 3358 3544 3429 Postquam
3586 3357 3749 3427 igitur
3775 3354 3964 3409 audie-

2358 3463 2497 3524 ritis,
2526 3473 2676 3516 seras
2701 3458 2852 3512 ostiis
2876 3464 2930 3511 et
2951 3464 3127 3510 vectes
3157 3452 3360 3516 obdite,
3387 3466 3449 3506 ac
3470 3449 3738 3505 terribiles
3761 3446 3966 3518 cogita-

2360 3555 2530 3608 tiones
2572 3552 2807 3618 undique
2844 3547 3038 3601 anima:
3080 3553 3348 3612 tamquam
3403 3538 3655 3595 custodes
3701 3537 3966 3607 quOsdam

2358 3647 2629 3716 apponite.
2674 3641 2946 3711 Siquidem
2995 3635 3276 3705 impudens
3313 3643 3395 3688 est
3445 3633 3562 3694 fur.
3609 3643 3665 3686 et
3707 3639 3969 3699 perpetuo

2363 3738 2576 3806 vigilat,
2631 3750 2694 3786 ac
2745 3738 3050 3801 lrequenter
3101 3729 3356 3796 impetum
3404 3723 3530 3778 facit
3574 3731 3676 3779 :rt
3721 3720 3968 3790 quamvis

2360 3845 2501 3898 stripe
2527 3830 2769 3889 aberret.
2801 3841 2943 3891 smpe
2972 3821 3293 3892 aggreditur.
3330 3819 3553 3874 Adstent
3583 3818 3743 3887 igitur
3770 3823 3964 3871 cu-to-

2361 3923 2457 3977 des
2480 3919 2755 3976 terribiles
2778 3960 2792 3982 ,
2826 3929 2880 3970 et
2909 3916 2952 3969 si
2993 3913 3264 3967 diabolum
3295 3909 3524 3965 viderint
3547 3909 3665 3963 advi
3684 3918 3922 3962 ntantem
3949 3949 3966 3972 ,

2365 4024 2416 4069 et
2441 4029 2624 4066 eorum
2656 4027 2774 4081 quae
2807 4008 3046 4076 deposita
3075 4013 3202 4059 sunt
3243 4000 3438 4071 aliquid
3481 4000 3730 4069 abripere
3776 4013 3968 4068 parati-

2365 4117 2494 4171 tem,
2527 4120 2720 4173 ntagno
2749 4117 2868 4156 cutn
2897 4101 3131 4154 clamore
3159 4097 3305 4149 illutn
3323 4095 3535 4161 abigant
3565 4108 3579 4144 :
3607 4092 3652 4145 si
3677 4105 3768 4145 set
3790 4091 3971 4145 ulares

2363 4195 2751 4253 Sollicitudines
2779 4191 3105 4253 invaserint,
3134 4201 3226 4241 ess
3254 4185 3517 4253 repellant
3544 4201 3558 4236 :
3585 4184 3630 4238 si
3662 4181 3863 4237 oblivio
3899 4197 3967 4237 ex

2366 4302 2568 4344 natura:
2618 4285 2922 4340 infirmitate
2968 4279 3238 4349 negotium
3294 4276 3540 4338 facessit.
3584 4275 3971 4332 exercitatione

2367 4384 2678 4435 memoriam
2707 4381 2966 4434 excitent.
2995 4376 3176 4444 Neque
3203 4374 3346 4428 enim
3373 4373 3642 4427 mediocre
3667 4371 3970 4442 periculum

2369 4473 2610 4525 imminet
2631 4510 2646 4532 ,
2680 4469 2723 4522 si
2753 4467 3006 4537 pecunias
3035 4465 3329 4519 dominicas
3360 4463 3718 4532 perdideritis.
3763 4461 3895 4518 Nam
3923 4460 3970 4516 si

2369 4563 2442 4615 illi
2489 4562 2575 4628 qui
2627 4568 2876 4627 acceptas
2924 4556 3175 4626 pecunias
3204 4554 3587 4625 disperserint,
3622 4568 3765 4622 sirpe
3795 4562 3971 4607 morte

2367 4656 2690 4708 mulctantur
2719 4671 2732 4706 :
2758 4651 2846 4720 qui
2873 4650 3040 4702 multo
3064 4649 3377 4718 pretiosiora
3409 4647 3523 4700 istis
3553 4647 3762 4716 eloquia
3784 4646 3967 4700 divina

2368 4747 2689 4816 receperint,
2723 4758 2892 4812 eaque
2922 4740 3292 4812 perdiderint,
3322 4754 3429 4810 quo
3465 4738 3676 4792 tandem
3709 4737 3970 4806 supplicio

2369 4856 2474 4893 non
2507 4838 2839 4907 plectemur?
2868 4834 3000 4889 Nam
3030 4835 3119 4903 qui
3154 4831 3406 4902 pecunias
3454 4832 3583 4885 istas
3624 4829 3966 4899 acceperint,

2371 4931 2657 4987 reddenda:
2689 4929 2878 4983 rationi
2910 4935 3035 4981 sunt
3061 4934 3270 4979 tantum
3300 4924 3543 4989 obnoxii,
3580 4923 3851 4991 quomodo
3877 4938 3968 4978 eas

2371 5022 2752 5081 custodierint,
2789 5035 2886 5074 nec
2911 5018 3036 5088 quid
3084 5017 3220 5072 ultra
3251 5017 3538 5086 requiritur
3601 5016 3773 5081 Quam
3805 5018 3967 5070 multa

2373 5118 2514 5172 enim
2567 5115 2908 5183 receperint,
2966 5122 3071 5165 tam
3123 5112 3285 5165 multa
3339 5109 3460 5164 illos
3502 5108 3664 5182 plane
3712 5123 3969 5178 reponere

2377 5222 2595 5263 necesse
2618 5216 2720 5269 est,
2751 5221 2922 5274 neque
2948 5201 3236 5273 quidquam
3264 5201 3493 5270 amplius
3513 5201 3706 5255 abillis
3733 5200 3969 5270 reposci-

2375 5309 2460 5354 tur
2489 5316 2502 5353 :
2532 5298 2765 5369 acceptis
2794 5306 2970 5350 autem
2998 5293 3194 5349 divinis
3219 5293 3465 5363 eloquiis,
3513 5307 3618 5346 non
3659 5291 3820 5346 modo
3848 5291 3969 5345 illo-

2375 5406 2491 5445 rum
2518 5387 2772 5444 custodiaa
2800 5383 3069 5440 reddenda
3102 5392 3185 5439 est
3236 5387 3392 5448 ratio,
3442 5382 3535 5436 sed
3585 5379 3767 5436 multm
3812 5382 3965 5435 etiam

2375 5479 2766 5551 negotiationis.
2800 5474 2916 5530 Non
2962 5477 3102 5528 enim
3135 5491 3194 5528 ea
3225 5476 3396 5528 solum
3435 5474 3664 5528 reddere
3699 5473 3964 5541 iubemur,

2375 5588 2492 5642 quae
2533 5573 2853 5637 recepimus,
2907 5566 2999 5620 sed
3051 5575 3105 5620 et
3162 5566 3386 5618 Domino
3435 5565 3702 5634 duplicata
3756 5564 3964 5620 oﬂot’t’e.

2377 5665 2709 5730 Quamquam
2763 5659 2805 5712 si
2869 5673 2930 5711 ea
2984 5657 3254 5712 custodire
3313 5666 3515 5710 taurum
3563 5657 3770 5723 jusvum
3819 5655 3966 5711 initiis

2442 5776 2516 5840 (a)
2550 5765 2790 5824 ttoc'dixit
2816 5772 2956 5835 [aulo
2970 5782 3084 5822 ante
3108 5771 3254 5822 tinem
3280 5771 3604 5837 praecedentis
3619 5764 3844 5821 boml'ltze.
