4186 6324
239 535 342 590 Gil?

233 661 394 710 esset.
428 654 596 710 multa
621 657 980 711 siillieinulinc
1005 674 1067 712 ac
1084 659 1261 714 studio
1285 678 1369 716 res
1400 664 1664 734 indigeret
1687 685 1697 717 :
1732 682 1856 721 eum

233 754 359 794 vero
389 755 447 797 ut
477 749 643 801 etiam
676 749 1117 818 multiplicemur,
1149 753 1303 806 nobis
1337 754 1592 809 Dominus
1621 758 1855 827 impera-

229 833 317 898 rit,
347 838 527 906 cogita
554 850 812 909 quantum
843 841 1044 897 laboris
1080 853 1134 898 et
1176 859 1321 899 cura:
1353 847 1420 900 sit
1469 864 1496 899 a
1536 849 1708 914 nobis,
1741 851 1860 920 qni-

224 926 326 978 bus
356 946 418 981 ea
472 932 761 985 commissa
812 942 958 998 sunt,
989 933 1398 990 conferendum.
1456 936 1579 994 Ideo
1602 942 1853 1009 quidam,

225 1020 308 1072 cui
361 1024 659 1077 commissa
711 1025 924 1080 fuerant
977 1029 1174 1082 talenta
1219 1031 1456 1101 quinque
1505 1032 1735 1102 (Matth.
1760 1034 1850 1089 25.

228 1109 309 1165 H.
338 1130 451 1182 sqq.
481 1114 525 1180 ),
575 1131 679 1168 non
712 1117 932 1171 totidem
986 1119 1200 1184 obtulit,
1233 1123 1327 1176 sed
1384 1122 1674 1194 duplicata.
1718 1127 1850 1180 Nam

223 1202 310 1255 illa
341 1204 592 1272 quidem,
638 1208 983 1277 benignitatis
1013 1224 1168 1267 erant
1213 1214 1414 1268 domini
1448 1235 1458 1271 :
1493 1217 1587 1272 sed
1615 1223 1851 1288 oportuit

218 1296 381 1350 etiam
428 1313 650 1353 Servum
683 1318 833 1354 suam
886 1303 1143 1360 exhibere
1193 1307 1550 1376 diligentiam;
1590 1310 1849 1366 Similiter

216 1399 273 1442 et
299 1390 343 1442 is
373 1392 461 1445 eui
492 1391 599 1446 duo
623 1395 820 1448 talenta
850 1398 1051 1451 credita
1087 1399 1319 1468 fuerant,
1344 1403 1446 1456 alia
1471 1404 1577 1457 duo
1609 1406 1844 1463 lucratus

215 1492 296 1534 est
321 1525 333 1544 ,
367 1493 535 1552 atque
560 1485 756 1540 idcirco
789 1491 900 1557 pari
932 1506 1054 1544 eum
1087 1491 1339 1548 dominus
1364 1495 1568 1552 bonore
1593 1499 1842 1568 dignatus

214 1584 316 1626 est.
347 1575 508 1628 Alius
541 1591 880 1634 verorursus
920 1583 1003 1635 cui
1054 1585 1309 1640 talentum
1363 1604 1526 1642 tumin
1573 1592 1838 1646 creditum

213 1661 408 1730 fuerat,
439 1677 498 1721 ct
527 1667 656 1722 illud
683 1671 856 1739 ipsum
879 1674 1168 1741 obtulerat,
1203 1679 1344 1747 quod
1391 1680 1654 1735 creditum
1683 1694 1794 1737 erat
1817 1724 1833 1750 ,

209 1755 298 1824 qui
357 1771 469 1812 non
524 1761 888 1828 imminuerat,
932 1781 1038 1819 non
1085 1767 1320 1823 deteriu.—-
1364 1772 1670 1828 reddiderat
1706 1777 1835 1830 illud

207 1851 540 1917 depositum,
586 1870 761 1922 neque
819 1857 1156 1912 dimidiatum
1215 1871 1416 1915 tantum
1479 1866 1830 1921 reddiderat:

209 1941 329 2008 quia
363 1953 633 2011 qtuestmn
677 1962 779 1998 non
810 1946 1030 2014 fecerat,
1061 1964 1234 2021 neque
1257 1953 1586 2022 duplicatum
1619 1957 1832 2013 obtule-

206 2043 306 2096 rat,
333 2035 479 2102 quod
506 2037 769 2092 creditum
804 2039 995 2106 fuerat,
1025 2053 1270 2097 extremo
1308 2047 1571 2115 supplicio
1615 2051 1832 2118 punitus

204 2125 334 2191 fuit;
367 2143 433 2182 ac
458 2130 653 2184 merito
676 2148 825 2186 sane.
860 2133 988 2188 Nam
1027 2137 1069 2190 si
1102 2152 1162 2190 ea
1193 2142 1449 2195 custodiri
1495 2154 1696 2196 tantum
1732 2162 1828 2199 vo-

204 2220 451 2286 luissem,
512 2224 700 2293 inquit,
747 2242 846 2281 nec
898 2229 1041 2283 aliud
1091 2232 1295 2287 lucrum
1341 2252 1404 2290 ex
1441 2237 1553 2292 istis
1574 2240 1822 2308 acquiri,

202 2330 304 2367 non
336 2317 428 2370 illa
467 2331 744 2372 servorum
781 2323 1026 2377 inanibus
1067 2326 1424 2382 tradidissem.
1457 2330 1535 2384 Tu
1568 2348 1694 2386 Vero
1723 2334 1822 2387 do-

198 2407 326 2460 mini
379 2408 764 2480 benignitatem
804 2417 1105 2470 Considera.
1145 2418 1193 2472 ls
1220 2421 1302 2474 cui
1357 2423 1556 2477 talenta
1591 2429 1822 2497 quinque

194 2501 492 2555 eommiSsa
513 2502 742 2569 fuerant,
775 2508 967 2561 obtulit
988 2510 1089 2564 alia
1115 2513 1373 2583 quinque,
1409 2527 1460 2570 et
1486 2519 1528 2569 is
1557 2521 1641 2572 cui
1666 2519 1774 2573 duo
1800 2562 1816 2587 ,

195 2591 359 2646 altera
386 2603 532 2648 tanta
551 2636 564 2658 ,
592 2606 644 2650 et
666 2600 853 2652 eadem
873 2611 1098 2672 uterque
1122 2609 1337 2672 pra'mia
1363 2611 1564 2663 retulit.
1591 2612 1653 2666 Ut
1673 2617 1814 2667 enini

195 2683 264 2734 ilii
294 2684 433 2738 dixit
462 2707 474 2740 :
511 2685 674 2757 Euge,
704 2707 844 2743 serve
866 2693 991 2746 bone
1017 2711 1076 2747 ac
1097 2697 1284 2763 ﬁdelis,
1313 2715 1467 2769 super
1492 2706 1815 2776 putica/iisti

190 2774 379 2840 ﬁdelis,
399 2792 558 2846 super
574 2783 734 2834 multa
749 2785 1111 2839 teconstiiuam
1144 2791 1159 2857 (
1185 2788 1319 2842 Ibid.
1341 2807 1385 2844 υ.
1404 2791 1462 2846 2|
1491 2797 1508 2864 )
1533 2815 1542 2848 :
1561 2799 1636 2851 sic
1651 2802 1810 2855 etiam

190 2865 264 2917 illi
283 2867 375 2934 qui
392 2869 504 2922 duo
524 2871 812 2936 obtulerat,
841 2875 1030 2944 inquit,
1051 2876 1211 2948 Euge,
1236 2896 1377 2935 serve
1398 2884 1523 2936 bone
1543 2905 1601 2938 uc
1617 2889 1808 2956 ﬁde/is,

186 2975 340 3027 super
378 2978 546 3030 pauca
589 2965 730 3030 fuisti
767 2968 969 3034 ﬁdelis,
1017 2985 1170 3040 super
1214 2975 1375 3030 multa
1421 2988 1467 3032 te
1507 2982 1810 3036 constituant

185 3051 351 3119 (Ibid.
383 3072 429 3108 ιι.
461 3055 581 3126 25).
612 3058 913 3115 Ριηινρηῑυδ
937 3063 1074 3117 baud
1102 3065 1239 3121 idem
1272 3080 1352 3124 ιει
1373 3112 1385 3136 ,
1416 3082 1467 3126 et
1493 3090 1700 3130 merces
1726 3086 1808 3131 est

183 3148 373 3200 eadem
434 3165 446 3202 :
497 3152 574 3206 sic
623 3162 677 3205 et
724 3153 867 3208 bunc
919 3157 1107 3212 eodem
1165 3160 1370 3218 honore
1415 3166 1662 3235 dignatus
1699 3182 1800 3224 est.

180 3238 317 3304 Quid
354 3239 469 3292 ita?
494 3243 759 3307 Queniam
785 3261 890 3324 qon
920 3264 1107 3303 eorum
1137 3268 1256 3322 qua:
1282 3255 1457 3310 oblata
1483 3273 1607 3312 sunt
1637 3278 1805 3331 quan-

185 3332 415 3397 titatem,
445 3335 538 3388 sed
579 3351 767 3390 eorum
804 3341 1073 3406 virtutem,
1107 3348 1195 3415 qui
1247 3351 1502 3419 negotiati
1554 3353 1801 3425 fuerant,

180 3426 490 3481 attendebat
525 3427 680 3482 Dens.
727 3431 858 3484 Nam
894 3446 1118 3506 uterque
1147 3454 1242 3506 pro
1270 3441 1404 3496 virili
1437 3460 1556 3513 qua:
1581 3461 1800 3504 suarum

179 3517 412 3584 partium
460 3529 612 3573 erant
669 3525 994 3590 praestiterat
1035 3546 1048 3581 :
1091 3544 1178 3583 res
1230 3541 1409 3588 autem
1455 3539 1651 3591 oblatae
1691 3556 1797 3596 non

178 3610 550 3681 multiplicatae
581 3613 792 3668 fuerant
823 3627 916 3670 aut
936 3619 1232 3677 imminuta:
1263 3627 1341 3680 vel
1372 3627 1444 3681 ob
1470 3629 1614 3684 illius
1644 3632 1796 3702 igua-

178 3702 340 3765 viam,
383 3703 464 3756 vel
503 3704 574 3757 ob
603 3701 933 3775 diligentiam
965 3711 1155 3779 'istius,
1184 3714 1277 3770 sed
1311 3733 1407 3786 pro
1437 3701 1676 3790 depositi
1709 3722 1794 3777 di-

176 3795 451 3850 versitate.
481 3797 573 3852 llle
594 3799 831 3870 quinque
853 3805 1081 3874 accepit,
1100 3817 1154 3860 et
1179 3809 1376 3865 obtulit
1395 3812 1499 3866 alia
1523 3817 1789 3888 quinque;

174 3884 260 3941 bic
285 3890 496 3958 accepit
521 3889 648 3956 duo,
674 3903 730 3947 et
748 3894 941 3950 obtulit
969 3898 1278 3972 duo,neque
1302 3906 1442 3973 quod
1466 3908 1531 3961 ad
1555 3884 1792 3967 stud—ium

172 3980 384 4046 attinet,
415 3981 638 4038 inferior
665 3986 893 4040 exstitit.
924 3990 1198 4059 Siquidem
1230 4005 1284 4050 et
1329 3997 1416 4053 bic
1439 3997 1704 4070 duplicia,
1737 4011 1793 4058 et

173 4070 261 4124 ille
290 4072 524 4141 duplicia
559 4076 797 4132 lucratus
825 4089 909 4134 est
948 4083 1148 4138 credita
1184 4104 1198 4139 :
1230 4086 1274 4141 is
1316 4103 1448 4144 vero
1487 4091 1576 4160 qui
1625 4110 1789 4151 unum

170 4176 473 4234 acceperat,
505 4169 729 4238 simplex
756 4172 886 4228 illud
915 4175 1146 4244 obtulit;
1171 4196 1332 4251 quam
1361 4184 1431 4238 ob
1463 4199 1678 4240 canSani
1706 4197 1790 4242 est

168 4259 327 4314 etiam
356 4263 670 4331 castigatus.

236 4354 291 4404 εὶ.
319 4355 560 4412 Audistis
589 4374 715 4428 ergo
739 4372 996 4430 quantum
1029 4365 1148 4421 illos
1175 4380 1388 4425 maneat
1411 4374 1734 4443 supplicium
1763 4418 1778 4442 ,

167 4445 256 4512 qni
283 4461 347 4499 ex
377 4447 668 4504 dominicis
697 4455 1214 4528 peeuniisnegotiati
1249 4477 1354 4516 non
1387 4462 1606 4520 fuerint.
1640 4468 1782 4540 Ergo

167 4546 218 4591 et
263 4540 675 4607 custodiamus,
723 4556 774 4600 et
821 4550 1195 4618 negotiemur,
1238 4562 1295 4609 et
1322 4557 1549 4612 multum
1581 4575 1644 4614 ex
1676 4561 1782 4616 illis

168 4628 373 4684 lucrum
400 4633 770 4691 exbibeamus.
796 4638 980 4711 Neque
1004 4642 1146 4699 dicat
1171 4647 1364 4717 aliquis
1393 4649 1598 4706 :Idiota
1624 4668 1742 4707 smn
1760 4696 1776 4719 ,

167 4720 460 4791 discipulus
503 4742 662 4793 sum,
706 4729 930 4786 verbum
961 4732 1221 4790 doctrina:
1263 4756 1368 4794 non
1411 4740 1618 4808 habeo,
1652 4759 1774 4801 cum

165 4811 443 4882 imperitus
483 4819 585 4871 sint
635 4828 690 4874 et
726 4821 925 4879 nullius
955 4827 1133 4895 pretii.
1169 4827 1403 4886 Tametsi
1432 4836 1578 4888 enim
1613 4836 1775 4892 idiota

163 4905 234 4956 sis
254 4946 270 4969 ,
305 4907 430 4962 licet
455 4908 751 4979 discipulus
772 4953 787 4980 ,
815 4914 940 4971 licet
968 4933 1132 4973 unum
1163 4920 1259 4976 tibi
1289 4923 1543 4980 talentum
1567 4928 1635 4981 sit
1655 4943 1776 4983 cre-

161 4994 328 5052 ditum
351 5040 363 5061 .
403 5004 678 5071 nrgotiare
706 5021 768 5059 ex
811 5020 877 5060 eo
902 5010 1044 5078 quod
1079 5011 1170 5066 tibi
1193 5016 1541 5070 commissum
1573 5031 1688 5082 cst,
1718 5031 1773 5075 et

161 5091 402 5143 eannlem
430 5107 552 5147 cum
579 5094 802 5152 doctore
827 5101 1135 5157 mercedem
1161 5106 1409 5175 accipies.
1437 5111 1512 5163 Ae
1538 5125 1630 5163 vos
1651 5112 1771 5182 qui-

157 5181 274 5234 dem
317 5197 380 5238 ea
425 5200 545 5252 qua:
574 5186 716 5241 dicta
760 5200 885 5244 sunt
912 5196 1185 5251 custodire
1213 5207 1265 5252 et
1293 5210 1480 5254 exacte
1509 5207 1766 5260 memoria

162 5284 341 5328 tenere
369 5279 590 5330 munitm
615 5281 779 5335 credo
810 5301 822 5336 :
858 5285 950 5340 sed
982 5302 1050 5343 ne
1075 5288 1128 5343 in
1161 5290 1262 5346 boc
1281 5301 1442 5349 tutan:
1467 5298 1766 5355 orationem

159 5365 557 5436 impendamus,
605 5388 704 5442 age
751 5392 870 5445 qua:
915 5394 1216 5451 sequuntur
1242 5401 1302 5441 ea
1328 5405 1447 5459 qua:
1479 5393 1616 5447 dicta
1640 5406 1766 5450 sunt

156 5475 180 5506 ιι
223 5461 538 5519 nobis-beri
573 5468 712 5535 apud
755 5471 1034 5528 raritatem
1065 5489 1338 5546 vestram,
1369 5483 1724 5556 adjunganms
1745 5531 1760 5554 ,

154 5562 207 5602 ct
246 5551 386 5623 banc
429 5555 578 5608 vobis
604 5563 867 5614 custodia)
897 5567 1199 5622 mercedem
1237 5575 1622 5639 persolvamus.
1659 5580 1756 5644 Qu'

153 5642 290 5696 enim
339 5646 516 5712 priora
559 5648 659 5703 sibi
697 5651 898 5706 credita
932 5664 1303 5725 conservavit,
1336 5665 1530 5733 dignus
1560 5679 1642 5723 est
1670 5673 1756 5738 qui

152 5733 246 5784 alia
272 5749 458 5790 rursus
489 5741 737 5809 accipiat.
766 5742 1024 5813 ριιωηειηι
1054 5749 1215 5819 igitur
1246 5753 1357 5808 heri
1383 5761 1651 5826 preposita
1675 5773 1752 5817 est

150 5836 175 5874 a
200 5827 352 5882 nobis
380 5833 616 5884 narratio
638 5836 660 5886 ?
685 5840 759 5889 tte
785 5837 925 5905 ligno
954 5855 1133 5896 sermo
1163 5855 1306 5908 erat,
1341 5857 1394 5903 et
1422 5855 1754 5912 ostendimus

149 5915 448 5983 boininein.
492 5939 780 5997 antequam
825 5932 893 5985 de
941 5934 1084 6004 ligno
1127 5939 1345 6008 ederet,
1388 5943 1510 5999 boni
1539 5963 1599 6002 ac
1627 5952 1751 6006 mali

141 6014 500 6082 cognitionem
550 6019 832 6091 habuisse,
882 6027 1152 6100 multaque
1193 6036 1454 6105 repletum
1485 6045 1743 6111 sapientia

1543 549 1608 604 IN
1649 551 1947 609 Gi-LNI'ISIM
1990 554 2223 614 SERMO
2267 560 2374 616 VII.

3490 587 3596 642 6H"

1977 668 2173 735 fuisse,
2216 687 2282 726 ex
2334 690 2400 728 co
2431 677 2572 746 quod
2602 679 2818 734 nomina
2849 682 3043 740 bistiis
3072 687 3420 759 imposuerit,
3448 700 3593 765 quod

1974 778 2197 816 uxorem
2235 779 2387 820 suam
2429 773 2744 837 agitaverit,
2778 775 2920 844 quod
2948 776 3148 837 dixerit
3183 822 3194 834 .
3235 781 3348 837 11οε
3374 782 3510 840 nam
3532 809 3591 843 os

1967 869 2031 907 ea:
2051 855 2250 909 ossibus
2276 858 2400 914 meis
2424 859 2576 931 (Gen.
2608 863 2662 916 Ξ.
2687 863 2779 934 25)
2805 884 2818 930 ;
2845 869 2987 936 quod
3005 871 3073 928 de
3095 876 3297 942 nuptiis
3316 877 3597 936 disserue-

1965 946 2034 999 rit
2058 986 2072 1010 ,
2103 945 2172 1001 de
2199 953 2576 1016 procreatione
2604 953 2928 1023 liberorum,
2964 962 3032 1017 de
3061 964 3329 1038 conjugali
3355 972 3590 1042 conjun-

1961 1035 2142 1094 ctione
2172 1047 2225 1093 et
2253 1038 2322 1096 de
2342 1051 2495 1111 patre
2520 1059 2583 1100 ac
2612 1058 2819 1113 matre;
2847 1052 2992 1122 quod
3022 1035 3329 1115 mandatum
3362 1035 3592 1129 accepe-

1959 1132 2047 1184 rit.
2078 1130 2264 1202 Neque
2289 1137 2433 1190 enim
2463 1138 2774 1196 mandatum
2802 1143 2895 1198 dat
2919 1149 3202 1220 quicquam
3230 1168 3291 1206 ac
3317 1153 3490 1226 legem
3515 1158 3582 1228 de

1957 1220 2121 1273 rebus
2164 1225 2418 1292 gerendis
2460 1239 2549 1281 aut
2593 1246 2698 1285 non
2740 1237 2996 1304 gerendis
3037 1257 3082 1294 e:
3108 1283 3124 1308 ,
3166 1245 3254 1312 qui
3290 1244 3487 1301 bonum
3517 1264 3581 1304 ac

1956 1313 2155 1366 malum
2203 1316 2432 1383 ignOret.
2482 1320 2654 1386 Hodie
2694 1325 2877 1381 dicere
2908 1345 3088 1398 opme
3119 1334 3279 1389 fuerit
3305 1339 3533 1406 pretium
3561 1381 3578 1409 ,

1953 1419 2112 1470 quam
2152 1406 2223 1460 ob
2259 1424 2478 1464 causam
2499 1451 2514 1477 ,
2545 1416 2588 1466 si
2615 1429 2644 1468 a
2679 1415 2825 1486 ligno
2852 1422 3129 1478 scientiam
3160 1425 3324 1482 homo
3355 1446 3460 1485 non
3488 1447 3578 1486 ae-

1950 1499 2123 1564 cepit,
2176 1499 2377 1567 lignum
2424 1505 2666 1560 scicntim
2718 1509 2842 1564 boni
2890 1529 2953 1567 ac
2994 1516 3119 1571 mali
3152 1519 3307 1574 fuerit
3337 1525 3576 1592 appella-

1951 1595 2062 1638 tum
2111 1590 2273 1660 (Ibid.
2311 1611 2356 1647 υ.
2405 1594 2460 1664 9)
2506 1616 2518 1650 :
2565 1613 2742 1670 neque
2781 1605 2922 1658 enim
2955 1608 3088 1662 levis
3118 1590 3377 1668 momenti
3405 1590 3564 1673 fuerit

1946 1676 2202 1733 didicisse
2224 1721 2238 1746 ,
2271 1701 2367 1737 cur
2399 1685 2516 1742 base
2541 1692 2836 1759 appellatio
2867 1697 3013 1768 ligno
3039 1703 3105 1755 sit
3138 1703 3324 1760 indita.
3353 1708 3488 1764 Nam
3514 1722 3571 1767 et

1944 1768 2190 1827 diabolus
2237 1777 2367 1830 dixit
2405 1796 2416 1830 :
2450 1781 2566 1844 Qua
2611 1784 2693 1837 die
2730 1792 3156 1848 mandncureritis
3180 1797 3242 1849 de
3266 1816 3324 1852 eo
3347 1844 3360 1863 ,
3395 1807 3567 1872 aperi-

1941 1872 2088 1915 entur
2127 1868 2264 1919 oculi
2300 1872 2452 1924 vestri
2474 1913 2488 1938 ,
2531 1884 2575 1926 et
2600 1878 2741 1932 eritis
2765 1881 2894 1934 sient
2925 1883 3027 1948 dii,
3059 1886 3271 1943 scientes
3301 1890 3489 1946 bonum
3517 1907 3566 1950 et

1941 1955 2132 2009 malum
2165 1958 2324 2029 (Ibid.
2370 1963 2421 2016 3.
2459 1965 2535 2035 5).
2573 1971 2855 2032 Quomodo
2889 1975 3077 2045 igitur,
3113 1978 3304 2050 inquit,
3343 1993 3397 2038 tu
3426 1987 3562 2043 dicis

1937 2049 2218 2104 scientiam
2268 2069 2374 2108 non
2424 2057 2717 2114 inseruisse
2769 2063 2893 2119 boni
2941 2083 3002 2122 ac
3035 2071 3199 2125 mali?
3229 2074 3362 2141 Quis
3391 2093 3555 2144 vero,

1935 2155 2149 2210 quaso,
2195 2145 2461 2204 inseruit?
2498 2169 2623 2207 num
2657 2155 2949 2214 diabolus?
2976 2163 3156 2232 Certe,
3189 2168 3398 2239 inquit,
3431 2188 3555 2229 cum

1937 2233 2163 2303 dixerit,
2193 2235 2357 2293 Erilis
2381 2247 2511 2296 sicut
2540 2248 2631 2312 dii,
2662 2252 2873 2306 scientes
2897 2254 3081 2310 bonum
3111 2270 3156 2313 et
3178 2265 3392 2320 nmium.
3418 2265 3556 2323 Tum

1934 2336 1987 2381 tu
2036 2329 2193 2398 igitur
2239 2337 2606 2394 testimonium
2635 2344 2765 2398 mibi
2798 2347 2968 2402 hostis
2999 2352 3160 2407 affers
3189 2366 3241 2411 et
3273 2358 3556 2416 insidiato-

1933 2421 2046 2474 ris?
2087 2426 2248 2494 Atqui
2291 2427 2425 2484 dixit
2471 2431 2557 2489 bic
2601 2452 2815 2508 quoque
2840 2483 2854 2507 ,
2895 2443 3052 2498 iit-itis
3083 2449 3244 2503 etiam
3275 2450 3345 2506 ei:
3375 2467 3396 2513 :
3426 2472 3553 2511 num

1930 2513 2091 2582 igitur
2132 2518 2202 2569 (lii
2231 2531 2357 2574 sunt
2385 2523 2556 2578 facti?
2592 2526 2658 2581 Ut
2689 2530 2849 2600 igitur
2881 2535 2953 2587 dii
2987 2536 3110 2592 facti
3144 2556 3247 2595 non
3277 2555 3443 2610 sunt,
3473 2549 3554 2603 sic

1927 2621 2100 2672 neque
2143 2612 2420 2667 rc'eatiam
2457 2616 2579 2673 boni
2623 2635 2688 2675 ac
2730 2626 2852 2678 nali
2881 2634 2991 2684 tum
3019 2645 3364 2702 acceperunt.
3396 2637 3548 2695 Men-

1921 2695 2026 2752 dax
2067 2704 2208 2756 enim
2253 2713 2336 2761 est
2376 2708 2464 2764 ille
2487 2751 2502 2776 ,
2531 2711 2770 2785 nihilque
2800 2733 2979 2773 verum
3013 2723 3348 2796 proloquitur
3379 2748 3391 2784 :
3421 2746 3546 2788 nam

1924 2789 1986 2845 In
2011 2797 2216 2851 veritate
2236 2841 2248 2863 ,
2281 2801 2484 2872 inquit,
2516 2821 2617 2860 non
2647 2811 2780 2864 stetit
2815 2789 3054 2883 (λαως.
3084 2817 3200 2890 Η).

1992 2886 2094 2941 Cur
2115 2891 2312 2961 lignum
2332 2896 2559 2953 scientia:
2574 2900 2695 2956 boni
2719 2912 2762 2956 et
2785 2905 2910 2959 mali
2933 2908 3004 2959 sic
3033 2921 3261 2966 vocatum
3279 2915 3452 2985 fuerit.
3474 2950 3542 2962 --ι

1916 2976 1994 3032 Ne
2045 2982 2202 3049 igitur
2250 2986 2452 3043 inimici
2509 2995 2876 3051 testimonium
2921 3002 3320 3075 producamus,
3349 3009 3445 3064 sed
3471 3026 3539 3066 ex

1920 3075 2048 3142 ip~is
2077 3079 2237 3133 rebus
2265 3084 2612 3154 colligamus,
2648 3105 2753 3161 qua
2782 3092 2848 3148 de
2875 3110 3036 3150 causa
3067 3099 3268 3170 lignum
3297 3105 3542 3162 scientiie

1915 3167 2040 3221 boui
2087 3184 2149 3224 ac
2179 3175 2304 3228 mali
2339 3188 2583 3234 vocetur.
2629 3183 2706 3238 Ac
2738 3187 2885 3254 prius
2907 3227 2924 3255 ,
2954 3190 2997 3244 si
3033 3167 3240 3246 vidi-tur
3263 3233 3276 3256 ,
3312 3197 3440 3265 quid
3469 3199 3542 3254 sit

1915 3262 2112 3318 bonum
2154 3281 2218 3320 ac
2265 3270 2467 3324 malum
2509 3276 2946 3336 consideremus.
2990 3285 3127 3348 Quid
3170 3302 3301 3356 ergo
3336 3290 3537 3348 bonum

1909 3357 2038 3410 est?
2067 3356 2407 3417 Obedientia.
2438 3365 2576 3432 Quid
2602 3370 2802 3427 malum
2826 3373 2850 3427 ?
2877 3375 3269 3438 lnobedientia.
3303 3387 3378 3438 Ae
3406 3396 3531 3440 tan-

1912 3449 2080 3521 tisper
2118 3468 2148 3507 a
2188 3455 2342 3512 nobis
2371 3459 2486 3514 lucc
2517 3477 2581 3516 ex
2618 3464 2748 3533 ipsis
2778 3466 3073 3540 Scripteris
3099 3486 3290 3531 exacte
3321 3482 3534 3537 estanu-

1910 3556 2107 3599 nentur
2127 3588 2141 3610 ,
2176 3564 2244 3602 ne
2271 3550 2413 3607 forte
2434 3594 2450 3620 ,
2481 3554 2609 3610 dum
2636 3558 2762 3614 boni
2785 3578 2848 3617 ac
2876 3566 3000 3620 mali
3029 3578 3274 3625 naturam
3301 3573 3534 3645 inquiri-

1861 3652 1878 3688 κ
1907 3652 2027 3692 mus
2047 3681 2061 3704 ,
2103 3642 2442 3701 aberremus.
2491 3649 2606 3706 Hoc
2643 3655 2787 3708 enim
2818 3672 2940 3712 esse
2969 3659 3166 3735 bonum
3198 3679 3262 3718 ac
3292 3669 3530 3736 malum,

1902 3729 2027 3785 audi
2068 3747 2176 3804 quo
2218 3747 2376 3805 pacto
2402 3739 2593 3797 doceat
2623 3749 2883 3816 propheta
2914 3729 3034 3807 cum
3066 3754 3194 3811 dicit
3225 3776 3238 3811 :
3271 3758 3411 3825 Quid
3436 3763 3529 3817 bo-

1903 3839 2025 3876 num
2045 3865 2059 3891 ,
2093 3837 2140 3881 et
2175 3830 2299 3898 quid
2319 3818 2580 3890 ’Dominus
2606 3838 2746 3894 Deus
2774 3845 2985 3913 requirit
3010 3865 3043 3901 a
3069 3852 3159 3905 te?
3185 3850 3284 3906 Dic
3308 3857 3433 3926 quid
3459 3859 3531 3915 sit

1900 3915 2108 3970 bonum.
2146 3920 2212 3975 Ut
2241 3923 2429 3995 diligas
2458 3926 2736 3985 Dominum
2770 3934 2934 3990 Deum
2965 3947 3106 3994 tuum
3135 3915 3332 4013 (illic/1..
3348 3947 3405 4003 6.
3429 3949 3516 4020 8).

1902 4008 2065 4066 Vides
2112 4013 2310 4069 bonum
2357 4034 2480 4075 esse
2521 4023 2925 4085 obedientiam?
2965 4035 3232 4106 siquidem
3274 4056 3341 4096 ex
3383 4043 3518 4099 dile-

1895 4104 2076 4161 ctione
2099 4109 2269 4164 oritur
2292 4110 2621 4171 obedientia.
2653 4120 2718 4174 Et
2744 4138 2932 4180 rursus
2955 4143 2968 4181 :
2992 4104 3110 4184 Duo
3132 4135 3270 4188 nuda
3291 4138 3412 4206 fecit
3433 4156 3525 4208 po-

1894 4197 2051 4264 pulus
2074 4215 2217 4254 meus
2237 4202 2322 4255 In'c
2350 4217 2369 4257 :
2399 4221 2480 4259 me
2506 4209 2884 4279 dereliquerunt
2912 4220 3104 4286 fontem
3133 4197 3447 4294 aquw'vivw;
3472 4241 3523 4284 et

1893 4289 2136 4356 foderunt
2164 4295 2261 4346 sibi
2288 4297 2535 4353 cisternas
2555 4304 2803 4358 contritas
2825 4348 2840 4371 ,
2865 4323 2980 4378 qua:
3007 4327 3110 4365 non
3132 4325 3372 4384 poterunt
3392 4337 3518 4376 con-

1891 4381 2051 4436 tinere
2078 4400 2266 4450 aquam
2292 4386 2428 4457 (Jer.
2453 4389 2512 4444 2.
2545 4393 2661 4464 15).
2692 4397 2853 4455 Vides
2885 4381 3304 4465 inobedientiain
3333 4423 3389 4469 et
3418 4416 3515 4472 de.

1891 4477 2228 4534 relictionem‘
2270 4484 2470 4540 malum
2517 4491 2686 4545 esse?
2733 4493 2848 4550 Hoc
2894 4497 3055 4568 igitur
3081 4503 3298 4561 interim
3330 4518 3515 4568 tenea-

1887 4584 2044 4637 mus,
2089 4573 2464 4657 obedientiam
2489 4581 2689 4639 bonum
2711 4601 2867 4654 esse,
2900 4601 3062 4662 atque
3089 4596 3508 4662 inobedicntiam

1886 4661 2086 4716 malum
2114 4705 2128 4727 ,
2157 4674 2212 4720 et
2238 4669 2317 4722 sic
2348 4669 2476 4724 illud
2509 4673 2670 4730 etiam
2699 4692 3114 4750 cognoscemus.
3147 4681 3279 4745 Nam
3309 4693 3513 4752 idcirco

1887 4749 2089 4821 lignum
2135 4757 2379 4815 scicntia:
2422 4761 2546 4818 boni
2578 4781 2642 4821 ae
2668 4771 2793 4824 mali
2827 4787 3082 4843 vocatur,
3111 4783 3256 4851 quod
3287 4789 3512 4842 manda-

1884 4852 1996 4899 tum
2030 4846 2100 4902 de
2127 4849 2276 4921 ligno
2304 4854 2557 4911 traditum
2586 4861 2771 4930 fuerit,
2800 4868 2954 4936 cujus
2975 4875 3262 4933 occasione
3311 4880 3394 4936 vel
3428 4883 3512 4938 ἰη-

1881 4937 2190 4996 oliedientia
2241 4945 2324 5000 vel
2349 4946 2657 5008 obedientia
2686 4970 3000 5016 exercetur.
3024 4963 3162 5022 Nam
3188 4980 3346 5026 antea
3368 4976 3509 5032 scie-

1880 5031 1971 5085 bat
2001 5033 2240 5091 Adamus
2265 5037 2631 5100 obedientiam
2663 5047 2862 5106 bonum
2891 5069 3048 5125 esse,
3073 5059 3499 5124 inobedientiam

1876 5133 2055 5177 autem
2087 5127 2288 5183 nudum
2321 5149 2334 5183 :
2362 5136 2706 5196 manifestius
2731 5154 2915 5199 autem
2950 5159 3134 5216 postea
3164 5167 3229 5209 ex
3262 5157 3378 5226 ipsa
3411 5175 3502 5217 re-

1876 5229 1996 5270 rum
2024 5221 2357 5287 experientia
2386 5227 2589 5284 didicit.
2616 5234 2768 5289 Sirnt
2789 5238 2952 5294 etiam
2978 5242 3181 5298 caedem
3204 5246 3499 5308 fraternam

1874 5310 2074 5364 malum
2129 5329 2250 5368 esse
2294 5333 2519 5374 noverat
2570 5323 2740 5392 Cain,
2792 5331 2876 5384 vel
2930 5314 3220 5407 antequam
3273 5341 3498 5401 fratrem

1871 5415 2028 5456 suum
2057 5407 2328 5463 occideret
2367 5429 2380 5465 :
2417 5423 2472 5466 ut
2498 5416 2642 5470 enim
2672 5419 2941 5494 intelligas
2968 5417 3346 5488 euiniscivisse
3377 5453 3494 5492 ma-

1872 5493 1973 5546 lam
2013 5511 2124 5548 rem
2168 5496 2368 5565 fuisse,
2410 5506 2535 5559 audi
2583 5510 2710 5578 quid
2755 5513 2944 5570 dicat:
2987 5517 3132 5590 Veni,
3175 5541 3417 5583 exeamus
3446 5531 3497 5585 in

1868 5603 2102 5658 minpum
2140 5591 2290 5658 (Gen.
2339 5597 2395 5650 4.
2438 5600 2514 5668 δ).
2552 5601 2748 5660 Verum
2791 5625 2895 5679 qua
2923 5611 2990 5666 de
3019 5631 3182 5672 cau~a
3216 5620 3436 5678 fratrem
3464 5642 3495 5680 a

1869 5683 2108 5745 (uternis
2138 5685 2276 5738 ulnis
2303 5690 2548 5747 avulsum
2576 5698 2626 5749 in
2659 5713 2908 5771 campum
2943 5709 3156 5762 trabis?
3182 5729 3281 5768 cur
3313 5718 3362 5769 in
3394 5720 3494 5775 de-

1865 5780 2010 5824 serto
2051 5778 2379 5834 conStituis?
2417 5798 2514 5837 cur
2551 5791 2759 5847 auxilio
2795 5796 2827 5848 d
2852 5799 3110 5856 ~stitutum
3149 5807 3371 5863 reddis?
3396 5828 3493 5867 cur

1863 5862 2021 5932 longe
2064 5880 2091 5919 a
2125 5878 2350 5936 paterno
2393 5889 2682 5948 conspectu
2724 5886 2992 5945 abducis?
3030 5909 3129 5950 cur
3157 5898 3331 5955 audax
3362 5903 3487 5959 fati-

1865 5971 1964 6010 nns
1994 5969 2256 6026 occultas,
2277 5965 2321 6018 si
2355 5981 2632 6035 peccatum
2658 5991 2763 6032 non
2793 5980 3160 6039 reformidas?
3188 6005 3487 6051 curantem

1864 6062 1916 6106 (ι
1963 6061 2085 6121 post
2113 6054 2316 6112 caedem
2345 6073 2708 6134 perpetratam
2742 6089 2926 6131 rursus
2957 6076 3318 6153 interrogatus
3349 6086 3488 6152 indi-
