4186 6324
294 333 394 389 6H

299 453 410 524 γὰρ
430 450 570 506 Θεοῦ
591 453 835 518 εἰπόντος
849 468 862 483 '
885 453 1011 510 Ποῦ
1059 455 1253 518 Ἅϐελ.
1292 455 1325 509 ὁ
1363 451 1632 522 ἁδελφός
1651 465 1802 523 σου;
1824 445 1898 502 εἴ-

298 552 444 600 πας·
467 536 567 606 Μὴ
608 537 814 607 φύλαξ
849 537 968 606 εἰμί
1004 540 1112 592 τοῦ
1147 535 1416 606 ἀδελφοῦ
1430 552 1551 606 μου
1568 533 1710 603 ἐγώ;
1735 532 1899 586 Ὅθεν

299 621 465 692 δῆλον
482 623 566 676 ὅτι
589 622 779 691 σαφῶς
797 621 951 686 εἰδὼς
967 618 1133 694 ἦλθεν
1154 622 1248 676 ἐπὶ
1265 622 1366 694 τήν
1385 618 1651 690 ἐργασίαν
1670 617 1895 685 ταύτην.

303 707 519 778 Ὥσπερ
553 701 648 760 οῦν
685 701 842 769 οὗτος
860 705 977 776 ᾔδει
1000 705 1101 777 μὲν
1121 707 1216 759 καὶ
1235 706 1342 777 πρὸ
1360 705 1460 775 τῆς
1480 702 1677 773 πείρας
1692 701 1776 754 ὅτι
1795 715 1898 752 κα·

301 791 401 844 κον
420 793 450 844 6
470 791 652 858 φόνος,
674 789 846 858 ἔμαθε
867 789 924 843 δὲ
945 789 1279 861 σαφέστερον
1298 789 1394 844 καὶ
1414 785 1556 858 μετὰ
1573 785 1767 849 ταῦτα,
1807 785 1898 837 ὅτε

299 875 405 947 τήν
432 875 702 946 τιμωρίαν
733 872 972 938 ἐδέξατο,
995 875 1090 928 καὶ
1109 875 1311 945 ήκουσε
1332 890 1345 904 ·
1370 872 1606 944 Στένων
1636 869 1736 924 καί
1766 867 1898 936 τρέο

296 979 434 1031 μων
449 964 565 1029 ἔσῃ
587 960 686 1016 ἐπί
725 959 838 1030 τῆς
874 960 989 1030 τῆς
1009 978 1022 992 '
1045 960 1188 1015 οὕτω
1207 962 1301 1014 καὶ
1320 961 1350 1013 6
1370 958 1553 1030 πατὴρ
1572 957 1764 1012 τούτου
1784 950 1900 1025 εἶχε

298 1045 399 1099 τοῦ
439 1044 606 1100 καλοῦ
644 1046 740 1099 καὶ
756 1043 852 1098 τοῦ
875 1044 1045 1099 κακοῦ
1069 1046 1163 1099 καὶ
1183 1044 1291 1115 πρὸ
1309 1044 1402 1097 τοῦ
1423 1045 1620 1111 φαγεῖν
1640 1041 1737 1113 τὴν
1759 1038 1902 1108 γνῶ-

303 1146 414 1191 σιν.
438 1131 486 1183 εἰ
508 1130 602 1182 καὶ
627 1127 703 1200 μὴ
725 1128 869 1182 οὕτω
892 1128 1154 1201 σαφῆ,ηὼς
1175 1128 1313 1198 μετὰ
1337 1127 1436 1200 τὴν
1453 1125 1549 1180 τοῦ
1574 1124 1730 1190 ξύλου
1760 1120 1902 1194 βρῶ-

303 1229 412 1270 σιν.
442 1213 508 1269 Τί
536 1212 683 1283 λέγω
701 1231 717 1282 ;

375 1333 458 1387 Τά
492 1334 602 1405 γάρ
633 1335 781 1390 κακά
805 1334 1008 1398 πάντες
1036 1334 1266 1404 οἴδαμεν
1307 1331 1402 1386 καὶ
1441 1329 1572 1400 πρὶν
1603 1329 1636 1401 ἢ
1669 1326 1908 1398 πρᾶξαι,

302 1417 640 1488 σαφέστερον
663 1417 720 1470 δὲ
755 1417 1104 1489 μανθάνομεν
1156 1415 1296 1486 μετὰ
1344 1415 1406 1468 :6
1454 1411 1680 1486 πράξαν
1721 1407 1903 1480 πολλῷ

298 1501 363 1555 δέ
397 1500 754 1573 σαφέστερον,
795 1503 926 1555 ὅταν
962 1498 1342 1569 κολαζώμεθα.
1380 1497 1539 1552 Οῦτω
1577 1499 1673 1551 καὶ
1699 1497 1729 1549 6
1761 1495 1902 1549 Κάῖν

299 1584 424 1655 ᾔδει
465 1583 564 1656 μὲν
597 1585 681 1638 δτι
719 1584 890 1641 κακὸν
931 1586 964 1656 ή
1003 1583 1394 1652 άδελφοκτονία
1421 1583 1517 1635 καὶ⁷
1549 1581 1654 1652 πρὸ
1683 1582 1899 1634 τούτου’

300 1666 474 1736 ἔμαθε
527 1665 586 1719 δὲ
632 1664 859 1736 ὕστερον
911 1665 998 1720 διὰ
1043 1665 1145 1735 τῆς
1199 1666 1480 1728 κολάσεως
1524 1663 1859 1733 σαφέστερον
1887 1677 1900 1690 ·

302 1751 430 1803 ἐπεὶ
453 1749 543 1803 καὶ
572 1749 733 1819 ἡμεῖς
755 1747 979 1819 οἴδαμεν
997 1749 1080 1801 ὅτι
1102 1747 1266 1801 καλὸν
1298 1749 1330 1819 ή
1365 1747 1566 1816 ὑγίεια,
1598 1747 1693 1800 καὶ
1712 1761 1901 1815 φορτι-

302 1834 402 1885 κδν
421 1833 456 1902 ἡ
476 1831 629 1894 νόσος
658 1831 750 1884 καὶ
776 1829 881 1900 πρὸ
898 1831 998 1899 τῆς
1020 1831 1110 1882 πεί
1118 1847 1234 1900 ρας·
1255 1829 1437 1900 πολλῷ
1453 1830 1509 1882 δὲ
1529 1828 1751 1900 μᾶλλον,
1774 1828 1904 1880 ὅταν

301 1916 388 1979 εἰς
417 1915 515 1986 τὴν
550 1914 706 1967 νόσον
747 1913 1103 1984 ἐμπέσωμεν,
1140 1913 1471 1983 ἀμφοτέρων
1513 1911 1612 1981 τὴν
1640 1908 1904 1982 διαφοράν

300 1997 670 2068 γινώσκομεν.

376 2107 448 2178 γ’.
485 2109 589 2163 Τὸν
614 2108 778 2162 αὐτὸν
804 2108 870 2178 δὴ
900 2108 1105 2179 τρόπον
1139 2108 1233 2161 καὶ
1258 2108 1286 2160 6
1333 2107 1502 2178 Ἀδὰμ
1537 2107 1654 2180 ᾔδει
1683 2107 1784 2178 μὲν
1820 2108 1903 2160 ὅτι

301 2193 473 2249 καλὸν
505 2196 539 2262 ή
574 2191 815 2262 ὑπακοὴ,
870 2193 964 2243 καὶ
988 2191 1161 2246 κακὸν
1191 2193 1226 2262 ή
1253 2187 1505 2262 παρακοή
1529 2207 1542 2221 '
1582 2192 1809 2263 ὕστερον
1847 2192 1910 2245 δὲ

302 2277 643 2347 σαφέστερον
671 2275 902 2344 ἔμαθεν,
932 2275 1022 2328 ὅτε
1073 2275 1170 2327 τοῦ
1206 2274 1364 2340 ξύλου
1405 2276 1748 2344 γευσάμενος
1783 2275 1903 2340 ἐξε-

299 2359 479 2430 ϐλήθη
499 2357 594 2412 τοῦ
624 2357 983 2427 παραδείσου,
1008 2358 1102 2410 καὶ
1126 2360 1224 2428 τῆς
1263 2358 1665 2429 μακαριότητος
1687 2357 1905 2426 ἐκείνης

301 2445 587 2510 ἐξέπεσεν.
625 2439 780 2494 Ἑπεί
800 2436 894 2494 οὖν
929 2443 1010 2504 εἰς
1048 2441 1323 2512 τιμωρίαν
1355 2441 1636 2505 ἐνέπεσεν,
1677 2442 1781 2504 ὅτι,
1807 2439 1902 2493 τοῦ

299 2528 444 2582 Θεοῦ
491 2526 857 2589 κωλύσαντος,
907 2525 1173 2594 ἐγεύσατο
1209 2526 1305 2580 τοῦ
1362 2525 1543 2591 ξύλου,
1596 2527 1906 2598 ήτιμωρία

302 2611 470 2677 αὑτὸν
496 2610 829 2680 σαφέστερον
861 2610 1153 2664 ἐπαίδευσε
1180 2609 1268 2663 διὰ
1296 2611 1392 2681 τῆς
1419 2611 1636 2682 πείρας,
1663 2611 1786 2663 ὅσον
1808 2628 1902 2664 κα-

305 2696 407 2750 κὸν
431 2693 568 2747 Θεοῦ
607 2691 968 2760 παρακούειν,
993 2693 1089 2747 καὶ
1114 2693 1239 2747 ὅσον
1271 2693 1570 2746 ὑπακούειν
1590 2691 1756 2745 καλόν
1777 2712 1788 2724 ·
1815 2693 1904 2745 διὰ

300 2777 467 2846 τοῦτο
496 2774 740 2845 γνωστὸν
777 2774 946 2828 καλοῦ
978 2776 1072 2828 καὶ
1093 2776 1334 2846 πονηροῦ
1358 2775 1417 2828 :6
1444 2775 1598 2842 ξύλον
1632 2776 1900 2828 καλεῖται.

302 2862 419 2932 καὶ
447 2860 592 2924 τίνος
622 2860 833 2922 ἐνεκεν,
863 2861 911 2912 εἰ
947 2859 1024 2930 μὴ
1054 2860 1192 2931 αὑτὴ
1227 2861 1260 2930 ή
1302 2859 1461 2927 φύσις
1497 2859 1591 2913 τοῦ
1623 2861 1781 2924 ξύλου
1803 2861 1904 2930 τὴν

300 2944 509 3012 γνῶσιν
537 2939 664 3013 εἶχες
683 2941 778 2995 τοῦ
807 2941 976 2996 καλοῦ
1000 2943 1094 2995 καὶ
1125 2942 1218 2994 τοῦ
1257 2943 1517 3011 πονηροῦ,
1553 2942 1670 2994 ἀλλ’
1699 2944 1763 2995 ἐκ
1802 2941 1904 3011 τῆς

298 3027 576 3098 τιμωρίας
600 3026 698 3096 τῆς
732 3025 823 3079 διὰ
851 3024 948 3096 τὴν
970 3025 1258 3096 παρακοήν
1290 3025 1388 3096 τὴν
1411 3026 1504 3078 ἐπὶ
1530 3024 1609 3095 τῷ
1634 3024 1775 3094 ξύλῳ
1809 3041 1905 3077 σα-

302 3109 573 3181 φέστερον
620 3107 781 3162 τοῦτο
813 3108 1016 3178 ἔμαθεν
1055 3110 1083 3160 6
1112 3107 1419 3178 ἄνθρωπος,
1456 3108 1701 3174 γνωστόν
1734 3106 1902 3160 καλοῦ

300 3195 406 3249 καὶ
432 3193 671 3265 πονηροῦ
695 3192 758 3246 τδ
787 3191 947 3258 ξύλον
976 3192 1257 3253 καλεῖταις
1313 3193 1434 3244 Ὅτι
1470 3191 1590 3253 ἔθος
1617 3195 1682 3263 τῇ
1712 3192 1902 3264 Γραφῇ

301 3276 486 3342 τοῦτο,
511 3276 730 3330 ἐπειδάν
758 3276 819 3328 τὸ
842 3277 1076 3346 πρᾶγμα
1105 3276 1352 3344 γένηται,
1376 3277 1408 3346 ἦ
1437 3277 1494 3327 ἐν
1517 3276 1721 3339 τόποις,
1748 3276 1903 3348 [678]

302 3362 340 3433 ἦ
370 3363 429 3414 ἐν
450 3358 796 3429 καιροῖς,άπὺ
819 3357 928 3410 τῶν
953 3358 1295 3430 πραγμάτων
1321 3357 1508 3410 καλεῖν
1541 3359 1635 3411 καὶ
1663 3359 1789 3420 τους
1816 3357 1905 3410 τό·

303 3460 447 3514 πους
476 3444 569 3495 καὶ
597 3446 724 3504 τοὺς
747 3440 996 3510 καιρούς.
1034 3440 1144 3494 Καὶ
1183 3441 1270 3493 ἵνα
1302 3441 1635 3510 σαφέστερον
1677 3440 1904 3510 γένηται

300 3527 372 3579 1:6
390 3525 702 3595 λεγόμενον,
741 3524 836 3577 ἐπὶ
879 3523 1279 3593 ὐπώείγματος
1331 3523 1460 3593 ύμῖν
1498 3523 1657 3578 τοῦτο
1692 3525 1905 3595 ποιήσω

302 3608 564 3682 φανερόν.
614 3609 672 3660 Ὀ
729 3606 916 3661 Ἰσαάκ
961 3625 1090 3661 ποτε
1146 3609 1361 3680 φρέατα
1394 3606 1607 3678 ὤρυξε·
1635 3605 1810 3659 ταῦτα
1836 3607 1905 3660 τά

303 3694 522 3764 φρέατα
556 3692 923 3763 ἐπεχείρησαν
943 3693 991 3744 οἰ
1012 3692 1252 3759 γείτονες
1280 3692 1623 3763 διαφθεῖραι·
1651 3689 1904 3744 ἐντεῦθεν

304 3777 527 3846 ἐγένετό
553 3792 634 3836 τις
663 3773 955 3844 ἀπέχθεια,
992 3774 1087 3826 καὶ
1108 3774 1334 3826 ἐκάλεσε
1351 3773 1411 3828 :6
1435 3772 1613 3845 φρέαρ
1626 3772 1869 3844 Ἔχθραν
1888 3790 1900 3805 '

303 3862 412 3914 οὐκ
441 3859 629 3929 ἐπειϐὴ
655 3857 788 3911 αὐτὸ
809 3858 870 3911 τὸ
901 3858 1080 3928 φρέαρ
1104 3857 1394 3927 ήχθρανεν,
1427 3855 1540 3908 ἀλλ’
1566 3857 1753 3928 ἐπειδὴ
1780 3858 1905 3927 περὶ

305 3943 446 3998 αὗτδ
472 3943 506 4011 ή
538 3941 708 4012 ἔχθρα
737 3941 980 4009 γέγονεν.
1018 3939 1174 3992 Οὕτω
1222 3940 1316 3993 καὶ
1364 3939 1424 3992 τὸ
1474 3939 1629 4006 ξύλον
1662 3942 1904 4009 γνωστὸν

307 4025 482 4082 καλοῦ
535 4022 629 4078 καὶ
650 4022 899 4094 πονηροῦ
934 4023 1205 4087 καλεῖται,
1259 4024 1359 4075 οὐκ
1392 4024 1581 4094 ἐπειδὴ
1627 4024 1758 4077 αὐτὸ
1790 4019 1904 4094 εἶχε

305 4110 534 4178 γνῶσιν,
570 4107 684 4161 ἀλλ’
720 4107 909 4178 ἐπειδὴ
937 4107 1068 4178 περὶ
1101 4107 1233 4160 αὐτὸ
1254 4107 1473 4174 ἐγένετο
1496 4109 1524 4160 6
1551 4108 1772 4178 ἐλεγχος
1807 4110 1906 4180 τῆς

306 4193 567 4262 γνώσεως
613 4190 709 4243 τοῦ
763 4190 929 4243 καλοῦ
963 4191 1056 4242 καὶ
1098 4189 1192 4242 τοῦ
1228 4189 1486 4261 πονηροῦ.
1535 4191 1702 4243 Πάλιν
1730 4191 1907 4261 ὤρυξε

309 4275 495 4347 φρέαρ
523 4275 552 4327 6
596 4273 867 4344 Ἁϐραάμ,
903 4273 1299 4326 ἐπεϐούλευσεν
1332 4275 1360 4326 6
1410 4273 1732 4346 ’Δϐιμέλεχο
1777 4293 1898 4328 συν-

308 4358 499 4433 ἦλθον,
531 4356 835 4411 κατέλυσαν
868 4354 967 4425 τὴν
991 4355 1213 4426 ἔχθραν,
1238 4357 1330 4408 καὶ
1378 4357 1573 4426 ὅρκους
1597 4356 1776 4421 δόντες
1815 4361 1910 4412 άλ-

310 4442 517 4512 λήλοις,
549 4439 816 4493 ἐκάλεσαν
850 4439 912 4490 :6
946 4440 1125 4509 φρέαρ
1159 4440 1334 4492 ἐκεῖνο
1359 4440 1541 4511 Φρέαρ
1573 4442 1770 4512 ὅρκουο
1807 4444 1910 4498 οὑκ

311 4523 507 4594 ἐπειδὴ
537 4524 600 4578 :6
634 4524 813 4592 φρέαρ
845 4522 1080 4590 ὤμοσεν,
1113 4522 1229 4574 ἀλλ’
1267 4523 1453 4592 ἐπειδὴ
1483 4526 1610 4594 περὶ
1639 4524 1698 4577 τὸ
1733 4527 1911 4598 φρέαρ

311 4610 344 4660 6
373 4608 533 4677 ὅρκος
562 4607 797 4672 ἐγένετο.
846 4605 1010 4677 Ὁρᾷς
1036 4605 1154 4668 πῶς
1190 4606 1311 4675 οὑχί
1351 4606 1458 4659 τῶν
1493 4610 1838 4678 πραγμάτων
1861 4611 1910 4662 οἰ

311 4690 476 4742 τόποι
509 4688 671 4742 αἴτιοι
696 4690 962 4755 γίνονται,
1011 4690 1060 4741 εί
1099 4688 1195 4742 καὶ
1238 4689 1347 4742 τῶν
1388 4691 1735 4764 πραγμάτων
1766 4689 1916 4761 λαμῗ

313 4774 541 4827 ϐάνουσι
585 4777 654 4825 τά
691 4773 936 4846 ὀνόματα
966 4790 979 4838 ;
1021 4774 1132 4826 Καὶ
1159 4773 1267 4844 γάρ
1295 4774 1465 4844 πολλὴ
1498 4776 1710 4846 ἀνάγκη
1735 4794 1910 4848 παρα-

313 4859 512 4924 γαγεῖν
541 4856 988 4926 παραδείγματα,
1017 4855 1159 4911 ὥστε
1192 4859 1526 4928 σαφέστερον
1557 4859 1809 4924 γενέσθαι
1851 4862 1911 4915 τὸ

312 4941 631 5010 λεγόμενον.
673 4939 844 4993 Πάλιν
886 4936 1028 4994 εἶδεν
1051 4944 1080 4994 6
1115 4940 1314 4993 Ἰακὼϐ
1365 4941 1632 5008 ἀγγέλους
1658 4944 1911 5016 ἀπαντήτ

316 5039 512 5084 σοντας
560 5019 714 5090 αὐτῷ
763 5023 856 5074 καί
899 5023 1255 5094 παρεμϐολὴν
1313 5024 1485 5082 Θεοῦ.
1545 5025 1638 5076 καὶ⁴
1684 5025 1911 5080 ἐκάλεσε

313 5106 412 5160 τὸν
444 5107 607 5162 τόπον
651 5104 1035 5177 Παρεμϐολήν.
1087 5107 1282 5160 Καίτοι
1330 5107 1429 5177 οὐχ
1474 5109 1503 5159 6
1548 5109 1713 5171 τόπος
1765 5105 1833 5180 ἦν
1877 5113 1910 5181 ή

315 5189 664 5258 παρεμϐολὴ,
701 5189 816 5250 ἀλλ’
854 5189 1005 5259 ὅμως
1037 5187 1243 5259 ἐκλήθη
1275 5191 1302 5242 6
1337 5192 1498 5254 τόπος
1544 5191 1910 5266 Παρεμϐολὴ,

315 5271 510 5342 ἐπειδὴ
556 5272 673 5324 ἐκεῖ
714 5268 821 5325 εἶδε
869 5274 968 5343 τὴν
1009 5274 1383 5344 παρεμϐολήν.
1428 5276 1593 5345 Ὁρᾷς
1634 5277 1752 5340 πῶς
1805 5281 1914 5332 ἀπὸ

313 5354 416 5409 τοῦ
462 5356 788 5425 πράγματος
833 5356 928 5408 τοῦ
977 5357 1286 5426 συμϐάντος
1325 5359 1383 5410 ἐν
1421 5360 1499 5428 τῷ
1528 5360 1677 5429 τόπῳ
1703 5361 1794 5414 τὸν
1821 5364 1913 5416 τό-

317 5456 422 5493 πον
463 5438 784 5509 ὠνόμασεν;
834 5440 989 5492 Οῦτω
1021 5441 1113 5493 καὶ
1153 5440 1214 5493 :6
1262 5442 1418 5508 ξύλον
1451 5447 1693 5509 γνωστὸν
1744 5447 1914 5501 καλοῦ

316 5520 419 5576 καὶ
464 5521 706 5595 πονηροῦ
740 5522 1010 5586 καλεῖται,
1051 5524 1153 5576 ούκ
1178 5525 1366 5595 ἐπειδὴ
1398 5527 1529 5578 αὐτὸ
1570 5523 1682 5597 εἶχε
1715 5530 1916 5596 γνῶσιν

317 5602 487 5660 καλοῦ
510 5605 604 5687 καὶ
637 5606 898 5676 πονηροῦ,
931 5607 1045 5661 611‘
1079 5609 1266 5680 ἐπειδὴ
1301 5609 1430 5679 περὶ
1469 5611 1601 5662 αὐτὸ
1634 5614 1852 5679 ἐγένετο
1880 5619 1911 5687 ή

316 5685 598 5750 ἀπόδειξις
626 5689 723 5759 τῆς
752 5688 1006 5757 γνώσεως
1051 5692 1146 5744 τοῦ
1187 5691 1354 5745 καλοῦ
1398 5694 1490 5744 καὶ
1533 5694 1625 5746 τοῦ
1659 5685 1912 5768 πονηροῦ,

320 5773 413 5825 καὶ
443 5773 474 5842 ἡ
503 5773 776 5843 γυμνασία
805 5775 903 5844 τῆς
939 5776 1222 5847 παρακοῆς
1249 5777 1338 5830 καὶ
1371 5777 1468 5848 τῆς
1503 5779 1770 5847 ὑπακοῆς.
1804 5784 1909 5836 [ἰά-

1548 327 1616 384 IN
1646 322 1952 386 GENESIM
1988 321 2225 382 SERMO
2254 325 2365 383 VII.

3495 330 3598 386 Gl?

2005 447 2088 501 λιν
2114 444 2218 503 είδε
2249 449 2342 504 τὸν
2371 450 2505 507 Θεὸν
2524 455 2554 508 6
2591 453 2810 518 Ἰακὼϐ,
2855 454 2930 519 ὡς
2964 453 3091 508 ἰδεῖν
3123 451 3398 525 ἀνθρώπῳ
3439 451 3592 506 δυναο

2003 545 2096 599 τὸν
2121 541 2319 618 ἧν,καὶ
2342 548 2578 603 ἐκάλεσε·
2599 549 2660 604 :6
2683 551 2854 622 ὄνομα
2869 550 2965 605 τοῦ
2995 553 3163 604 τόπου
3183 549 3399 604 ἐκείνου
3424 549 3600 616 Εἶδος

2007 638 2177 693 Θεοῦ.
2203 639 2304 693 Διά
2326 639 2380 693 τί
2401 657 2414 669 ·
2440 640 2570 695 ’Ὀτι
2597 638 2764 696 εἶδον
2786 641 2895 697 τὸν
2924 643 3106 704 Θεὸν.
3150 642 3304 712 φησί.
3347 642 3459 696 Καὶ
3495 641 3602 712 μὴν

2003 728 2104 798 οὐχ
2141 730 2170 782 6
2211 729 2375 795 τόπος
2402 729 2543 797 εἶδος
2566 733 2705 787 Θεοῦ
2738 728 2828 805 ἦν,
2869 734 2988 788 ἀλλ’
3009 733 3119 788 61:6
3148 734 3242 788 :06
3271 733 3602 805 πράγματος

2003 822 2098 877 τοῦ
2148 825 2455 894 συμϐάντος
2496 826 2555 879 ἐν
2591 825 2669 897 τῷ
2701 827 2853 897 τόπῳ
2896 827 2930 898 ή
2974 824 3321 897 προσηγορία
3351 825 3597 894 γέγονεν.

2017 913 2184 987 Ὁρᾷς
2209 915 2300 969 διὰ
2329 916 2514 971 πόσων
2553 917 2964 980 ἀποδέδεικται,
2999 917 3082 971 ὅτι
3127 916 3248 981 ἔθος
3293 919 3362 987 τῇ
3405 917 3601 988 Γραφῇ

2005 1005 2117 1059 61:6
2143 1006 2254 1062 τῶν
2276 1007 2620 1080 πραγμάτων
2639 1008 2748 1062 τῶν
2771 1007 3181 1079 συμϐαινόντων
3203 1010 3261 1061 ἐν
3278 1010 3395 1083 τοῖς
3411 1007 3608 1072 τόποις

2006 1102 2204 1165 αὐτοὺς
2250 1103 2381 1164 τοὺς
2413 1103 2615 1168 τόπους
2662 1103 2877 1167 καλεῖν;
2921 1103 2997 1157 'l‘6
3038 1104 3171 1157 αὐτὸ
3217 1103 3274 1156 δὲ
3312 1104 3474 1158 τοῦτο
3510 1103 3606 1158 καὶ

2007 1192 2100 1246 ἐπὶ
2125 1192 2334 1263 καιρῶν
2363 1195 2535 1246 ποιεῖν
2557 1192 2768 1247 εἴωθεν.
2811 1193 2950 1247 ’A11‘
2975 1194 3061 1248 ἵνα
3095 1195 3170 1266 μὴ
3192 1196 3630 1266 κατατείνωμεν-

2010 1284 2175 1355 ὑμᾶς,
2207 1287 2338 1358 φέρε
2370 1287 2770 1357 μεταγάγωμεν
2796 1287 2890 1341 τὸν
2905 1286 3063 1357 λόγον
3087 1287 3196 1341 61:6
3222 1287 3332 1343 τῶν
3356 1287 3607 1361 σκυθρω-

2009 1377 2256 1449 ποτέρων
2281 1379 2375 1433 ἐπὶ
2405 1379 2475 1433 τὰ
2504 1379 2855 1451 φαιδρότερα.
2888 1379 2998 1434 Kal
3025 1379 3136 1452 γὰρ
3155 1380 3363 1453 ἔκαμεν
3385 1381 3542 1452 ὑμῶν
3571 1383 3606 1452 ἠ

2005 1466 2216 1527 διάνοια
2265 1470 2380 1532 τοῖς
2430 1467 2781 1540 λεπτοτέροις
2817 1471 3088 1541 νοήμασιν
3138 1471 3558 1544 ἐνδιατρίϐουσα
3589 1491 3601 1504 ·

2006 1557 2197 1629 διόπερ
2223 1560 2393 1630 αὐτὴν
2410 1561 2725 1615 ἀναπαῦσαι
2752 1561 2938 1626 καλὸν,
2965 1565 3078 1626 τοῖς
3107 1563 3495 1636 άφελεστέροις
3511 1562 3608 1618 καὶ

2011 1651 2388 1727 φαιδροτέροις
2413 1653 2738 1717 διαιτῶντας
2773 1655 3065 1725 νοήμασιν.

2093 1743 2437 1816 Ἐπανίωμεν
2466 1745 2649 1800 τοίνυν
2685 1746 2780 1799 ἐπὶ
2827 1746 2887 1799 :6
2918 1748 3191 1817 σωτήριον
3231 1747 3326 1800 τοῦ
3365 1745 3606 1820 σταυροῦ

2011 1834 2190 1901 ξύλον.
2245 1835 2415 1889 Τοῦτο
2449 1837 2579 1908 γάρ,
2614 1836 2774 1891 τοῦτο
2824 1837 3003 1891 πάντα
3050 1836 3281 1915 άνέλυσε
3329 1838 3400 1892 :6
3432 1838 3607 1904 δεινά,

2009 1923 2109 1977 ὅσα
2141 1925 2318 1978 ἐκεῖνο
2347 1927 2611 1995 εἰσήγαγε
2636 1941 2648 1956 ο
2680 1925 2882 1996 μᾶλλον
2914 1925 2972 1980 δὲ
3001 1925 3104 1981 οὐκ
3131 1927 3310 1981 ἐκεῖνο
3340 1927 3608 1997 εἰσήγαγε

2007 2015 2079 2070 τά
2105 2015 2274 2081 δεινὰ,
2299 2017 2414 2072 ἀλλ’
2441 2019 2469 2071 6
2496 2015 3049 2088 ἄνθρωποςιᾶπαντα,
3068 2017 3212 2089 ἅπερ
3243 2018 3382 2088 μετὰ
3405 2017 3610 2090 πολλῆς

2013 2108 2242 2181 ὕστερον
2276 2110 2508 2165 ἁνέλυσε
2556 2112 2657 2180 τῆς
2706 2111 3029 2182 περιουσίας
3063 2115 3091 2165 6
3137 2111 3392 2182 Χριστὸς,
3427 2113 3612 2185 πολλῷ

2015 2199 2239 2271 μείζονα
2273 2201 2454 2256 αὐτῶν
2487 2203 2802 2272 εἰσαγαγὼν
2846 2204 3049 2271 ἀγαθά.
3107 2207 3185 2259 Δι’
3219 2205 3352 2260 αὐτὸ
3386 2205 3549 2260 τοῦτο
3580 2208 3611 2260 6

2012 2291 2224 2357 Παῦλός
2281 2312 2445 2364 φησιν
2478 2313 2491 2325 ο
2536 2297 2731 2350 Ὅπου
2783 2295 3164 2351 ἐπλεόνασεν
3213 2298 3252 2366 ἡ
3307 2298 3568 2368 ἁμαρτία
3592 2338 3610 2363 ,

2010 2387 2615 2454 ὑπερεπερίσσευσεν
2652 2387 2690 2455 ἡ
2742 2387 2945 2458 χάρις·
2995 2390 3266 2456 τουτέστι,
3317 2391 3505 2461 μεῖζον
3550 2391 3613 2445 :6

2010 2473 2185 2546 δῶρον
2219 2476 2315 2529 τοῦ
2362 2477 2786 2548 ἁμαρτήματος.
2840 2479 2941 2533 Διὰ
2979 2479 3140 2534 τοῦτο
3185 2481 3347 2535 πάλιν
3396 2483 3563 2554 φησίν
3593 2499 3607 2512 '

2017 2570 2140 2637 οὐχ
2174 2568 2254 2634 ὡς
2297 2568 2366 2622 τὸ
2405 2570 2814 2638 παράπτωμα,
2862 2570 3018 2624 οὕτω
3058 2571 3161 2626 καὶ
3201 2571 3268 2626 τὸ
3300 2571 3606 2642 χάρισμα·

2009 2665 2108 2733 οὐχ
2139 2665 2261 2717 ὅσον
2295 2664 2548 2735 ἥμαρτεν
2572 2667 2601 2718 6
2625 2664 2936 2736 ἄνθρωπος,
2975 2667 3233 2719 τοσοῦτον
3261 2667 3560 2737 ἐχαρίσατο
3582 2669 3614 2722 6

2009 2755 2142 2819 Θεός
2162 2770 2176 2785 ο
2202 2755 2301 2825 οὐχ
2325 2756 2424 2826 ὅση
2450 2758 2482 2825 ἡ
2510 2756 2703 2826 ζημία,
2727 2756 2965 2829 τοσαύτη
2996 2755 3148 2829 [679]
3169 2757 3264 2810 καὶ
3289 2759 3323 2828 ή
3349 2775 3608 2831 πραγμα-

2010 2846 2131 2900 τεία
2150 2861 2163 2874 '
2196 2845 2298 2916 οὐχ
2335 2846 2458 2898 ὅσον
2483 2846 2545 2900 :6
2572 2845 2853 2914 ναυάγιον,
2876 2847 3116 2919 τοσαύτη
3138 2848 3234 2900 καὶ
3261 2850 3295 2918 ή
3329 2850 3571 2920 ἐμπορία
3595 2866 3609 2880 '

2012 2935 2150 2990 6116
2185 2935 2356 2988 πλείω
2388 2936 2458 2987 τὰ
2488 2936 2668 3004 ἀγαθὰ
2700 2937 2812 2988 τῶν
2843 2938 3031 2990 κακῶν
3054 2955 3067 2968 ·
3113 2938 3210 2991 καὶ
3247 2940 3497 3003 εἰκότως.
3531 2940 3614 2996 Τά

2014 3026 2114 3094 μὲν
2141 3025 2251 3093 γὰρ
2281 3023 2428 3077 κακά
2457 3025 2643 3088 δοῦλος
2682 3026 2968 3094 εἰσήγαγε,
3001 3026 3097 3079 καὶ
3125 3026 3386 3080 ἐλάττονα
3408 3024 3508 3099 ἦν’
3542 3030 3613 3083 τά

2009 3117 2067 3170 δέ
2099 3115 2283 3185 ἀγαθά
2313 3115 2592 3184 Δεσπότης
2636 3114 2957 3186 ἐχαρίσατο,
3004 3114 3086 3169 διὸ
3129 3117 3224 3170 καὶ
3265 3118 3488 3174 πλείονα
3519 3116 3609 3192 ἦν.

2011 3208 2110 3262 Διὰ
2129 3209 2288 3262 τοῦτό
2312 3225 2477 3279 φησιν
2500 3224 2513 3236 ·
2541 3209 2666 3274 Οὐκ
2697 3206 2779 3272 ὡς
2809 3207 2879 3259 τὸ
2911 3206 3303 3277 παράπτωμα,
3327 3210 3483 3264 οὕτω
3512 3211 3613 3266 καὶ

2009 3299 2076 3353 τὸ
2105 3299 2391 3368 χάρισμα.
2417 3295 2549 3352 Εἶτα
2579 3299 2775 3366 ἐπάγει
2799 3300 2898 3352 καὶ
2924 3297 3022 3370 τὴν
3046 3300 3312 3372 διαφοράν
3332 3319 3345 3333 ·
3398 3304 3467 3356 T6
3493 3306 3614 3372 μὲν

2010 3392 2122 3460 γὰρ
2161 3391 2341 3460 κρῖμα
2373 3389 2443 3454 ἑξ
2472 3389 2612 3455 ἐνὸς
2659 3391 2748 3454 εἰς
2780 3390 3133 3460 κατάκριμα,
3159 3392 3226 3446 τὸ
3249 3391 3318 3446 δὲ
3345 3394 3613 3465 χάρισμα

2009 3483 2078 3537 ἐκ
2133 3481 2386 3538 πολλῶν
2417 3480 2912 3550 παραπτωμάτων
2950 3484 3041 3549 εἰς
3082 3482 3393 3555 δικαίωμα.
3446 3487 3612 3541 ’Δσα-

2013 3580 2275 3649 φὲστερον
2326 3577 2388 3631 :6
2437 3576 2764 3648 εἰρημένον·
2823 3575 3022 3630 οὐκοῦν
3070 3577 3286 3648 ἀνάγκη
3319 3580 3418 3648 τὴν
3457 3579 3613 3634 λύσιν

2013 3673 2341 3740 ἐπαγαγεῖν.
2383 3667 2455 3724 T6
2468 3668 2587 3739 μὲν
2619 3672 2728 3738 γὰρ
2765 3668 2962 3737 κρῖμα,
2994 3670 3274 3724 τουτέστιν
3305 3673 3338 3743 ή
3366 3673 3611 3737 κόλασις,

2013 3767 2047 3838 ή
2070 3763 2330 3835 τιμωρία,
2363 3764 2391 3816 6
2412 3761 2642 3825 θάνατος
2661 3779 2674 3792 ·
2718 3760 2815 3826 Ἐξ
2840 3761 2983 3827 ἐνὸς
3003 3800 3018 3823 ,
3045 3764 3328 3816 τουτέστιν
3355 3765 3612 3838 ἁμαρτή-

2017 3874 2187 3928 ματος
2210 3873 2224 3890 ·
2254 3853 2363 3910 Μία
2388 3854 2520 3926 γὰρ,
2553 3855 2742 3925 φησὶν,
2771 3854 3019 3924 ἁμαρτία
3055 3855 3312 3909 τοσοῦτον
3345 3859 3614 3928 εἰσήγαγε

2013 3948 2182 4002 κακόν
2201 3966 2217 3981 ο
2246 3946 2308 4002 :6
2347 3948 2405 4002 δὲ
2435 3947 2682 4018 χάρισμα
2715 3947 2815 4000 οὐκ
2844 3946 3060 4016 ἐκείνην
3096 3947 3264 4017 μόνην
3303 3948 3400 4020 τὴν
3430 3950 3618 4022 ἁμαρ-

2010 4040 2133 4093 τίαν
2153 4039 2365 4103 ἔλυσεν,
2401 4038 2536 4092 ἀλλὰ
2565 4038 2661 4090 καὶ
2688 4037 2883 4107 ἐτέρας
2914 4037 3134 4100 πολλάς.
3188 4039 3287 4092 Διὰ
3320 4038 3481 4092 τοῦτο
3514 4040 3610 4093 λέ-

2013 4150 2138 4202 γει·
2175 4133 2246 4188 T6
2270 4131 2340 4185 δὲ
2368 4130 2634 4200 χάρισμα
2660 4130 2727 4183 ὲκ
2759 4129 3009 4184 πολλῶν
3025 4130 3515 4200 παραπτωμάτων
3529 4136 3617 4199 είς

2013 4225 2327 4292 δικαίωμα.
2368 4222 2469 4275 Διὰ
2517 4221 2678 4275 τοῦτο
2712 4223 2804 4274 καὶ
2852 4224 2880 4276 6
2935 4222 3192 4291 Ἰωάννης
3238 4225 3266 4276 6
3312 4224 3618 4298 βαπτιστὴς

2014 4317 2143 4370 ἐϐόα
2165 4334 2178 4347 ·
2216 4316 2340 4371 Ἴδε
2377 4318 2412 4369 ὁ
2442 4315 2634 4381 ἀμνὸς
2683 4313 2790 4367 τοῦ
2845 4315 3016 4378 Θεοῦ,
3072 4317 3217 4385 οὐχὶ,
3251 4318 3279 4368 6
3309 4319 3484 4388 αἴρων
3518 4320 3619 4389 τὴν

2014 4406 2290 4475 ἁμαρτίαν
2307 4405 2402 4458 τοῦ
2440 4404 2634 4475 Ἀδάμ,
2665 4404 2802 4468 ἀλλ’,
2851 4405 2913 4459 '0
2939 4406 3126 4475 αῐρων
3155 4405 3271 4474 τὴν
3321 4409 3620 4478 ἁμαρτίαν

2014 4499 2120 4552 τοῦ
2145 4499 2400 4565 κόσμου.
2430 4492 2590 4559 Εἶδες
2633 4496 2749 4558 πῶς
2773 4497 2870 4568 οὐχ
2893 4497 2967 4560 ὡς
2988 4499 3051 4550 τὸ
3079 4499 3454 4571 παράπτωμα.
3474 4502 3619 4557 οὓτω

2017 4591 2112 4644 καὶ
2157 4591 2219 4643 :6
2268 4589 2554 4661 χάρισμα,
2603 4587 2742 4642 6116
2781 4588 3004 4643 πλείονα
3039 4593 3305 4662 εἰσήγαγε
3356 4592 3517 4647 τοῦτο
3557 4596 3620 4649 τι.

2017 4683 2176 4749 ξύλον
2223 4681 2408 4752 ἀγαθά
2456 4680 2565 4736 τῶν
2618 4682 2771 4751 παρὰ
2814 4682 2916 4754 τὴν
2970 4683 3150 4754 ἀρχὴν
3194 4685 3635 4755 εἰσενεχθέντων,

2017 4777 2204 4830 κακῶν
2225 4793 2239 4839 ;
3451 4771 3456 4775 ’

2088 4866 2150 4920 δ’.
2176 4864 2363 4919 Ταῦτα
2382 4865 2438 4918 δέ
2459 4860 2634 4930 εἶπον,
2658 4865 2748 4918 ἵνα
2773 4863 2847 4936 μὴ
2872 4864 3105 4936 νομίσῃς
3128 4865 3536 4936 ἐπηρεάζεσθαί
3559 4887 3620 4922 σε

2019 4957 2171 5030 παρὰ
2199 4957 2308 5011 τῶν
2339 4957 2595 5028 πρώτων.
2637 4956 2924 5022 Ἐξέϐαλεν
2958 4959 2987 5010 ὁ
3017 4957 3267 5021 διάϐολος
3284 4961 3376 5013 τὸν
3421 4962 3619 5033 Ἀδὰμ,

2017 5052 2280 5122 εἰσήγαγε
2297 5049 2388 5101 τὸν
2416 5048 2621 5119 λῃστὴν
2647 5051 2675 5102 6
2702 5049 2956 5121 Χριστός.
2978 5050 3088 5102 Καὶ
3115 5051 3311 5104 σκόπει
3341 5052 3403 5105 :6
3432 5053 3621 5122 διάφο-

2022 5162 2132 5214 ρον.
2186 5144 2426 5206 Ἐκεῖνος
2473 5141 2574 5195 οὐκ
2622 5141 2817 5211 ἔχοντα
2847 5141 3128 5212 ἁμαρτίαν
3177 5141 3269 5193 τὸν
3302 5142 3620 5213 ἄνθρωπον,

2017 5235 2157 5288 ἀλλὰ
2212 5234 2341 5305 μίαν
2394 5233 2589 5303 κηλῖδα
2631 5233 2948 5303 παρακοῆς,
2994 5231 3252 5298 ἐξέϐαλεν
3277 5251 3290 5263 °
3321 5236 3348 5287 6
3381 5235 3624 5305 Χριστῦς

2019 5327 2223 5397 λῃστὴν
2243 5327 2410 5397 μυρία
2427 5325 2625 5398 φορτία
2650 5326 3069 5396 ἁμαρτημάτων
3091 5325 3430 5396 βαστάζοντα
3449 5329 3622 5392 οὕτως

2020 5416 2318 5486 εἰσήγαγεν
2348 5418 2426 5479 είς
2453 5416 2544 5468 τὸν
2574 5414 2927 5485 παράδεισον.
2955 5411 3084 5487 'Ap'
3124 5412 3218 5470 οὖν
3256 5417 3416 5470 τοῦτο
3462 5418 3622 5488 μόνον

2020 5509 2082 5562 :6
2113 5507 2299 5578 θαῦμά
2324 5510 2494 5569 ἐστιν,
2523 5507 2606 5560 ὅτι
2630 5506 2837 5578 λῃστὴν
2855 5506 3152 5577 εἰσήγαγεν
3171 5510 3250 5571 εἰς
3267 5511 3620 5580 παράδεισον,

2022 5601 2152 5655 ἄλλο
2181 5601 2236 5653 δέ
2266 5600 2418 5653 οὐδέν
2445 5616 2458 5664 ;
2496 5600 2652 5653 Ἔστι
2676 5601 2769 5652 καὶ
2806 5599 2934 5653 ἄλλο
2970 5601 3159 5669 μεῖζον
3182 5603 3379 5654 εἰπεῖν.
3414 5604 3487 5655 Ού
3515 5606 3629 5676 γάρ

2024 5692 2227 5764 λῃστὴν
2263 5693 2523 5761 εἰσήγαγε
2564 5691 2745 5761 μόνον,
2766 5689 2901 5743 6116
2928 5692 3022 5744 καὶ
3048 5692 3152 5762 πρὸ
3173 5694 3270 5762 τῆς
3299 5693 3627 5764 οἰκουμένης

2029 5785 2267 5854 ἁπάσης,
2322 5785 2412 5837 καὶ
2467 5784 2571 5856 πρὸ
2608 5784 2714 5837 τῶν
2759 5784 3106 5839 ἀποστόλωνο
3169 5785 3256 5839 ἵνα
3296 5787 3484 5856 μηδεὶς
3517 5787 3629 5841 τῶν
