4186 6324
635 309 772 380 μετά
794 308 963 360 ταῦτα
990 305 1210 376 ἀπογνῴ
1232 308 1330 378 τὴν
1359 306 1582 370 εἴσοδονι
1617 305 1749 376 μηδὲ
1799 303 2076 372 ἀπελπίσῃ
2104 300 2200 368 τὴν

631 391 900 461 σωτηρίαν
926 390 1022 458 τὴν
1059 388 1277 451 ἐαυτοῦ,
1314 389 1400 442 τὸν
1427 391 1638 458 μυρίων
1670 390 1908 458 γέμοντα
1935 386 2118 438 κακῶν
2143 385 2199 433 ἐν

629 478 746 538 ταῖς
784 474 1085 542 βασιλικαῖς
1113 474 1300 538 αὐλαῖς
1331 473 1693 544 στρεφόμενον
1719 472 1882 542 ὁρῶν⁶
1920 469 2058 521 Ἀλλ’
2087 466 2200 519 €66»-

631 574 749 627 μεν.
777 557 849 628 μὴ
868 556 1059 619 πόνους
1082 555 1391 620 ἐπεδείξατο
1419 555 1513 630 καὶ
1533 553 1930 627 κατορθώματα
1957 552 2048 606 καὶ
2069 566 2202 620 καρ-

628 639 763 701 ποὺς
806 642 834 694 6
883 639 1104 710 λῃστής.
1143 640 1276 692 Οὐδὲ
1326 637 1482 692 τοῦτο
1520 639 1665 692 ἐστιν
1710 639 1904 696 εἰπεῖν,
1939 634 2054 704 ἀλλ’
2093 633 2201 685 ἀπὸ

625 721 782 788 ψιλοῦ
817 723 1081 792 ῥήματος,
1105 724 1214 778 ἀπὸ
1234 721 1470 785 πίστεως
1501 722 1668 792 μόνης
1695 721 1804 791 πρὸ
1836 718 1945 771 τῶν
1968 717 2196 770 ἀποστό-

627 803 734 858 λων
783 805 1140 875 εἰσεπήδησεν
1171 808 1250 868 είς
1276 806 1367 858 τὸν
1400 805 1748 875 παράδεισον,
1791 801 1878 856 Ιίνα
1909 802 2086 873 μάθῃς
2121 804 2194 854 δτ-

624 889 724 958 οὐχ
756 891 787 957 ή
835 889 1042 944 ἐκείνου
1089 889 1478 958 εὐγνωμοσύνη
1513 888 1769 942 τοσοῦτον
1803 888 2043 956 ἴσχυσεν,
2077 887 2200 937 ὅσον

625 970 718 1024 τοῦ
740 971 1005 1024 Δεσπότου
1033 973 1064 1041 ὴ
1101 972 1476 1041 φιλανθρωπία
1496 974 1556 1025 τὸ
1587 973 1692 1024 πᾶν
1716 971 1961 1038 ἐποίησε.
1993 969 2058 1020 Τί
2093 967 2201 1034 γὰρ

626 1047 776 1106 εἶπεν
791 1057 818 1108 6
831 1054 1030 1126 λῃστής
1047 1073 1061 1120 ;
1080 1056 1131 1109 τί
1151 1055 1206 1109 δὲ
1227 1054 1458 1125 ἔπραξεν
1475 1072 1488 1118 ;
1507 1056 1829 1123 ἐνήστευσεν
1845 1069 1858 1115 ς
1877 1052 2194 1120 ἐδάκρυσεν;

626 1137 1044 1207 περιεσχίσατο;
1091 1139 1379 1208 μετάνοιαν
1432 1137 1740 1202 ἐπεδείξατο
1792 1137 1851 1187 ἐν
1896 1133 2074 1201 πολλῷ
2122 1132 2197 1201 τῷ

624 1219 802 1290 χρόνῳ
826 1235 841 1283 ;
866 1218 1157 1287 Οὐδαμῶς·
1182 1219 1294 1272 ἀλλ’
1322 1221 1380 1272 ἐν
1413 1218 1560 1289 αὐτῷ
1583 1218 1660 1287 τῷ
1695 1215 1911 1286 σταυρῷ
1943 1215 2079 1284 μετὰ
2099 1216 2197 1283 τὴν

627 1301 900 1370 ἀπόφασιν
931 1302 1201 1371 σωτηρίας
1223 1301 1431 1370 ἔτυχεν.
1454 1301 1592 1370 Ὀρα
1613 1300 1777 1369 τάχος
1793 1317 1804 1329 ·
1829 1300 1938 1352 άπὸ
1960 1296 2193 1368 σταυροῦ

629 1387 708 1448 εἰς
733 1384 977 1455 οὐρανὸν,
1011 1384 1118 1437 ἀπὸ
1151 1384 1444 1454 καταδίκης
1471 1385 1550 1445 είς
1573 1383 1863 1453 σωτηρίαν.
1889 1382 2021 1434 Τίνα
2049 1381 2197 1434 ἐστὶν

628 1469 737 1537 ἄρα
771 1468 950 1520 ἐκεῖνα
988 1467 1056 1519 τὰ
1077 1467 1327 1536 ρήματα;
1357 1466 1530 1536 πόσην
1559 1465 1671 1536 ἔχει
1698 1465 1796 1535 τὴν
1832 1463 2080 1533 δύναμιν.
2112 1463 2193 1516 ὅτι

627 1548 860 1603 τοσαῦτα
887 1549 1060 1621 τούτῳ
1084 1550 1337 1620 ἐκόμισεν
1364 1551 1577 1619 ἀγαθάς
1602 1549 1916 1614 Μνήσθητί
1935 1565 2074 1616 μου.
2091 1563 2194 1616 qm-

631 1633 737 1698 σὶν,
750 1634 820 1685 ὲν
834 1633 909 1702 τῇ
926 1635 1210 1700 βασιλείᾳ
1225 1647 1363 1688 σου.
1384 1633 1490 1687 Καὶ
1505 1632 1556 1686 τί
1571 1631 1758 1694 τοῦτο;
1787 1632 1927 1702 ’ῌτη
1936 1648 1993 1684 σε
2010 1633 2194 1684 λαϐεῖν

628 1715 828 1786 ἀγαθὰ,
859 1719 921 1771 οὐ
950 1717 1183 1786 σπουδὴν
1209 1716 1306 1788 τὴν
1341 1717 1408 1771 δι’
1432 1715 1607 1787 ἐργων
1636 1712 1980 1780 ἐπεδείξατο·
2027 1714 2140 1768 ἀλλ’
2168 1716 2196 1768 6

628 1800 727 1868 τὴν
757 1799 984 1871 καρδίαν
1011 1799 1174 1854 αὐτοῦ
1203 1798 1376 1864 είδὼς,
1411 1800 1474 1856 οὐ
1502 1801 1615 1861 τοῖς
1638 1799 1844 1870 ῥήμασι
1873 1796 2193 1867 προσέσχεν,

629 1881 763 1936 ἀλλὰ
793 1886 860 1953 τῇ
887 1882 1124 1938 διαθέσει
1143 1882 1245 1952 τῆς
1279 1882 1533 1947 διανοίας.
1564 1881 1630 1934 Ol
1671 1880 1768 1951 μιν
1798 1880 1905 1951 γάρ
1930 1896 2197 1950 προφητι-

628 1966 742 2022 κῶν
763 1965 1168 2028 ἀπολαύσαντες
1183 1965 1547 2036 διδαγμάτων,
1568 1965 1618 2017 οἰ
1649 1965 1716 2018 τά
1745 1965 1946 2034 σημεῖα
1975 1963 2193 2029 ἰδόντες,

627 2049 676 2100 οί
705 2047 773 2100 τά
803 2047 1053 2118 θαύματα
1076 2047 1420 2117 θεασάμενοι,
1452 2046 1636 2116 ιλεγον
1661 2047 1788 2117 περί
1819 2045 1914 2099 τοῦ
1935 2045 2194 2116 Χριστοῦ,

627 2131 781 2204 [680]
820 2132 902 2185 δτι
949 2133 1261 2201 Δαιμόνιον
1286 2133 1429 2201 ἔχει,
1457 2131 1570 2196 καὶ,
1603 2127 1810 2197 Πλανᾷ
1837 2129 1943 2183 τόν
1971 2129 2192 2197 ὄχλον*

625 2220 655 2270 6
676 2216 732 2268 δὲ
751 2214 952 2286 λῃστὴς
975 2214 1049 2286 μὴ
1070 2213 1364 2286 προφητῶν
1383 2213 1641 2276 ἀκούσας,
1670 2213 1743 2285 μὴ
1766 2211 2019 2282 θαύματα
2049 2210 2192 2276 ἰδὼν,

629 2298 752 2354 ἰδὼν
782 2299 876 2350 ἐπὶ
899 2298 994 2352 τοῦ
1012 2298 1245 2371 σταυροῦ
1281 2296 1723 2370 προσηλωμένον,
1746 2296 1806 2349 οὐ
1835 2296 2102 2368 προσέσχε
2129 2297 2193 2368 τῇ

625 2382 841 2453 ἀτιμίᾳ,
871 2382 972 2436 οὐκ
1003 2376 1110 2435 εἶδε
1155 2380 1252 2452 τὴν
1295 2379 1535 2445 ἀδοξίαν,
1583 2379 1698 2433 ἀλλ’
1727 2380 1807 2443 εἰς
1839 2379 1938 2451 τήν
1969 2379 2197 2450 θεότητα

627 2465 797 2535 αὐτὴν
829 2464 976 2526 ἰδὼν,
999 2463 1312 2530 Μνήσθητί
1335 2481 1476 2533 μευ,
1505 2463 1687 2534 φησὶν,
1721 2463 1784 2516 ἐν
1817 2461 1888 2530 τῇ
1905 2462 2198 2530 ,βασιλείᾳ

628 2565 766 2603 σου.
817 2547 1018 2603 Καινὸν
1062 2546 1220 2600 τοῦτο
1261 2547 1355 2600 καὶ
1395 2547 1714 2616 παράδοξον.
1759 2547 2002 2619 Σταυρὸν
2041 2547 2194 2616 ὁρᾷς,

630 2630 723 2684 καὶ
753 2629 1024 2700 βασιλείας
1059 2629 1361 2701 μέμνησαις
1392 2630 1456 2682 Τί
1507 2629 1781 2700 βασιλείας
1823 2629 1974 2696 ἀξιον
2016 2624 2194 2694 εἰδες;

639 2713 1081 2783 Ἐσταυρωμένον
1096 2710 1400 2783 ἄνθρωπον,
1447 2711 1828 2783 ῥαπιζόμενον,
1869 2710 2197 2783 χλευαζόμε-

625 2810 738 2856 νον,
784 2793 1274 2865 κατηγορούμενον,
1306 2795 1698 2866 ἐμπτυόμενον,
1757 2795 2148 2865 μαστιζόμενον
2179 2809 2192 2823 ·

623 2875 799 2932 ταῦτα
842 2871 935 2930 οὖν
968 2876 1241 2946 βασιλείας
1269 2876 1417 2943 ἀξια.
1463 2878 1586 2931 εἰπέ
1613 2896 1704 2947 μοι
1728 2895 1742 2942 ς
1791 2878 1954 2948 ὐρᾷς
1981 2877 2063 2930 δτι
2084 2877 2196 2938 τοῖς

625 2961 727 3030 τῆς
751 2959 985 3024 πίστεως
1014 2959 1237 3012 ἔϐλεπεν
1264 2959 1582 3030 ὀφθαλμοῖς,
1613 2963 1706 3014 καὶ
1722 2962 1781 3014 οὐ
1801 2961 1869 3015 τά
1897 2960 2197 3031 φαινόμενα

627 3042 892 3114 ἐξήταζες
924 3042 1022 3096 Διὰ
1054 3042 1210 3097 τοῦτο
1240 3041 1364 3096 οὐ¹τε
1401 3044 1429 3096 6
1461 3042 1589 3106 Θεὸς
1617 3043 1685 3096 τὰ
1717 3045 1934 3115 ῥήματα
1970 3043 2196 3118 ἐξήταζε

626 3125 698 3180 τὰ
739 3125 889 3196 ψιλά,
942 3124 1056 3180 ἀλλ’
1084 3125 1273 3196 ὥσπερ
1305 3120 1456 3188 οὗτος
1503 3125 1645 3180 εἰδεν
1675 3128 1754 3189 εἰς
1797 3125 1895 3196 τὴν
1929 3125 2193 3198 θεότητα,

627 3207 803 3273 οὕτως
829 3211 860 3262 6
887 3208 1017 3271 Θεὸς
1041 3203 1178 3261 εἶδεν
1205 3211 1283 3272 εἰς
1311 3208 1409 3278 τὴν
1447 3207 1672 3279 καρδίαν
1703 3207 1797 3262 τοῦ
1833 3208 2030 3282 λῃστοῦ
2051 3249 2066 3273 ,
2102 3211 2197 3264 καί

628 3309 764 3366 φησι
783 3307 797 3323 ⁸
842 3291 1113 3360 Σήμερον
1133 3291 1261 3360 μετ’
1289 3291 1436 3362 ἐμοῦ
1469 3292 1583 3360 ἕσῃ
1621 3293 1690 3346 ἐν
1719 3290 1796 3358 τῷ
1832 3294 2192 3363 παραδείσῳ.

709 3383 972 3438 Ἐνταῦθα
1014 3383 1340 3453 προσέχετεο
1388 3384 1607 3454 ζήτημα
1662 3384 1771 3456 γάρ
1810 3386 1870 3438 οὐ
1921 3386 1981 3439 τὸ
2031 3387 2194 3457 τυχὸν

629 3469 938 3539 ἐπιφύεται.
967 3469 1078 3523 Καὶ
1105 3471 1213 3540 γάρ
1239 3472 1286 3524 οἱ
1317 3471 1630 3540 Μανιχαῖοι,
1662 3474 1710 3525 οἰ
1734 3474 1913 3538 κύνες,
1951 3479 1998 3530 οί
2025 3479 2196 3532 ἐννεοὶ

629 3558 725 3610 καὶ
781 3557 1103 3620 λυττῶντες,
1133 3557 1192 3611 τὸ
1234 3557 1416 3628 σχῆμα
1453 3559 1551 3627 μὲν
1582 3561 1980 3616 ἐπιδείκνυνται
2020 3566 2192 3619 ἐπιει-

631 3645 804 3708 κείας,
858 3645 955 3714 τὴν
1012 3645 1253 3714 χαλεπήν
1299 3645 1356 3696 δέ
1407 3643 1553 3698 ινδον
1620 3646 1804 3716 ἔχουσι
1855 3649 1963 3703 τῶν
2019 3651 2197 3706 κυνῶν

631 3733 848 3803 μανίαν,
885 3733 978 3785 καὶ
1024 3731 1468 3804 κατακρύπτουσι
1503 3736 1568 3803 τῇ
1603 3733 1734 3805 δορᾷ
1777 3735 1873 3790 τοῦ
1920 3739 2195 3808 προϐάτου

626 3821 719 3873 τὸν
767 3817 948 3874 λύκον.
999 3818 1161 3873 Ἀλλὰ
1208 3819 1282 3891 μὴ
1312 3821 1375 3873 τὸ
1403 3823 1726 3890 φαινόμενον
1777 3823 1911 3896 ἴδῃς,
1966 3827 2103 3881 ἀλλὰ
2135 3829 2196 3883 τὸ

627 3907 774 3961 ἔνδον
821 3907 1200 3976 κεκρυμμένον
1251 3907 1438 3977 θηρίον
1492 3909 1761 3974 ἐξέτασον.
1803 3904 1962 3967 Οὗτοι
2013 3917 2196 3970 τοίνυν

628 3994 1009 4062 ἐπιλαῦὁμενοι
1038 3993 1130 4045 τοῦ
1155 3995 1352 4064 χωρίου
1372 3995 1562 4050 τούτου
1591 3999 1753 4066 φασίν
1773 4016 1785 4028 ·
1806 3997 1972 4055 Εἶπεν
1999 4002 2028 4055 6
2062 4003 2196 4075 Χρι-

629 4083 781 4145 στός·
817 4080 1011 4151 Ἀμὴν,
1042 4079 1188 4150 ἀμὴν
1220 4079 1362 4149 λέγω
1389 4098 1489 4146 σοι,
1522 4084 1762 4156 σήμερον
1782 4089 1897 4156 μετ’
1937 4091 2071 4161 ἐμοῦ
2097 4093 2196 4167 ἔσῃ

626 4172 684 4223 ἐν
723 4167 802 4238 τῷ
828 4167 1143 4236 παραδείσῳ
1172 4186 1182 4196 ·
1212 4167 1408 4221 οὐκοῦν
1437 4170 1704 4235 ἀντίδοσις
1733 4173 1834 4246 ήδη
1874 4176 2062 4245 γέγονε
2087 4181 2196 4234 τῶν

626 4257 866 4324 ἀγαθῶν,
889 4256 984 4308 καὶ
1011 4254 1238 4326 περιττὴ
1272 4257 1305 4326 ή
1331 4256 1646 4322 ἀνάστασις.
1682 4260 1743 4313 Εἰ
1773 4262 1881 4333 γὰρ
1913 4265 1969 4318 ἐν
2011 4267 2194 4338 ἐκείνῃ

626 4347 692 4414 τῇ
735 4344 921 4414 ἡμέρᾳ
946 4341 1220 4398 ἀπέλαϐεν
1240 4345 1269 4396 6
1299 4343 1498 4417 λῃστὴς
1539 4344 1610 4398 τά
1635 4345 1836 4415 ἀγαθὰ,
1867 4350 1928 4404 τὸ
1950 4351 2004 4406 δέ
2037 4354 2196 4424 σῶμα

625 4431 793 4486 αὐτοῦ
825 4431 926 4484 οὐκ
965 4430 1162 4501 ἀνέστη
1207 4431 1416 4484 οὐδέπω
1460 4435 1555 4487 καλ⁸
1584 4437 1846 4508 τήμερον,
1896 4441 1996 4494 οὐκ
2043 4443 2195 4498 ἐσται

629 4520 899 4592 σωμάτων
925 4519 1107 4574 λοιπὸν
1133 4520 1446 4585 ἀνάστασις.
1462 4518 1607 4595 ’Δρα
1630 4527 1885 4596 ἐνοήσατε
1905 4532 1966 4585 τὸ
1986 4532 2194 4602 λεχθὲν,

627 4611 662 4680 ἦ
684 4609 936 4682 δεύτερον
965 4610 1095 4665 αὐτὸ
1132 4612 1294 4666 πάλιν
1313 4614 1487 4666 εἰπεῖν
1507 4614 1723 4688 ἀνάγκη
1744 4607 1786 4682 ς’
1801 4619 2007 4689 Ἀμὴν,
2034 4625 2197 4692 ἀμὴν

627 4698 783 4769 λέγω
809 4715 929 4763 σοι,
975 4699 1240 4767 σήμερον
1269 4699 1397 4769 μετ’
1440 4700 1587 4770 ἐμοῦ
1627 4703 1746 4773 ὅσῃ
1779 4705 1850 4760 ἐν
1890 4708 1970 4774 τῷ
2008 4727 2192 4780 παρια.

627 4784 830 4851 δείσφ.
877 4785 1134 4856 Εἰσῆλθεν
1161 4781 1272 4850 οὗν,
1302 4789 1463 4858 φησιν
1483 4829 1499 4853 ,
1554 4791 1636 4853 εἰς
1673 4790 1766 4845 τὸν
1813 4795 2136 4867 παράδεισον
2165 4802 2196 4854 6

627 4871 833 4944 λῃστής
869 4871 930 4928 οὐ
961 4873 1098 4944 μετά
1138 4873 1231 4926 τοῦ
1266 4873 1546 4944 σώματος·
1586 4878 1703 4944 πῶς
1730 4878 1860 4952 γάρ,
1891 4883 2052 4938 ὁπότε
2096 4887 2196 4940 οὐκ

629 4957 804 5030 ἐτάφη
836 4958 898 5011 τὸ
931 4958 1088 5029 σῶμα
1121 4959 1310 5026 αὐτοῦ,
1343 4961 1464 5016 οὐδέ
1507 4961 1727 5036 διελύθη
1757 4968 1853 5022 καὶ
1892 4970 2046 5035 κόνις
2083 4974 2198 5042 ἐγέ-

628 5064 784 5112 νστος
817 5049 911 5101 καὶ
941 5047 1174 5119 οὐδαμοῦ
1199 5052 1434 5122 εἴρηται,
1473 5053 1555 5107 ὅτι
1586 5053 1882 5126 ἀνέστησεν
1909 5060 1938 5113 6
1964 5061 2195 5132 Χριστὸς

628 5133 813 5188 αὐτόν.
847 5134 910 5188 Εἰ
937 5135 992 5188 δέ
1029 5137 1289 5206 εἰσήγαγε
1321 5139 1417 5191 τὸν
1469 5139 1709 5214 λῃστὴν,
1756 5146 1850 5199 καὶ
1887 5148 2056 5218 χωρὶς
2101 5149 2196 5203 τοῦ

630 5220 882 5291 σώματος
911 5221 1176 5277 ἀπέλαυσε
1203 5224 1312 5278 τῶν
1332 5225 1572 5295 ἀγαθῶν,
1595 5228 1816 5302 εὔδηλον
1843 5233 1925 5287 δτι
1949 5233 2198 5307 σώματος

623 5307 727 5362 οὐκ
757 5307 902 5363 ἐστιν
920 5307 1235 5374 ἀνάστασις.
1277 5313 1338 5368 Εἰ
1368 5314 1478 5385 γὰρ
1502 5311 1571 5388 ἦν
1603 5317 1853 5389 σώματος
1877 5321 2193 5391 ἀνάστασις,

620 5395 726 5480 ,οὐκ
759 5395 826 5450 ἂν
855 5393 975 5450 εἶπε
993 5415 1006 5428 ·
1041 5399 1310 5470 Σήμερον
1327 5405 1455 5471 μετ’
1479 5403 1628 5473 ἐμοῦ
1648 5405 1763 5474 ἔσῃ
1791 5407 1862 5462 ἐν
1898 5407 1980 5475 τῷ
2011 5426 2200 5480 παραυ

625 5469 827 5548 δείσφ,
885 5484 1023 5550 ἀλλ’,
1054 5469 1132 5542 ἐνί
1164 5487 1243 5559 τῷ
1293 5469 1471 5562 καιρῷ
1506 5469 1622 5564 *τῆς
1683 5469 2012 5562 συντελείας,
2065 5469 2197 5554 ὅταν

627 5571 895 5640 σωμάτων
948 5573 1242 5641 ἀνάστασις
1404 5578 1466 5634 Ei
1518 5578 1574 5633 δέ
1622 5579 1722 5651 ήδη
1780 5583 2040 5657 εἰσήγαγε
2099 5587 2193 5643 τὸν

1329 193 1383 248 ε.
1423 192 1710 248 δΟΑίΝΝΙΒ
1747 185 2239 248 CIIRYSOSTOMI
2281 185 2597 240 Αιιειιιιςιι.
2637 187 3187 244 ΕΟΧδΤΑΝΤΙΝΟΡ.

3779 187 3891 240 ωε

2305 299 2527 370 λῃστὴν,
2560 301 2618 353 τὸ
2640 301 2696 353 δὲ
2721 300 2878 370 σῶμα
2902 299 3066 352 αὐτοῦ
3097 299 3302 368 φθτρέν
3331 297 3546 368 ἔμεινεν
3569 298 3696 361 ἔξω,
3726 299 3894 365 εὔδη-

2303 391 2392 444 λον
2419 395 2500 445 δτι
2540 394 2808 462 σωμάτων
2839 394 3134 453 ἀνάστασις
3163 391 3263 442 οὐκ
3293 388 3632 443 ἕστι.Ίάῦτα
3662 392 3886 441 ἐκεῖνοι·

2302 484 2520 554 δέχεσθε
2543 485 2598 537 δὲ
2627 485 2811 537 λοιπὸν
2846 484 2940 536 καὶ
2969 483 3035 535 τά
3057 483 3186 554 παρ’
3208 482 3388 552 ⁴ήμῶν,
3416 481 3615 551 μᾶλλον
3644 483 3701 534 δὲ
3725 482 3787 533 ού
3815 482 3888 534 τὰ

2304 578 2430 645 παρ’
2459 575 2633 646 ήμῶν,
2667 576 2800 629 ἀλλὰ
2827 580 2895 629 τά
2927 587 3077 646 παρα
3101 577 3198 646 τῆς
3227 575 3374 638 θείας
3407 573 3656 645 Γραφῖῃ·
3686 575 3747 626 οὐ
3774 574 3889 644 γὰρ

2300 667 2368 720 τά
2401 669 2642 737 ἡμέτερα
2668 667 2916 737 λέγομεν,
2953 666 3088 718 ἀλλὰ
3121 666 3191 718 τά
3211 665 3306 716 τοῦ
3342 665 3496 731 ἁγίου
3539 665 3883 733 Πνεύματοξ.

2301 763 2365 815 Τί
2390 763 2568 828 λέγεις
2593 780 2605 823 ;
2631 763 2690 814 οὐ
2725 765 2969 814 κοινωνεί
3006 760 3114 813 τῶν
3144 760 3424 827 στεφάνων
3454 761 3487 828 ή
3523 758 3691 828 σάρξς
3740 757 3884 810 nux

2318 872 2351 902 .v
2402 853 2498 920 μὲν
2545 855 2657 913 τοῖς
2691 851 2871 913 πόνοις
2919 849 3298 918 ἐκοινώνησεν,
3341 847 3398 898 ἐν
3427 847 3484 899 δέ
3514 850 3625 909 τοῖς
3668 844 3883 915 μισθοῖς

2299 942 2679 1008 αποστερεῖται
2706 957 2718 996 :
2748 941 2840 992 καὶ⁵
2861 940 2950 991 ὅτε
2973 937 3070 1007 μέν
3087 934 3449 1004 ἀγωνίζεσθαι
3482 935 3606 995 ἔδει,
3627 935 3688 986 τὸ
3713 935 3885 986 πλέον

2299 1027 2513 1095 ἐδέξατο
2531 1029 2637 1079 τῶν
2661 1027 2898 1098 ἱδρώτων
2922 1043 2932 1054 ·
2953 1027 3039 1080 ὅτε
3061 1026 3117 1078 δὲ
3151 1027 3428 1094 στεφάνων
3457 1023 3665 1087 καιρὸς,
3683 1023 3819 1092 μόνη
3845 1025 3886 1091 ἡ

2295 1123 2442 1193 ψυχὴ
2486 1121 2880 1191 στεφανοῦται;
2918 1122 3031 1174 Οὐκ
3077 1121 3298 1184 ἀκούεις
3329 1119 3424 1175 τοῦ
3460 1119 3670 1172 Παύλου
3693 1119 3884 1186 λέγον-

2298 1229 2408 1273 τος,
2435 1214 2516 1265 ὅτι
2541 1210 2928 1278 Παραστῆναι
2958 1209 3114 1279 ἡμᾶς
3147 1211 3241 1263 δεῖ
3261 1213 3606 1280 ἔμπροσθεν
3625 1210 3734 1264 τοῦ
3763 1207 3882 1273 βή-

2292 1319 2480 1372 ματος
2521 1301 2625 1355 τοῦ
2670 1301 2948 1368 Χαστοῦ,
2999 1303 3100 1354 ἵνα
3153 1302 3410 1366 ἕκαστος
3443 1301 3765 1368 κομίσηται
3807 1299 3884 1353 τὰ

2299 1391 2418 1444 ἵδια
2445 1391 2550 1444 τοῦ
2573 1390 2865 1459 σώματος,
2892 1391 3042 1458 πρὸς
3073 1389 3111 1444 (2
3141 1391 3431 1455 ἔπραξεν,
3473 1391 3593 1445 sits
3627 1392 3881 1462 ἀγαθὸν,

2297 1483 2411 1536 εἶτε
2458 1485 2675 1546 κακόνς
2725 1483 2838 1536 Οὐκ
2892 1482 3111 1547 ἀκούεις
3158 1482 3323 1536 αὐτοῦ
3373 1484 3626 1551 λέγοντος
3671 1487 3836 1539 πάλιν
3864 1506 3879 1519 ·

2296 1575 2396 1629 Δεῖ
2414 1575 2477 1629 τὸ
2512 1575 2734 1642 θνητὸν
2763 1575 2938 1628 τοῦτο
2975 1574 3349 1629 ἐνδύσασθαι
3387 1577 3750 1640 ἀθανασίαν,
3782 1583 3881 1634 καὶ

2296 1668 2362 1721 τό
2391 1668 2656 1736 φθαρτὸν
2690 1666 2863 1720 τοῦτο
2898 1665 3270 1720 ἐνδύσασθαι
3301 1669 3646 1742 ἀφθαρσίαν
3674 1687 3691 1731 ;
3728 1669 3885 1741 [6811

2303 1760 2373 1814 Τὸ
2406 1760 2646 1824 θνητὸν,
2680 1761 2865 1824 ποῖον;
2906 1758 3004 1829 τὴν
3032 1758 3230 1829 ψυχὴν,
3259 1759 3292 1828 ἢ
3327 1759 3389 1812 τὸ
3418 1760 3611 1830 σῶμας
3645 1761 3888 1829 Εὐδηλον

2296 1855 2379 1906 δτι
2413 1852 2473 1904 τὸ
2501 1851 2658 1921 σῶμα
2677 1866 2689 1878 ·
2724 1852 2756 1921 ή
2788 1849 2896 1919 γάρ
2924 1849 3070 1920 ψυχὴ
3098 1851 3255 1918 φύσει
3282 1851 3569 1916 ἀθάνατος,
3606 1853 3802 1917 θνητὸν
3829 1857 3887 1910 δὲ

2298 1944 2458 2015 φύσει
2486 1943 2546 1996 τὸ
2579 1943 2759 2012 σῶμα.
2799 1943 2960 1997 Ἀλλά
2991 1943 3160 1997 πολλὰ
3194 1944 3587 2015 περικόπτουσι
3627 1948 3840 2000 τούτων
3867 1967 3883 1980 ·

2297 2036 2438 2108 πλὴν
2509 2039 2602 2089 καὶ
2661 2036 2757 2088 ἀπ’
2817 2036 2998 2089 αὐτῶν
3059 2037 3168 2089 τῶν
3229 2038 3709 2109 ὑπολελειμμένων
3786 2041 3888 2112 τὴν

2298 2129 2620 2196 συγγένειαν
2662 2127 2769 2181 τῶν
2803 2128 3214 2199 περικοπέντων
3261 2128 3574 2198 ἐλέγξομεν.
3620 2131 3891 2201 Εἰσῆλθεν

2297 2222 2377 2286 εἰς
2405 2221 2496 2274 τὸν
2531 2219 2856 2291 παράδεισον
2901 2223 2929 2271 6
2971 2220 3195 2292 λῃστὴς,
3244 2221 3399 2290 φησί.
3453 2223 3563 2275 Καὶ
3601 2222 3654 2275 τί
3687 2222 3886 2288 τοῦτος

2301 2315 2378 2384 μὴ
2419 2312 2528 2384 γὰρ
2567 2311 2741 2367 ταῦτά
2783 2314 2899 2366 ἐστι
2942 2311 3012 2366 τὰ
3053 2310 3256 2380 ἀγαθά,
3301 2313 3446 2382 άπερ
3485 2307 3519 2366 ’δ
3567 2311 3701 2376 Θεὸς
3753 2314 3892 2384 ήμῖν

2299 2403 2688 2471 ἐπαγγέλλεται
2709 2420 2723 2466 ;

2368 2503 2428 2549 ε’.
2452 2496 2566 2549 Οὐκ
2581 2495 2802 2559 ἀκούεις
2813 2494 2907 2549 τοῦ
2933 2495 3142 2549 Παύλου
3166 2513 3228 2549 πε
3239 2495 3293 2567 ρί
3324 2497 3392 2549 τὰ
3411 2497 3594 2565 ἀγαθὰ
3623 2501 3809 2551 ἐκεῖνα
3833 2499 3890 2552 τε

2298 2604 2460 2660 φησιν
2480 2603 2494 2650 ;
2519 2589 2575 2640 Ἀ
2598 2586 2907 2656 ὀφθαλμὸς
2929 2589 3040 2640 οὐκ
3060 2582 3201 2650 εἶδε,
3229 2588 3326 2641 καί
3355 2581 3465 2654 οὖς
3484 2591 3596 2642 οὐκ
3629 2587 3885 2657 ἥκοι-σε.

2297 2682 2394 2736 καί
2444 2681 2541 2735 ἐπὶ
2581 2680 2835 2750 καρδίαν
2869 2681 3187 2750 ἀνθρώπου
3238 2686 3351 2737 οὐκ
3400 2685 3585 2753 ἀνέϐη
3613 2703 3625 2716 ·
3681 2687 3776 2739 τὸν
3830 2687 3890 2742 δὲ

2299 2771 2626 2842 παράδεισον
2670 2771 2764 2824 καὶ
2807 2770 3087 2839 ὀφθαλμὸς
3133 2767 3236 2824 εἶδε
3277 2771 3371 2825 τοῦ
3413 2773 3620 2844 Ἀδὰμ,
3665 2777 3760 2830 καὶ
3792 2772 3890 2842 οὖς

2298 2863 2534 2932 ἢκουσε,
2574 2864 2670 2915 καὶ
2711 2851 2907 2932 καρδία
2956 2861 3244 2932 ἀνθρώπου
3299 2863 3516 2928 ἐδέξατο
3544 2881 3557 2896 °
3591 2867 3723 2936 περὶ
3777 2869 3892 2939 γὰρ

2299 2949 2464 3006 αὐτοῦ
2490 2949 2754 3014 τοσαύτας
2801 2949 3016 3021 ἡμέρας
3054 2950 3414 3023 διαλεγόμεθα
3439 2971 3452 2984 ·
3488 2955 3606 3018 πῶς
3639 2951 3733 3009 οὖν
3757 2959 3891 3012 ἀπέ.

2297 3041 2428 3096 λαϐε
2467 3041 2535 3094 τὰ
2582 3039 2767 3109 ἀγαθά
2806 3042 2834 3093 6
2875 3041 3115 3112 λῃστήςς
3160 3043 3233 3094 Οὐ
3278 3043 3386 3115 γὰρ
3439 3046 3517 3108 εἰς
3555 3049 3891 3118 παράδεισον

2299 3133 2695 3202 ἐπαγγέλλεται
2732 3133 3046 3200 εἰσαγαγεῖν
3079 3136 3227 3204 ἡμᾶς
3253 3136 3281 3187 6
3311 3134 3590 3200 Θεὸς,άλλ⁹
3614 3141 3694 3203 εἰς
3722 3143 3893 3196 αὐτὸν

2297 3225 2387 3279 τὸν
2433 3224 2660 3296 οὐρανόν
2682 3240 2695 3254 ·
2734 3223 2852 3277 οὐδὲ
2907 3222 3186 3293 βασιλείαν
3223 3227 3578 3298 παραδείσου.
3615 3231 3756 3285 ἀλλά
3789 3233 3889 3304 βα-

2299 3316 2501 3370 σιλείαν
2569 3316 2814 3388 οὐρανῶν
2885 3317 3174 3386 ἐκήρυξεν.
3231 3320 3481 3387 Ἠρξατο
3533 3321 3667 3394 γὰρ,
3725 3327 3887 3396 φησὶ,

2297 3410 2610 3479 κηρύττειν
2659 3410 2757 3463 καὶ
2793 3408 3026 3480 λέγειν·
3067 3411 3454 3466 Μετανοεῖτε·
3505 3414 3714 3485 ﬁmus
3753 3421 3888 3489 γὰρ,

2295 3502 2454 3574 οὐχή
2492 3501 2738 3572 βασιλεία
2782 3502 2876 3555 τοῦ
2929 3504 3280 3574 παραδείσου,
3330 3506 3469 3570 ἀλλ’,
3506 3509 3544 3574 ἠ
3588 3509 3889 3572 ,ϐασιλεία

2296 3591 2417 3647 τῶν
2434 3590 2723 3661 οὐρανῶν.
2760 3592 3073 3658 ’Δπώλεσας
3093 3595 3188 3664 μὲν
3206 3596 3315 3668 γὰρ
3343 3598 3688 3670 παράδεισον,
3712 3602 3886 3656 ἔδωκε

2296 3683 2353 3736 δέ
2380 3699 2462 3735 σοι
2491 3684 2520 3736 6
2549 3683 2683 3746 Θεὸς
2713 3682 2804 3736 τὸν
2836 3683 3082 3756 οὐρανὸν,
3101 3687 3188 3739 ἵνα
3210 3687 3305 3740 καὶ
3330 3689 3430 3758 τὴν
3457 3690 3663 3742 οἰκείαν
3695 3692 3890 3759 φιλαν-

2299 3774 2546 3846 θρωπίαν
2569 3774 2922 3844 ἐπιδείξηται,
2957 3777 3164 3832 καὶτὸν
3201 3779 3447 3834 διάϐολον
3475 3781 3634 3854 δάκῃ,
3663 3784 3889 3854 δεικνὺς

2296 3868 2376 3920 ὅτι
2416 3867 2520 3920 κᾶν
2559 3867 2725 3938 μυρία
2753 3867 2832 3938 τῷ
2854 3869 2962 3921 τῶν
2987 3869 3288 3940 ἀνθρώπων
3321 3873 3684 3949 ἐπιϐουλεύσῃ
3712 3880 3887 3946 γένει,

2295 3957 2446 4012 οὐδὲν
2473 3955 2624 4009 ἔσται
2647 3955 2807 4010 πλέον
2840 3957 3011 4028 αὐτῷ,
3041 3959 3136 4012 τοῦ
3171 3960 3306 4014 Θεοῦ
3350 3963 3490 4033 πρὸς
3533 3967 3761 4036 μείζονα
3796 3973 3890 4028 ἀεὶ

2295 4047 2456 4119 τιμὴν
2483 4049 2630 4118 ἡμᾶς
2647 4048 2962 4116 ἀνάγοντος.
2990 4049 3304 4114 ’Δπὼλεσας
3326 4053 3506 4107 τοίνυν
3531 4060 3888 4128 παράδεισον,

2297 4139 2387 4192 καὶ
2432 4137 2636 4209 άνέῳξέ
2666 4155 2748 4191 σοι
2790 4139 2820 4192 ὁ
2856 4136 2988 4202 Θεὸς
3042 4139 3134 4192 τὸν
3183 4141 3445 4213 οὐρανόν·
3481 4148 3891 4222 κατεδικάσθης

2296 4231 2442 4308 πόνῳ
2458 4229 2797 4300 προσκαίρῳ.
2812 4230 2906 4282 καὶ
2923 4229 3189 4301 ἐτιμήθης
3208 4231 3320 4305 ζωῇ
3341 4235 3567 4308 αἰωνίῳ.
3597 4238 3889 4298 Ἐκέλευσε

2294 4323 2360 4392 τῇ
2393 4323 2464 4390 γῇ
2488 4319 2730 4384 ἀκάνθας
2757 4321 2852 4374 καὶ
2898 4321 3182 4392 τριϐόλους
3214 4326 3550 4397 ἀνενεγκεῖν,
3589 4332 3685 4385 καὶ
3718 4335 3890 4389 ἐϐλά-

2298 4413 2460 4482 στησὲ
2508 4430 2589 4466 σοι
2633 4413 2846 4485 καρπὸν
2893 4415 3211 4486 Πνεύματος
3259 4423 3293 4492 ή
3335 4421 3504 4492 ψυχή.
3553 4424 3720 4495 Ὁρᾷς
3765 4428 3890 4494 πῶς

2299 4502 2545 4574 μείζωνὴ
2577 4503 2811 4574 εὐπορία
2824 4505 2924 4575 τῆς
2943 4504 3180 4576 ζημίαςς
3205 4509 3321 4574 πῶς
3345 4510 3546 4565 πλείων
3562 4515 3592 4566 6
3616 4515 3885 4583 πλοῦτοςς

2297 4588 2421 4644 Οἶὸν
2448 4610 2499 4645 τι
2528 4592 2702 4661 λέγωο
2733 4593 2970 4648 ἔπλασεν
2999 4595 3028 4649 ὀ
3055 4599 3189 4662 Θεὸς
3212 4599 3304 4653 τὸν
3330 4601 3617 4675 ἄνθρωπον
3642 4606 3755 4661 ἀπὸ
3780 4610 3888 4679 τῆς

2297 4682 2391 4735 καὶ
2415 4681 2624 4746 ὓδατος,
2658 4683 2753 4738 καὶ
2785 4684 2938 4738 ἔθετο
2963 4687 3125 4741 αὐτὸν
3173 4690 3233 4742 ἐν
3262 4692 3343 4762 τῷ
3373 4695 3714 4769 παραδείσῳ.
3768 4702 3891 4757 Οὐκ

2296 4772 2513 4842 ἐγένετο
2534 4776 2800 4845 χρήσιμος
2828 4776 2858 4828 6
2886 4777 3164 4846 πλασθεὶς,
3189 4782 3323 4837 άλλά
3343 4784 3662 4860 διεστράφη.
3684 4792 3888 4848 Οὐκέτι

2297 4866 2481 4920 λοιπὸν
2508 4865 2617 4921 ἀπὸ
2640 4867 2744 4938 γῆς
2774 4869 2868 4922 καὶ
2900 4869 3088 4935 ὕδατος
3111 4873 3272 4928 αὐτὸν
3295 4875 3651 4942 ἀναπλάττει,
3684 4883 3805 4937 ἀλλ’
3828 4886 3891 4953 ἐξ

2297 4956 2492 5020 ὓδατος
2523 4958 2618 5011 καὶ
2635 4957 2950 5030 Πνεύματος
2969 4977 2984 4990 ·
3004 4963 3097 5016 καὶ
3125 4964 3224 5018 οὐκ
3249 4966 3332 5018 ἐτι
3361 4969 3689 5038 παράδεισον
3713 4975 3890 5044 ἐπαγ-

2297 5047 2546 5115 γέλλεται
2577 5048 2714 5120 πρὸς
2742 5050 2903 5105 αὐτὸν
2922 5093 2938 5117 ,
2990 5053 3132 5117 ἀλλὰ,
3153 5055 3434 5127 βασιλείαν
3466 5064 3736 5135 οὐρανῶν.
3775 5068 3888 5122 Καὶ

2295 5138 2462 5205 ὅπως,
2503 5138 2690 5195 ἄκουε.
2714 5141 3024 5215 Νικοδήμου
3050 5146 3160 5219 γὰρ
3189 5150 3284 5204 τοῦ
3312 5152 3574 5224 ἄρχοντος
3598 5157 3708 5210 τῶν
3752 5159 3889 5213 ’1ου-

2296 5227 2460 5284 δαίων
2531 5233 2935 5298 καταπεσόντος
2963 5274 2980 5298 ,
3040 5238 3137 5291 καὶ
3189 5239 3288 5311 τὴν
3342 5243 3574 5298 ἐνταῦθα
3624 5247 3888 5317 γέννησιν

2299 5320 2685 5395 ἐπιζητοῦντος
2718 5327 2811 5380 καὶ
2851 5326 3136 5396 λέγοντος,
3179 5332 3445 5390 ἀδύνατον
3481 5333 3622 5392 εἶναι
3647 5339 3888 5412 γέροντα

2298 5416 2626 5488 γεννηθῆναι
2674 5418 2901 5484 ἄνωθεν,
2947 5421 3050 5487 δρα
3077 5423 3195 5486 πῶς
3223 5425 3253 5477 6
3281 5426 3516 5497 Χριστὸς
3547 5430 3889 5504 σαφέστερον

2298 5505 2446 5576 αὐτῷ
2474 5507 2848 5563 ἀποκαλύπτει
2879 5510 2980 5582 τῆς
3013 5516 3317 5585 γεννήσεως
3349 5518 3441 5570 τὸν
3476 5519 3698 5588 τρόπον.
3750 5521 3888 5574 Ἐὰν

2298 5595 2384 5664 In}
2425 5613 2512 5663 τις
2544 5597 2806 5669 γεννηθῇ
2855 5599 2926 5668 ἐξ
2971 5603 3186 5672 ὕδατος
3238 5607 3336 5661 καί
3387 5609 3758 5680 Ιινεύματσς,
3812 5619 3884 5671 οὐ
