4186 6324
230 324 336 374 (illi

234 449 479 495 versum,
512 441 566 486 et
606 442 731 486 ante
774 430 1089 499 apostolos:
1127 440 1195 479 ue
1241 423 1360 493 quis
1398 430 1741 492 posterorum
1785 432 1846 473 se

234 526 441 593 ingredi
471 540 629 593 posse
660 524 946 593 desperet,
979 536 1152 589 neque
1179 532 1331 588 Spem
1369 532 1587 570 onmem
1617 530 1730 569 sine
1759 527 1849 568 sa-

233 615 362 671 lutis
392 616 611 686 alijiciat
635 656 649 678 ,
678 631 799 669 eum
834 612 1131 666 innumeris
1167 616 1465 664 scatentem
1507 606 1662 660 malis
1707 619 1766 659 se
1795 605 1848 658 in

235 711 383 779 regio
415 708 619 764 versari
648 707 851 777 palatio
878 707 1072 762 videat.
1106 702 1213 759 Sed
1243 701 1652 759 consideremus
1673 741 1689 766 ,
1719 713 1848 753 num

237 805 452 857 labores
486 812 543 857 et
568 813 715 856 recte
740 803 877 856 facta
918 812 973 857 et
1004 799 1209 855 fructus
1237 797 1541 853 exhibuerit
1583 797 1736 850 latro.
1770 793 1849 850 Ne

236 896 341 950 hoc
362 895 579 965 quidem
608 894 711 949 dici
747 904 943 964 potest,
976 892 1071 947 sed
1104 891 1248 945 nudo
1274 889 1442 946 verbo
1473 890 1703 958 prolato,
1733 887 1847 941 sola

238 989 340 1043 lide
373 987 612 1042 exhibita
644 989 696 1042 in
730 987 1036 1057 paradisum
1079 994 1207 1040 ante
1234 983 1510 1054 apostolos
1540 983 1727 1037 insiliit
1749 1010 1769 1048 ,ν
1794 990 1852 1035 ut

238 1079 508 1148 intelligas
536 1094 640 1131 non
659 1078 775 1146 ejus
798 1078 1121 1147 probitatem
1151 1085 1355 1131 tautmn
1378 1075 1633 1139 valuisse,
1665 1087 1849 1127 vermn

240 1172 451 1225 Domini
476 1172 858 1239 benignitatem
890 1181 1060 1225 totum
1092 1171 1364 1241 negotium
1391 1170 1680 1239 peregisse.
1711 1164 1851 1232 Quid

234 1265 380 1317 enim
426 1264 561 1317 latro
599 1263 771 1317 dixit?
800 1262 928 1331 quid
978 1262 1150 1317 fecit?
1195 1276 1323 1315 nttm
1368 1257 1675 1330 jejuuavit?
1724 1272 1849 1310 num

237 1355 421 1409 ﬂevit?
456 1370 582 1408 num
610 1368 670 1409 se
701 1354 929 1409 amixit?
954 1371 1079 1407 unm
1113 1354 1274 1423 longo
1308 1362 1553 1423 tempore
1580 1350 1849 1420 panitet:-

238 1445 367 1498 tiam
398 1444 682 1498 exhibuit?
726 1443 1071 1515 Nequaquam
1105 1462 1117 1497 :
1152 1443 1247 1499 sed
1290 1443 1341 1496 in
1376 1444 1488 1511 ipsa
1530 1458 1691 1495 crure
1734 1450 1852 1511 post

235 1536 561 1589 sententiam
626 1536 855 1590 salutem
919 1536 1171 1590 obtinuit.
1214 1534 1346 1588 Vide
1374 1534 1708 1588 celeritatem
1760 1550 1771 1585 :
1820 1546 1849 1585 a

235 1641 400 1679 cruce
432 1626 481 1679 in
513 1625 725 1690 cadum,
758 1641 786 1678 a
818 1626 1085 1696 supplicio
1127 1627 1181 1680 in
1232 1625 1485 1679 salutem.
1517 1624 1647 1692 Qme
1692 1638 1852 1691 porro

235 1724 367 1770 sum
394 1716 481 1770 illa
509 1716 706 1771 verba?
734 1732 891 1786 quam
921 1716 1137 1771 tandem
1159 1717 1264 1770 vim
1292 1716 1509 1777 habent,
1536 1725 1592 1769 ut
1619 1718 1720 1769 hoc
1745 1729 1851 1769 nuo

239 1820 385 1861 tanta
418 1817 839 1877 consequeretur
883 1808 1060 1861 bona?
1095 1807 1353 1861 Memento
1394 1808 1525 1872 mei,
1561 1806 1764 1874 inquit,
1796 1806 1850 1858 in

236 1918 397 1971 regno
422 1912 507 1953 tuo
538 1899 688 1968 (Luc.
715 1900 810 1955 ‘23.
841 1901 956 1969 42).
986 1899 1124 1968 Quid
1156 1901 1259 1953 hoc
1282 1900 1357 1952 rei
1385 1898 1681 1953 est?l‘etiit
1708 1899 1847 1953 bona

234 1991 378 2059 dari,
431 2007 535 2046 non
582 1992 836 2060 operibus
880 1992 1009 2062 ipsis
1049 1991 1284 2045 studimu
1337 1990 1504 2044 ul'um
1553 1989 1846 2043 adhibuit:

236 2099 427 2138 verum
466 2083 510 2138 is
554 2083 638 2137 cui
671 2098 765 2137 cor
794 2083 911 2153 ejus
961 2094 1145 2137 notum
1173 2093 1325 2145 erat,
1363 2100 1467 2136 non
1513 2082 1744 2136 attendit
1783 2082 1849 2135 ad

238 2176 401 2231 verba
425 2218 440 2240 ,
472 2175 566 2230 sed
594 2175 661 2229 ad
690 2177 887 2230 mentis
918 2176 1194 2230 affectum.
1225 2174 1358 2229 Nam
1402 2176 1476 2229 illi
1510 2174 1727 2243 quidem
1759 2175 1851 2243 qui

240 2268 626 2338 prophetarum
660 2267 871 2323 fuerant
896 2267 1238 2322 documentis
1271 2268 1553 2331 instructi,
1579 2267 1667 2335 qui
1701 2266 1851 2334 signa

238 2360 505 2425 viderant,
529 2360 619 2430 qui
643 2360 893 2414 miracula
939 2358 1153 2414 fuerant
1198 2359 1569 2426 contemplati,
1607 2358 1673 2412 de
1705 2356 1855 2413 Chri-

236 2462 321 2505 sto
365 2450 652 2505 dicebant:
680 2450 1002 2505 Dtcmonium
1045 2450 1216 2515 habet,
1264 2459 1355 2515 et,
1398 2448 1609 2504 Seducit
1653 2449 1853 2502 turbam

238 2540 455 2610 (.llattlt.
490 2542 574 2595 ll.
607 2541 697 2612 18)
728 2559 741 2596 :
771 2541 909 2596 latro
952 2556 1105 2609 vero,
1133 2542 1224 2611 qui
1258 2539 1546 2610 prophetas
1595 2555 1701 2595 non
1752 2555 1849 2594 au-

237 2632 433 2698 dierat,
453 2634 543 2703 qui
576 2632 815 2704 prodigia
840 2648 948 2687 non
973 2634 1202 2699 viderat,
1228 2632 1319 2703 qui
1343 2635 1392 2688 in
1416 2649 1577 2689 cruce
1602 2631 1853 2689 sufﬁxum

197 2771 212 2782 ,
241 2725 471 2787 viderat,
504 2741 609 2777 non
639 2725 866 2779 attendit
890 2723 955 2777 ad
982 2724 1355 2795 ignominiam,
1388 2740 1495 2780 non
1524 2724 1763 2795 respexit
1786 2724 1854 2779 ad

240 2815 538 2881 infamiam,
570 2815 666 2871 Sed
707 2816 1042 2871 divinitatem
1094 2817 1262 2886 ipsam
1306 2815 1692 2883 considerans,
1741 2814 1855 2870 Me-

238 2918 424 2971 mento,
458 2906 650 2976 inquit,
692 2907 789 2960 mei
818 2907 872 2960 in
898 2922 1053 2978 regno
1094 2916 1201 2962 tuo.
1246 2906 1357 2961 lloc
1391 2922 1523 2961 sane
1570 2922 1767 2960 novum
1799 2913 1856 2962 et

239 3001 575 3055 inusitatum.
607 3001 837 3056 Crucem
867 3001 1036 3065 vides,
1067 3008 1124 3055 et
1164 3001 1314 3070 regni
1354 2998 1683 3054 meministi?
1713 2999 1854 3067 Quid

236 3095 454 3164 dignum
502 3109 669 3165 regno
705 3094 933 3149 vidisti?
967 3094 1253 3149 llominem
1293 3092 1615 3147 cruciﬁxum
1638 3132 1653 3159 ,
1684 3092 1855 3163 alapis

235 3202 462 3254 caesum,
489 3187 727 3257 illusuml
758 3195 1074 3243 accusatum
1096 3229 1112 3255 ,
1144 3188 1317 3259 sputis
1344 3202 1719 3257 conspersum,
1749 3185 1851 3241 ﬂa-

234 3280 493 3350 gellatam
520 3294 533 3331 ε
562 3279 802 3335 haeccine
830 3290 979 3345 sunt,
1007 3295 1191 3350 qumsu
1211 3320 1228 3346 ,
1262 3279 1423 3349 digna
1455 3278 1662 3348 regno?
1694 3277 1854 3333 Vides

234 3388 360 3428 eum
384 3374 559 3428 oculis
595 3373 715 3429 fidei
746 3372 1059 3442 respexisse
1081 3413 1096 3439 ,
1140 3388 1248 3428 non
1275 3387 1338 3427 ea
1364 3387 1486 3442 qua:
1514 3370 1851 3441 apparebant

235 3464 600 3535 expendisse?
628 3464 922 3535 PrOpterea
954 3478 1129 3535 neque
1178 3465 1323 3519 Deus
1364 3465 1506 3519 nuda
1547 3465 1709 3520 verba
1754 3479 1851 3520 ex-

240 3556 543 3626 pendebat,
571 3555 666 3611 sed
700 3565 756 3610 ut
787 3555 878 3610 ille
906 3556 959 3610 in
991 3554 1363 3621 divinitatem,
1392 3555 1472 3611 sic
1504 3555 1645 3610 Deus
1675 3555 1726 3609 in
1755 3569 1852 3610 cor

239 3650 463 3704 latronis
489 3647 831 3719 respiciebat,
859 3656 916 3703 et
953 3646 1029 3703 ait
1058 3663 1073 3705 :
1107 3645 1275 3701 Hodie
1302 3662 1498 3700 mecum
1527 3646 1626 3700 eris
1656 3646 1709 3700 in
1747 3662 1848 3714 pa-

236 3741 411 3795 radiso
441 3738 591 3811 (Luc.
617 3739 707 3795 23.
732 3739 849 3808 45).

316 3833 664 3903 Objectiouetu
693 3832 878 3904 refellit
907 3829 1339 3885 Maniclueorum.
1369 3860 1442 3871 -—-
1469 3830 1584 3887 Hoc
1615 3830 1734 3885 loco
1762 3839 1847 3885 at-

237 3923 473 3981 tendite:
504 3922 770 3995 siquidem
791 3922 1021 3994 qutestio
1046 3939 1153 3978 non
1171 3921 1407 3995 vulgaris
1427 3924 1688 3978 exoritur.
1712 3922 1847 3977 Nam

238 4016 544 4083 lanichmi,
575 4031 740 4073 canes
766 4015 899 4073 muti
920 4023 977 4072 et
997 4015 1192 4081 rabidi,
1226 4016 1465 4087 speciem
1491 4016 1708 4087 quidem
1738 4031 1849 4085 prae

234 4127 299 4167 se
327 4111 509 4168 ferunt
532 4109 836 4176 modestiae,
872 4110 1017 4165 intus
1043 4124 1175 4165 vero
1202 4124 1422 4181 gravem
1467 4124 1661 4165 canum
1702 4110 1849 4163 insa-

244 4203 389 4257 niam
420 4200 625 4266 fovent,
656 4208 712 4255 et
740 4201 858 4255 ovis
888 4200 1027 4271 pelle
1060 4200 1243 4271 lupum
1271 4200 1561 4255 occultant.
1594 4201 1663 4254 At
1694 4208 1750 4254 tu
1778 4215 1848 4256 ne

233 4295 379 4368 quod
410 4302 639 4366 apparet
658 4294 912 4365 aspicias,
943 4309 1130 4349 verum
1162 4294 1309 4349 intus
1337 4292 1591 4349 latentem
1615 4293 1845 4349 bclluam

236 4388 563 4458 pervestiga.
600 4384 690 4440 Isti
729 4401 861 4456 ergo
889 4385 1066 4441 locum
1110 4384 1253 4441 hunc
1278 4385 1601 4456 arripientes
1643 4386 1793 4440 aiunt
1826 4402 1841 4441 :

238 4478 383 4534 Dixit
403 4476 671 4542 Christus,
698 4476 879 4543 Amen,
908 4493 1057 4531 amen
1077 4475 1191 4530 dico
1214 4476 1325 4542 tibi,
1351 4475 1503 4530 hodie
1529 4492 1724 4531 merum
1745 4477 1846 4531 eris

230 4571 288 4623 in
318 4570 563 4638 paradiso
590 4584 611 4623 :
638 4569 799 4640 igitur
822 4568 935 4638 jam
978 4569 1112 4623 facta
1143 4577 1226 4624 est
1253 4558 1520 4624 bonorum
1561 4570 1845 4625 retributio

231 4672 289 4715 et
318 4658 589 4730 superflua
635 4660 739 4714 erit
766 4661 1115 4716 resurrectio.
1163 4659 1221 4714 Si
1258 4660 1402 4716 enim
1444 4660 1536 4715 illo
1565 4660 1655 4716 die
1707 4662 1845 4716 latro

233 4755 373 4810 bona
404 4753 630 4822 recepit,
684 4769 882 4825 corpus
925 4768 1107 4810 autem
1139 4754 1259 4825 ejus
1305 4753 1543 4809 nondum
1588 4755 1657 4810 ad
1702 4754 1843 4812 hunc

236 4860 411 4915 usque
440 4845 584 4901 diem
613 4846 933 4913 resurrexit,
968 4863 1075 4902 non
1106 4847 1213 4901 erit
1257 4847 1514 4916 deinceps
1552 4862 1840 4919 corporum

237 4940 587 4993 resurrectio.
618 4938 888 5009 Numquid
920 4939 1265 4995 intellexistis
1295 4940 1437 5010 quod
1472 4940 1744 5009 diximus,
1771 4958 1841 4998 an

230 5044 365 5084 vero
394 5029 586 5084 iterum
616 5030 744 5085 illud
772 5030 877 5086 dici
918 5048 1136 5087 necesse
1160 5033 1287 5088 est?
1314 5031 1475 5087 Amen
1494 5074 1508 5099 ,
1541 5051 1692 5089 amen
1723 5035 1840 5091 dico

229 5122 344 5187 tibi,
373 5122 525 5179 hodie
548 5139 747 5177 mecum
772 5124 871 5178 eris
892 5124 943 5177 in
966 5126 1225 5195 paradiso.
1252 5124 1532 5197 Ingressus
1547 5136 1630 5182 est
1657 5127 1838 5199 igitur,

236 5212 431 5282 inquit,
484 5215 536 5267 iu
575 5214 881 5283 paradisum
920 5216 1054 5270 latro
1098 5232 1206 5272 non
1247 5232 1369 5273 cum
1415 5233 1642 5288 oorpore
1686 5236 1841 5290 :quo

237 5306 380 5359 enim
428 5315 604 5375 parto,
637 5322 759 5361 cum
805 5308 1074 5378 sepultura
1123 5325 1230 5364 non
1271 5319 1417 5370 esset
1462 5326 1658 5381 corpus
1683 5312 1830 5382 ejus,

233 5409 415 5464 neque
458 5396 777 5453 dissolutum
803 5440 819 5466 ,
849 5409 901 5454 ct
954 5400 1007 5456 in
1048 5400 1262 5457 cineres
1306 5400 1618 5457 redactum?
1666 5422 1841 5475 neque

234 5485 437 5541 dictum
487 5502 710 5558 usquam
770 5490 869 5545 fuit
919 5494 1295 5548 rcsuscitatum
1350 5492 1498 5547 illurn
1551 5509 1582 5548 a
1622 5492 1839 5552 Christo

238 5576 421 5633 fuisse.
448 5578 600 5647 Quod
618 5581 663 5635 si
688 5580 951 5638 latronem
971 5584 1285 5648 introduxit,
1310 5596 1361 5640 et
1388 5585 1590 5655 absque
1610 5602 1841 5658 corpore

232 5670 391 5723 bouis
418 5673 617 5739 potitus
642 5682 745 5737 est,
789 5676 1128 5732 manilcstnm
1170 5686 1252 5731 cst
1295 5679 1537 5746 corporis
1581 5696 1824 5735 resurre-

241 5760 470 5819 ctionem
501 5778 609 5819 non
639 5780 779 5822 esse.
807 5764 940 5823 Nam
971 5768 1016 5824 si
1046 5774 1295 5839 corporis
1316 5780 1456 5824 esset
1487 5775 1833 5841 resurrectio,

1517 306 1582 361 1N
1622 302 1919 361 GICNESIM
1962 301 2195 356 SERMO
2239 298 2346 353 γη.

3470 300 3570 358 614

1963 431 2067 472 noo
2096 414 2356 472 dixisset:
2391 412 2560 467 Hodie
2599 430 2791 467 mecum
2821 415 2919 466 eris
2950 414 3000 465 in
3033 411 3308 479 paradiso,
3358 413 3472 480 ςριΙ,
3511 415 3566 469 ln

1961 518 2206 577 tempore
2249 505 2767 569 consummationis,
2819 503 3037 575 quando
3078 506 3402 559 resurrectio
3454 523 3577 560 eor-

1960 615 2152 670 pormu
2182 602 2305 654 erit.
2336 598 2489 665 Quod
2520 599 2563 651 si
2592 599 2704 667 jam
2730 599 2993 652 latronem
3029 597 3347 662 introduxit,
3373 614 3572 669 Corpus

1959 703 2137 746 autem
2188 693 2305 761 ejus
2349 691 2477 744 foris
2520 699 2838 759 corruptum
2886 689 3176 753 remansit,
3208 690 3367 759 plane
3411 690 3578 761 liquet

1962 798 2248 852 corporum
2280 782 2737 837 resurrectionem
2781 797 2888 835 non
2929 796 3072 836 esse.
3104 782 3281 850 Atque
3312 782 3427 836 haec
3455 784 3575 852 qui-

1960 874 2083 929 dem
2117 874 2189 928 illi
2220 891 2233 929 :
2262 874 2374 943 jam
2408 887 2537 927 vero
2567 889 2685 943 qua:
2734 888 2761 925 a
2803 872 2959 926 nobis
2992 872 3409 942 proficiscuntur
3436 876 3578 930 acci-

1963 968 2105 1036 pite;
2142 968 2249 1021 imo
2299 982 2428 1021 vero
2469 982 2574 1019 non
2619 980 2741 1035 qme
2788 981 2817 1019 a
2860 964 3053 1031 nobis,
3096 964 3190 1019 sed
3220 980 3339 1034 qua:
3366 980 3394 1019 a
3424 980 3579 1021 saera

1959 1060 2233 1130 Scriptura
2264 1069 2390 1113 sunt
2415 1077 2427 1111 :
2457 1073 2631 1127 neque
2653 1059 2796 1112 enim
2819 1072 2939 1126 qua:
2962 1067 3144 1111 nostra
3166 1066 3295 1111 sunt
3325 1058 3577 1123 dicimus,

1960 1152 2055 1205 Sed
2085 1170 2205 1222 qua:
2233 1152 2467 1222 Spiritus
2498 1152 2694 1205 sancti.
2728 1151 2865 1218 Quid
2898 1151 3019 1203 ais?
3049 1168 3152 1203 non
3186 1153 3326 1206 venit
3353 1152 3402 1205 in
3431 1168 3579 1208 com-

1962 1244 2275 1298 munionem
2322 1258 2648 1297 rorouarum
2693 1243 2861 1296 caro?
2893 1242 2999 1295 Sed
3046 1244 3096 1295 in
3138 1244 3578 1310 connuuuionem

1961 1337 2178 1405 quidem
2225 1336 2468 1390 laborum
2515 1336 2683 1401 venit,
2736 1335 2970 1404 pra-miis
3022 1349 3153 1389 vero
3201 1336 3478 1403 privatur?
3528 1349 3585 1392 et

1960 1427 2177 1497 quando
2208 1428 2526 1485 certandum
2556 1426 2775 1497 quidem
2810 1426 2927 1491 fuit,
2953 1428 3215 1495 majorem
3253 1439 3458 1497 partem
3491 1445 3580 1483 su-

1960 1518 2154 1573 dorum
2181 1519 2467 1583 sustinuit;
2492 1517 2707 1587 quando
2735 1533 2862 1572 vero
2891 1532 3215 1571 coronarum
3251 1528 3462 1588 tempus
3489 1524 3583 1573 atl-

1962 1612 2082 1678 fuit,
2114 1613 2291 1667 anima
2338 1613 2452 1667 sola
2503 1613 2837 1666 coronatur?
2867 1612 2983 1667 Neu
3030 1613 3183 1666 audis
3229 1614 3449 1669 Paulum
3502 1617 3583 1670 di-

1962 1708 2219 1761 centem?
2261 1707 2416 1761 Stare
2456 1724 2548 1760 nos
2589 1716 2788 1773 oportet
2838 1717 2957 1760 ante
2997 1707 3224 1761 tribunal
3268 1708 3478 1776 (Sin-isti,
3527 1722 3583 1764 ut

1961 1798 2149 1867 referat
2184 1800 2529 1869 unusquisque
2558 1799 2768 1868 prapria
2794 1800 3027 1869 corporis
3048 1840 3061 1864 ,
3098 1808 3248 1867 prout
3273 1802 3447 1870 gessit,
3481 1803 3584 1855 sire

1961 1892 2171 1959 bonum,
2204 1896 2306 1947 sive
2328 1896 2517 1947 malum
2548 1894 2726 1965 (liam.
2756 1896 2841 1949 Η.
2875 1894 2959 1949 10.
2989 1895 3059 1959 2;
3092 1895 3209 1948 Cor.
3244 1898 3296 1951 5.
3332 1897 3440 1965 l0).
3467 1898 3581 1952 Non

1961 1987 2116 2040 audis
2158 1988 2332 2056 ipsmn
2384 2003 2571 2042 rursus
2618 1987 2928 2043 dicentem:
2966 1988 3182 2059 Oportet
3222 1992 3443 2045 mortale
3488 1992 3584 2046 hoc

1962 2079 2177 2133 induere
2217 2078 2687 2144 iutmortalitatem,
2742 2088 2790 2132 et
2843 2080 3177 2149 corruptibile
3223 2083 3320 2134 ltoc
3369 2082 3584 2139 induere

1962 2174 2405 2242 incorruptionem
2429 2173 2505 2243 (l.
2541 2171 2660 2227 Cor.
2696 2173 2784 2226 15.
2820 2172 2955 2242 53)?
2985 2172 3251 2226 Mortale?
3278 2174 3585 2242 quodnam?

1963 2268 2198 2321 animam
2227 2282 2293 2319 an
2328 2266 2566 2336 corpus?
2598 2265 2749 2319 llaud
2787 2264 3043 2328 dubium,
3076 2266 3202 2333 quin
3233 2280 3431 2336 corpus
3463 2286 3475 2321 :
3504 2270 3583 2323 sic

1963 2356 2182 2425 quidem
2208 2357 2385 2411 anima
2418 2366 2603 2411 natura
2632 2370 2727 2410 sua
2755 2365 2839 2410 est
2866 2356 3221 2421 immortalis;
3243 2370 3447 2426 corpus
3478 2375 3578 2413 au-

1965 2458 2071 2503 tem
2099 2460 2287 2502 natura
2314 2449 2540 2503 mortale
2565 2458 2667 2502 est.
2702 2451 2772 2501 At
2793 2448 2936 2501 enim
2960 2447 3130 2500 multa
3153 2462 3217 2501 cx
3251 2449 3368 2502 istis
3392 2448 3467 2503 illi
3496 2467 3584 2504 rc-

1964 2549 2183 2594 secant:
2205 2549 2443 2594 attamen
2461 2555 2526 2594 ex
2549 2540 2653 2593 illis
2673 2540 2804 2608 ipsis
2820 2554 2940 2608 qum
2963 2550 3187 2605 reSIant,
3202 2542 3583 2610 cognationem

1963 2649 2153 2689 eorum
2170 2649 2288 2703 qute
2308 2641 2516 2687 resecta
2546 2640 2672 2687 sunt
2693 2630 3185 2701 deprchendemus.
3208 2632 3489 2703 Ingressus
3502 2644 3587 2690 cst

1964 2727 2104 2782 latro
2149 2728 2201 2782 in
2235 2726 2575 2799 paradisum,
2611 2726 2803 2797 inquit.
2844 2726 2984 2794 Quid
3031 2736 3143 2780 tum
3186 2726 3415 2795 postea?
3454 2744 3582 2782 num

1963 2820 2109 2875 enim
2138 2820 2253 2874 haec
2281 2820 2367 2873 illa
2399 2827 2525 2873 sunt
2553 2818 2715 2886 bona,
2743 2833 2865 2889 quat.
2895 2818 3050 2872 nobis
3082 2817 3222 2871 Deus
3255 2818 3585 2887 pollicetur?

2036 2915 2091 2968 5.
2121 2913 2237 2967 Non
2260 2913 2413 2967 audis
2439 2913 2566 2983 quid
2599 2912 2666 2966 de
2694 2912 2851 2966 bouis
2881 2911 2987 2965 illis
3020 2910 3216 2965 Paulus
3243 2911 3431 2965 dicat?
3459 2911 3588 2978 Qum

1964 3007 2145 3060 oculus
2172 3022 2273 3059 non
2303 3005 2450 3068 vidit,
2481 3014 2525 3057 et
2550 3003 2692 3057 auris
2722 3019 2826 3056 non
2848 3001 3067 3067 audivit,
3091 3011 3137 3054 et
3162 3002 3216 3055 in
3244 3018 3333 3056 cor
3364 3004 3588 3063 hominis

1965 3115 2069 3153 non
2107 3097 2446 3152 ascenderunt
2474 3096 2552 3166 (i.
2603 3093 2724 3149 Cor.
2767 3093 2826 3147 2.
2858 3090 2950 3164 9):
2980 3090 3128 3161 atqui
3173 3091 3484 3163 paradisum
3528 3103 3590 3151 et

1963 3192 2153 3247 oculus
2188 3191 2320 3245 vidit
2350 3189 2564 3252 Adami,
2594 3199 2647 3244 et
2675 3187 2822 3241 auris
2866 3186 3095 3250 audivit,
3132 3193 3187 3240 et
3210 3200 3308 3241 cor
3350 3185 3590 3243 hominis

1962 3285 2222 3352 excepit:
2254 3282 2440 3336 multis
2462 3283 2607 3335 enim
2642 3282 2752 3349 jam
2778 3279 2974 3333 ‘diebus
3001 3278 3068 3333 de
3110 3278 3206 3332 illo
3246 3278 3409 3334 verba
3448 3279 3585 3335 fact-

1962 3390 2082 3430 mus
2114 3395 2125 3429 :
2160 3373 2436 3445 quomodo
2468 3372 2629 3443 igitur
2671 3372 2810 3424 bona
2843 3370 2982 3424 latro
3017 3367 3266 3439 recepit?
3290 3368 3408 3423 Non
3434 3370 3584 3426 enim

1959 3470 2100 3525 sein
2149 3466 2450 3539 paradisum
2492 3479 2591 3520 nos
2630 3462 3058 3518 iutroducturum
3108 3460 3373 3530 promittit
3402 3461 3583 3528 Deus,

1958 3563 2054 3619 sed
2079 3562 2130 3617 in
2162 3564 2338 3631 ipsum
2360 3561 2552 3616 castum
2584 3576 2597 3614 :
2630 3572 2803 3629 neque
2826 3572 3049 3627 regnum
3079 3556 3333 3628 paradisi,
3367 3557 3461 3613 sed
3491 3574 3582 3616 re-

1958 3671 2124 3728 gnum
2150 3654 2408 3709 caelorum
2443 3651 2772 3723 pra-dicavit.
2807 3649 2968 3720 Coepit
3008 3649 3175 3711 enim,
3211 3648 3421 3720 inquit,
3447 3668 3584 3722 pra:-

1959 3747 2152 3812 dicare,
2193 3756 2239 3799 et
2290 3744 2481 3809 dicere,
2515 3741 2874 3797 Pmuitentiam
2915 3740 3052 3811 agite
3097 3738 3315 3809 (Matth.
3362 3741 3418 3797 6.
3452 3743 3567 3814 l7)i

1958 3836 2393 3910 appropinquavit
2416 3835 2587 3901 enim,
2618 3847 2725 3888 non
2770 3846 2997 3911 regnum
3041 3830 3299 3901 paradisi,
3348 3832 3467 3898 sed,
3501 3849 3586 3889 rs-

1958 3946 2117 4002 gmnu
2154 3928 2421 3983 ca’lorum.
2450 3924 2585 3981 Nam
2615 3936 2668 3979 tu
2706 3923 2927 3995 quidem
2968 3914 3279 3994 paradisum
3322 3926 3578 3992 amisisti,

1963 4023 2107 4078 Deus
2131 4032 2310 4077 autem
2353 4018 2546 4074 caelum
2573 4016 2667 4072 tibi
2698 4014 2868 4078 dedit.
2916 4023 2975 4070 ut
3004 4028 3118 4069 sua:
3165 4014 3258 4069 tibi
3299 4016 3581 4085 specimen

1959 4115 2145 4171 ederet
2185 4112 2560 4183 benignitatis,
2600 4124 2665 4165 ac
2695 4107 2914 4163 diabolo
2953 4106 3197 4162 dolorem
3229 4106 3492 4176 inureret,
3525 4122 3583 4166 et

1956 4205 2288 4268 ostenderet,
2311 4203 2522 4258 tametsi
2548 4202 2863 4257 innumeras
2889 4199 2979 4254 ille
3002 4202 3054 4253 lu
3080 4213 3255 4270 genus
3277 4198 3587 4259 humanum

1958 4297 2185 4353 insidias
2226 4296 2508 4361 moliatur,
2541 4293 2675 4351 nihil
2728 4303 2910 4349 tamen
2949 4292 3055 4348 hoc
3083 4293 3163 4347 illi
3206 4294 3575 4364 profuturum,

1955 4404 2078 4445 cum
2109 4389 2251 4445 Deus
2286 4402 2502 4458 semper
2528 4387 2790 4456 majorem
2817 4385 2885 4441 ad
2928 4385 3186 4441 honorem
3234 4400 3335 4440 nos
3358 4388 3575 4445 evehat.

1955 4480 2198 4537 Amisisti
2248 4494 2380 4552 ergo
2424 4479 2768 4551 paradisum,
2816 4486 2871 4534 et
2914 4478 3110 4533 cadum
3159 4477 3253 4533 tibi
3300 4478 3442 4535 Deus
3486 4491 3574 4531 τας

1953 4574 2200 4629 seravit:
2250 4571 2579 4642 temporaria
2633 4569 2818 4625 labore
2866 4567 3156 4624 damnatus
3206 4582 3299 4635 es,
3354 4579 3408 4625 ct
3458 4572 3573 4629 vita

1952 4675 2155 4721 aeterna
2180 4664 2489 4721 decoratus.
2521 4660 2786 4732 Praecepit
2817 4668 2978 4716 terra:
3010 4667 3068 4714 ut
3087 4661 3273 4731 spinas
3301 4662 3576 4731 proferret

1952 4773 2016 4813 ac
2047 4756 2310 4823 tribulos,
2340 4766 2397 4812 et
2442 4754 2674 4810 fructum
2721 4752 2817 4809 tibi
2865 4751 3100 4821 Spiritus
3142 4751 3321 4807 anima
3366 4756 3574 4823 germi-

1952 4851 2100 4906 navit
2128 4849 2283 4924 (Gen.
2315 4850 2369 4906 '5.
2416 4848 2531 4919 l8).
2565 4846 2731 4902 Vides
2762 4855 2822 4901 ut
2866 4846 3102 4915 majores
3132 4847 3244 4901 sint
3280 4846 3454 4916 prunis
3486 4848 3572 4903 fa-

1950 4947 2209 5009 cultates,
2230 4951 2299 4999 ‘ut
2328 4942 2625 5012 ampliores
2650 4941 2760 4997 sint
2793 4939 3031 4996 divitiae?
3060 4939 3304 5008 Exempli
3349 4954 3515 4998 causa
3549 4954 3573 5001 :

1954 5039 2206 5095 formavit
2233 5038 2377 5093 Deus
2416 5036 2691 5091 hominem
2722 5049 2755 5091 e
2786 5044 2930 5089 terra
2970 5042 3028 5089 et
3077 5048 3237 5103 aqua,
3284 5033 3574 5106 ipsumque

1953 5133 2133 5203 posuit
2158 5131 2210 5186 in
2239 5129 2510 5201 paradiso.
2540 5126 2658 5182 Non
2684 5127 2857 5182 evasit
2900 5126 3056 5180 honre
3103 5123 3269 5196 frugis
3291 5165 3305 5187 ,
3336 5126 3427 5195 qui
3457 5126 3573 5183 for-

1951 5236 2127 5280 matus
2153 5223 2346 5290 fuerat,
2375 5220 2470 5277 sed
2496 5222 2822 5291 depravatus
2853 5230 2972 5274 est:
3010 5234 3115 5274 non
3138 5218 3250 5288 jam
3279 5234 3310 5274 e
3341 5226 3485 5276 terra
3518 5233 3576 5278 ct

1949 5332 2085 5384 aqua
2114 5315 2288 5385 ipsum
2320 5301 2554 5382 reﬁngit,
2583 5311 2676 5367 sed
2707 5327 2772 5368 ex
2800 5326 2939 5382 aqua
2965 5322 3020 5367 et
3047 5310 3249 5379 Spiritu
3282 5328 3295 5365 :
3326 5327 3432 5365 non
3454 5313 3569 5382 jam

1950 5408 2024 5462 illi
2070 5407 2413 5477 paradisum,
2443 5405 2537 5461 sed
2581 5421 2803 5475 regnum
2845 5404 3103 5459 caelorum
3144 5403 3453 5474 pollicetur.
3501 5406 3571 5461 Et

1948 5516 2056 5570 quo
2084 5510 2238 5569 pacto
2262 5499 2311 5553 id
2337 5498 2446 5565 liat,
2476 5498 2623 5552 andi.
2651 5496 2786 5552 Cum
2809 5498 2954 5552 enim
2982 5496 3233 5567 princeps
3251 5494 3567 5553 Judazorunt

1955 5592 2280 5647 Nicodamus
2315 5594 2495 5660 lapsus
2520 5600 2695 5655 esset,
2726 5599 2778 5644 ct
2813 5590 2972 5659 hujus
3006 5591 3131 5644 vitae
3165 5590 3360 5644 natalia
3394 5590 3571 5659 impn-

1951 5695 2118 5750 reret,
2170 5684 2502 5754 diceretque,
2555 5685 2670 5738 lieri
2715 5700 2821 5736 non
2872 5698 3063 5752 posse.
3096 5692 3150 5736 ut
3190 5697 3357 5736 senex
3387 5681 3570 5738 denuo

1954 5785 2286 5840 nasceretur,
2309 5793 2327 5827 κ
2342 5775 2427 5832 ὶτιυ
2448 5792 2554 5847 quo
2578 5785 2733 5845 pacto
2753 5774 3003 5830 Christus
3027 5773 3100 5828 Illi
3128 5773 3327 5828 clarius
3348 5771 3570 5829 modum
