4186 6324
627 418 728 473 6Ιῆ

625 533 840 606 detegat
867 530 1140 586 natalium.
1170 527 1286 581 Nisi
1322 527 1432 583 anis
1449 534 1596 578 natus
1609 523 1759 594 fuerit
1781 537 1844 576 ea:
1863 535 1996 591 aqua
2016 527 2062 574 et
2085 515 2213 584 Spi-

630 641 649 675 r
660 625 752 688 itu,
770 640 867 677 non
881 630 1037 690 potest
1049 617 1319 674 introiroin
1331 632 1537 687 regnum
1550 616 1789 670 celarunt
1805 611 1961 682 (Joan
1976 611 2032 666 .3
2045 611 2098 664 ,4
2115 608 2217 669 .5).

641 716 695 768 Si
749 714 906 782 igitur
956 724 1175 781 regnum
1215 707 1470 764 ca-lormn
1511 706 1783 776 prottiisit,
1819 707 1870 758 in
1917 701 2217 772 paradisum

631 819 807 860 autem
826 804 1088 857 latronem
1112 801 1427 865 introduxit,
1447 798 1680 853 nondum
1704 798 1777 851 illi
1798 797 1933 850 bona
1951 791 2219 849 retribuit.

705 894 842 963 Quid
878 894 1079 947 nomine
1113 892 1340 962 paradisi
1378 893 1442 945 sit
1484 889 1888 960 intelligendum.
1924 913 1997 926 —
2025 885 2218 940 Verum

632 984 772 1039 aliud
826 992 1082 1053 praeterea
1123 980 1373 1053 quiddam
1416 979 1690 1050 objiciunt.
1744 978 2076 1041 Paradisum,
2137 977 2218 1030 in-

630 1075 840 1144 quiunt,
875 1074 976 1128 hoc
1006 1084 1158 1138 loco,
1187 1087 1292 1126 non
1325 1072 1626 1140 paradisum
1656 1069 1827 1135 dixit,
1862 1071 1956 1124 sed
1990 1069 2219 1138 paradisi

635 1166 851 1223 nomine
892 1178 1114 1233 regnum
1143 1161 1397 1219 ett-lorum
1443 1160 1764 1232 designavit.
1795 1159 1928 1216 Nam
1978 1161 2098 1228 quia
2143 1161 2219 1213 ll-

633 1265 840 1312 trenom
892 1253 1291 1321 alloquebatur,
1327 1251 1598 1308 hominem
1642 1252 1734 1322 qui
1766 1251 2080 1306 sublimibus
2131 1253 2200 1302 tto

630 1344 897 1415 gmatibns
937 1343 1169 1400 imbutus
1200 1358 1306 1398 non
1351 1344 1558 1410 fuerat,
1607 1357 1779 1413 neque
1824 1342 1893 1397 de
1945 1341 2221 1412 prophetia

631 1435 922 1508 quidquam
951 1445 1192 1502 noverat,
1225 1435 1320 1490 sed
1339 1449 1501 1489 omne
1530 1444 1738 1503 tempus
1759 1434 1812 1487 in
1843 1433 2070 1487 desertis
2095 1431 2223 1484 locis

633 1534 993 1597 transegerat,
1019 1526 1300 1596 caedesque
1330 1532 1584 1593 patrarat,
1615 1538 1788 1593 neque
1817 1522 1881 1574 ad
1910 1521 2222 1576 concionem

632 1635 884 1689 nunquam
909 1619 961 1672 in
991 1619 1217 1676 transitu
1243 1616 1558 1682 declinarat,
1587 1630 1761 1685 neque
1782 1630 1950 1670 sacra:
1976 1614 2225 1669 lectionis

636 1709 903 1776 particeps
937 1707 1142 1771 fuerat,
1186 1721 1360 1775 neque
1403 1704 1528 1776 quid
1577 1704 1792 1760 tandem
1821 1713 1966 1759 esset
2003 1718 2222 1773 regnum

634 1799 883 1860 taslorum
913 1806 1157 1862 noverat,
1192 1797 1294 1851 hoc
1330 1794 1546 1852 dicebat
1576 1813 1588 1849 :
1626 1793 1794 1850 Hodie
1818 1811 2012 1849 mecum
2048 1795 2144 1848 eris
2171 1795 2224 1847 in

635 1889 878 1958 paradiso
912 1888 1062 1958 (Luc.
1093 1889 1184 1944 25.
1222 1889 1348 1959 45);
1383 1887 1576 1943 notiori
1605 1897 1654 1941 et
1701 1888 1962 1942 usitatiori
2009 1889 2226 1943 nomine

633 1982 861 2052 paradisi
895 1997 1116 2052 regnum
1144 1981 1396 2035 eazlorum
1427 1980 1718 2050 signiﬁcat,
1745 1988 1798 2034 et
1836 1980 1904 2034 de
1935 1980 2026 2034 illo
2067 1979 2223 2035 Chri-

637 2084 752 2129 stus
795 2073 865 2127 ad
923 2073 1095 2142 ipsum
1141 2071 1300 2130 verba
1356 2070 1504 2126 facit.
1559 2070 1817 2125 Admitto.
1868 2069 2021 2127 Unde
2066 2071 2225 2142 igitur

633 2173 847 2224 ecustat
886 2163 1060 2233 ipsum
1103 2164 1155 2218 in
1191 2178 1411 2233 regnum
1439 2162 1694 2217 ea-lorum
1743 2163 2037 2232 ingressum
2070 2165 2226 2219 esse?

637 2258 718 2316 Ex
746 2273 812 2312 eo
837 2261 984 2326 quod
1023 2256 1239 2320 dixerit,
1277 2254 1445 2309 Hodie
1491 2272 1684 2309 nierum
1729 2258 1827 2310 eris
1863 2257 1916 2310 in
1957 2258 2220 2326 paradiso.

634 2349 785 2416 Quod
813 2349 858 2404 si
889 2349 1170 2405 violentior
1191 2347 1308 2404 hate
1334 2349 1530 2403 solutio
1561 2347 1825 2416 videatur,
1852 2350 2224 2405 dilucidiorcm

632 2441 1002 2511 adiungemus.
1044 2443 1298 2507 Qumnam
1326 2439 1414 2493 illa
1457 2453 1616 2509 porro
1644 2442 1761 2494 est?
1785 2439 2031 2496 Christus
2070 2442 2222 2508 dixit,

638 2535 738 2599 Qui
784 2550 884 2587 non
920 2533 1078 2587 credit
1120 2551 1172 2586 in
1222 2532 1435 2596 Filium,
1458 2534 1573 2602 jam
1611 2533 1879 2602 judicatus
1927 2547 1998 2589 est
2046 2534 2223 2604 (Joau.

631 2623 686 2677 5.
720 2623 829 2690 18).
866 2622 1001 2690 Quid
1044 2622 1237 2692 igitur?
1259 2622 1728 2694 jamnejudicatus
1755 2625 1873 2679 est?
1905 2627 2062 2696 Al'ltli
2089 2643 2224 2682 non-

633 2714 759 2769 dum
789 2721 873 2767 est
901 2713 1225 2767 resurrectio
1245 2754 1260 2779 ,
1289 2711 1524 2767 nondum
1567 2715 1886 2783 supplicium
1929 2727 1979 2770 et
2011 2732 2181 2784 poma:
2212 2737 2226 2773 :

632 2805 902 2876 quomodo
929 2820 1060 2875 ergo
1082 2804 1191 2874 jam
1218 2804 1483 2874 judicatus
1510 2807 1629 2861 est?
1656 2807 1878 2876 Propter
1916 2819 2223 2876 peccatum.

635 2897 700 2952 Et
730 2911 913 2951 rursus
944 2911 965 2960 ξ
1008 2895 1110 2962 Qui
1149 2897 1308 2949 credit
1352 2896 1401 2949 in
1429 2895 1478 2948 F
1479 2897 1643 2962 ilium,
1693 2898 1882 2966 inquit,
1909 2900 2138 2953 transivit
2165 2901 2228 2955 de

634 2998 792 3042 morte
819 2989 890 3042 ad
915 2990 1068 3042 vitam
1091 2986 1270 3059 (lacn.
1303 2988 1354 3043 5.
1386 2985 1500 3059 21).
1527 2987 1706 3059 Neque
1731 2989 1894 3054 dixit,
1921 2989 2246 3058 Transibith

633 3080 728 3138 sed
749 3123 760 3139 .
784 3081 893 3151 jam
927 3080 1200 3145 Transivit,
1224 3090 1280 3136 et
1307 3081 1392 3136 hic
1410 3097 1594 3136 r'trsus
1620 3093 1834 3152 propter
1856 3086 2048 3138 bonum
2069 3100 2225 3155 opus,

633 3183 691 3232 et
718 3173 806 3228 ille
850 3189 1036 3229 rursus
1077 3185 1295 3244 propter
1339 3185 1632 3244 peceatum.
1674 3176 1740 3230 [ι
1770 3177 1929 3246 igitur
1965 3193 2128 3232 unus
2141 3180 2225 3248 ju-

635 3263 844 3319 dicatus
877 3275 977 3327 est,
1009 3279 1128 3318 cum
1164 3265 1398 3318 nondum
1429 3264 1586 3318 fuerit
1612 3265 1900 3335 judicatus,
1931 3269 2068 3323 alter
2096 3286 2227 3339 quo-

635 3368 742 3424 que
770 3353 1013 3408 transivit
1051 3353 1118 3407 ad
1149 3354 1309 3408 vitam
1333 3395 1348 3420 ,
1389 3369 1507 3408 cum
1560 3356 1794 3411 nondum
1847 3361 2145 3427 transierit,
2176 3373 2231 3418 et

636 3457 743 3503 tam
782 3447 857 3502 ad
895 3461 1058 3501 unum
1109 3445 1180 3500 ob
1224 3448 1423 3501 bonum
1470 3464 1640 3515 opus,
1687 3465 1844 3517 quam
1896 3452 1959 3505 ad
2002 3452 2226 3508 altermn

634 3539 704 3595 ob
730 3547 1027 3610 peccatum,
1059 3537 1211 3608 quasi
1234 3537 1342 3607 jam
1371 3554 1458 3591 res
1482 3539 1793 3606 acciderint,
1824 3557 1944 3595 rum
1991 3545 2226 3598 nondum

635 3630 949 3697 acciderint,
982 3630 1144 3686 verba
1191 3629 1355 3685 facit:
1395 3631 1472 3684 sic
1512 3640 1564 3686 et
1597 3631 1661 3685 ad
1708 3633 1965 3688 latronem
1997 3635 2226 3691 dicebat.

636 3720 770 3776 Nam
796 3730 850 3775 et
877 3721 1070 3776 medici
1102 3730 1380 3791 postquam
1410 3721 1637 3792 aliquem
1657 3724 1996 3792 desperatum
2029 3727 2227 3792 vident,

641 3828 764 3868 cum
779 3812 1004 3882 periisse
1018 3811 1125 3882 jam
1149 3821 1204 3867 et
1230 3821 1494 3867 mortuum
1518 3829 1638 3869 esse
1657 3815 1864 3882 dicunt,
1889 3820 2102 3872 tametsi
2125 3821 2232 3887 spi-

644 3913 852 3961 rantem
878 3903 1055 3959 adhuc
1101 3904 1393 3961 intuentur.
1426 3905 1532 3960 Sed
1570 3917 1623 3960 ιιι
1657 3907 1766 3972 ille,
1797 3911 2046 3977 quoniam
2085 3913 2229 3966 nulla

642 4003 890 4066 superest
919 4011 1042 4067 spes
1067 3996 1183 4067 ejus
1209 3995 1417 4065 salutis,
1447 3999 1583 4067 apud
1608 4000 1842 4054 medicos
1858 4001 1967 4071 jatn
1992 4015 2233 4059 mortuus

644 4099 728 4145 est
756 4106 771 4144 ε
799 4089 878 4144 sic
916 4090 1078 4144 etiam
1108 4090 1278 4157 latro,
1325 4093 1574 4159 quoniam
1618 4093 1910 4161 perieulum
1958 4113 2115 4151 omne
2142 4114 2230 4153 re-

643 4179 906 4235 versionis
935 4180 1000 4234 ad
1030 4179 1380 4248 perditionem
1404 4181 1513 4250 jam
1546 4194 1807 4249 evaserat,
1840 4186 1892 4240 in
1922 4189 2112 4240 ert-lum
2147 4205 2229 4242 m-

647 4271 826 4324 travit.
850 4269 941 4325 Sic
972 4270 1131 4324 etiam
1175 4269 1377 4324 audivit
1405 4271 1573 4324 Adam
1610 4289 1621 4323 :
1657 4273 1769 4339 Quo
1797 4275 1876 4329 die
1915 4287 2082 4331 autem
2117 4281 2234 4334 ede-

654 4362 767 4417 tzitis
791 4377 853 4416 ex
877 4377 958 4428 eo,
987 4371 1147 4415 morte
1169 4362 1455 4415 moriemini
1481 4361 1630 4434 (Gen.
1661 4365 1716 4415 εὶ.
1753 4366 1859 4436 l7).
1885 4368 2019 4434 Quid
2044 4371 2233 4439 igitur?

644 4473 713 4510 an
760 4456 850 4511 illo
876 4456 995 4526 ipso
1026 4455 1114 4510 die
1156 4465 1398 4510 mortuus
1439 4455 1558 4509 est?
1590 4455 1955 4527 Nequaquam,
1991 4461 2083 4515 sed
2115 4473 2236 4532 post

643 4547 790 4602 illum
816 4546 959 4602 diem
985 4555 1283 4617 nongentos
1307 4547 1434 4600 vixit
1455 4557 1510 4600 et
1529 4548 1707 4616 plures
1731 4565 1920 4604 annos.
1947 4552 2054 4605 Cur
2077 4555 2235 4623 igitur

647 4640 782 4694 dixit
808 4639 974 4700 Deus,
1008 4638 1098 4692 llla
1143 4639 1253 4707 ipsa
1289 4637 1376 4693 die
1414 4639 1752 4694 moriemini?
1781 4641 2073 4710 Sententia,
2127 4663 2232 4701 non

655 4729 1004 4798 experientia.
1039 4727 1129 4782 Sic
1163 4729 1324 4782 etiam
1355 4730 1490 4783 latro
1523 4731 1571 4783 in
1605 4731 1791 4784 ca-lum
1832 4736 2099 4804 ingressus
2129 4749 2231 4793 est.

653 4821 784 4875 Audi
814 4834 964 4883 sane,
991 4818 1115 4888 quid
1145 4817 1285 4873 dicat
1313 4819 1528 4883 Paulus,
1562 4830 1618 4873 ut
1647 4823 1911 4877 neminem
1940 4826 2111 4881 adlmc
2141 4829 2233 4884 bo-

653 4926 840 4965 norum
881 4908 1284 4964 retributionem
1326 4910 1598 4977 accepisse
1645 4910 1919 4968 declaret:
1967 4931 2085 4969 nam
2113 4934 2231 4973 cum

647 5001 715 5054 dc
745 4999 1020 5070 prophetis
1046 5014 1108 5052 ac
1126 4999 1283 5068 justis
1304 4999 1614 5066 dissereret,
1638 5002 1832 5074 adjecit
1862 5022 1873 5056 :
1897 5004 2062 5060 Juxta
2083 5010 2234 5077 [idem

653 5093 878 5152 defuncti
907 5099 1024 5143 sunt
1055 5091 1137 5143 isti
1163 5105 1352 5153 omnes,
1380 5106 1491 5143 cum
1524 5095 1934 5161 repromissiones
1961 5114 2058 5150 non
2089 5116 2234 5154 acce-

651 5191 857 5250 pissent,
885 5182 974 5236 sed
1001 5199 1032 5235 a
1061 5183 1208 5252 longe
1234 5198 1316 5236 eas
1345 5184 1674 5252 aspexissent,
1703 5198 1748 5240 et
1777 5187 2096 5255 salutassent,
2132 5192 2237 5247 Deo

652 5275 827 5330 melius
863 5273 1056 5343 aliquid
1094 5290 1185 5343 pro
1213 5273 1356 5327 nobis
1391 5275 1712 5342 providente,
1745 5289 1797 5330 ut
1833 5297 1931 5333 non
1959 5283 2066 5335 sine
2099 5287 2239 5339 nobis

598 5399 604 5404 -
647 5377 1117 5434 consummarentur
1154 5365 1339 5435 (Hebr.
1372 5367 1458 5421 11.
1500 5367 1587 5421 15.
1621 5369 1732 5436 40).
1781 5371 1903 5426 llaec
1933 5385 2132 5441 notate,
2177 5394 2238 5433 ac

655 5458 908 5512 nmmoria
949 5465 1146 5524 tenete,
1174 5472 1372 5526 eosque
1399 5459 1486 5528 qui
1530 5474 1636 5513 non
1668 5461 1981 5529 audierunt,
2015 5470 2235 5534 docete;

649 5557 810 5618 atque
850 5549 965 5603 htec
1005 5549 1057 5602 in
1101 5549 1357 5612 ecclesia,
1400 5549 1450 5603 in
1498 5548 1617 5604 foro
1663 5567 1724 5606 ac
1768 5554 1908 5608 domi
1957 5563 2238 5629 unusquis-

650 5657 751 5706 que
783 5640 1086 5695 meditetur.
1126 5639 1266 5694 Nihil
1303 5640 1443 5694 enim
1481 5655 1631 5696 sacra
1665 5644 1893 5700 lecticae
1928 5647 2231 5716 jucundius,

654 5733 813 5799 Audi,
839 5749 1044 5802 quaeso,
1066 5733 1191 5802 quid
1220 5731 1288 5787 de
1311 5733 1398 5786 illa
1425 5733 1566 5786 dicat
1598 5736 1855 5804 propheta
1884 5757 1894 5790 :
1929 5741 2093 5806 Quam
2123 5745 2239 5797 dul-

649 5839 730 5878 εδει
775 5824 1004 5892 faucibus
1054 5823 1175 5878 uicis
1221 5825 1419 5893 eloquia
1463 5835 1584 5892 tua,
1636 5842 1788 5895 super
1829 5831 1924 5883 incl
1971 5846 2012 5886 ct
2066 5840 2237 5905 [ar-um

1339 412 1392 468 S.
1436 409 1714 469 JOANNIS
1742 399 2220 465 CllllYSOSTOMl
2260 397 2574 455 ARCIIIEP.
2618 396 3154 456 CONSTAN’I'INOP.

3831 397 3930 444 lilii

2327 513 2404 567 ori
2429 529 2540 568 meo
2567 511 2741 567 lPsaf.
2776 513 2898 566 118.
2935 512 3081 581 105).
3121 510 3274 564 llnnc
3315 508 3493 578 itaque
3522 507 3700 561 favum
3748 508 3800 561 in
3839 522 3927 560 vc-

2327 611 2566 677 spertina
2615 623 2800 663 mensa
2857 622 3096 677 appone,
3147 614 3206 658 ut
3263 612 3426 657 totam
3478 602 3624 655 illam
3657 598 3931 672 spirituali

2327 700 2539 770 repleas
2589 701 2884 770 voluptate.
2921 699 3036 754 Non
3080 697 3274 752 videtis
3322 695 3568 750 homines
3619 694 3931 762 opulentus,

2327 791 2601 862 quomodo
2632 801 2752 861 post
2793 792 2979 862 epulas
3007 787 3335 844 cithara-dus
3377 801 3440 848 ac
3488 785 3738 840 tibicines
3764 784 3935 837 intro-

2330 881 2566 938 ducam?
2613 883 2689 937 llli
2735 896 2861 936 suas
2894 880 3040 936 mdes
3090 881 3356 934 theatrum
3399 877 3671 943 efﬁciunt;
3718 886 3777 932 tu
3818 887 3935 931 tuas

2329 975 2473 1030 asdes
2521 975 2712 1029 cadum
2763 974 2918 1030 efﬁce
2953 992 2966 1029 :
2997 973 3046 1027 id
3094 988 3223 1027 vero
3254 971 3478 1034 efﬁcies,
3537 987 3644 1025 non
3695 971 3936 1041 parietes

2330 1070 2638 1130 immutans,
2658 1077 2750 1122 ant
2772 1065 3100 1122 transferens
3116 1065 3482 1130 fundamenta,
3506 1064 3599 1119 sed
3625 1063 3668 1118 si
3695 1062 3764 1118 ad
3787 1073 3935 1117 tuam

2329 1173 2568 1212 mensam
2611 1158 2896 1211 Dominum
2931 1157 3104 1226 ipsum
3150 1155 3410 1209 ea-lorum
3439 1169 3616 1208 voces.
3651 1153 3769 1208 Non
3805 1167 3936 1207 cru-

2330 1249 2502 1303 beseit
2546 1247 2811 1317 ejusmodi
2859 1247 3103 1303 convivia
3155 1247 3317 1300 Deus.
3362 1245 3460 1301 Ubi
3499 1260 3730 1314 namque
3773 1245 3937 1314 spiri-

2327 1340 2487 1393 tualis
2515 1339 2782 1405 doctrina,
2814 1341 2886 1395 ibi
2935 1351 2989 1396 ct
3038 1339 3413 1409 temperantia,
3461 1348 3516 1392 et
3563 1339 3853 1400 modestia,
3881 1347 3936 1390 et

2330 1433 2521 1489 lenitas
2551 1452 2564 1487 :
2594 1434 2682 1489 ubi
2712 1435 2792 1490 vir
2837 1444 2888 1487 et
2922 1448 3056 1488 uxor
3086 1447 3148 1486 ac
3178 1431 3352 1497 liberi,
3397 1430 3684 1486 concordia
3712 1440 3768 1484 et
3793 1432 3934 1486 alni-

2330 1525 2454 1584 citia
2501 1537 2554 1580 et
2601 1525 2814 1580 virtutis
2848 1523 3078 1578 vinculis
3129 1525 3332 1578 fuerint
3371 1522 3628 1592 colligati,
3673 1521 3784 1576 illic
3810 1537 3935 1576 vcr-

2330 1625 2481 1670 satur
2508 1616 2558 1669 in
2588 1616 2767 1669 medio
2797 1613 3062 1668 Christus.
3094 1611 3210 1667 Non
3240 1612 3382 1666 enim
3415 1628 3640 1666 aureum
3675 1615 3937 1680 laqtteare

2331 1708 2544 1776 qua-rit,
2575 1722 2674 1761 nec
2702 1708 3076 1761 columnarum
3112 1704 3371 1775 fulgorem
3394 1746 3407 1761 .
3440 1718 3612 1772 neque
3643 1703 3939 1758 marmoris

2332 1799 2821 1869 pulchritudinem,
2852 1799 2944 1853 sed
2979 1799 3174 1852 auium:
3219 1798 3331 1850 dec-
3357 1813 3467 1850 rem
3497 1811 3560 1849 ac
3595 1797 3788 1848 turmis
3817 1794 3938 1848 for.-

2330 1909 2491 1957 mam,
2538 1905 2592 1948 et
2636 1883 2877 1948 mensam
2914 1894 3122 1963 justitia
3166 1892 3450 1955 refertam,
3482 1901 3536 1947 et
3571 1893 3938 1962 elecmosyna:

2331 1988 2594 2042 fructibus
2647 1985 3031 2042 abundantem.
3083 1986 3234 2052 Quod
3281 1985 3323 2037 si
3378 1999 3619 2037 mensam
3666 1982 3938 2052 ejusmodi

2331 2079 2544 2145 viderit,
2577 2080 2858 2134 confestim
2901 2078 3163 2147 ejusmodi
3194 2086 3496 2131 conventus
3535 2077 3593 2129 lit
3625 2079 3899 2144 particeps
3919 2115 3933 2137 ,

2330 2173 2462 2226 etin
2489 2187 2612 2225 eum
2646 2185 2704 2224 se
2752 2170 2930 2223 infert.
2980 2169 3094 2237 Ipse
3120 2170 3264 2223 cnim
3313 2177 3414 2230 est,
3460 2167 3548 2236 qui
3593 2167 3729 2220 dixit
3759 2185 3772 2220 :
3802 2166 3942 2219 Esn-

2331 2267 2540 2319 rientem
2573 2281 2650 2316 me
2689 2263 2915 2330 vidistis,
2947 2274 2995 2316 et
3026 2264 3228 2316 aluistis
3261 2261 3473 2331 (Matth.
3503 2261 3592 2314 25.
3644 2261 3756 2328 ⁸53).
3801 2258 3938 2313 Cum

2330 2356 2491 2425 igitur
2521 2353 2746 2408 inferius
2778 2368 2966 2422 magna
2997 2369 3128 2408 voce
3155 2354 3477 2406 clamantem
3510 2350 3780 2405 audiveris
3808 2367 3941 2420 pati-

2331 2460 2535 2515 pcrem,
2567 2443 2764 2500 deinde
2799 2443 3072 2513 quidpiam
3121 2458 3308 2498 eorum
3359 2459 3480 2511 qua:
3529 2443 3778 2511 apposita
3811 2453 3941 2495 sunt

2332 2538 2402 2594 de
2431 2553 2617 2594 mensa
2650 2552 2821 2608 egeno
2865 2537 3103 2601 dedetis,
3137 2536 3421 2590 Dominum
3454 2535 3521 2588 ad
3553 2550 3798 2589 mensam
3840 2551 3939 2588 vo-

2332 2629 2464 2684 casti
2499 2645 2593 2699 per
2625 2645 2862 2694 servum,
2887 2638 2942 2682 et
2967 2629 3112 2682 illam
3143 2636 3305 2680 totam
3338 2627 3430 2680 Dei
3463 2625 3941 2680 benedictionibus

2333 2720 2627 2791 replevisti,
2656 2720 2961 2789 oblatisque
2993 2719 3240 2788 primitiis
3271 2718 3557 2772 maximam
3591 2718 3938 2771 occasionem

2333 2824 2418 2867 tua
2451 2814 2812 2883 promptuaria
2844 2813 3087 2883 plurimis
3112 2809 3415 2881 complendi
3445 2810 3603 2864 bouis
3629 2808 3940 2878 prtebuisti.

2334 2906 2472 2960 Deus
2499 2915 2679 2959 autem
2707 2905 2850 2974 pacis
2871 2913 2925 2958 et
2947 2903 3211 2969 caritatis,
3235 2904 3324 2972 qui
3355 2902 3444 2956 dat
3474 2917 3667 2971 panem
3692 2902 3757 2954 ad
3785 2915 3943 2954 man-

2331 2996 2664 3063 ducandum,
2703 3007 2758 3051 et
2783 3010 2968 3050 semen
3001 2994 3324 3060 seminanti,
3354 3002 3588 3048 vestram
3631 3001 3940 3046 sementem

2333 3090 2679 3158 multiplicat,
2712 3101 2766 3144 et
2788 3099 2983 3152 augeat
3021 3089 3351 3141 incrementa
3385 3087 3601 3154 frugum
3628 3085 3852 3150 jnstitia-
3885 3084 3940 3137 in

2333 3183 2584 3238 omnibus
2626 3181 2796 3245 vobis,
2840 3195 2992 3234 suam
3035 3179 3168 3234 dans
3212 3178 3461 3248 gratiam,
3515 3193 3722 3247 vosque
3773 3192 3944 3246 regno

2332 3275 2585 3330 ctelnrum
2627 3273 2876 3344 dignetur
2924 3271 3003 3343 (2.
3051 3269 3168 3324 Cor.
3210 3270 3262 3324 9.
3309 3269 3398 3339 10)
3433 3286 3446 3322 :
3487 3269 3642 3337 cujus
3686 3283 3787 3322 nos
3817 3283 3944 3338 par-

2335 3370 2520 3438 ticipes
2553 3369 2668 3422 ﬁcri
2713 3367 3024 3436 contingat,
3049 3365 3217 3434 gratia
3249 3374 3304 3418 et
3346 3363 3676 3433 benignitate
3727 3363 3943 3416 llomini

2334 3459 2502 3513 nostri
2532 3458 2659 3513 Jesu
2692 3458 2928 3522 Christi,
2966 3471 3061 3525 per
3086 3471 3243 3524 quem
3275 3463 3326 3509 ct
3357 3469 3478 3508 eum
3504 3470 3608 3523 ιιιιυ
3635 3453 3805 3524 gloria
3837 3454 3944 3507 l‘a-

2334 3551 2430 3615 tri,
2463 3559 2516 3603 et
2547 3550 2768 3618 Spiritui
2797 3558 3004 3610 sancto,
3036 3561 3180 3602 nunc
3206 3555 3262 3602 et
3290 3562 3539 3616 semper,
3569 3555 3624 3600 et
3654 3545 3706 3600 in
3737 3552 3942 3602 smeula

2333 3643 2674 3696 szecnlorutn.
2707 3643 2898 3694 Amen.

2926 3733 3159 3791 SERMO
3203 3732 3335 3787 V'lll.

2339 3825 2400 3880 In
2446 3827 2576 3880 diem
2620 3826 2936 3889 nimbosum,
2967 3836 3011 3880 et
3054 3827 3106 3879 in
3154 3836 3450 3879 conventum
3479 3825 3864 3894 episcoporum,
3897 3836 3948 3879 et

2408 3919 2470 3970 de
2511 3918 2752 3970 mandato
2802 3919 2938 3987 quod
2969 3919 3210 3970 traditum
3263 3927 3333 3969 est
3391 3917 3608 3980 Atlanta,
3644 3931 3949 3986 magnaque

2409 4008 2733 4077 providentia:
2759 4009 2915 4078 fuisse
2941 4010 3076 4078 quod
3101 4009 3261 4077 legem
3289 4007 3557 4075 acceperit.

2411 4102 2462 4153 1.
2494 4100 2721 4153 Νιὼίιιιη
2754 4099 2969 4169 quidem
3008 4113 3303 4153 Concursus
3331 4099 3472 4152 diem
3506 4098 3661 4152 nobis
3707 4098 3950 4154 reddidit

2339 4194 2626 4248 tristiorem
2660 4214 2672 4247 :
2705 4192 2966 4247 adventus
3013 4202 3189 4247 autem
3231 4192 3467 4245 doctoris
3512 4190 3587 4263 (ιι)
3626 4191 3947 4246 hilariorem

2339 4286 2483 4339 illum
2517 4284 2712 4339 effecit.
2749 4283 2862 4337 Non
2890 4283 3030 4338 enim
3064 4297 3130 4335 na
3160 4282 3264 4343 sol,
3306 4297 3424 4336 cum
3457 4281 3525 4335 de
3568 4283 3746 4337 medio
3775 4282 3948 4335 cutio-

2339 4393 2453 4430 rum
2483 4375 2694 4444 fastigio
2737 4374 2916 4428 radios
2965 4374 3183 4438 emittit,
3212 4389 3439 4443 Corpora
3491 4373 3746 4440 illustrat,
3793 4384 3853 4426 ut
3880 4389 3949 4427 ex

2339 4467 2517 4521 medio
2561 4480 2661 4520 suo
2691 4463 2886 4518 throno
2933 4464 3090 4517 facies
3143 4471 3377 4532 paterna!
3422 4463 3658 4517 caritatis
3687 4463 3952 4518 emittens

2339 4557 2539 4620 radios,
2571 4557 2778 4610 animas
2801 4565 3012 4610 nostras
3039 4555 3318 4611 illuminat.
3348 4557 3498 4622 Quod
3521 4570 3644 4608 cum
3669 4556 3782 4624 ipse
3805 4573 3950 4625 qun-

2339 4664 2444 4718 que
2476 4649 2640 4718 probe
2689 4659 2892 4714 nosset,
2940 4665 3044 4703 non
3091 4650 3245 4705 nobis
3290 4650 3437 4703 solus
3477 4649 3714 4716 advenit,
3747 4651 3846 4704 sed
3895 4661 3952 4706 et

2343 4740 2682 4795 luminarittm
2713 4753 2853 4796 coetu
2881 4743 3165 4795 comitatus
3196 4742 3417 4810 appulit,
3453 4751 3510 4796 ut
3540 4743 3626 4797 lux
3661 4744 3821 4796 nobis
3851 4761 3947 4797 eo-

2348 4832 2548 4901 piosior
2576 4831 2870 4901 affulgeret.
2899 4834 3015 4898 Quo
3046 4834 3100 4886 tit
3131 4843 3186 4885 ttt
3213 4835 3366 4888 nobis
3399 4837 3610 4888 lietetttr
3638 4834 3873 4889 ecclesia
3897 4846 3952 4890 et

2341 4927 2609 4977 exsultent
2657 4938 2867 4994 greges,
2903 4939 3105 4992 nosmte
3153 4925 3340 4993 majori
3371 4942 3490 4978 enm
3523 4926 3800 4979 alacritate
3833 4941 3953 4981 scr-

2342 5032 2555 5071 monem
2601 5016 2956 5069 instituamus.
3007 5016 3105 5071 Ubi
3151 5017 3294 5071 enim
3342 5029 3615 5086 pastorum
3647 5033 3952 5074 concursus

2342 5121 2443 5175 est,
2477 5111 2585 5166 illic
2613 5119 2667 5164 et
2697 5111 2876 5163 ovium
2907 5121 2989 5165 est
3032 5112 3311 5165 securitas.
3360 5113 3430 5164 lta
3465 5123 3643 5165 nantze
3672 5111 3950 5177 ιςιιιῖιιιιειν,

2344 5218 2463 5258 cutn
2515 5209 2694 5270 plures
2750 5203 2854 5257 illis
2918 5205 3114 5257 adsunt
3160 5205 3746 5272 gttbernatorcs:dum
3801 5208 3950 5259 enim

2348 5296 2508 5349 maris
2538 5294 2892 5350 tranquillitas
2920 5305 2972 5347 et
3017 5295 3158 5350 aeris
3190 5306 3269 5349 est
3294 5300 3576 5360 serenitas,
3605 5298 3951 5365 gubernacu-

2349 5386 2518 5439 lorum
2552 5385 2792 5439 subsidio
2841 5386 3076 5439 laborem
3121 5387 3222 5439 illis
3253 5385 3617 5455 remigationis
3663 5386 3871 5448 levant,
3899 5395 3953 5441 et

2348 5476 2473 5530 dmn
2531 5491 2678 5531 mare
2727 5477 2975 5545 procellis
3023 5479 3274 5545 agitatur,
3322 5487 3436 5531 arte
3486 5492 3549 5531 ac
3603 5479 3951 5533 multitudine

2348 5583 2629 5635 operarum
2657 5569 2900 5637 przrliutn
2927 5568 3184 5621 undartuu
3209 5569 3413 5620 sedant.
3441 5567 3644 5622 [dcimo
3668 5586 3766 5622 nos
3790 5573 3950 5625 etiam

2350 5661 2683 5714 confidenter
2724 5661 2948 5714 ducendi
2980 5678 3136 5715 eausa
3171 5677 3474 5716 sermonem
3509 5663 3874 5730 aggredimur.
3901 5675 3948 5716 et

2353 5757 2592 5824 ipsorum
2656 5756 2901 5822 precibus
2952 5769 3142 5808 cuneta
3194 5755 3595 5809 t’ttlllﬂllllilllllb.
3655 5755 3716 5806 l‘t
3777 5770 3950 5807 .ιι.ιιι.ιι

2417 5848 2490 5911 (ιι)
2527 5861 2592 5895 ue
2613 5847 2827 5895 tlau’atu-
2855 5844 2900 5892 lo
2920 5855 3084 5907 puter.
