4186 6324
214 285 316 340 617

214 398 419 453 lucilius
450 416 511 452 ac
542 398 826 452 dilucidius
852 412 970 466 qua-
996 395 1226 450 audietis
1270 394 1547 464 percipere
1576 388 1811 460 possitis,

212 508 391 547 rerum
424 509 544 561 qua:
573 491 721 543 vobis
756 494 1007 549 hesterno
1036 488 1123 541 die
1155 488 1295 540 dicta
1340 495 1463 539 sunt
1496 483 1812 537 memoriam

213 585 391 651 p:uu:is
418 582 809 637 refricabitnus.
850 580 963 634 Dixi
994 578 1290 644 hominem,
1334 587 1622 646 antequam
1648 574 1715 628 de
1745 575 1813 628 li—

210 694 311 743 pilo
364 676 695 734 CUlllCthZ‘t‘l,
733 674 930 728 bonmu
982 689 1043 726 ac
1095 672 1292 725 malum
1346 672 1580 735 novisse,
1640 684 1815 738 neque

213 780 489 836 postquam
528 775 818 836 gustasset,
852 766 989 819 hanc
1032 765 1177 818 illum
1226 762 1507 817 scientiam
1556 760 1811 829 adeptum

207 874 343 912 esse.
378 858 515 923 Dixi,
550 874 715 927 quare
764 858 965 928 lignum
998 857 1236 911 scicntia!
1260 855 1388 910 booi
1418 865 1471 909 ct
1518 854 1639 908 mali
1669 853 1814 907 dice-

210 960 373 1012 retur,
406 957 463 1003 et
502 966 609 1021 quo
638 960 791 1019 pacto
817 950 987 1003 soleat
1014 948 1313 1019 Scriptura,
1345 957 1629 1018 postquam
1670 946 1812 1001 circa

208 1052 419 1111 tempus
463 1042 677 1113 aliquod
724 1042 969 1096 loeumve
1012 1057 1097 1096 res
1144 1042 1408 1110 qua-piam
1436 1040 1698 1104 evenerit,
1745 1038 1815 1092 ab

209 1136 301 1187 illa
346 1152 404 1188 re
454 1135 673 1189 ductum
722 1135 840 1188 loco
880 1134 962 1188 vel
1014 1136 1241 1203 tempori
1292 1148 1489 1187 nomen
1531 1132 1811 1185 tribuere:

204 1240 385 1292 opera:
425 1228 654 1295 pretium
702 1226 860 1281 hodie
893 1226 1055 1280 fuerit
1101 1226 1272 1295 ipsum
1318 1227 1629 1280 mandatum
1676 1225 1815 1279 rcci-

208 1323 335 1378 tare,
371 1317 524 1385 cujus
557 1318 855 1371 interventu:
901 1317 1111 1371 arboris
1144 1317 1289 1371 illius
1339 1327 1421 1371 est
1453 1331 1579 1371 esus
1628 1316 1814 1386 prohi-

210 1408 369 1459 δίκης.
398 1409 677 1474 Quodnam
704 1408 863 1477 igitur
890 1408 1017 1462 illud
1045 1408 1171 1463 est?
1201 1408 1269 1461 Et
1298 1409 1533 1479 pra'cepit
1564 1408 1813 1463 Dominus

209 1497 342 1552 Deus
366 1500 527 1552 Adam
555 1500 727 1553 dicens
758 1518 777 1554 :
811 1500 894 1553 Ea:
913 1501 1052 1554 omni
1079 1502 1217 1572 ligno
1241 1503 1378 1572 quod
1407 1511 1479 1555 est
1501 1502 1554 1555 in
1572 1502 1814 1570 paradiso

203 1607 317 1643 esca
368 1592 597 1645 comedes
640 1591 791 1661 (Gen.
848 1594 903 1647 2.
950 1594 1063 1665 lli).
1116 1594 1301 1648 Divina
1358 1595 1443 1647 lex
1490 1603 1594 1659 est,
1623 1610 1811 1648 verum

204 1682 560 1736 attendamus.
593 1683 647 1738 Si
677 1685 819 1737 enim
869 1684 1115 1740 homines
1163 1685 1289 1739 dum
1336 1687 1510 1756 regias
1540 1686 1719 1755 legunt
1751 1686 1817 1740 li-

205 1782 368 1836 teras,
399 1773 705 1827 inmersum
738 1785 1104 1843 Spectatorqu
1134 1787 1333 1831 emtum
1359 1777 1549 1845 jubent
1585 1792 1813 1831 consur-

202 1878 327 1931 gere
364 1885 377 1919 :
410 1865 575 1918 multo
619 1866 789 1935 magis
840 1882 937 1920 nos
965 1868 1053 1937 qui
1103 1884 1212 1922 non
1246 1868 1545 1933 hominum,
1574 1869 1668 1923 sed
1716 1870 1811 1924 Dei

203 1954 348 2025 leges
392 1956 586 2012 lecturi
625 1974 831 2026 sumus,
879 1962 1088 2015 animos
1131 1970 1339 2031 oportet
1369 1962 1603 2033 erigere,
1651 1971 1812 2030 atque

202 2048 265 2101 iis
289 2064 413 2117 qua:
438 2050 691 2104 dicuntur
718 2052 1019 2107 attendere.

272 2141 351 2192 An
382 2140 466 2195 lex
492 2144 557 2194 sit
584 2158 741 2196 causa
764 2143 976 2212 peccati.
1006 2173 1076 2183 -—
1101 2143 1225 2198 Scio
1258 2144 1547 2197 nonnullos
1571 2143 1811 2213 Legisla-

202 2239 373 2284 torem
403 2247 682 2298 accusare,
714 2236 777 2289 ac
808 2238 979 2304 legem
1002 2249 1219 2289 causam
1253 2235 1433 2303 lapsus
1457 2251 1578 2291 esse
1606 2237 1809 2292 dicere.

200 2326 479 2379 Adversus
508 2325 610 2379 hoe
639 2326 800 2397 igitur
826 2331 1055 2396 primum
1096 2327 1409 2382 certandum
1435 2340 1536 2395 est,
1565 2344 1627 2383 ac
1650 2328 1812 2385 rebus

202 2417 332 2485 ipsis
361 2418 779 2480 ostendendum,
805 2434 914 2472 non
944 2421 1086 2489 quod
1118 2419 1391 2483 hominem
1416 2420 1540 2473 odio
1561 2419 1808 2486 haberet,

196 2519 288 2562 aut
335 2520 584 2564 naturam
624 2521 862 2565 nostram
908 2513 1192 2581 ignominia
1241 2524 1429 2566 natare
1479 2514 1664 2579 vellet,
1714 2512 1809 2570 sed

200 2600 343 2667 ιιιιυιι
376 2612 582 2655 amaret
627 2602 847 2673 ejusque
877 2620 1060 2657 curam
1089 2614 1319 2673 gereret,
1358 2606 1528 2675 legem
1569 2605 1809 2661 dedisse.

200 2690 265 2745 llt
294 2695 444 2746 enim
474 2694 655 2747 discas
683 2695 735 2747 in
784 2695 1084 2749 subsidium
1112 2696 1265 2751 nobis
1296 2712 1413 2749 eam
1444 2696 1624 2751 datam
1666 2688 1810 2766 esse,

196 2783 315 2836 andi
346 2784 476 2855 quid
507 2784 651 2840 dicat
684 2786 842 2840 ls.iias
876 2807 888 2842 :
917 2786 1102 2857 Legem
1131 2789 1261 2841 enim
1284 2789 1337 2841 in
1377 2789 1626 2842 auxilium
1672 2790 1811 2844 dedit

196 2874 350 2941 (lsai.
388 2876 439 2931 8.
469 2876 586 2948 20).
630 2878 819 2947 Atqui
851 2880 979 2933 odio
1025 2882 1387 2949 prosequitur,
1420 2895 1527 2933 non
1568 2884 1668 2935 fert
1715 2898 1811 2935 au-

198 2968 405 3021 xilium.
442 2969 648 3023 Rursus
697 2970 1022 3024 vociferatur
1053 2972 1311 3041 pr0phcta
1347 2991 1358 3025 :
1392 2972 1626 3027 Lucerna
1664 2976 1809 3044 pedi-

196 3059 285 3113 bus
330 3061 456 3114 meis
498 3061 703 3114 verbum
752 3071 915 3127 tuum,
950 3072 996 3115 et
1044 3063 1214 3117 lumen
1240 3064 1429 3117 sentitis
1470 3065 1592 3119 meis
1632 3066 1807 3135 (l’sal.

197 3154 318 3207 H8.
360 3154 506 3222 103).
545 3157 606 3207 At
632 3156 722 3224 qui
756 3155 883 3207 odio
909 3157 1271 3225 proSt-quitur,
1304 3158 1553 3212 tenebras
1596 3160 1809 3213 lucerna

196 3262 302 3299 non
345 3246 586 3308 discutit,
620 3261 719 3300 nec
760 3256 1029 3300 errantem
1064 3262 1186 3300 cum
1234 3247 1353 3303 luce
1384 3249 1619 3304 deducit.
1654 3249 1807 3305 Salo-

198 3351 320 3387 tuun
348 3351 536 3389 rursus
559 3352 573 3389 :
606 3334 836 3389 Lucema
861 3336 1158 3389 mandatum
1188 3338 1343 3409 legis,
1374 3348 1423 3391 et
1453 3340 1543 3393 [απ
1562 3382 1576 3403 ,
1601 3354 1646 3393 et
1667 3342 1768 3395 vita
1791 3381 1807 3408 ,

197 3438 240 3481 et
282 3428 568 3497 correptio,
619 3439 665 3482 et
711 3428 984 3497 disciplina
1028 3426 1211 3494 (Prov.
1250 3430 1449 3500 6.9.3).
1511 3431 1648 3486 Ecce
1704 3448 1809 3486 non

195 3520 455 3574 auxilium
509 3519 685 3574 solum
713 3562 728 3585 ,
763 3534 861 3574 nec
894 3519 1109 3574 lucerna
1137 3521 1311 3574 Solum
1336 3563 1351 3588 ,
1386 3522 1480 3576 sed
1512 3532 1565 3577 et
1594 3523 1680 3576 lux
1728 3534 1813 3579 est

196 3624 250 3666 et
278 3612 383 3665 vita
412 3630 424 3665 :
461 3611 576 3665 lucc
622 3627 784 3681 porro
814 3628 921 3666 non
952 3622 1076 3665 sunt
1104 3612 1231 3665 odio
1264 3614 1639 3683 prosequentis
1662 3655 1676 3678 ,
1712 3630 1809 3669 ne-

197 3720 296 3771 que
327 3703 558 3773 perdere
587 3703 815 3758 volentis
836 3745 851 3768 ,
893 3703 986 3758 sed
1016 3719 1232 3758 maimut
1266 3706 1590 3775 porrigentis
1618 3716 1669 3760 et
1700 3708 1810 3760 cri-

196 3794 394 3862 gentis.
431 3795 557 3849 Ideo
587 3794 782 3849 Paulus
811 3810 1026 3866 quoque
1070 3797 1198 3850 dum
1232 3797 1283 3851 in
1328 3796 1569 3851 Judmum
1604 3798 1813 3854 invehi-

198 3898 317 3955 tur,
357 3900 413 3943 et
441 3896 696 3957 quantam
730 3888 811 3943 lex
861 3890 1122 3944 invexerit
1168 3891 1485 3956 utilitatem,
1537 3892 1808 3960 ostendit,

199 3994 426 4049 eamque
473 3996 578 4035 non
601 3995 826 4050 gravare
857 3990 1099 4035 naturam
1126 3992 1397 4046 nostram,
1427 3984 1521 4036 sed
1552 3981 1774 4038 reficere
1794 4024 1808 4048 ,

198 4072 448 4129 dicebat:
488 4071 621 4127 Ecce
647 4083 699 4126 tu
725 4070 945 4128 Judams
989 4075 1400 4145 cognominaris,
1453 4085 1498 4129 et
1537 4075 1813 4145 requiescis

199 4166 247 4218 in
276 4165 387 4235 lege
418 4162 596 4237 (Rom.
620 4164 675 4217 9...
701 4164 812 4234 l7).
849 4162 1015 4219 Vides
1060 4180 1167 4219 non
1200 4176 1256 4219 ut
1288 4175 1532 4219 naturam
1575 4176 1811 4220 nostram

198 4264 483 4326 gravaret,
535 4255 629 4309 sed
671 4264 727 4309 ut
787 4270 907 4311 eam
947 4267 1260 4320 recrearet.
1309 4256 1473 4312 Deum
1506 4258 1678 4329 legem
1718 4260 1815 4315 de-

198 4349 386 4404 disse?
418 4347 581 4402 Visne
631 4348 839 4404 discere
860 4390 876 4415 ,
912 4349 962 4402 id
990 4350 1151 4404 etiam
1182 4350 1330 4404 illum
1358 4350 1532 4421 egisse
1554 4392 1572 4418 ,
1604 4362 1660 4406 ut
1712 4351 1814 4405 ho-

200 4456 386 4496 norem
415 4440 699 4496 deferret?
729 4439 859 4494 Nam
890 4450 1132 4511 poterant
1161 4451 1217 4497 ct
1246 4444 1344 4498 ista
1373 4444 1504 4498 satis
1531 4446 1816 4502 ostendere

200 4543 252 4587 et
275 4532 537 4589 honorem
566 4533 841 4600 delatum,
874 4546 930 4590 et
958 4549 1144 4590 curam
1190 4537 1527 4607 impensam:
1566 4541 1659 4595 sed
1714 4541 1816 4599 hoc

203 4625 374 4695 ipsum
402 4626 526 4681 aliis
545 4625 796 4682 adhibitis
824 4627 1144 4682 te:timouiis
1159 4629 1561 4685 demonstrabo.
1593 4631 1775 4687 Lauda
1796 4677 1813 4703 ,

202 4719 392 4791 inquit,
413 4717 705 4775 Jerusalem
725 4760 741 4787 ,
766 4719 1042 4775 Dominum
1058 4737 1075 4783 :
1093 4722 1249 4777 lauda
1264 4722 1427 4778 Deum
1444 4735 1587 4779 tuum
1609 4771 1625 4795 ,
1651 4728 1818 4785 Sion:

199 4811 442 4878 quoniam
482 4812 805 4881 confirmauit
856 4824 1015 4868 vectes
1061 4825 1322 4884 portarum
1371 4827 1605 4879 tuarum,
1664 4819 1817 4874 bene-

201 4904 328 4957 dixit
347 4903 476 4971 ﬁliis
496 4904 593 4958 tuis
614 4904 667 4957 in
688 4914 737 4959 te
756 4920 775 4959 :
797 4906 885 4976 qui
908 4906 1051 4976 ponit
1071 4908 1199 4975 ﬁnes
1222 4924 1341 4961 suos
1366 4925 1540 4979 pacem
1561 4952 1575 4976 ,
1600 4923 1645 4964 et
1667 4912 1821 4981 adipe

204 4997 447 5063 frumenti
471 4996 626 5049 satiat
647 4996 733 5065 te(
764 4993 909 5050 Psal.
939 4998 1061 5051 H7.
1108 4997 1175 5053 12
1198 5029 1220 5039 -
1247 5001 1365 5070 M).
1421 5002 1621 5058 Deinde
1671 5015 1816 5073 post-

202 5103 362 5155 quam
390 5087 498 5141 alia
524 5087 660 5142 dixit
689 5086 946 5143 beneﬁcia
978 5106 1071 5158 per
1110 5090 1246 5147 alias
1275 5104 1556 5149 creaturas
1584 5098 1778 5151 collata
1799 5142 1815 5165 ,

204 5178 483 5248 suhjnnsit
525 5179 850 5250 pracipuum
890 5192 945 5235 et
996 5185 1207 5237 catteris
1249 5189 1454 5255 majus,
1512 5186 1593 5242 his
1640 5192 1820 5244 verbis

204 5280 359 5325 utens
384 5288 399 5327 :
434 5272 539 5340 Qui
558 5274 839 5326 annuntiat
853 5275 1054 5327 verbum
1075 5292 1223 5328 suum
1245 5274 1409 5331 Iacob
1430 5319 1445 5345 ,
1497 5280 1791 5352 iustiﬁcam

206 5377 291 5415 nes
310 5374 357 5416 et
366 5363 578 5434 judicia
601 5380 697 5418 sua
725 5362 912 5420 Israel.
944 5364 1065 5421 Non
1094 5368 1213 5439 fecit
1241 5369 1410 5423 taliter
1430 5374 1566 5425 omni
1589 5376 1784 5427 nationi
1804 5419 1817 5440 ,

207 5466 251 5508 et
264 5457 470 5530 judicia
511 5474 606 5513 sua
660 5474 765 5512 non
815 5460 1155 5531 maniftstavit
1198 5463 1270 5515 eis
1310 5460 1475 5531 (Ibid.
1500 5483 1545 5518 υ.
1576 5467 1662 5522 19.
1699 5468 1817 5539 9.0).

212 5548 342 5606 \‘ide
383 5567 547 5623 quam
596 5554 759 5607 multa
790 5554 1125 5609 euumerarit
1175 5553 1339 5611 bona.
1366 5555 1525 5612 Urbis
1554 5561 1816 5616 securita-

211 5650 311 5698 tEm
344 5662 357 5699 :
402 5642 736 5709 Conﬁrmat'it
763 5645 904 5699 enim
924 5684 939 5709 ,
973 5643 1177 5716 inquit,
1210 5658 1370 5701 vectes
1403 5659 1665 5717 portarum
1707 5665 1819 5705 tua-

209 5739 352 5797 rum,-
376 5729 639 5785 hellorutn
683 5728 1052 5799 depulsionem
1082 5746 1094 5781 :
1131 5730 1230 5798 Qui
1252 5732 1392 5801 pauit
1420 5733 1587 5801 enim,
1612 5736 1779 5807 inquit
1801 5779 1817 5801 ,

1478 277 1541 332 IN
1583 268 1883 330 GENESllll
1926 267 2160 323 Sl-leMO
2194 268 2324 325 Vill.

3447 277 3557 334 618

1931 384 2056 449 ﬁnes
2090 391 2202 435 tuos
2239 400 2417 451 pacem
2440 400 2458 435 :
2484 384 2783 440 ubertatem
2831 401 3064 441 annona:
3106 402 3120 441 :
3154 385 3221 442 Et
3242 388 3399 458 adipe
3448 399 3561 459 fru-

1926 478 2081 530 menti
2124 480 2274 531 saliat
2320 488 2384 532 te.
2432 481 2683 535 Attamen
2736 480 2819 535 his
2869 483 3119 537 omnibus
3169 484 3555 553 pretiosiorem

1928 570 2057 640 legis
2108 571 2453 626 donationem
2511 588 2632 627 esse
2669 574 2980 628 declaravit.
3018 574 3149 629 Nam
3197 578 3452 645 quoniam
3510 592 3563 636 et

1923 666 2214 719 securitate
2244 676 2297 719 et
2320 681 2481 734 pace,
2513 677 2567 721 et
2588 667 2904 737 depulsione
2936 668 3201 723 bellorum
3222 710 3239 737 ,
3268 679 3324 725 et
3348 672 3560 725 libero-

1923 769 2042 809 rum
2076 755 2401 811 fecunditate
2443 773 2506 811 ac
2552 758 2893 813 multitudine
2913 800 2927 823 ,
2954 772 3114 830 atque
3140 778 3369 815 annona!
3396 764 3468 817 nl»
3493 782 3561 819 ττ-

1923 854 2032 904 tate
2063 849 2233 902 multo
2266 850 2437 917 majus
2482 859 2564 904 est
2592 851 2793 903 donum
2833 852 3004 919 legem
3037 854 3345 923 accepisse,
3369 872 3433 909 ac
3460 859 3548 913 11.ιί

1916 937 2327 1006 justiticationes
2372 940 2660 1005 didicisse,
2704 957 2825 996 cum
2873 944 3001 997 illud
3050 945 3293 999 omnium
3342 962 3556 1016 pUSIrc—

1924 1047 2071 1097 mtltlt
2116 1042 2387 1102 tamquam
2418 1045 2577 1103 caput
2620 1043 2674 1089 et
2703 1036 3010 1105 congeriem
3064 1037 3327 1092 bonorum
3377 1040 3555 1095 collo-

1920 1134 2126 1192 casset,
2170 1126 2369 1194 adjecit
2396 1127 2581 1182 dicens
2610 1146 2623 1182 :
2656 1127 2775 1182 Non
2802 1128 2919 1198 fecit
2964 1131 3133 1183 taliter
3158 1133 3296 1184 omni
3326 1133 3552 1187 nationi.
3590 1200 3593 1202 η

1922 1214 2153 1281 Taliter,
2205 1234 2312 1289 quo
2369 1219 2563 1286 pacto?
2595 1220 2755 1289 Atqui
2786 1236 3017 1275 annona:
3065 1224 3343 1289 ubertate,
3386 1232 3557 1294 atque

1921 1308 2063 1375 aliis,
2092 1325 2210 1377 qiue
2243 1320 2368 1363 sunt
2393 1321 2706 1365 enumerata
2730 1352 2744 1376 ,
2778 1312 2929 1365 multi
2962 1314 3159 1383 s:epius
3190 1316 3343 1383 potiti
3376 1325 3507 1369 sunt
3535 1336 3547 1370 :

1921 1412 2292 1456 vermntamen
2325 1404 2392 1457 de
2423 1405 2525 1457 illis
2552 1422 2673 1474 qua:
2702 1406 2841 1459 dicta
2874 1417 2996 1460 sunt
3030 1423 3137 1460 non
3186 1409 3406 1477 loquor,
3459 1410 3549 1464 iu-

1920 1492 2071 1562 quit,
2101 1494 2195 1548 sed
2227 1497 2294 1548 de
2327 1498 2441 1565 lege
2464 1538 2477 1561 ,
2503 1496 2645 1567 quod
2673 1498 2821 1552 Ollllll
2845 1500 3047 1553 nationi
3080 1500 3159 1554 sic
3190 1517 3297 1555 non
3334 1500 3549 1559 fecerit.

1922 1586 2213 1655 Propterea
2237 1590 2551 1659 subjunxit:
2585 1590 2651 1643 Et
2686 1592 2891 1660 judicia
2918 1610 3011 1646 sua
3044 1609 3148 1646 non
3200 1597 3550 1667 manifestarit

1919 1678 2010 1731 eis.
2039 1677 2202 1733 Vides
2237 1684 2474 1734 oninimn
2502 1682 2765 1736 bonorum
2794 1700 2911 1753 qua:
2940 1695 3067 1740 sunt
3089 1697 3401 1743 enumerata
3433 1706 3548 1743 ma-

1918 1771 2121 1823 ximum
2172 1786 2291 1826 esse
2338 1772 2529 1843 legem.

1990 1862 2045 1915 2.
2086 1864 2197 1919 lloc
2248 1866 2409 1918 etiam
2457 1866 2720 1921 .lcremias
2751 1868 3037 1923 indicavit:
3092 1872 3219 1924 dum
3262 1873 3404 1926 enim
3448 1888 3545 1930 eos

1917 1955 2007 2025 qui
2033 1957 2084 2009 in
2113 1958 2419 2025 captivitate
2444 1961 2796 2015 vers:ibantur
2818 1961 3025 2031 lugeret
3050 2006 3062 2028 ,
3087 1964 3335 2019 dicebat:
3365 1968 3504 2034 Quid
3522 2009 3539 2034 ,

1916 2049 2055 2116 quod
2078 2050 2131 2102 in
2158 2060 2293 2103 terra
2320 2053 2641 2106 niimicorum
2663 2056 2755 2108 es?
2784 2055 3108 2125 Dereliqnisti
3132 2062 3541 2130 fontemsapien—

1918 2138 2004 2192 tite
2042 2139 2291 2210 (Baruclt.
2326 2145 2377 2198 ὅ.
2414 2144 2502 2199 10.
2552 2145 2642 2215 12)
2684 2164 2695 2199 :
2730 2148 2898 2217 legem
2935 2148 3004 2201 ita
3038 2164 3256 2204 voeans.
3306 2148 3372 2205 Ut
3400 2153 3544 2208 enim

1920 2230 2040 2287 fons
2061 2234 2256 2289 multos
2278 2236 2514 2308 undique
2540 2238 2690 2293 rivos
2709 2242 2905 2295 emittit
2931 2284 2945 2306 ,
2968 2242 3045 2297 sic
3066 2244 3227 2298 etiam
3265 2245 3347 2299 lex
3376 2247 3543 2301 multa

1920 2322 2155 2393 undique
2202 2327 2451 2382 mandata
2486 2330 2796 2398 profundit,
2820 2332 3015 2401 quibus
3040 2333 3275 2389 animam
3301 2346 3542 2393 nostram

1919 2413 2124 2485 irrigat.
2157 2416 2361 2474 Deinde
2391 2421 2720 2489 praecipuum
2753 2422 2921 2478 decus
2977 2424 3233 2491 honoris,
3267 2430 3355 2496 qui
3390 2430 3545 2487 nobis

1917 2519 1946 2557 a
1979 2505 2096 2575 lege
2121 2507 2395 2576 defertur,
2426 2512 2719 2568 ostendens
2745 2514 2961 2571 aiebat:
3015 2516 3065 2570 Ν
3073 2535 3138 2571 on
3172 2530 3244 2572 est
3269 2522 3447 2575 audita
3492 2527 3549 2577 in

1919 2595 2166 2652 Chanaan
2218 2601 2327 2654 lucc
2370 2604 2658 2672 sapientia,
2711 2623 2873 2675 neque
2924 2610 3027 2660 visa
3057 2619 3129 2663 cst
3159 2612 3211 2663 in
3255 2611 3540 2681 Tha'mau,

1918 2705 2077 2760 neque
2125 2690 2223 2758 [ilii
2250 2693 2388 2765 Agar
2415 2705 2717 2750 mercatores
2740 2739 2754 2763 ,
2784 2708 2832 2751 et
2874 2702 3205 2769 exquisitores
3256 2705 3388 2758 uiam
3434 2709 3546 2779 ejus

1918 2792 2163 2836 noverunt
2183 2824 2195 2847 ,
2221 2800 2380 2855 neque
2410 2789 2701 2841 semitarum
2731 2791 2843 2859 ejus
2872 2804 2988 2844 sunt
3019 2795 3275 2848 recordati
3297 2796 3460 2869 (Ibid.
3493 2817 3541 2853 t'.

1916 2870 2005 2926 22.
2036 2870 2154 2944 25).
2185 2878 2359 2944 Atque
2383 2887 2437 2929 ut
2467 2878 2764 2947 spiritalem
2797 2896 2860 2935 ac
2889 2882 3126 2938 divinam
3156 2902 3278 2942 esse
3304 2890 3540 2945 tletnon-

1917 2972 2115 3021 straret
2140 3007 2154 3031 ,
2189 2967 2317 3034 Quis
2361 2971 2590 3023 ascendit
2617 3013 2632 3036 ,
2667 2972 2869 3043 inquit,
2898 2975 2950 3028 in
2980 2979 3161 3031 aulum
3194 3021 3208 3043 ,
3251 2994 3297 3034 et
3329 2982 3544 3037 deduxit

1918 3056 2063 3110 illam
2086 3055 2249 3127 (Ibid.
2272 3075 2319 3111 υ.
2342 3060 2472 3129 9.9)?
2493 3060 2627 3115 Tum
2653 3063 2895 3133 adjuuxit
2919 3083 2932 3117 :
2961 3065 3061 3120 IIic
3092 3080 3166 3123 est
3190 3069 3329 3125 Deus
3342 3084 3533 3139 noster,

1918 3163 2018 3202 non
2039 3150 2374 3204 wstimabitur
2394 3154 2528 3207 alius
2552 3156 2620 3207 ad
2664 3171 2799 3208 cuin.
2855 3158 3127 3214 Adiurcnit
3166 3179 3366 3217 omnem
3410 3167 3545 3222 viam

1918 3240 2141 3293 scientice
2170 3252 2215 3295 et
2249 3242 2388 3295 dedit
2411 3260 2521 3296 eam
2549 3243 2711 3299 Iacob
2744 3265 2901 3317 puero
2921 3267 3014 3303 suo
3035 3292 3049 3316 ,
3082 3264 3127 3306 et
3162 3252 3328 3310 Israel
3350 3258 3539 3314 dilecto

1920 3347 2011 3383 suo
2041 3330 2202 3402 (Ibid.
2236 3350 2283 3387 t'.
2310 3334 2399 3389 56.
2426 3336 2543 3405 57).
2581 3337 2869 3407 l'ropterea
2895 3341 3107 3397 diccbat
3134 3346 3297 3401 etiam
3330 3348 3494 3405 David
3523 3371 3537 3406 :

1921 3423 2044 3479 Non
2081 3428 2197 3497 fecit
2228 3428 2395 3482 taliter
2420 3432 2559 3484 omni
2582 3434 2812 3501 nationi,
2842 3446 2887 3488 et
2899 3436 3103 3505 judicia
3131 3456 3227 3493 sua
3248 3459 3350 3496 non
3373 3448 3541 3499 mani-

1920 3520 2119 3587 festavit
2144 3520 2405 3589 eis(I’sal.
2444 3524 2563 3577 H7.
2594 3523 2712 3594 90).
2741 3526 3124 3584 lloeuimirum
3148 3541 3203 3586 et
3233 3534 3432 3589 Paulus
3461 3539 3545 3592 in-

1920 3625 2095 3665 nuens
2122 3613 2433 3669 scribebat:
2479 3615 2615 3683 Quid
2642 3634 2762 3689 ergo
2804 3622 3028 3691 amplius
3075 3622 3264 3679 Judteo
3298 3630 3406 3683 est?
3451 3641 3547 3684 aut

1919 3709 2037 3765 τινας
2078 3698 2272 3752 utilitas
2320 3701 2719 3757 circumcisionis
2747 3706 2927 3774 (Ilain.
2960 3708 3015 3763 5.
3054 3711 3148 3779 l)?
3194 3713 3415 3770 Multum
3447 3732 3546 3788 per

1920 3802 2135 3842 utnnem
2160 3791 2398 3845 modum.
2424 3794 2661 3849 Primum
2682 3798 2895 3867 quidem
2914 3804 3167 3870 quoniam
3187 3808 3388 3863 credita
3412 3822 3541 3867 sunt

1921 3878 2024 3932 illis
2049 3882 2258 3949 eloquia
2286 3883 2393 3937 Dei.
2432 3883 2590 3940 Vides
2612 3904 2718 3957 quo
2742 3898 2897 3957 pacto
2926 3890 3011 3946 hic
3036 3894 3199 3949 etiam
3228 3906 3544 3967 exposuerit

1921 3972 2048 4027 illud
2072 4016 2086 4040 ,
2114 3973 2233 4028 Non
2258 3978 2374 4046 fecit
2402 3977 2571 4033 taliter
2607 3983 2744 4035 omni
2769 3966 2964 4038 nationi
2988 4028 3003 4049 ,
3036 3998 3084 4040 et
3098 3989 3305 4057 judicia
3325 3986 3417 4047 sita
3440 4013 3543 4051 non

1921 4066 2261 4135 ntanifestaeit
2284 4070 2391 4123 eis?
2418 4070 2474 4125 Si
2502 4072 2645 4127 enim
2688 4074 2790 4128 hoc
2817 4077 2945 4132 illud
2972 4091 3055 4135 est
3088 4084 3318 4152 amplius
3354 4086 3545 4142 Jttdam

1921 4159 2063 4229 quod
2089 4160 2161 4214 illi
2215 4161 2313 4216 soli
2334 4180 2398 4217 ex
2426 4165 2545 4220 aliis
2569 4165 2879 4225 hominibus
2904 4172 3035 4243 legis
3056 4178 3270 4246 scripta:
3296 4179 3547 4236 donatio-

1923 4267 1991 4305 ne
2006 4261 2131 4306 sunt
2157 4256 2401 4309 honorati
2427 4298 2443 4322 ,
2472 4274 2577 4313 non
2604 4260 2767 4331 igitur
2788 4273 2846 4317 ut
2873 4274 3119 4321 naturam
3148 4283 3388 4326 nostram
3419 4290 3546 4345 gra—

1920 4354 2103 4407 Varet,
2135 4347 2229 4400 sed
2272 4359 2329 4400 ut
2376 4350 2581 4406 honore
2627 4352 2901 4422 alliceret,
2954 4357 3100 4414 dedit
3155 4366 3329 4434 legem
3378 4366 3544 4425 Deus.

1921 4434 2107 4507 Neque
2135 4437 2235 4493 hoc
2260 4448 2464 4496 tantum
2499 4442 2704 4499 honore
2742 4448 2954 4513 aderit,
2982 4454 3125 4520 quod
3152 4456 3326 4526 legem
3353 4460 3496 4515 dedit
3531 4506 3549 4526 ,

1922 4527 2017 4623 sed
2049 4528 2210 4584 etiam
2240 4533 2380 4601 quod
2434 4548 2529 4603 per
2562 4537 2797 4605 seipsum
2826 4538 3012 4597 dedit:
3060 4546 3162 4600 hoc
3199 4551 3347 4605 enim
3373 4568 3551 4623 genus

1925 4617 2146 4675 honoris
2171 4632 2252 4677 est
2276 4628 2568 4680 maximum
2601 4630 2744 4699 quod
2775 4647 2879 4685 non
2909 4634 3082 4689 solum
3110 4638 3247 4695 bona
3294 4617 3545 4713 praebue-

1924 4712 2028 4777 rit,
2065 4714 2159 4770 sed
2193 4730 2289 4785 per
2313 4718 2551 4787 seipsmn
2586 4720 2894 4789 prmbuerit.
2926 4726 3039 4781 lloc
3066 4730 3265 4801 quippe
3294 4712 3549 4806 magnum

1925 4822 2049 4862 esse
2094 4809 2331 4876 donum,
2386 4812 2507 4867 audi
2552 4816 2825 4884 quomodo
2870 4818 3065 4875 l’aulus
3092 4826 3361 4883 ostendat.
3410 4830 3547 4887 Cum

1925 4900 2069 4954 enim
2094 4900 2308 4957 inﬂatos
2337 4919 2459 4959 esse
2487 4904 2703 4963 Juda'os
2735 4924 3014 4980 cerneret,
3037 4917 3181 4984 quod
3208 4918 3275 4973 ad
3298 4934 3393 4975 eos
3417 4937 3547 4993 pm-

1894 4993 2106 5063 ~pbelze
2148 4998 2455 5060 venissent.
2501 5012 2556 5053 ut
2602 5016 2790 5057 eorum
2846 5010 3207 5077 arrogantiam
3261 5027 3543 5085 σθω-ιω,

1926 5102 2132 5157 uosque
2173 5088 2366 5159 majori
2410 5104 2531 5145 esse
2569 5094 2791 5149 allectos
2822 5096 3026 5155 honore
3051 5102 3422 5172 demonstret,
3456 5112 3548 5178 qui

1927 5194 2033 5232 non
2069 5181 2208 5233 servi
2230 5220 2245 5245 ,
2276 5181 2371 5235 sed
2406 5182 2618 5238 Domini
2650 5202 2812 5256 opera
2853 5190 3086 5246 delatam
3118 5195 3420 5253 doctrinam
3453 5218 3543 5256 ac-

1925 5273 2167 5340 cepimus
2187 5315 2200 5339 ,
2229 5273 2311 5328 his
2332 5276 2512 5330 verbis
2535 5276 2781 5333 utiturad
2810 5280 3063 5339 llebrmos
3088 5289 3333 5345 scribens
3359 5310 3372 5344 :
3405 5291 3547 5348 Mul-

1927 5364 2153 5432 tifan‘nm
2198 5368 2470 5440 nmltisqne
2506 5372 2672 5424 modis
2711 5373 2834 5427 olint
2872 5374 3011 5431 Deus
3055 5379 3268 5450 loqueu
3316 5386 3549 5455 patribus

1926 5457 2134 5517 nostris,
2156 5460 2321 5511 noviss
2345 5460 2440 5513 mis
2470 5462 2646 5515 diebus
2673 5464 2783 5519 istis
2806 5467 3046 5538 loquutus
3066 5483 3140 5526 est
3166 5473 3310 5529 nobis
3332 5477 3385 5530 in
3409 5476 3549 5533 Filio

1930 5547 2115 5621 (Ileltr.
2143 5551 2193 5603 1.
2224 5552 2270 5605 1.
2292 5551 2375 5622 Ξ).
2403 5552 2469 5607 Et
2493 5570 2675 5609 rursus
2711 5558 2837 5613 alibi
2866 5578 2880 5615 :
2907 5559 3031 5617 Non
3056 5566 3222 5619 solum
3244 5580 3438 5636 autem,
3460 5574 3552 5626 sed

1926 5656 1971 5696 et
2018 5645 2299 5715 gloriamur
2349 5648 2399 5699 in
2448 5646 2593 5714 Deo,
2650 5668 2740 5719 per
2776 5651 3048 5711 Dontnmm
3102 5672 3332 5715 nostrum
3371 5660 3549 5719 Iesum

1929 5738 2210 5804 Christum,
2234 5755 2483 5813 perquam
2504 5755 2549 5797 et
2574 5746 3036 5803 reconciliationem
3062 5767 3349 5822 accepimus
3371 5754 3547 5825 (Itum.
