4186 6324
658 384 764 440 619

658 501 709 553 5.
756 496 867 566 ll).
906 493 1063 552 Vides
1099 509 1222 552 cum
1252 508 1356 549 non
1404 495 1474 551 ob
1516 494 1997 550 reconciliationem
2040 504 2242 548 tantum

661 593 908 662 gloriari,
940 585 1032 640 sed
1062 585 1222 641 etiam
1247 585 1389 655 quod
1432 601 1526 654 per
1548 586 1816 640 Christum
1853 586 2241 641 reconciliatio-

664 697 778 736 nem
820 679 1116 746 acceperit?
1171 679 1235 733 Et
1263 693 1448 733 rursus
1495 694 1614 732 cum
1643 678 2089 734 resurrectionem
2131 693 2242 731 ma-

660 771 846 843 gniﬁce
891 770 1225 834 celebraret,
1279 770 1389 824 ait:
1432 770 1553 840 Ipse
1597 770 1843 823 Dominus
1881 769 2143 823 descendet
2181 768 2244 823 de

655 863 778 915 τωιο
814 863 888 930 (ι.
912 861 1096 916 Thess.
1124 864 1176 916 4.
1207 862 1320 925 15).
1346 862 1474 916 Vide
1496 862 1601 916 illic
1616 877 1826 931 quoque
1847 877 1940 930 per
1962 861 2241 914 Dominum

656 962 822 1008 totum
871 951 1094 1022 perlici:
1134 961 1189 1007 et
1231 953 1316 1007 hic
1367 967 1469 1005 non
1523 968 1617 1020 per
1658 954 1888 1022 aliquem
1945 951 2198 1006 famulum
2223 993 2239 1018 ,

657 1062 760 1099 non
787 1061 880 1114 per
899 1045 1143 1114 angelum
1169 1053 1225 1098 et
1250 1044 1656 1113 archangelum,
1681 1052 1776 1100 sed
1804 1047 1917 1114 ipse
1951 1060 2044 1114 per
2070 1061 2129 1100 se
2159 1045 2240 1113 ip-

644 1153 769 1194 sum
814 1135 980 1189 Adam
1025 1135 1305 1204 pueeepit,
1351 1135 1544 1205 duplici
1569 1136 1838 1192 hominem
1887 1142 2089 1193 honore
2117 1136 2239 1192 alli-

654 1227 823 1291 ciens,
854 1233 909 1279 et
927 1224 1066 1296 quod
1091 1225 1262 1294 legem
1285 1225 1525 1290 dederit,
1552 1237 1608 1283 et
1627 1227 1770 1298 quod
1803 1228 2011 1286 dederit
2039 1245 2134 1298 per
2157 1244 2242 1284 se-

659 1316 854 1382 ipsum.
876 1315 1157 1384 Quomodo
1182 1317 1341 1386 igitur
1366 1317 1544 1388 lapsus
1571 1329 1656 1374 est
1693 1319 1819 1374 ille?
1859 1320 1940 1376 0h
1977 1322 2239 1392 ignaviam

651 1420 804 1459 suam
833 1421 852 1462 :
883 1405 1044 1475 idque
1080 1405 1368 1461 ostendunt
1405 1417 1663 1478 quotquot
1692 1409 1862 1480 legem
1887 1422 2234 1479 acceperunt,

658 1511 755 1550 nec
785 1497 914 1566 lapsi
940 1508 1062 1551 sunt
1082 1538 1098 1562 ,
1137 1497 1230 1551 sed
1259 1505 1315 1550 et
1345 1498 1496 1564 plura
1524 1515 1682 1568 quam
1708 1501 1960 1570 imperata
1994 1501 2233 1568 fuerant,

658 1588 1036 1653 praestiterunt.
1077 1585 1181 1640 Sed
1209 1587 1460 1655 quoniam
1496 1588 1596 1642 hoc
1635 1598 1842 1656 tempus
1869 1591 2023 1645 video
2052 1607 2148 1646 nos
2183 1592 2235 1646 in

653 1687 934 1746 angustum
964 1675 1222 1745 redigere,
1256 1677 1307 1730 in
1337 1678 1557 1732 alteram
1578 1679 2006 1737 dissertationem
2034 1697 2238 1737 sermo-

657 1781 777 1820 nem
808 1766 1106 1834 rejieiemus
1131 1783 1144 1818 :
1173 1781 1268 1823 vos
1287 1782 1414 1822 vero
1439 1783 1557 1838 qum
1585 1770 1724 1824 dicta
1752 1780 1875 1825 sunt
1902 1782 2233 1838 eonservate,

651 1871 715 1909 ac
755 1856 1008 1910 memoria
1053 1865 1261 1924 tenete,
1291 1857 1513 1928 illosque
1538 1860 1626 1929 qui
1657 1877 1761 1918 non
1789 1861 2102 1929 audierunt,
2134 1865 2233 1919 do-

654 1956 804 2012 cete,
838 1959 996 2017 atque
1026 1948 1141 2003 hmc
1181 1936 1246 2003 in»
1273 1951 1497 2005 ecclesia
1519 1993 1532 2014 ,
1567 1952 1618 2005 in
1648 1952 1782 2018 loro,
1812 1969 1873 2008 ac
1899 1955 2041 2008 domi
2071 1972 2235 2011 unus-

652 2038 877 2107 tutisque
902 2039 1187 2093 meditetur
1216 2039 1312 2112 (a).
1340 2041 1478 2096 Nihil
1516 2046 1658 2098 enim
1695 2061 1843 2099 sat-ra
1897 2047 2123 2101 lectione
2151 2049 2238 2114 ju-

651 2127 896 2184 cundius.
927 2127 1061 2182 Audi
1089 2143 1218 2184 sane
1243 2131 1366 2199 quid
1391 2131 1457 2185 de
1483 2133 1566 2184 illa
1589 2132 1732 2186 dicat
1752 2135 2008 2203 propheta
2035 2155 2046 2188 :
2071 2137 2237 2204 Quam

651 2218 821 2270 dulcia
849 2217 1080 2284 faucibus
1103 2220 1223 2275 meis
1246 2220 1444 2290 eloquia
1465 2231 1571 2288 tua,
1593 2240 1744 2292 super
1766 2226 1864 2278 mel
1889 2235 1934 2278 et
1959 2228 2131 2294 favum
2159 2229 2238 2282 ori

653 2324 761 2372 tneo
788 2307 958 2376 (l’sal.
1001 2310 1094 2365 H8
1144 2311 1290 2380 105).
1326 2312 1474 2368 llune
1513 2315 1686 2382 itaque
1717 2316 1894 2371 favum
1931 2319 1981 2370 in
2015 2333 2234 2387 vesper-

651 2399 758 2463 tina
797 2415 981 2455 mensa
1004 2417 1241 2472 appone,
1275 2414 1332 2459 ut
1372 2415 1534 2461 totam
1567 2407 1709 2462 illaut
1740 2409 1997 2476 spirituali
2026 2412 2236 2480 repleas

651 2487 936 2556 voluptate.
979 2489 1092 2544 Non
1122 2492 1310 2547 videtis
1355 2493 1596 2550 homines
1636 2500 1934 2566 opu'entos,
1967 2503 2235 2569 quomodo

648 2589 767 2650 post
805 2582 989 2649 epulas
1027 2582 1167 2637 citha
1181 2586 1354 2641 r:rdos
1381 2603 1443 2641 ac
1470 2589 1712 2642 tibicines
1742 2592 2116 2647 introducunt?
2158 2595 2233 2650 ΙΙΙί

651 2687 777 2726 suas
804 2672 947 2727 mdes
978 2675 1241 2730 theatrum
1267 2678 1520 2745 efficiunt,
1551 2691 1605 2735 tu
1633 2692 1746 2736 tuas
1773 2686 1914 2738 n'des
1938 2688 2127 2740 cadum
2157 2687 2232 2741 ef-

651 2763 865 2816 licezid
912 2781 1038 2822 Vero
1081 2767 1316 2836 el'licies,
1363 2787 1468 2825 non
1514 2774 1737 2841 parietes
1784 2776 2096 2842 immutans,
2141 2791 2234 2834 aut

711 2870 1126 2952 (almglamex
1172 2881 1491 2941 sequentibus
1531 2882 1590 2931 ad
1637 2885 1841 2934 verbum
1888 2887 2079 2936 humilia
2105 2905 2231 2952 pra:-

649 2931 843 2981 eedenti
870 2933 1116 2996 leguntur.

1374 379 1432 436 S.
1471 378 1751 436 JOANNIS
1788 376 2260 434 CllRYSOSTOMl
2302 377 2616 434 AllClllEP.
2659 376 3193 434 CONSTANTINOP.

3845 383 3952 439 eeo
3981 365 3990 394 ‘

2354 494 2684 548 transferens
2711 493 3082 560 fundamenta,
3115 494 3209 550 sed
3241 495 3284 548 si
3310 495 3377 550 ad
3403 507 3545 550 tuam
3573 513 3814 552 mensam
3843 501 3948 551 llo-

2351 587 2551 641 minum
2578 587 2747 658 ipsum
2769 588 3022 641 emlorum
3046 602 3222 642 voces.
3256 587 3370 642 Non
3392 589 3659 644 erubescit
3679 593 3946 658 ejusmodi

2350 680 2593 733 convivia
2625 680 2783 733 Deus.
2815 677 2913 735 Ubi
2946 694 3175 747 namque
3200 680 3489 748 spiritualis
3509 679 3774 744 doctrina,
3801 683 3870 736 ihi
3893 693 3950 736 et

2357 769 2730 837 temperantia,
2763 778 2818 824 et
2847 768 3128 832 modestia,
3155 777 3209 822 et
3246 769 3473 834 leuitas;
3504 770 3590 823 ubi
3622 771 3702 823 vir
3731 781 3786 824 et
3814 787 3950 825 llStll'

2348 875 2410 913 ac
2433 861 2600 920 liberi.
2625 860 2918 914 concordia
2932 869 2988 915 et
3007 859 3242 914 amicitia
3270 869 3326 914 et
3347 859 3558 914 virtutis
3585 862 3810 915 vinculis
3834 863 3952 915 lto:-

2349 950 2454 1003 rint
2481 951 2712 1021 colligati
2739 993 2753 1014 ,
2794 952 2900 1006 illic
2923 959 3164 1006 versatur
3206 951 3256 1003 in
3301 950 3480 1005 medio
3507 951 3777 1006 Christus.
3825 952 3945 1006 Non

2347 1043 2489 1096 enim
2518 1059 2738 1096 auri-um
2771 1023 3264 1111 laquearequmrit,
3298 1056 3397 1095 nec
3437 1041 3808 1095 columnarum
3842 1042 3947 1095 lul-

2346 1145 2551 1200 gort-m,
2589 1147 2757 1199 neque
2793 1131 3075 1185 marmoris
3112 1131 3559 1200 puli-latitudinem
3591 1148 3604 1183 :
3631 1132 3726 1185 sed
3752 1133 3948 1186 animm

2345 1221 2594 1275 decorem
2619 1236 2680 1274 ac
2701 1221 2894 1276 mentis
2917 1220 3163 1284 formam,
3190 1231 3245 1275 et
3268 1237 3508 1278 mensam
3541 1221 3745 1292 justitia
3781 1222 3947 1276 refer—

2347 1320 2455 1365 tam
2479 1352 2492 1373 ,
2528 1322 2583 1365 et
2623 1311 2977 1384 eleemosynzc
3009 1311 3266 1370 fructibus
3302 1312 3682 1370 abundantem.
3709 1313 3870 1378 Quod
3901 1314 3946 1366 si

2347 1417 2586 1457 mensam
2627 1402 2886 1472 ejusmodi
2919 1402 3140 1464 viderit,
3183 1402 3464 1460 confestim
3507 1404 3772 1471 ejusmodi
3808 1419 3946 1459 cen-

2346 1505 2534 1547 ventus
2565 1496 2621 1547 lit
2648 1494 2934 1562 particeps,
2965 1504 3020 1548 et
3061 1495 3112 1547 in
3145 1510 3269 1549 eum
3310 1510 3369 1547 se
3412 1493 3592 1549 inlert.
3638 1495 3755 1562 Ipse
3798 1496 3946 1550 enim

2343 1591 2446 1642 est,
2470 1583 2558 1648 qui
2581 1583 2737 1646 dixit,
2764 1581 3078 1638 Esurientem
3102 1598 3185 1636 nte
3209 1583 3401 1637 vidistis
3426 1593 3472 1636 et
3499 1583 3697 1637 aluistis
3718 1583 3942 1653 (Matth.

2341 1672 2432 1726 ὓ.
2465 1673 2577 1742 35).
2607 1673 2740 1726 Cum
2773 1671 2932 1742 igitur
2958 1674 3179 1729 inferius
3215 1688 3405 1744 magna
3449 1690 3578 1729 voce
3614 1676 3944 1730 clamantem

2341 1764 2612 1820 audiveris
2639 1782 2945 1836 pauperem,
2975 1768 3169 1823 deinde
3195 1768 3466 1838 quidpiam
3495 1786 3680 1824 eorum
3703 1786 3826 1840 qua:
3855 1785 3947 1840 ap-

2342 1855 2511 1924 posita
2558 1865 2683 1909 sunt
2719 1859 2788 1912 de
2836 1873 3020 1913 mensa
3066 1873 3236 1929 egeno
3275 1859 3509 1924 dederis,
3553 1860 3832 1912 hominum
3876 1861 3944 1914 ad

2342 1962 2579 2000 mensam
2602 1951 2801 2004 voeasﬁ
2831 1967 2924 2019 per
2950 1967 3200 2018 servum,
3227 1961 3284 2007 et
3322 1952 3465 2006 illam
3500 1963 3666 2006 totam
3713 1953 3806 2007 Dei
3849 1954 3946 2008 be-

2343 2037 2733 2099 nedictionibus
2761 2042 3049 2110 replevisti,
3068 2043 3362 2112 oblatisque
3387 2043 3632 2112 primitiis
3650 2046 3942 2099 maximam

2343 2131 2677 2184 occasionem
2707 2139 2792 2184 tua
2824 2135 3182 2202 promptuaria
3218 2134 3461 2203 plurimis
3499 2135 3800 2204 cumplendi
3842 2136 3943 2189 lio-

2343 2220 2427 2272 nis
2458 2221 2747 2287 praebuisti.
2792 2223 2933 2278 Deus
2961 2236 3138 2278 autem
3167 2227 3311 2293 pacis
3342 2239 3397 2281 et
3429 2229 3668 2282 caritatis
3687 2269 3700 2290 ,
3728 2229 3816 2296 qui
3848 2229 3945 2282 dat

2344 2325 2533 2378 panem
2582 2313 2646 2366 atl
2693 2316 3122 2372 manducandum
3156 2318 3243 2389 (2.
3274 2318 3395 2372 Cor.
3423 2319 3477 2374 9.
3515 2320 3582 2375 10
3597 2320 3639 2389 ),
3667 2329 3722 2376 et
3750 2336 3942 2376 semen

2342 2401 2626 2456 seminanti
2653 2444 2666 2463 ,
2697 2413 2928 2459 vestram
2970 2417 3264 2463 sementem
3299 2409 3635 2478 multiplicet,
3665 2419 3719 2464 et
3745 2420 3945 2479 augeat

2343 2490 2668 2546 incrementa
2704 2493 2912 2563 frugum
2951 2497 3170 2566 justitizu
3201 2498 3251 2556 in
3285 2500 3536 2553 omnibus
3569 2500 3720 2553 vobis
3741 2542 3755 2561 ,
3785 2516 3942 2555 suam

2343 2580 2476 2634 dans
2496 2584 2740 2651 gratiam,
2766 2600 2968 2655 nosque
2998 2604 3164 2656 regno
3191 2589 3445 2643 caalorum
3473 2589 3722 2658 dignetur
3749 2607 3761 2641 :
3784 2588 3945 2658 cujus

2343 2689 2441 2726 nos
2487 2676 2768 2745 participes
2818 2678 2932 2732 ﬁeri
2977 2683 3267 2751 contingat,
3297 2683 3466 2751 gratia
3509 2691 3560 2737 et
3606 2682 3943 2751 benignitate

2342 2765 2550 2820 Domini
2580 2772 2745 2822 nostri
2771 2769 2897 2830 Jesu
2926 2773 3144 2838 Christi,
3168 2790 3288 2827 cum
3318 2791 3425 2842 quo
3454 2776 3595 2829 l'atri
3614 2777 3806 2844 gloria,
3830 2776 3937 2828 ho-

2340 2871 2458 2921 nor,
2495 2859 2794 2928 imperium,
2819 2879 2918 2916 una
2947 2879 3068 2919 eum
3092 2863 3290 2934 Spiritu
3319 2877 3524 2931 saneto,
3551 2881 3690 2922 nunc
3715 2876 3772 2923 et
3794 2881 3945 2928 sem-

2345 2963 2457 3017 per,
2488 2960 2542 3004 et
2575 2952 2623 3004 itt
2655 2954 2845 3007 sarcula
2875 2956 3214 3014 szrculoruttt.
3244 2958 3433 3013 Amen.

1799 3652 2152 3714 MONITUM
2207 3655 2307 3718 AD
2363 3656 2793 3720 SERMONEM.

737 3898 834 3952 Hie
867 3914 1067 3964 sermo,
1107 3901 1268 3971 longo
1318 3911 1434 3971 post
1494 3912 1616 3958 oeto
1651 3903 1786 3966 alios
1838 3907 2094 3976 temporis
2131 3907 2417 3962 intervallo
2451 3909 2691 3973 habitus.
2739 3916 2792 3968 in
2837 3916 2938 3972 hac
2993 3920 3137 3977 serie
3188 3923 3399 3990 positus
3454 3923 3581 3993 fuit,
3613 3943 3721 3984 non
3775 3934 3946 3988 modo

662 4016 790 4095 quia
819 4015 868 4067 in
897 4016 986 4069 illo
1017 4016 1084 4070 de
1115 4017 1385 4072 Ahrahatn
1421 4019 1575 4074 etde
1610 4019 1724 4075 Noe
1755 4022 2002 4088 pluribus
2049 4025 2252 4093 agitur,
2303 4027 2396 4080 sed
2449 4029 2610 4082 etiam
2660 4033 2786 4099 quia
2843 4049 2950 4089 non
3021 4053 3190 4106 pauca
3258 4041 3346 4096 hic
3394 4043 3660 4102 habentur
3712 4050 3942 4120 similia,

667 4138 777 4192 imo
801 4137 993 4191 cadent
1030 4151 1164 4204 pene
1190 4153 1310 4206 qua:
1337 4137 1389 4190 in
1422 4138 1671 4193 llomiliis
1710 4141 1760 4192 in
1812 4140 2088 4196 Genesim.
2144 4142 2298 4198 llunc
2346 4159 2510 4212 porro
2558 4148 2877 4206 Sermonem
2926 4159 3116 4209 eodem
3175 4158 3362 4212 habuit
3397 4178 3543 4216 anno
3589 4179 3697 4232 quo
3744 4165 3944 4221 Homi-

668 4250 766 4304 lias
796 4250 1014 4321 triginta
1044 4252 1177 4304 duas
1220 4252 1427 4320 priores
1458 4253 1510 4305 in
1542 4253 1821 4318 Genesim,
1857 4266 2044 4325 etquo
2078 4256 2341 4314 Ilomilias
2392 4261 2444 4315 itt
2495 4264 2819 4334 principium
2866 4270 3151 4336 Actorum,
3191 4284 3246 4326 et
3291 4274 3359 4329 de
3408 4278 3713 4332 mutatione
3760 4287 3942 4335 nomi-

665 4384 814 4421 num.
843 4369 1011 4438 Cujus
1045 4369 1410 4438 chronologize
1458 4371 1724 4425 rationem
1775 4375 2100 4442 explicatam
2155 4376 2324 4431 habes
2358 4378 2409 4433 in
2474 4379 2682 4436 Muttito
2729 4385 2794 4437 ad
2850 4383 3113 4442 llomilias
3173 4389 3224 4442 in
3280 4389 3609 4460 principium
3673 4396 3940 4453 Actorum

665 4479 833 4536 Tomo
865 4483 898 4534 3
923 4483 1047 4551 (col.
1085 4483 1198 4551 63),
1231 4489 1469 4554 ilotttqtte
1496 4489 1546 4541 in
1577 4488 1778 4543 Μοηὶιο
1802 4491 1866 4545 ad
1895 4491 2157 4548 llomilias
2192 4495 2257 4549 de
2287 4499 2587 4554 mutatione
2615 4503 2898 4556 nominum
2921 4505 3111 4559 eodem
3140 4507 3312 4560 Temo
3341 4508 3470 4578 (col.
3508 4510 3652 4579 111).
3680 4511 3804 4578 Quo
3842 4527 3943 4564 au-

671 4605 776 4650 tem
806 4613 948 4650 anno
981 4599 1096 4653 haec
1124 4609 1269 4653 tanta
1309 4602 1653 4656 homiliarum
1695 4620 2122 4677 sermonumque
2170 4624 2341 4665 senes
2392 4615 2741 4679 pronuntiata
2782 4617 2970 4686 luerit,
3014 4621 3255 4677 nondum
3299 4628 3579 4692 potuimus
3622 4628 3935 4698 deprehen-

668 4712 816 4769 dere.
850 4714 976 4769 Illud
1011 4717 1182 4771 solum
1215 4734 1313 4788 pro
1343 4735 1494 4774 certo
1527 4725 1914 4801 explorataque
1961 4729 2240 4794 habemus,
2275 4745 2462 4786 omnes
2511 4745 2630 4804 post
2682 4753 2888 4793 annum
2938 4741 3044 4794 587
3102 4742 3316 4797 habitas
3366 4745 3557 4799 luisse.
3618 4747 3697 4800 Ea
3750 4749 3820 4802 de
3879 4764 3941 4805 rc

713 5019 2332 5046 Μ

1257 5237 1488 5292 SERMO
1527 5237 1616 5292 IX.

653 5332 915 5399 Quomodo
934 5339 1159 5399 oporteat
1179 5333 1398 5400 fratrum
1421 5340 1623 5398 peccata
1642 5347 1872 5401 arguere,
1907 5341 1955 5384 et
1979 5333 2115 5402 quod
2139 5350 2227 5386 eo-

713 5440 825 5475 rum
849 5423 1025 5475 salutis
1057 5438 1232 5474 curam
1258 5420 1438 5474 habere
1462 5423 1755 5486 conveniat,
1784 5433 1829 5474 et
1858 5439 2014 5490 quare
2041 5424 2229 5476 Abram

713 5526 912 5568 uocatus
938 5515 1000 5567 sit
1027 5514 1297 5578 Abraham,
1341 5523 1387 5566 et
1423 5513 1485 5566 tle
1527 5514 1726 5566 nomine
1769 5513 1891 5567 Noé’
1917 5530 1934 5567 :
1957 5517 2092 5584 quod
2128 5533 2227 5570 non

713 5613 899 5671 [rustru
927 5615 1011 5657 aut
1041 5606 1146 5658 sine
1169 5622 1322 5661 causa
1351 5605 1480 5675 justi
1515 5607 1590 5659 illi
1627 5607 1811 5675 fuerint
1841 5608 1918 5660 Itis
1944 5607 2228 5662 nominibus

712 5697 979 5762 (tppi'llttli,
1005 5697 1091 5748 sed
1114 5696 1183 5748 ita
1208 5697 1531 5766 dispensante
1553 5695 1647 5749 Dci
1677 5697 2009 5765 providentia.

719 5789 762 5843 l.
783 5788 927 5842 llaud
943 5789 1151 5843 diltieile
1168 5789 1300 5844 iuret
1315 5804 1377 5843 ex
1399 5790 1772 5860 consequentia
1791 5790 2230 5860 nuperdictorum

2947 5043 3912 5072 __.____.________

2337 5250 2612 5316 prmsentis
2634 5253 2897 5306 sermonis
2918 5269 3132 5312 sumere
3154 5261 3492 5330 prommium,
3513 5265 3772 5334 siquidem
3795 5269 3938 5326 scire

2338 5342 2564 5407 poes'etis
2592 5343 2716 5411 quid
2747 5359 2917 5413 nuper
2945 5363 2972 5398 a
3004 5348 3157 5402 nobis
3186 5350 3411 5417 dietum,
3438 5365 3490 5408 et
3511 5359 3782 5425 quomodo
3812 5361 3934 5416 lini-

2337 5435 2418 5482 tus
2449 5429 2603 5483 fuerit
2635 5447 2834 5485 sermo.
2881 5434 3075 5490 Verum
3105 5441 3229 5508 quia
3261 5441 3497 5511 plerique
3523 5462 3586 5499 ex
3617 5446 3683 5501 iis
3709 5449 3799 5518 qui
3828 5468 3936 5506 nu-~

2337 5534 2431 5586 per
2454 5520 2689 5588 all‘nere,
2723 5523 2878 5580 hodie
2909 5542 3012 5580 non
3041 5530 3230 5583 adsunt
3249 5571 3264 5596 ,
3292 5542 3348 5585 et
3368 5549 3430 5588 ex
3466 5535 3528 5589 iis
3557 5539 3644 5608 qui
3668 5554 3808 5596 nunc
3832 5543 3935 5596 ad-

2336 5622 2480 5675 sunt,
2505 5629 2673 5681 nuper
2697 5614 2934 5682 abluere,
2961 5621 3105 5689 Cogit
3134 5623 3434 5678 auditoruttt
3469 5629 3716 5691 varietas,
3753 5643 3810 5686 ttt
3841 5649 3935 5689 re-

2338 5703 2562 5770 petenda
2590 5706 2728 5771 sint,
2761 5723 2880 5776 qua:
2918 5726 3088 5778 nuper
3127 5711 3268 5767 dicta
3306 5733 3317 5768 :
3352 5716 3493 5772 unde
3520 5729 3573 5774 et
3603 5721 3634 5774 ii
3664 5723 3752 5791 qui
3786 5726 3939 5794 prius

2338 5808 2640 5850 sermonem
2697 5795 3009 5865 audierant,
3063 5804 3252 5858 melius
3299 5805 3560 5863 dictorum
3613 5815 3944 5871 memoriam
