4186 6324
246 486 344 541 (lii

247 602 472 657 ﬁrment
497 616 509 650 :
543 608 599 654 ct
624 599 689 654 iis
713 599 802 667 qui
833 599 1146 662 abfucrunt,
1174 609 1277 649 non
1307 602 1412 648 tam
1438 593 1758 645 danrnosum
1786 590 1854 643 sit

246 693 506 756 abfuisse,
528 692 571 746 si
593 702 646 747 et
671 691 800 760 ipsis
825 690 1124 744 innotescat
1152 688 1395 742 doctrina
1420 686 1623 754 pridem
1655 682 1854 735 habiti.

252 783 318 836 Et
346 781 591 836 fortassis
631 781 812 835 dicent
841 781 930 850 qui
963 795 1179 848 semper
1208 788 1332 832 sunt
1370 784 1666 847 praisentes
1687 815 1700 837 ,
1733 787 1858 841 pro-

251 882 371 942 pter
400 873 518 927 illos
547 886 717 940 nuper
742 870 884 924 dicta
917 887 1022 924 non
1052 883 1174 925 esse
1201 867 1522 923 resumenda
1548 905 1564 932 ,
1604 875 1659 918 ut
1701 865 1732 917 ii
1769 862 1859 931 qui

250 980 372 1018 cum
395 965 512 1018 aliis
531 963 822 1019 convenire
847 970 1308 1032 contempserunt,
1333 961 1433 1015 hoc
1457 961 1653 1014 damno
1675 972 1861 1012 curen-

251 1055 466 1116 dentur,
499 1063 552 1109 et
584 1054 712 1108 liarrt
744 1052 964 1122 posthac
992 1053 1381 1123 diligentiores.

322 1146 476 1202 Zelus
514 1145 871 1215 temperandus
900 1143 1266 1199 misericordia.
1297 1169 1367 1184 --
1419 1141 1676 1210 Equidem
1735 1141 1853 1194 lau-

250 1235 341 1296 do,
369 1235 511 1305 quod
556 1235 780 1290 fratrum
829 1233 1024 1289 doletis
1056 1234 1355 1305 ignaviam,
1389 1243 1442 1287 et
1472 1232 1712 1285 admiror
1762 1246 1855 1284 ze-

252 1326 361 1378 lum
395 1346 408 1381 :
445 1328 640 1382 vellem
669 1335 848 1380 autem
877 1342 972 1380 vos
995 1329 1166 1380 zelum
1195 1326 1336 1379 lrrrrre
1368 1333 1670 1393 temperare
1703 1324 1863 1376 mise-

252 1419 503 1472 ricordia.
536 1419 692 1473 Zelus
719 1420 859 1473 enim
904 1421 1110 1473 veniam
1139 1433 1360 1488 negans,
1394 1418 1573 1487 potius
1609 1415 1756 1470 furor
1783 1423 1865 1468 est

251 1522 410 1578 quint
443 1510 608 1572 zelus,
637 1519 694 1564 et
721 1510 1038 1573 admonitio,
1078 1511 1299 1565 lenitate
1337 1509 1590 1563 destituta
1611 1549 1624 1573 ,
1664 1508 1861 1560 invidia

249 1600 494 1667 quaedam
523 1610 624 1656 est.
655 1602 991 1672 Quapropter
1018 1601 1187 1671 magis
1216 1615 1311 1654 vos
1339 1601 1588 1662 obsecro,
1621 1616 1687 1667 ne
1717 1615 1865 1653 ama-

263 1707 321 1746 rc
350 1691 416 1745 de
440 1693 1080 1761 proximorumjudicctis
1135 1693 1389 1762 peccatis.
1439 1691 1571 1745 Nam
1629 1691 1769 1744 sicut
1821 1691 1864 1744 is

249 1787 340 1853 qni
370 1786 571 1855 alisque
613 1787 1084 1840 commiseratione
1106 1787 1323 1838 vulnera
1355 1785 1578 1838 fratrum
1612 1792 1818 1852 spectat
1845 1824 1858 1844 ,

252 1876 456 1929 nnllurrr
493 1879 729 1931 inveniet
772 1877 862 1946 qui
905 1893 962 1931 se
1002 1877 1253 1945 dignetur
1281 1876 1458 1937 venia,
1489 1875 1532 1929 si
1563 1873 1779 1942 quando
1810 1883 1864 1926 et

252 1968 367 2035 ipse
391 1969 688 2035 peccaverit
724 1986 736 2021 :
767 1967 836 2022 ita
883 1969 970 2036 qui
1020 1982 1143 2020 cum
1190 1965 1557 2020 misericordia
1599 1965 1666 2018 de
1711 1965 1862 2030 laisu

250 2059 481 2127 proximi
509 2060 734 2128 judicat,
763 2060 806 2112 si
831 2061 1044 2130 quando
1066 2069 1120 2116 et
1142 2062 1255 2128 ipse
1282 2059 1651 2128 supplantatns
1685 2059 1859 2118 fuerit,

250 2151 450 2204 rnnltos
477 2152 671 2206 videbit
704 2168 918 2205 manum
953 2152 1309 2221 porrigentes.
1364 2151 1428 2204 lit
1456 2151 1567 2203 hare
1597 2165 1737 2202 nunc
1778 2148 1862 2202 di-

246 2259 318 2296 co
341 2286 356 2307 ,
391 2261 492 2296 non
517 2245 657 2313 quod
691 2245 850 2299 velim
881 2260 1067 2297 eorum
1113 2244 1200 2313 qui
1230 2258 1352 2297 raro
1399 2243 1503 2297 huc
1538 2241 1865 2295 conveniunt

248 2337 628 2406 negligentiam
659 2339 866 2406 augeri,
901 2337 994 2390 sed
1026 2336 1164 2405 quod
1214 2337 1473 2402 trrajorem
1530 2350 1713 2388 curam
1763 2348 1861 2387 no-

243 2440 415 2483 stram
443 2445 564 2497 erga
599 2429 718 2483 illos
748 2429 981 2496 crrpiam,
1005 2428 1072 2482 ita
1104 2440 1158 2481 ut
1190 2444 1309 2483 cum
1341 2430 1550 2481 ratione
1581 2437 1635 2481 et
1664 2427 1863 2479 amoris

243 2519 444 2573 allicitr
474 2531 705 2587 geratur.
767 2521 1014 2587 Alioquin
1057 2529 1109 2573 et
1157 2533 1255 2572 nos
1277 2520 1644 2587 superioribus
1669 2518 1860 2571 diebus

248 2612 450 2664 rrrultos
476 2621 528 2663 et
562 2610 749 2679 longus
773 2626 1055 2666 sermones
1086 2611 1368 2665 adversum
1396 2612 1511 2663 illos
1543 2610 1858 2679 pronuntia-

245 2703 444 2762 vimus,
479 2712 533 2755 et
581 2718 750 2771 neque
781 2703 1054 2756 hominum
1089 2704 1307 2756 nomine
1350 2702 1541 2771 dignos
1584 2702 1813 2754 diximus
1844 2717 1859 2755 :

244 2793 393 2846 sicut
424 2795 747 2849 meministis
775 2793 849 2866 (ιι)
883 2810 979 2848 nos
1003 2796 1054 2849 in
1091 2796 1189 2848 hoc
1218 2795 1539 2863 produxisse
1574 2793 1862 2864 prophetas

239 2883 384 2938 duos
436 2885 733 2954 prmcipno;
780 2895 967 2940 contra
1022 2885 1186 2940 illos:
1221 2902 1453 2955 quorum
1504 2882 1665 2939 unus‘
1692 2885 1860 2939 dicit:

258 2973 386 3026 Veni
413 3017 425 3034 ,
459 2986 504 3028 et
533 2994 630 3029 non
658 2988 763 3031 (rat
792 2978 942 3030 homo
979 2995 997 3032 :
1026 2979 1217 3038 vocavi,
1245 2989 1291 3031 et
1325 2994 1424 3030 non
1454 2988 1561 3030 erat
1592 2979 1678 3046 qui
1706 2976 1859 3028 audi-

240 3077 322 3118 ret
353 3066 506 3136 (lsai.
534 3068 624 3121 50.
666 3068 757 3135 ‘2);
788 3068 927 3121 alius
967 3077 1144 3121 autem
1189 3069 1422 3130 clamat,
1458 3077 1511 3122 ct
1557 3068 1687 3121 dicit
1720 3085 1731 3119 :
1766 3066 1860 3121 Cui

235 3160 428 3224 loquar
459 3168 507 3211 ct
559 3160 913 3227 testiﬁcabor?
971 3159 1354 3211 lncircuntcisa:
1399 3175 1549 3210 aures
1587 3174 1785 3222 eorum,
1814 3167 1860 3210 et

239 3267 347 3302 non
367 3263 577 3318 possunt
603 3252 786 3306 audire
817 3251 950 3315 (Jer.
974 3253 1025 3306 ϐ.
1058 3252 1164 3320 10).
1190 3252 1392 3317 Quibus
1418 3253 1596 3305 verbis
1621 3260 1856 3306 mentem

239 3358 432 3396 eorum
463 3345 593 3398 Satis
619 3346 822 3398 acriter
852 3346 1280 3413 perstrinximus.
1327 3343 1477 3398 Nunc
1506 3360 1633 3397 vero
1666 3346 1858 3399 iterum

241 3434 599 3488 obsecrarnns
630 3452 640 3487 :
686 3437 764 3489 sic
802 3437 944 3490 enim
975 3446 1029 3489 et
1070 3437 1266 3488 Paulus
1293 3435 1453 3503 jussit
1489 3454 1500 3485 :
1535 3437 1738 3505 Argue,
1775 3436 1856 3488 irr-

237 3525 381 3592 quit,
407 3526 634 3593 increpa,
655 3527 860 3579 obsecra
898 3527 972 3596 (2.
1002 3527 1133 3579 Tim.
1163 3528 1214 3580 4.
1253 3526 1333 3596 2).
1367 3526 1551 3597 Neque
1580 3527 1721 3580 enim
1759 3528 1858 3581 hoc

239 3631 464 3685 seraper
490 3619 662 3671 soltrm
703 3634 865 3687 agere
891 3629 1125 3686 oportet,
1162 3635 1334 3688 neque
1363 3634 1578 3687 semper
1611 3620 1735 3673 illud
1762 3637 1854 3672 so-
1911 3667 1918 3673 .

238 3708 355 3760 lrrm
379 3725 396 3786 _:
421 3707 513 3762 scd
538 3720 821 3779 utrunrqne
847 3709 1068 3764 alternis
1095 3710 1300 3763 vicibus
1319 3750 1333 3772 ,
1381 3726 1488 3777 quo
1536 3711 1709 3778 major
1736 3713 1858 3766 inde

236 3811 504 3872 sequntur
529 3803 746 3857 utilitas.
785 3803 917 3857 Nam
948 3805 988 3856 si
1020 3818 1235 3872 semper
1263 3819 1608 3871 argtrcrernus
1631 3846 1643 3864 ,
1678 3804 1857 3872 impu-

233 3893 518 3948 dcrrtiores
560 3894 634 3948 illi
677 3896 956 3949 fierentzsi
983 3911 1198 3964 semper
1239 3895 1676 3961 obsecr-remus,
1711 3897 1854 3965 igna-

238 3989 423 4042 viores
453 3988 826 4042 redderentur.
869 3988 1208 4057 Quapropter
1238 3997 1292 4042 et
1324 3989 1519 4042 medici
1551 4005 1654 4042 non
1679 3990 1853 4044 solum

235 4088 449 4141 secant,
483 4080 580 4132 sed
615 4088 666 4134 ct
691 4080 908 4133 vulnera
937 4080 1171 4149 obligant
1201 4097 1212 4130 :
1249 4094 1422 4147 neque
1459 4096 1673 4147 semper
1701 4095 1852 4134 ama-

235 4186 325 4234 ra,
345 4171 437 4224 sed
464 4188 866 4241 nonnumquam
888 4173 1048 4226 ctiam
1069 4172 1205 4226 lenia
1223 4174 1507 4241 plrarmaca
1531 4174 1848 4228 infundunt:

236 4274 299 4316 nt
335 4279 428 4331 per
453 4265 626 4332 priora
657 4266 746 4318 illa
782 4267 1133 4334 purilicentnr
1156 4269 1340 4320 sanies
1367 4266 1422 4321 et
1465 4268 1687 4336 jutrcdo
1709 4311 1723 4335 ,
1757 4285 1852 4338 per

234 4357 539 4426 posteriora
584 4367 763 4412 autem
805 4357 1077 4427 mitigetur
1106 4357 1315 4411 inustus
1340 4358 1407 4412 ab
1437 4359 1538 4412 illis
1575 4358 1748 4412 dolor.
1783 4359 1851 4414 Et

228 4445 442 4501 idcirco
471 4445 593 4502 alibi
614 4462 831 4519 quoque
855 4447 1025 4518 inquit
1060 4447 1255 4504 Paulus
1288 4467 1301 4502 :
1335 4448 1568 4516 Fratres,
1592 4451 1636 4502 si
1659 4467 1852 4518 pncoc-

231 4549 454 4606 cupams
485 4538 640 4606 fuerit
666 4539 816 4591 homo
841 4539 893 4591 in
923 4540 1096 4606 aliquo
1126 4539 1328 4601 delicto,
1364 4557 1450 4593 vos
1493 4543 1579 4607 qui
1599 4542 1846 4610 spiritua-

230 4628 311 4680 les
333 4628 473 4692 cs:is,
503 4630 744 4698 corripite
769 4629 938 4695 illum,
966 4630 1296 4684 considerans
1319 4631 1645 4702 temetipsum
1667 4675 1680 4696 ,
1715 4651 1777 4688 ne
1802 4643 1850 4688 et

227 4727 287 4770 tu
313 4721 514 4772 tenteris
535 4718 731 4790 (Gula.
757 4721 810 4775 6.
847 4722 925 4792 l).
958 4722 1176 4791 Optima
1199 4723 1517 4788 admonitio,
1554 4726 1845 4793 perlectum

230 4808 522 4862 consilium
545 4852 559 4872 ,
585 4809 725 4879 quod
755 4820 974 4878 paterna
999 4814 1204 4865 viscera
1233 4812 1504 4878 declarat,
1535 4824 1588 4866 et
1619 4817 1735 4882 ejus
1756 4819 1845 4885 qui

228 4915 486 4970 magnam
515 4903 681 4955 nostri
709 4918 890 4957 crrranr
913 4912 1070 4973 gert.
1107 4903 1244 4958 Vere
1273 4905 1468 4972 lingua:
1491 4905 1636 4959 Pauli
1665 4909 1846 4975 verba,

228 4993 451 5046 fratres.
482 4994 624 5049 Satis
655 4997 855 5049 eximio
885 4997 1103 5051 nomine
1131 4997 1450 5052 benevolum
1489 4998 1716 5052 reddidit
1748 5016 1844 5054 au-

219 5087 466 5139 ditorem
507 5088 701 5155 :qnasi
768 5088 1052 5142 dicturus:
1082 5088 1334 5158 Ejusdem
1386 5091 1520 5144 trteri
1577 5102 1728 5158 partu
1792 5103 1845 5145 et

225 5177 516 5231 doloribus
544 5189 838 5248 prognatus
863 5196 942 5239 es.
963 5181 1211 5234 eumdem
1242 5181 1468 5235 habuisti
1500 5197 1729 5252 patrem,
1751 5187 1843 5240 iis-

225 5270 355 5322 dem
382 5268 655 5322 alimentis
679 5269 936 5324 educatus
959 5286 1037 5335 es,
1066 5274 1475 5327 comnrunicasti
1528 5278 1573 5330 ei
1607 5276 1655 5328 in
1690 5288 1843 5345 partu

226 5361 532 5430 spirituali;
567 5363 939 5431 cognationem
963 5372 1015 5417 et
1044 5363 1431 5419 fraternitatem
1458 5366 1592 5421 hanc
1614 5369 1772 5421 etiam
1794 5371 1845 5423 in

226 5453 568 5522 corrigendis
594 5454 820 5523 proximi
852 5457 1043 5509 erratis
1067 5455 1308 5511 declara.
1363 5459 1424 5512 Si
1451 5471 1839 5528 pra'oecupatus

226 5546 409 5613 fuerit.
440 5544 555 5599 Non
587 5546 742 5609 dixit.
773 5546 827 5601 Si
857 5557 1060 5616 peccet,
1091 5549 1183 5601 sed
1206 5549 1271 5602 ad
1289 5565 1458 5618 genus
1488 5549 1687 5618 peccati
1715 5565 1846 5604 corr-

229 5635 406 5706 fugit,
429 5637 570 5707 quod
601 5638 857 5706 rnajorcrrr
891 5649 1128 5692 rrrerctur
1153 5641 1386 5696 veniam.
1419 5641 1476 5696 Si
1509 5658 1843 5712 pra-occupa-

229 5739 319 5780 tus
346 5729 501 5796 fuerit
529 5745 547 5782 :
585 5728 688 5782 hoc
710 5739 815 5795 est,
850 5730 892 5783 si
924 5730 1157 5798 graviter
1187 5738 1421 5784 tentatus
1465 5733 1841 5798 succubuerit,

290 5861 372 5930 ’(a)
404 5865 486 5913 ltic
508 5863 708 5931 denotat
725 5877 1005 5931 sermonem
1026 5867 1074 5915 iit
1116 5865 1252 5920 illud,
1279 5866 1451 5915 Saulus
1469 5867 1631 5915 adhuc
1654 5867 1846 5931 spirans

220 5928 403 5987 mittas,
429 5935 544 5986 etc“
571 5930 652 5988 qui
672 5935 747 5976 est
770 5928 953 5988 [‘l'itlliis
976 5929 1038 5976 de
1061 5931 1320 5978 mulatione
1347 5943 1610 5978 munitum.

1474 479 1537 534 IN
1581 473 1878 534 GENESIM
1918 473 2149 531 SERMO
2183 473 2271 527 IX.

3478 468 3584 521 6‘22

1969 590 2014 643 si
2045 588 2322 651 erraverit,
2350 601 2522 658 neque
2542 603 2665 642 eum
2689 590 2778 658 qui
2819 587 2996 642 dedita
3031 601 3194 656 opera
3229 587 3468 652 peccavit
3496 589 3580 640 ιιι-

1969 683 2061 747 cit,
2089 681 2182 734 sed
2224 694 2346 733 eum
2389 680 2476 748 qui
2528 680 2734 735 studuit
2782 681 2922 736 bene
2973 694 3160 749 agere,
3209 680 3580 747 supplantatus

1971 782 2148 826 tamen
2178 781 2314 826 esta
2348 780 2611 840 potestate
2657 773 2918 826 diabolica
2947 785 3001 827 et
3046 774 3236 826 victus.
3283 770 3414 824 Nam
3461 772 3581 822 talis

1971 878 2080 917 non
2123 873 2230 916 tam
2291 864 2687 917 accusationem
2733 879 2892 933 quam
2947 863 3157 917 veniam
3208 874 3465 916 meretur.
3522 861 3582 915 Si

1973 966 2360 1025 pra'occnpatus
2387 959 2543 1028 fuerit
2592 957 2764 1009 homo.
2826 956 3022 1009 lterum
3076 953 3142 1008 ad
3192 954 3352 1007 alianr
3410 956 3578 1008 venia:

1970 1048 2206 1116 speciem
2231 1047 2490 1117 corrfngit,
2522 1063 2716 1116 nempe
2745 1057 2950 1100 natura:
2979 1045 3348 1099 infirmitatem
3374 1086 3389 1110 ,
3421 1060 3582 1114 quam

1972 1142 2190 1195 nomine
2214 1140 2449 1196 hominis
2471 1141 2729 1194 insinuat.
2765 1139 2916 1193 Sicut
2954 1139 3113 1207 igitur
3150 1145 3204 1191 et
3231 1151 3456 1206 magnus
3484 1137 3607 1207 .lob.

1974 1233 2183 1284 veniam
2235 1246 2265 1284 a
2319 1230 2429 1285 Deo
2488 1231 2778 1300 impetrare
2830 1230 3036 1290 volens,
3066 1228 3279 1282 dicebat
3310 1245 3323 1281 :
3353 1226 3491 1293 Quid
3513 1239 3587 1280 est

1972 1327 2122 1378 homo
2167 1324 2302 1394 quod
2346 1334 2552 1394 reputas
2600 1341 2749 1385 eunt,
2780 1334 2826 1375 et
2874 1323 3211 1376 visitationem
3253 1331 3575 1390 peccatorum

1971 1421 2081 1488 ejus
2111 1418 2274 1487 fecisti
2305 1416 2446 1487 (Job.
2474 1417 2527 1470 7.
2558 1417 2680 1480 17)?
2712 1417 2787 1470 sic
2818 1423 2872 1469 et
2903 1428 3000 1468 nos
3042 1413 3299 1468 faciamus
3321 1456 3334 1478 ,
3369 1415 3586 1482 quando

1972 1524 2092 1563 cum
2123 1517 2401 1578 peccatore
2429 1508 2608 1576 aliquo
2629 1505 3020 1574 cxpostulatur,
3037 1505 3292 1559 continue
3313 1503 3578 1562 dicamus,

1973 1600 2145 1653 llomo
2167 1608 2247 1654 est
2283 1617 2296 1653 :
2324 1609 2378 1652 et
2410 1609 2616 1651 natura:
2649 1596 3020 1651 recordatione
3061 1595 3126 1648 ad
3157 1593 3586 1647 misericordiam

1973 1691 2340 1760 indignantem
2374 1703 2752 1758 provocemus.
2803 1687 2868 1740 Et
2895 1701 2956 1741 ea
2991 1685 3058 1740 de
3088 1700 3246 1738 causa
3296 1684 3492 1737 Paulus
3521 1683 3587 1735 ad

1971 1794 2212 1837 naturam
2245 1787 2296 1834 et
2323 1781 2440 1850 ejus
2480 1779 2840 1834 irrlirnritatern
2870 1778 3141 1848 confugit,
3166 1792 3288 1832 cum
3319 1776 3493 1829 dixit:
3526 1775 3589 1830 Si

1972 1885 2019 1928 et
2069 1884 2460 1944 prwoccupatus
2503 1873 2654 1942 fuerit
2696 1873 2844 1924 homo
2894 1871 2946 1923 in
2976 1870 3150 1938 aliquo
3200 1868 3409 1922 delicto.
3469 1866 3585 1920 Non

1971 1964 2290 2034 simpliciter
2333 1978 2522 2032 magna
2557 1970 2774 2030 peccata
2808 1961 2968 2023 dicit,
3005 1975 3124 2028 qum
3169 1959 3372 2027 majora
3425 1971 3587 2026 quam

1973 2068 2031 2114 ut
2070 2059 2277 2112 veniam
2328 2066 2383 2112 et
2434 2055 2860 2109 misericordiam
2909 2054 3103 2106 mereri
3153 2051 3458 2113 videantur,
3489 2049 3584 2103 sed

1973 2165 2131 2220 parva
2162 2160 2216 2204 et
2244 2149 2476 2217 abjecta.
2543 2147 2641 2200 Vos
2670 2147 2756 2216 qui
2786 2145 3101 2215 spirituales.
3131 2142 3182 2196 is
3227 2142 3316 2212 qui
3361 2150 3547 2211 peccat
3571 2180 3583 2200 ,

1973 2244 2170 2307 homo;
2199 2243 2288 2311 qui
2322 2257 2450 2296 vero
2474 2239 2614 2294 bene
2644 2246 2956 2310 operantur,
2987 2233 3291 2304 spirituales
3313 2232 3586 2286 dicuntur.

1974 2337 2070 2390 llic
2116 2335 2326 2390 virtutis
2368 2333 2687 2388 vocabulum
2731 2331 2942 2401 posuit,
2990 2330 3100 2384 illic
3140 2337 3346 2383 natura:
3390 2341 3588 2381 nomen

1971 2429 2131 2482 dixit.

2044 2521 2346 2591 Spiritualis
2404 2520 2554 2572 homo
2601 2519 2732 2584 quis.
2776 2545 2846 2555 —-
2885 2515 3109 2569 Multum
3169 2522 3347 2566 autem
3409 2510 3585 2565 diﬂ'ert

1972 2612 2150 2672 homo.
2185 2622 2238 2666 et
2264 2611 2579 2681 spiritualis.
2621 2609 2721 2662 Vos
2745 2609 2832 2676 qui
2854 2608 3170 2677 spirituales.
3203 2604 3261 2659 Si
3294 2603 3587 2680 spiritualis

1969 2722 2048 2772 es,
2079 2707 2302 2760 ostende
2330 2705 2458 2759 nrilri
2485 2707 2733 2757 virtutenr
2763 2711 2931 2767 tuam,
2966 2716 3075 2754 non
3099 2714 3124 2752 a
3153 2707 3260 2762 tua,
3295 2697 3389 2752 sed
3414 2712 3442 2749 a
3469 2711 3586 2748 mea

1967 2801 2160 2863 salute,
2194 2799 2288 2853 sed
2313 2814 2341 2851 a
2375 2796 2614 2851 subsidio
2637 2793 2778 2862 quod
2807 2794 2958 2862 lapso
2990 2795 3115 2846 fers.
3148 2790 3260 2845 Hoc
3290 2789 3432 2842 enim
3471 2789 3586 2856 spi-

1969 2894 2178 2948 ritualis
2202 2902 2280 2946 est
2306 2934 2318 2954 ,
2355 2905 2459 2944 non
2482 2889 2762 2958 despicere
2789 2903 2884 2941 sua
2911 2885 3155 2940 rrrerrrbra
3209 2882 3583 2952 periclitantia.

1969 2984 2218 3038 lnstruite
2245 2984 2414 3035 talem.
2452 2981 2654 3044 Facite,
2687 2980 2781 3042 ait,
2813 2993 2881 3031 ne
2912 2977 3030 3044 capi
3063 2976 3251 3045 possit,
3274 2990 3340 3028 ne
3365 2983 3585 3027 certan-

1970 3076 2041 3130 do
2071 3075 2414 3143 defatigetur,
2446 3090 2509 3125 ne
2535 3071 2830 3140 przeliando
2857 3071 3120 3123 adversus
3140 3066 3413 3121 diabolurrr
3457 3079 3584 3119 suc-

1969 3166 2205 3220 cumbat.
2235 3164 2578 3218 Considamus
2610 3163 2948 3229 temetipsum,
2984 3177 3046 3213 ne
3079 3170 3126 3213 et
3151 3170 3203 3211 tu
3229 3158 3456 3211 tenteris.

2038 3257 2092 3310 2.
2137 3255 2247 3309 lloc
2275 3268 2541 3308 summum
2565 3252 2851 3306 consilium
2883 3259 3058 3315 est,ct
3079 3248 3376 3303 adnronitio
3403 3249 3584 3302 maxi-

1967 3366 2053 3403 me
2077 3363 2292 3417 cogens.
2331 3346 2549 3400 Etiamsi
2574 3360 2769 3399 saxeus
2803 3343 2987 3407 fueris,
3020 3351 3074 3397 et
3096 3343 3284 3397 audias
3307 3384 3322 3407 ,
3355 3342 3583 3396 verbum

1969 3439 2070 3495 hoc
2097 3439 2329 3492 sufficiet
2351 3438 2415 3491 ad
2447 3435 2758 3500 terrendum
2785 3476 2800 3498 ,
2827 3445 2882 3490 et
2910 3433 3340 3504 provocandum,
3370 3449 3478 3502 quo
3504 3431 3582 3486 fe-

1967 3547 2056 3585 ras
2084 3531 2342 3584 attxiliurrr
2375 3530 2545 3598 lapso.
2578 3528 2695 3582 Non
2723 3527 2801 3582 vis
2823 3570 2836 3593 ,
2872 3528 2980 3594 ait,
3012 3535 3069 3581 ut
3103 3527 3270 3580 frater
3299 3525 3584 3580 misereri?

1967 3638 2072 3676 non
2101 3623 2178 3675 vis
2209 3631 2264 3673 ut
2291 3621 2599 3674 hominibus
2627 3618 2925 3673 concedere
2964 3617 3221 3672 veniam?
3251 3633 3356 3670 rrou
3397 3617 3480 3670 vis
3524 3626 3582 3669 ιιι

1965 3717 2154 3785 Spiritu
2195 3715 2260 3768 iis
2292 3729 2506 3767 manum
2539 3712 2854 3781 porrigere?
2884 3710 3179 3765 Considera
3211 3709 3579 3764 conditionem

1965 3819 2109 3863 tuam
2141 3826 2152 3861 :
2186 3818 2241 3862 et
2270 3824 2373 3861 non
2429 3808 2689 3876 indigebis
2733 3806 3064 3869 consiliario,
3111 3804 3206 3860 sed
3239 3821 3337 3873 per
3386 3811 3580 3858 temet-

1963 3902 2136 3970 ipsrun
2167 3895 2434 3969 jaccnieur
2457 3898 2687 3968 jrnabis.
2719 3907 2773 3952 et
2795 3912 2823 3949 a
2849 3897 3135 3965 Iernelipso
3173 3894 3575 3949 adtnoneberis.

1962 3993 2081 4059 Quo
2109 4003 2284 4061 pacto,
2315 3999 2367 4045 et
2397 4007 2503 4058 quo
2535 3989 2732 4044 modo?
2760 3987 3459 4056 Consideranstemetipsum,
3479 3987 3574 4051 ait,

1962 4103 2025 4141 ne
2052 4096 2097 4139 et
2125 4097 2177 4139 tu
2200 4088 2422 4139 lenteris.
2454 4084 2568 4138 Non
2593 4085 2725 4137 dixit
2750 4101 2762 4135 :
2794 4083 2925 4136 Nam
2957 4083 3179 4136 omnino
3209 4093 3261 4136 et
3291 4091 3344 4134 ιιι
3380 4097 3574 4152 pecea-

1961 4178 2062 4245 bis,
2097 4196 2162 4233 ne
2195 4179 2469 4232 molestior
2493 4188 2637 4231 esset
2661 4196 2673 4230 :
2699 4175 2794 4230 sed
2815 4175 3084 4244 quomodo
3114 4174 3288 4229 dixit?
3311 4174 3393 4228 Ne
3408 4190 3576 4244 quau-

1959 4271 2030 4324 do
2055 4282 2100 4324 et
2125 4281 2175 4322 tu
2203 4271 2427 4322 tenteris.
2478 4268 2617 4322 Fieri
2669 4268 2812 4320 enim
2847 4275 3026 4337 potest
3072 4276 3128 4320 ιιι
3178 4280 3367 4334 pecces
3402 4281 3416 4318 :
3453 4265 3571 4320 lieri

1959 4363 2120 4416 etiam
2150 4369 2324 4431 potest
2357 4369 2412 4413 ut
2464 4377 2568 4413 non
2599 4375 2808 4430 pecces.
2841 4360 2908 4413 Et
2938 4359 3061 4429 quia
3091 4359 3356 4414 incertuur
3381 4369 3462 4413 est
3487 4358 3572 4412 lu-

1961 4463 2157 4515 turum,
2194 4467 2322 4521 para
2373 4452 2464 4505 tibi
2513 4451 2900 4505 misericordiae
2951 4450 3251 4519 Sportulas,
3305 4466 3440 4520 quas
3497 4451 3572 4504 illi

1956 4546 1991 4601 d
2017 4562 2150 4612 ures,
2182 4555 2238 4598 ιιι
2277 4560 2373 4614 per
2399 4543 2488 4598 illa
2518 4559 2637 4612 qua:
2688 4543 2933 4610 proximo
2980 4542 3285 4610 inqendis,
3318 4542 3361 4596 si
3412 4553 3466 4595 ct
3517 4551 3573 4596 tu

1956 4638 2242 4707 aliquando
2267 4637 2445 4705 lapsus
2468 4635 2634 4689 fueris
2658 4676 2672 4699 ,
2708 4634 2954 4688 invenias
3007 4633 3371 4702 pronrptuaria
3410 4632 3573 4686 mise-

1957 4731 2165 4784 ratione
2207 4730 2427 4783 referta.
2481 4727 2597 4782 Non
2628 4727 2786 4790 dixit,
2834 4726 2911 4781 Ne
2939 4725 3157 4796 quando
3184 4737 3238 4780 et
3267 4735 3320 4778 ttr
3353 4740 3570 4795 pecces,

1957 4838 2026 4876 ne
2054 4822 2267 4892 quando
2294 4834 2342 4873 et
2373 4829 2427 4874 tu
2463 4821 2624 4874 cadas
2655 4836 2668 4872 :
2703 4819 2967 4873 attendite
3013 4819 3305 4888 diligenter
3343 4819 3410 4871 ad
3460 4819 3570 4873 vim

1959 4913 2246 4969 verborum
2291 4913 2534 4981 ipsorunr
2563 4931 2574 4965 :
2602 4910 2695 4966 sed
2721 4952 2735 4976 ,
2792 4909 2878 4964 Ne
2932 4911 3150 4981 quando
3179 4921 3226 4965 et
3255 4921 3310 4964 tu
3340 4911 3568 4965 tenteris.

1955 5007 2074 5074 Quo
2107 5006 2264 5060 simul
2315 5005 2616 5070 indicatur,
2648 5019 2748 5058 nos
2780 5004 2980 5058 habere
3018 5004 3294 5058 inimicum
3335 5012 3570 5058 tentato-

1957 5116 2067 5152 renr
2100 5115 2113 5149 :
2145 5108 2196 5152 et
2236 5105 2469 5152 tentator
2493 5113 2597 5150 non
2627 5103 2883 5151 statrrturn
2915 5095 3198 5149 insidiandi
3228 5104 3439 5163 tempus
3469 5093 3566 5148 ha.

1957 5191 2081 5252 hct;
2117 5193 2432 5260 plerumque
2458 5190 2601 5245 enim
2627 5189 2677 5242 in
2712 5203 2810 5242 nos
2841 5188 3176 5242 dormientes
3203 5196 3255 5241 et
3286 5186 3567 5257 negligen-

1958 5293 2037 5338 tes
2067 5285 2322 5352 impelunr
2356 5283 2480 5335 facit
2507 5299 2518 5334 :
2544 5291 2599 5334 et
2629 5280 2827 5335 idcirco
2853 5287 3256 5350 prmoccupatus
3286 5278 3373 5332 ille
3397 5279 3570 5348 magis

1954 5375 2146 5445 dignus
2173 5382 2256 5427 est
2276 5415 2288 5435 ,
2313 5375 2397 5427 cui
2431 5372 2771 5425 contionetur
2791 5413 2805 5437 ,
2829 5371 3088 5440 qtroniam
3121 5385 3150 5422 a
3185 5378 3450 5423 tentatore
3477 5382 3568 5422 ca-

1957 5476 2078 5535 ptus
2108 5473 2210 5518 est.
2272 5465 2388 5519 Non
2433 5464 2576 5522 enim
2605 5473 2721 5518 erat
2751 5463 2800 5518 ei
2842 5461 3123 5517 manifesta
3150 5475 3359 5532 pugna,
3392 5475 3571 5530 neque

1956 5557 2236 5610 condictus
2265 5555 2382 5610 dies
2412 5555 2573 5620 belli,
2606 5554 2702 5610 sed
2726 5557 2778 5608 in
2811 5555 3086 5609 incautum
3116 5553 3370 5622 impetum
3399 5551 3526 5606 fecit
3549 5592 3568 5618 ,

1955 5658 2112 5717 atque
2143 5647 2343 5702 ideirco
2371 5647 2665 5714 superavit.
2710 5645 2801 5702 Sic
2849 5655 3026 5700 nautae
3083 5658 3299 5714 quoque
3342 5642 3567 5707 faciunt,

1954 5757 2075 5795 cnnr
2109 5757 2202 5810 per
2235 5756 2485 5811 magnum
2516 5751 2571 5795 et
2592 5741 2893 5810 Spatiosurn
2927 5755 3075 5794 mare
3108 5739 3378 5810 navigant.
3417 5738 3566 5794 Licet

1957 5834 2107 5886 navis
2134 5832 2375 5886 secundo
2398 5843 2560 5887 vento
2587 5831 2828 5896 feratur,
2864 5833 2989 5885 licet
3025 5833 3170 5884 omni
3203 5830 3449 5885 fruantur
3482 5845 3563 5885 se-

1962 5924 2210 5992 curitate,
2240 5938 2360 5978 cum
2391 5932 2568 5978 tamen
2601 5922 2829 5978 viderint
2859 5921 2993 5977 alios
3019 5922 3100 5977 vel
3131 5920 3315 5994 procul
3349 5919 3562 5975 naufra-
