4186 6324
610 303 716 358 623

607 414 754 482 gium
781 411 976 477 lacere,
998 425 1123 469 non.
1149 422 1299 462 suam
1326 414 1627 475 spectantes
1649 403 1948 467 utilitatem,
1973 402 2183 456 illorum

612 510 961 557 contemnunt
981 498 1334 555 calamitatem
1368 515 1380 550 :
1413 497 1506 549 scd
1526 496 1720 548 sistunt
1749 508 1936 547 navem
1966 533 1983 558 ,
2013 493 2191 546 laxant

615 593 926 656 aitt'hﬂnm,
955 589 1244 646 detrahunt
1271 590 1406 653 vela,
1429 587 1646 656 cjieiunt
1678 583 1867 647 funes,
1905 583 2190 652 projiciunt

618 681 852 745 tabulas,
882 690 938 734 ut
964 681 1054 735 ille
1073 679 1164 748 qui
1189 694 1218 730 a
1245 677 1492 732 ﬂuctibus
1535 674 1814 743 mergitur,
1847 673 1982 726 forte
2010 669 2192 737 aliiin

616 771 825 825 illorum
853 781 1065 838 arrepto
1095 777 1349 839 emergat.
1382 767 1594 821 Imitare
1619 766 1778 834 igitur
1796 773 1851 817 et
1883 773 1936 816 tu
1967 771 2151 814 nautas
2176 799 2191 826 ,

618 859 778 914 homo
802 877 815 912 :
840 875 874 913 n
892 874 963 913 nm
978 869 1031 913 et
1054 868 1108 912 tu
1131 871 1276 912 mare
1297 857 1512 926 navigas
1541 869 1788 924 magnum
1809 863 1859 906 et
1882 851 2194 921 spatiosum,

620 967 812 1023 nempe
842 955 961 1005 vita:
986 951 1296 1022 prmsentis,
1330 947 1470 1018 quod
1517 946 1712 1000 multas
1763 943 1926 998 habet
1968 941 2194 1003 belluas,

620 1043 839 1111 piratas,
866 1053 1062 1110 petras,
1085 1051 1140 1094 et
1170 1040 1395 1094 latentes
1427 1034 1678 1105 scapulas
1698 1075 1714 1100 ,
1742 1033 2052 1101 crebrisque
2085 1042 2199 1084 tur-

624 1135 777 1188 batur
807 1133 1070 1196 ﬂuctibus,
1094 1139 1148 1184 et
1186 1133 1236 1184 in
1281 1143 1348 1184 eo
1395 1127 1770 1196 nauli-agantur
1796 1123 2029 1194 plurimi.
2052 1120 2187 1176 Cum

625 1224 785 1294 igitur
837 1222 1033 1277 videris
1078 1221 1433 1291 navigantium
1479 1217 1712 1286 aliquem
1751 1212 1947 1268 diaboli
1998 1210 2203 1265 insidiis

626 1315 872 1366 amittere
899 1312 1110 1365 divitias
1141 1309 1327 1363 salutis
1347 1349 1361 1371 ,
1393 1317 1577 1361 natare
1615 1306 1666 1358 in
1711 1301 1978 1366 ﬂuctibus,
2010 1311 2062 1355 et
2090 1299 2203 1368 jam

626 1403 918 1473 Subinergi,
947 1405 1077 1457 siste
1103 1415 1311 1462 navem,
1343 1407 1398 1452 et
1427 1397 1626 1452 relictis
1665 1394 1891 1463 negotiis
1927 1392 2030 1446 tuis
2052 1430 2068 1455 ,
2097 1401 2206 1444 sta-

631 1497 724 1547 tim
749 1493 888 1547 iiiius
915 1491 1132 1560 provide
1173 1489 1353 1544 saluti.
1399 1486 1530 1541 Nam
1571 1500 1774 1540 moram
1806 1498 1911 1538 non
1955 1483 2204 1546 sustinet,

635 1597 804 1652 neque
829 1582 1154 1643 dilationem,
1195 1578 1282 1648 qui
1309 1575 1575 1647 submergi
1600 1575 1804 1644 incipit.
1837 1573 2000 1643 igitur
2027 1571 2208 1626 statim

636 1689 854 1729 accurre
875 1711 892 1736 ,
922 1680 977 1726 et
1003 1679 1333 1740 quantoeyus
1371 1682 1402 1723 e
1436 1666 1682 1721 ﬂuctibus
1707 1679 1829 1720 eum
1875 1663 2042 1733 eripe,
2078 1660 2209 1715 nihil

638 1779 741 1818 non
770 1778 867 1833 age
895 1771 947 1815 ut
970 1761 1142 1831 ipsum
1187 1775 1252 1814 ex
1305 1755 1570 1827 profundo
1619 1752 1868 1810 interitus
1913 1750 2206 1807 extrahas:

639 1855 851 1912 etiamsi
876 1865 929 1909 te
951 1853 1175 1922 plurima
1198 1850 1406 1921 negotia
1424 1849 1676 1903 aliorsum
1697 1854 1887 1900 vocent
1903 1853 1958 1898 et
1976 1841 2206 1903 trahant,

646 1942 773 1999 nihil
801 1944 963 1999 ducas
990 1941 1159 2013 magis
1191 1942 1550 1996 necessarium
1585 1937 1749 1994 isiute
1776 1939 1854 1991 sic
1885 1929 2206 1997 laborantis;

641 2048 766 2091 nam
806 2033 853 2088 si
885 2045 1167 2103 parumper
1191 2029 1406 2085 differre
1428 2027 1680 2092 volueris,
1731 2024 1980 2094 perdatur
2009 2031 2215 2088 tempe-

644 2135 781 2182 state
802 2125 1004 2181 rabida.
1033 2121 1183 2181 Unde
1202 2123 1254 2176 in
1281 2120 1442 2178 tantis
1470 2116 1722 2188 periculis
1737 2129 1924 2184 magna
1943 2113 2216 2168 accelera.

632 2215 781 2272 tione
800 2226 936 2283 opus
960 2220 1044 2267 est
1069 2216 1125 2264 et
1153 2207 1349 2262 studio.
1381 2203 1520 2260 Audi
1542 2197 1814 2271 quomodo
1842 2194 2036 2258 Paulus
2055 2239 2072 2254 .
2100 2196 2217 2250 viso

633 2307 850 2361 homine
877 2302 1114 2378 quodam
1140 2298 1230 2376 qui
1263 2301 1315 2356 in
1341 2297 1663 2372 profundum
1693 2294 2001 2365 rapiebatur
2024 2330 2042 2352 .
2072 2285 2219 2378 solli-

632 2399 772 2460 citus
795 2412 850 2460 et
874 2377 1066 2458 anxius
1091 2407 1240 2461 erat.
1265 2405 1319 2451 et
1345 2394 1480 2448 alios
1505 2388 1790 2447 excitabat.
1837 2383 2147 2452 Conﬁrmata
2167 2377 2223 2430 in

641 2497 786 2549 illam
820 2492 1101 2554 auitam,
1133 2485 1324 2558 inquit,
1353 2499 1417 2537 ne
1441 2481 1573 2545 {orte
1608 2477 1813 2533 tristitia
1856 2470 2227 2528 abundantiam

641 2587 965 2640 absorbentur
987 2583 1075 2636 ille
1101 2580 1178 2652 (2.
1197 2578 1318 2634 Cor.
1345 2574 1408 2630 2.
1431 2574 1485 2630 8.
1513 2573 1592 2642 7).
1625 2569 1694 2626 Et
1714 2576 1932 2640 propter
1957 2564 2059 2618 hoc
2077 2560 2230 2652 jubet

645 2676 821 2730 statim
849 2672 1088 2744 ιιι-πωπω
1108 2681 1346 2732 manum,
1365 2673 1424 2719 ut
1450 2677 1519 2718 ne
1541 2660 1754 2716 interim
1781 2657 1909 2711 dum
1933 2651 2231 2709 uiderimus

648 2775 948 2836 praeventus
976 2763 1066 2818 ille
1096 2760 1466 2816 absorbeatur;
1517 2753 1714 2809 Curam
1770 2748 1931 2820 igitur
1981 2757 2232 2817 geramus

595 2856 606 2864 ’
649 2859 869 2912 iratrum
891 2863 1218 2909 nostrorum.

723 2946 839 3016 Quo
862 2946 1006 3016 signa
1026 2945 1431 2998 internoscantur
1455 2934 1753 2993 Christiani.
1783 2961 1856 2973 —
1885 2930 2011 2986 Htec
2025 2943 2235 2985 summa

653 3041 776 3096 vita
807 3048 1006 3093 nostra:
1034 3045 1155 3100 est;
1187 3033 1289 3089 hoc
1334 3033 1488 3103 signo
1530 3031 1946 3086 internosctmur
1987 3038 2056 3076 au
2081 3021 2242 3077 Chri-

657 3129 812 3186 stiani
840 3129 1044 3192 simus,
1071 3139 1193 3180 cum
1229 3137 1336 3178 non
1369 3121 1542 3177 solum
1586 3133 1705 3189 qua:
1737 3124 1919 3171 nostra
1958 3121 2088 3170 sunt
2111 3126 2241 3182 spe-

656 3231 884 3282 ctamus.
912 3218 1005 3273 sed
1031 3227 1086 3273 et
1115 3217 1357 3270 membra
1396 3221 1576 3267 nostra
1623 3221 1874 3279 perversa
1919 3203 2243 3275 corrigimus

658 3321 715 3366 et
734 3309 1063 3365 instruimus.
1087 3305 1201 3362 Hoc
1226 3303 1518 3358 maximum
1558 3297 1815 3354 iudicium
1871 3297 2012 3351 lidei.
2051 3293 2118 3348 In
2148 3293 2244 3346 hoc

660 3401 794 3456 enim
815 3404 1114 3471 cognoscent
1135 3411 1326 3456 om,
1358 3393 1548 3463 inquit,
1572 3390 1708 3462 quod
1726 3387 1966 3458 discipuli
1981 3383 2078 3440 nisi
2103 3384 2244 3450 estis,

661 3493 704 3545 si
731 3505 819 3544 sos
841 3480 1052 3560 diligitis
1071 3496 1244 3540 mutato
1267 3482 1447 3555 (locu.
1469 3484 1554 3538 t5.
1588 3481 1703 3552 35).
1751 3479 2042 3534 Caritatem
2067 3482 2248 3529 autem

667 3584 931 3637 sinceram
957 3579 1194 3634 declarat
1220 3589 1330 3631 non
1357 3573 1664 3630 communio
1689 3584 1888 3627 mensa:
1907 3604 1922 3633 .
1951 3582 2058 3622 non
2087 3567 2251 3620 breve

669 3673 1019 3742 colloquium;
1047 3684 1155 3724 non
1181 3668 1470 3724 verborum
1498 3664 1766 3728 adulatio,
1794 3660 1890 3716 sed
1933 3657 2168 3713 studium
2197 3656 2252 3710 in

670 3761 1058 3819 cmtsiderando
1119 3758 1246 3830 quid
1291 3759 1533 3830 proximo
1576 3752 1860 3830 conducat,
1915 3760 1974 3804 ut
2020 3749 2257 3819 erigatur

670 3859 760 3926 qui
785 3853 994 3917 cecidit,
1025 3866 1081 3907 et
1126 3824 1426 3920 porrigatur
1473 3847 1625 3916 lapso
1654 3824 1847 3899 manu;
1884 3843 2114 3898 salutem
2153 3855 2256 3895 nc-

673 3945 912 4017 giigenti,
937 3954 993 3997 ut
1017 3952 1142 3997 ante
1179 3942 1315 3996 bona
1341 3936 1548 4008 propria
1570 3976 1587 4002 ,
1621 3936 1957 4006 inquinatur
1981 3948 2100 4002 qua:
2131 3945 2258 4001 pro.

675 4039 965 4092 ximisunt.
1023 4034 1149 4088 lianc
1193 4042 1277 4088 est
1311 4047 1432 4086 vera
1469 4029 1686 4084 caritas.
1732 4026 1864 4082 Nam
1893 4027 2094 4080 caritas
2151 4038 2258 4079 non

679 4137 884 4198 spectat
907 4140 1143 4197 quorsus
1169 4132 1312 4187 sunt,
1328 4122 1420 4176 sed
1441 4123 1585 4190 prius
1614 4119 1760 4173 videt
1781 4133 1844 4172 ea
1866 4132 1983 4188 qua:
2005 4116 2258 4187 proximi,

681 4235 839 4290 quam
868 4233 986 4287 qua:
1015 4233 1132 4282 sua,
1159 4226 1217 4269 ut
1257 4229 1352 4284 per
1391 4227 1456 4268 ea
1484 4211 1664 4266 videat
1715 4225 1834 4279 qua:
1883 4223 1979 4263 sua
2022 4216 2151 4263 sunt
2183 4207 2260 4277 (i.

686 4312 806 4364 Cor.
839 4309 923 4364 i5.
949 4306 1026 4379 5).
1062 4307 1125 4361 Et
1149 4320 1250 4376 ego
1293 4318 1436 4359 nunc
1486 4317 1593 4357 non
1629 4311 1848 4373 propter
1889 4299 2264 4368 memetipsuns

689 4413 794 4458 tam
823 4401 991 4469 leugis
1015 4397 1351 4452 sermonibus
1374 4405 1496 4451 utor
1514 4435 1531 4461 ,
1557 4393 1651 4450 sed
1704 4397 1922 4463 pr0pter
1951 4400 2067 4444 vos.
2105 4388 2270 4461 igitur

688 4500 747 4546 et
776 4504 870 4544 vos
892 4488 1074 4543 audite
1095 4531 1113 4554 ,
1136 4503 1241 4542 non
1270 4494 1488 4557 pr0pter
1513 4483 1867 4553 vosmetipsos
1887 4523 1902 4548 ,
1931 4481 2024 4537 sed
2053 4490 2273 4552 propter

692 4583 827 4637 alios
867 4596 898 4634 a
935 4581 1087 4634 vobis
1137 4579 1478 4633 erudiendos.
1529 4575 1974 4646 Quandoquidem
2018 4574 2272 4632 Ecclesia:

694 4692 892 4748 corpus
924 4691 1018 4748 per
1051 4675 1413 4728 membrorum
1437 4671 1816 4726 cohaerentiam
1845 4671 2097 4723 nutritur.
2126 4669 2276 4723 Sicut

695 4784 826 4838 ergo
879 4767 1176 4824 membrum
1233 4765 1376 4835 quod
1421 4763 1561 4834 apud
1604 4763 1841 4832 seipsum
1893 4761 2044 4815 cibos
2087 4773 2278 4813 onmes

699 4870 957 4926 reservat,
1005 4860 1285 4928 vicinoque
1323 4871 1431 4912 non
1485 4856 1870 4918 communicat,
1929 4863 1984 4906 et
2041 4854 2277 4921 seipsum

695 4952 920 5009 oiiendit
939 4993 953 5016 ,
981 4961 1034 5008 et
1053 4951 1313 5021 reliquum
1343 4962 1538 5017 corpus
1570 4947 1859 5015 corrtmtpit
1886 4963 1898 4997 :
1923 4944 2278 5015 quemadmo-

696 5053 824 5100 dum
871 5045 924 5098 in
953 5041 1230 5098 stomacho
1261 5038 1604 5096 videmuszis
1652 5038 1793 5093 enim
1840 5038 1883 5093 si
1928 5038 2105 5091 cibmn
2136 5034 2283 5089 solus

699 5136 1050 5196 continuerit,
1073 5143 1126 5187 ct
1167 5132 1428 5201 reliquum
1463 5143 1657 5199 corpus
1705 5130 1841 5183 fame
1881 5125 2199 5196 corrumpit,
2231 5132 2285 5178 et

700 5226 938 5291 seipsutn
957 5238 1052 5278 sua
1083 5221 1390 5293 inexplebili
1421 5220 1762 5290 improbitate
1792 5219 1966 5288 perdit
1991 5235 2003 5268 :
2033 5217 2077 5271 si
2103 5226 2282 5270 autem

703 5318 972 5388 acceperit
991 5325 1247 5384 quantum
1279 5329 1375 5383 pro
1389 5328 1484 5368 sua
1519 5313 1763 5383 portione
1780 5312 1926 5374 satis,
1946 5321 1999 5364 et
2021 5309 2286 5377 reliquum

707 5413 826 5467 aliis
858 5409 1112 5464 membris
1141 5407 1502 5462 transmiserit
1523 5447 1539 5470 ,
1570 5415 1625 5460 et
1663 5402 1894 5472 seipsum
1921 5418 1984 5456 ac
2022 5402 2286 5472 reliquum

711 5519 904 5573 corpus
933 5502 985 5555 in
1020 5501 1153 5557 bona
1183 5499 1485 5553 valetudine
1501 5505 1785 5553 conservat
1815 5511 1828 5547 :
1863 5494 1933 5548 ita
1959 5504 2011 5549 et
2043 5503 2095 5547 tu
2123 5507 2286 5556 nunc,

711 5597 755 5651 si
786 5613 845 5650 ea
887 5609 1006 5666 qua
1051 5609 1078 5646 a
1126 5592 1278 5647 nobis
1322 5591 1514 5656 audis,
1564 5586 1859 5644 detinueris
1888 5627 1904 5652 ,
1953 5586 2146 5656 aliique
2191 5597 2295 5637 non

1434 295 1490 350 S.
1532 291 1808 349 JOANMS
1829 285 2304 344 οιιῑιῖςσετωιι
2343 294 2660 346 Μιιλιιιιιο.
2700 289 3236 347 ιυαδΪΑΝτιΝΟΡ.

3784 286 3886 344 69.5

2295 403 2407 472 jam
2436 406 2720 474 corrupisti
2754 427 2766 462 :
2797 409 2916 475 quia
2965 408 3188 476 ignavim
3219 417 3274 460 et
3307 405 3518 460 iuvnlim
3541 407 3887 475 gravissimos

2297 498 2516 552 morbos
2534 498 2701 553 foves.
2743 498 2883 554 Satis
2908 501 3053 552 enim
3083 500 3150 552 ad
3208 499 3562 568 perditionem
3605 505 3751 552 tuam
3786 499 3889 551 lue.

2297 589 2387 652 rit,
2418 591 2502 644 vel
2530 590 2600 644 ob
2625 591 2915 654 malitiam,
2947 593 3027 643 vel
3072 591 3142 643 ob
3190 591 3480 655 invidiam,
3516 590 3596 644 vel
3627 589 3793 643 etiam
3821 589 3890 640 ob

2298 678 2562 748 ignaviam
2589 695 2694 736 non
2723 681 3121 735 communicare
3147 681 3286 735 aliis.
3312 679 3532 744 Contra,
3565 682 3610 734 si
3634 680 3774 734 citra
3805 678 3857 730 in
3875 708 3891 718 -

2299 771 2494 823 vidiam
2523 781 2578 825 et
2605 771 2670 824 ad
2707 772 2841 825 alios
2891 771 3256 826 transmiseris
3309 771 3640 836 alimOuiam,
3700 783 3756 825 et
3799 769 3892 822 tibi

2302 859 2402 928 ipsi
2454 869 2509 915 et
2557 861 2678 915 aliis
2726 860 3040 930 profuturus
3088 877 3167 916 es.
3208 860 3314 917 Sed
3348 860 3417 917 de
3450 861 3516 915 iis
3563 862 3763 916 dictum
3813 869 3894 914 est

2301 952 2452 1006 satis.

2375 1046 2428 1100 3.
2468 1043 2621 1099 Nunc
2674 1059 2852 1114 opera:
2883 1045 3115 1114 pretium
3154 1042 3355 1108 fuerit,
3413 1043 3598 1097 venire
3650 1043 3715 1094 ad
3761 1057 3894 1095 cono

2308 1147 2511 1192 textum
2540 1153 2725 1192 eorum
2763 1153 2882 1204 qua:
2918 1152 3086 1205 nuper
3125 1136 3268 1191 dicta
3307 1135 3539 1190 interimi.
3570 1136 3702 1201 Qua:
3743 1143 3901 1188 erant

2307 1239 2437 1298 ergo
2476 1226 2606 1281 illa?
2665 1226 2742 1281 De
2784 1225 2948 1280 Saulo
2985 1235 3039 1280 et
3067 1225 3232 1280 Paulo
3279 1235 3406 1279 tunc
3457 1223 3902 1292 exquirebamus,

2309 1329 2476 1387 quare
2503 1315 2790 1386 aliquando
2814 1315 3006 1371 Saulus
3026 1357 3042 1382 ,
3068 1319 3124 1370 et
3145 1315 3431 1385 aliquando
3459 1314 3653 1369 Paulus
3682 1311 3907 1367 vocatus

2310 1409 2380 1463 sit
2405 1408 2486 1477 la)
2511 1424 2526 1472 ;
2557 1416 2612 1462 et
2639 1407 2760 1462 inde
2778 1405 3003 1475 digressi
3025 1421 3210 1459 sumus
3238 1406 3291 1458 in
3310 1405 3600 1459 multorum
3623 1405 3907 1459 nominum

2313 1497 2609 1552 historiam.
2644 1497 2840 1550 Verum
2871 1497 2994 1566 quia
3023 1495 3190 1549 semei
3220 1495 3344 1549 hinc
3369 1495 3630 1549 solvimus
3649 1535 3664 1555 .
3699 1507 3804 1547 non
3830 1507 3911 1546 vt-

2313 1587 2470 1644 detur
2498 1587 2714 1658 dignum
2744 1602 2866 1641 esse
2885 1628 2900 1652 ,
2935 1596 2992 1640 ut
3026 1601 3148 1640 cum
3177 1586 3320 1641 utilis
3348 1586 3523 1641 adhuc
3550 1587 3785 1641 occurrit
3814 1601 3910 1640 tie-

2315 1678 2561 1749 gotiatio.
2599 1687 2803 1731 tenzere
2826 1687 2944 1730 eam
2972 1685 3357 1744 praetereuntes
3383 1675 3732 1745 negligamus.
3774 1673 3911 1728 Nam

2317 1767 2441 1822 licet
2483 1774 2700 1836 propter
2728 1765 2947 1818 Paulum
2980 1765 3032 1817 in
3065 1764 3165 1818 hoc
3212 1773 3581 1833 argumentum
3621 1763 3911 1817 deveneri-

2316 1873 2457 1919 mus.
2489 1856 2836 1910 nihilominus
2859 1867 2912 1909 et
2951 1855 3179 1909 aliorum
3214 1855 3489 1909 nominum
3527 1854 3762 1908 rationes
3805 1853 3912 1908 hac

2319 1948 2683 2019 negotiatione
2713 1946 2954 2000 invenire
2984 1959 3288 2015 possumus.
3311 1941 3461 1999 Sicut
3484 1954 3538 1998 et
3559 1954 3913 2008 mercatores,

2320 2041 2412 2111 qui
2461 2054 2608 2094 mare
2651 2038 2920 2107 navigant.
2949 2046 3005 2092 et
3057 2047 3279 2106 propter
3315 2035 3516 2090 minuta
3563 2036 3807 2105 qumdam
3858 2034 3916 2089 ia

2324 2129 2638 2200 longinquas
2686 2135 2858 2182 terras
2907 2125 3315 2196 proﬁciscuntur
3351 2138 3517 2179 :cum
3559 2124 3803 2178 venerint
3860 2124 3916 2177 in

2329 2219 2552 2288 petitam
2576 2217 2872 2282 civitatem,
2903 2215 3244 2286 viderintqne
3262 2215 3474 2284 copiam
3494 2214 3721 2268 aliarum
3748 2224 3934 2267 rerum

2327 2307 2430 2364 sibi
2461 2306 2915 2371 conducibilium.
2941 2316 3138 2376 praeter
3171 2319 3266 2361 eas
3294 2315 3514 2376 propter
3541 2320 3678 2376 quas
3702 2323 3730 2358 a
3762 2305 3936 2375 patria

2331 2401 2596 2466 exierunt,
2623 2401 2792 2455 multo
2813 2399 2968 2469 plura
2991 2411 3152 2469 quam
3178 2398 3534 2456 decreverant
3552 2441 3568 2463 ,
3601 2407 3936 2453 mercantur.

2333 2490 2490 2558 Quod
2517 2491 2560 2545 si
2592 2490 2714 2562 quis
2736 2504 2832 2546 eos
2861 2487 3242 2560 reprehendat,
3272 2489 3357 2544 his
3385 2504 3447 2545 se
3471 2487 3650 2544 verbis
3672 2496 3893 2543 tuentur
3921 2505 3936 2540 :

2335 2581 2518 2653 Longa
2548 2581 2632 2636 via
2662 2582 2907 2636 venimus
2927 2621 2942 2643 ,
2971 2580 3170 2636 multas
3196 2587 3566 2651 tempestates,
3599 2579 3765 2633 multa
3791 2578 3944 2650 peri.

2337 2674 2455 2730 cuia
2485 2673 2801 2743 pertulimus
2825 2713 2842 2738 ,
2872 2669 3285 2728 transmarinam
3326 2670 3665 2742 suscepimus
3703 2669 3949 2740 peregri—

2339 2765 2610 2819 nationem
2643 2779 2657 2816 :
2686 2762 2812 2834 quid
2845 2763 3007 2834 igitur
3048 2771 3193 2817 vetat
3241 2761 3657 2832 negotiationem
3699 2770 3946 2816 nostram

2343 2855 2462 2908 iieri
2505 2853 2862 2923 ampliorem?
2916 2852 3066 2908 Talia
3098 2851 3282 2923 utique
3309 2861 3364 2906 et
3403 2853 3557 2907 nobis
3585 2852 3767 2907 dicere
3798 2851 3948 2906 licet.

2343 2943 2477 2999 Nam
2507 2944 2839 3014 inquirentes
2861 2943 2930 2998 de
2959 2941 3267 2998 nominibus
3289 2942 3462 3008 Pauli,
3495 2943 3794 2998 invenimus
3814 2957 3953 2997 eon-

2346 3047 2637 3106 sequenter
2697 3043 2755 3088 ut
2798 3034 3240 3089 nundinationem
3311 3033 3539 3089 aliorum
3597 3034 3876 3090 nominum
3938 3056 3953 3086 ;

2349 3143 2545 3198 nempe
2571 3125 2789 3182 Petrum
2821 3134 2975 3181 antea
3002 3125 3280 3181 Simonem
3305 3125 3508 3180 dictum
3541 3135 3634 3181 :et
3663 3125 3804 3180 iiiios
3845 3124 3955 3180 Be-

2352 3217 2520 3273 bedazi
2545 3216 2807 3272 Joannem
2827 3225 2882 3270 et
2905 3215 3162 3271 lambunt
3187 3215 3329 3271 ﬁlios
3357 3216 3576 3271 iOuitrui
3595 3227 3955 3286 nancnpatos.

2355 3306 2663 3361 Invenimus
2709 3317 2764 3361 ct
2802 3307 2852 3359 in
2901 3305 3076 3360 Veteri
3105 3305 3399 3373 Abraham,
3431 3307 3521 3376 qui
3563 3315 3719 3361 antea
3751 3307 3959 3362 Alnatl

2351 3403 2573 3453 vocatus
2605 3396 2702 3452 l'uit
2732 3415 2745 3450 :
2782 3407 2837 3453 et
2863 3397 3031 3452 Jacob
3071 3397 3324 3453 israelem
3355 3398 3722 3463 nominatum;
3749 3408 3805 3453 et
3829 3400 3962 3453 Sar-

2356 3501 2470 3545 ram
2498 3488 2710 3544 Saram.
2741 3488 3044 3542 Invenimus
3073 3499 3333 3558 pneterea
3362 3487 3484 3543 aliis
3508 3503 3616 3544 non
3651 3487 3818 3543 fuisse
3844 3503 3964 3543 mn-

2359 3581 2467 3634 tata
2490 3581 2702 3633 nomina
2733 3579 2870 3633 sicut
2897 3578 3033 3644 istis,
3055 3579 3152 3633 sed
3178 3579 3300 3634 illos
3321 3595 3352 3632 a
3379 3579 3643 3650 principio
3659 3579 3761 3634 sibi
3788 3578 3962 3634 indita

2361 3671 2579 3724 nomina
2607 3669 2924 3734 retinuisse,
2959 3669 3099 3723 sicut
3123 3667 3365 3724 Joannes
3409 3668 3668 3740 Baptista,
3712 3669 3864 3724 Isaac
3909 3679 3965 3726 et

2363 3759 2552 3816 Adam.
2587 3759 2895 3814 Absurdum
2939 3757 3098 3829 igitur
3141 3760 3299 3813 fuerit
3329 3769 3382 3814 et
3408 3769 3672 3815 extrema:
3699 3759 3928 3815 desidiae
3948 3801 3962 3822 .

2365 3860 2572 3908 tantum
2612 3866 2645 3907 e
2694 3852 2942 3906 manibus
2994 3852 3303 3906 thesaurum
3341 3851 3598 3921 abjicere.
3647 3849 3779 3907 Nam
3843 3852 3965 3907 ideo

2367 3945 2660 4015 longiorem
2691 3944 2912 4000 facimus
2940 3959 3270 4011 sermonem,
3310 3955 3364 4000 et
3383 3944 3507 4015 quia
3536 3960 3709 4015 nuper
3733 3944 3968 3999 diximus

2366 4038 2434 4094 de
2463 4039 2525 4093 iis
2553 4038 2643 4108 qui
2672 4038 2905 4107 primum
2929 4052 3124 4092 nomen
3154 4038 3526 4101 retinuerunt,
3559 4036 3717 4092 hodie
3743 4037 3809 4092 de
3850 4037 3968 4090 dio-

2371 4132 2568 4202 nymis,
2596 4131 2710 4184 sive
2735 4129 2804 4185 de
2834 4129 2920 4195 iis,
2941 4131 3033 4199 qui
3059 4129 3258 4200 duplici
3287 4139 3410 4185 sunt
3447 4131 3666 4185 nurnine
3688 4129 3968 4198 appellati.

2372 4222 2554 4276 dicere
2585 4231 2738 4276 mens
2769 4231 2872 4286 est,
2902 4231 3130 4290 quorum
3161 4232 3300 4275 unus
3337 4231 3416 4276 est
3452 4219 3742 4275 Abraham.
3793 4219 3969 4274 Adam

2375 4315 2567 4370 eodem
2598 4329 2812 4384 semper
2842 4313 3059 4370 nomine
3102 4322 3322 4370 vocatus
3342 4323 3426 4369 est
3459 4331 3474 4367 :
3505 4312 3652 4367 isaac
3677 4313 3832 4366 aliam
3876 4327 3973 4382 ap-

2380 4410 2718 4480 pellationem
2741 4423 2847 4462 non
2878 4407 3114 4478 accepit,
3147 4407 3242 4463 sed
3263 4408 3332 4463 ab
3357 4407 3511 4461 initio
3536 4407 3603 4460 ad
3633 4407 3789 4459 linem
3815 4405 3970 4459 lsaac

2379 4499 2554 4555 dictus
2580 4510 2683 4554 est.
2737 4498 2898 4553 Pater
2924 4507 3102 4552 autem
3135 4497 3282 4552 isaac
3325 4498 3470 4566 prius
3511 4495 3728 4567 quidem
3770 4495 3973 4550 Abram

2381 4592 2676 4654 dicebatur,
2713 4601 2900 4660 postea
2927 4605 3057 4645 vero
3085 4589 3380 4645 Abraham.
3424 4589 3567 4643 Dixit
3587 4589 3729 4643 enim
3758 4587 3820 4642 ad
3844 4602 3972 4642 euut

2386 4684 2563 4738 Deus:
2597 4681 2715 4736 Non
2747 4685 2840 4736 erit
2881 4685 3020 4736 ultra
3055 4697 3236 4734 nomen
3279 4692 3423 4733 tuum
3447 4681 3656 4746 Abram,
3677 4680 3764 4733 sed
3806 4679 3973 4731 Abra-

2388 4775 2505 4826 ham
2521 4773 2776 4826 vocabitur
2793 4787 2971 4826 nomen
2991 4770 3302 4840 tuum(Gcn.
3328 4771 3416 4825 i7.
3436 4770 3516 4840 5).
3541 4770 3750 4825 Etenim
3775 4771 3974 4825 Abram

2391 4865 2683 4919 vocabatur
2715 4865 2863 4934 prius
2891 4882 2904 4917 :
2937 4863 3031 4918 sed
3079 4863 3182 4918 hoc
3211 4879 3405 4918 nomen
3447 4881 3554 4918 non
3580 4874 3663 4919 est
3706 4863 3977 4925 Caecum,

2392 4971 2566 5025 neque
2605 4968 2819 5020 nostra,
2848 4955 2943 5010 sed
2987 4954 3333 5010 liebrzeorum
3380 4956 3557 5026 lingua
3603 4957 3681 5010 sic
3732 4966 3976 5009 voratur.

2393 5049 2529 5117 Quid
2562 5049 2719 5118 igitur
2747 5049 3008 5118 signiﬁcat
3034 5047 3136 5102 hoc
3166 5049 3404 5102 nomen?
3432 5046 3708 5101 Transitor
3727 5047 3819 5118 (ι).
3844 5044 3978 5100 Nam

2398 5146 2594 5199 Abram
2625 5145 2884 5214 Syrorum
2913 5156 3043 5196 voce
3067 5141 3208 5195 idem
3236 5149 3318 5196 est
3339 5140 3482 5210 quod
3508 5152 3652 5194 trans
3685 5144 3768 5194 vel
3797 5140 3938 5193 ultra
3970 5155 3982 5192 :

2397 5248 2450 5292 et
2488 5237 2663 5293 sciunt
2697 5236 2786 5305 qui
2831 5235 3024 5304 lingua:
3048 5233 3165 5302 ejus
3211 5231 3366 5302 periti
3393 5242 3538 5285 sunt.
3571 5231 3752 5300 Magna
3773 5246 3978 5301 quoque

2465 5438 2538 5498 (α)
2571 5437 2688 5486 \‘ide
2712 5434 2955 5484 homiliam
2977 5433 3008 5482 2
3029 5433 3095 5481 de
3124 5435 3382 5483 Mutatione
3407 5431 3672 5483 nominum.
3711 5437 3842 5477 tom.
3869 5433 3916 5486 5,
3942 5439 3982 5476 et

2413 5498 2648 5549 Moztitum
2671 5511 2837 5560 supra.
3023 5556 3035 5560 _
3305 5556 3364 5560 __
3469 5554 3481 5560 _
3823 5551 3833 5560 ,
3904 5554 3913 5559 ,

2468 5564 2540 5620 (ὁ)
2577 5568 2672 5608 non
2699 5551 2810 5606 esse
2838 5568 2999 5606 veram
3023 5556 3165 5620 hanc,
3190 5556 3395 5620 nominis
3429 5554 3604 5620 Abram
3625 5551 3979 5620 _et_ymoi_ogi_zn

2397 5614 2656 5684 jamsnpra
2685 5620 2890 5668 vidimus
2912 5622 2959 5669 in
2983 5617 3489 5668 ttomiliisincenesitn
3516 5614 3736 5674 θυμω-6,
3759 5616 3842 5663 ubi
3868 5614 3962 5662 vide

720 5685 1218 5750 communicm'eris,
1246 5693 1298 5738 et
1329 5683 1476 5738 illum
1500 5679 1918 5737 inconnnodabis
1943 5720 1957 5747 ,
1987 5691 2038 5733 et
2069 5677 2294 5748 tcipsunt
2406 5677 2496 5726 εἰς.
