4186 6324
219 435 323 489 625

214 555 481 624 πρέπειαν
507 553 816 622 βλέποντες,
847 553 940 620 τῆς
966 551 1190 604 ἐκείνων
1220 550 1626 622 καταφρονοῦσι
1660 568 1801 619 συμο

215 647 419 716 φορᾶς·
453 645 591 698 ἀλλὰ
641 646 700 697 τὸ
737 645 918 696 πλοῖον
951 645 1273 713 στήσαντες,
1304 644 1522 706 καὶτὰς
1555 643 1805 714 ἀγκύρας

214 737 572 806 χαλάσαντες,
606 737 700 788 καὶ
728 735 796 787 τὰ
830 735 972 786 ίστία
1029 735 1374 799 καθελόντες,
1400 734 1805 798 ἐξακοντίζουσι

217 829 478 897 σχοίνους,
532 828 624 880 καὶ
675 828 928 898 ῥίπτουσι
989 827 1227 890 σανίδας,
1267 826 1407 878 ὥστε
1454 829 1661 879 ἐκεῖνον
1712 826 1804 880 τὸν

214 920 319 972 ὑπὸ
348 921 456 972 τῶν
477 919 737 988 κυμάτων
765 917 1125 988 βαπτίζεσθαι
1159 917 1422 988 μέλλοντα
1448 918 1566 979 ἐνὸς
1597 917 1802 971 τούτων

215 1011 735 1080 ἐπιλαμϐανόμενον,
767 1010 1082 1078 διαφεύγειν
1120 1010 1182 1062 τὸ
1219 1012 1501 1077 ναυάγιον.
1545 1010 1802 1078 Μίμησαι

213 1101 392 1155 τοίνυν
420 1103 513 1154 καὶ
544 1102 607 1154 σὺ
656 1104 783 1165 τοὺς
817 1103 1019 1166 ναύτας
1045 1144 1060 1168 ,
1102 1101 1360 1172 ἄνθρωπε
1380 1119 1393 1133 ·
1438 1103 1533 1156 καὶ
1567 1104 1674 1174 γὰρ
1706 1104 1802 1155 καὶ

217 1194 279 1246 σὺ
309 1194 580 1248 θάλατταν
607 1195 791 1258 πλέεις
828 1195 1074 1265 μεγάλην
1103 1197 1196 1248 καὶ
1224 1195 1558 1266 εὐρύχωρον,
1592 1197 1652 1248 τὸ
1690 1197 1798 1265 μῆ-

211 1303 306 1349 κος
335 1286 429 1339 τοῦ
460 1288 724 1356 παρόντος
764 1286 903 1356 βίου,
940 1287 1209 1339 θάλατταν
1247 1287 1412 1356 θηρία
1439 1286 1670 1356 ἔχουσαν
1706 1290 1800 1340 καὶ

212 1376 498 1446 πειρατὰς,
539 1375 809 1430 θάλατταν
858 1376 1151 1439 σκοπέλους
1201 1376 1431 1445 ἔχουσαν
1466 1377 1558 1428 καὶ
1605 1377 1799 1431 σπιλά-

210 1465 306 1527 δας
329 1504 344 1527 ,
377 1461 644 1517 θάλατταν
678 1465 782 1517 ὑπο
835 1466 1096 1535 κυμάτων
1143 1466 1556 1535 ταραττομένην
1587 1467 1800 1520 πολλῶν

213 1557 305 1608 καὶ
335 1557 637 1628 χειμώνων·
655 1559 748 1609 καὶ
767 1557 947 1609 πολλοὶ
975 1556 1234 1620 πολλάκις
1262 1558 1356 1609 καὶ
1385 1558 1440 1609 ἐν
1473 1560 1536 1626 τῇ
1558 1558 1799 1629 θαλάττῃ

210 1648 384 1720 ταύτῃ
428 1648 674 1716 ναυαγίῳ
704 1649 1152 1715 περιπίπτουσιν.
1187 1649 1356 1702 Ὅταν
1390 1643 1482 1700 οὖν
1519 1648 1636 1720 ἴδῃς
1675 1652 1798 1702 τινα

210 1738 316 1790 τῶν
369 1739 636 1791 πλεόντων
702 1739 806 1790 ὑπό
855 1755 997 1802 τινος
1051 1742 1428 1809 περιστάσεως
1485 1741 1798 1810 διαϐολικῆς

209 1828 554 1882 ἀπολέσαντα
579 1829 671 1880 τὸν
701 1828 933 1881 πλοῦτον
969 1830 1067 1898 τῆς
1104 1831 1408 1900 σωτηρίας,
1461 1833 1556 1884 καὶ
1590 1831 1798 1884 κλυδω-

215 1917 514 1989 νιζόμενον,
558 1919 654 1971 καί
687 1919 948 1988 μέλλοντα
985 1921 1321 1991 ὑποϐρύχιον
1369 1921 1635 1990 γίνεσθαι,
1676 1921 1800 1989 στῆ-

211 2010 301 2064 σόν
334 2027 426 2063 σου
459 2011 521 2062 τδ
569 2010 774 2073 πλοῖον,
805 2009 910 2063 κάν
937 2010 1167 2079 ἑτέρωθι
1199 2013 1457 2082 σπεύδῃς,
1497 2013 1798 2082 προνόησον

206 2103 306 2171 τῆς
359 2101 567 2153 ἐκείνου
613 2101 916 2170 σωτηρίας,
962 2102 1030 2154 τά
1073 2102 1213 2155 κατά
1253 2104 1449 2154 σαυτὸν
1495 2102 1671 2171 ἀφείς.
1723 2103 1796 2154 υύ

206 2194 315 2262 γάρ
345 2191 596 2260 ἀνέχεται
627 2189 916 2259 ἀναϐολῆς,
963 2191 1084 2244 ούδέ
1117 2190 1452 2261 βραδυτῆτος
1477 2194 1504 2243 0
1531 2190 1733 2260 βαπτίζ
1741 2209 1798 2242 ε-

208 2279 330 2331 σθαι
368 2279 594 2348 μέλλων.
639 2278 924 2346 Ἐπίστηθι
952 2279 1131 2331 τοίνυν
1160 2282 1316 2350 ταχὺ,
1359 2280 1669 2352 ἐξάρπασον
1705 2283 1798 2333 αύ-

205 2371 292 2422 τόν
322 2371 491 2436 ὀξέως
520 2371 611 2422 τοῦ
645 2369 962 2435 κλυδωνίου,
1002 2375 1180 2424 πάντα
1204 2373 1425 2441 κίνησον
1449 2372 1629 2426 κάλων
1656 2372 1797 2425 ὥστε

205 2464 372 2517 αὑτὸν
418 2463 790 2534 ἀνιμήσασθαι
841 2465 905 2516 ἐκ
949 2463 1042 2517 τοῦ
1090 2465 1288 2534 βάθους
1335 2467 1433 2536 τῆς
1477 2466 1752 2530 ἀπωλείας
1783 2485 1795 2497 ·

205 2554 307 2607 κᾶν
346 2554 520 2624 μυρία
563 2571 622 2606 σε
655 2554 790 2626 ἕλκη
826 2555 1162 2623 πράγματα,
1195 2555 1358 2625 μηδὲν
1392 2557 1531 2609 ἔστω
1564 2558 1662 2627 τῆς
1693 2575 1799 2611 σω.

203 2648 404 2717 τηρίας
443 2646 536 2698 τοῦ
589 2647 888 2715 κάμνοντος
927 2649 1386 2720 ἀναγκαιότερονο
1423 2650 1526 2704 κᾶν
1556 2651 1666 2722 γάρ
1713 2669 1800 2721 μι-

205 2733 336 2801 κρὸν
374 2733 738 2786 ἀναϐαλέσθαι
770 2733 1060 2806 βουληθῇς,
1098 2737 1398 2807 προδώσεις
1426 2741 1590 2792 αὐτὸν
1611 2745 1681 2812 τῇ
1705 2741 1799 2794 τοῦ

205 2823 478 2892 χειμῶνος
501 2824 739 2893 ὀξύτητι.
771 2826 862 2876 Διὸ
883 2827 1078 2895 τάχους
1113 2829 1244 2897 ήμίν
1279 2833 1335 2882 ἐν
1373 2834 1494 2893 ταῖς
1519 2833 1800 2895 τοιαύταις

207 2918 518 2985 συμφοραῖς
565 2915 680 2983 δεῖ,
732 2918 932 2986 τάχους
971 2920 1065 2970 καὶ
1104 2922 1340 2989 σπουδῆς
1375 2924 1794 2993 ἐπιτεταμένης.

207 3008 477 3059 Ἀκουσον
512 3008 628 3070 πῶς
662 3008 870 3071 Παῦλος
905 3011 1207 3078 ἐπείγεται,
1245 3016 1338 3066 καὶ
1377 3016 1601 3086 ἐτέρους
1632 3017 1799 3069 διανί-

207 3113 365 3166 στησι
427 3099 688 3162 πολλοὺς,
744 3100 866 3152 ἰδών
930 3120 1054 3155 τινα
1134 3104 1420 3177 ἄνθρωπον
1481 3107 1798 3176 βυθίζεσθαι

209 3189 490 3257 μέλλοντα.
529 3191 847 3257 Κυρώσατε
879 3197 964 3258 εἰς
990 3195 1177 3248 αὐτὸν
1208 3196 1473 3266 ἀγάπην,
1523 3200 1676 3268 φησὶ,
1709 3198 1795 3266 μή

205 3297 329 3346 πως
356 3280 432 3349 τῇ
467 3284 860 3350 περισσοτέρᾳ
893 3288 1057 3355 λύπῃ
1095 3289 1403 3356 καταποθῇ
1445 3293 1476 3341 ό
1505 3291 1794 3355 τοιοῦτος.

204 3373 300 3423 Διά
347 3373 508 3425 τοῦτο
565 3373 776 3426 κελεύει
827 3378 1035 3446 ταχέως
1087 3380 1269 3449 ὀρέξαι
1320 3385 1498 3450 χεῖρα,
1549 3382 1636 3434 ἵνα
1697 3384 1792 3451 μὴ,

209 3460 512 3528 μελλόντων
551 3461 707 3531 ήμῶν
757 3465 851 3515 καὶ
888 3465 1358 3534 ἀναϐαλλομένων,
1410 3468 1590 3537 φθάσῃ
1630 3485 1797 3519 κατα-

206 3553 436 3622 ποθῆναι
469 3554 696 3617 ὲκεῐνος.
735 3556 1018 3624 Γινώμεθα
1051 3559 1228 3609 τοίνυν
1281 3559 1626 3628 κηδεμονικοὶ
1668 3561 1796 3629 περὶ

204 3644 329 3704 τοὺς
363 3643 625 3711 ἀδελφοὺς
655 3646 780 3707 τοὺς
819 3648 1138 3717 ἡμετέρους.

274 3732 448 3783 Τοῦτο
482 3734 776 3800 κεφάλαιον
810 3739 908 3804 τῆς
960 3735 1082 3788 καθ’
1127 3740 1279 3807 ἡμᾶς
1334 3740 1606 3802 πολιτείας
1655 3743 1791 3804 ἐσςί,

203 3819 360 3872 τοῦτο
409 3821 698 3891 γνώρισμα
725 3867 738 3888 ,
773 3824 833 3876 τὸ
869 3828 944 3895 μὴ
976 3828 1043 3879 τά
1089 3830 1299 3882 ἑαυτῶν
1351 3834 1572 3883 σκοπεῖν
1611 3834 1790 3902 μόνον,

203 3915 340 3968 ἀλλά
375 3917 470 3968 καὶ
501 3917 570 3969 τά
599 3919 738 3988 μέλη
784 3921 941 3988 ἡμῶν
983 3920 1392 3993 διεστραμμένα
1419 3925 1662 3995 διορθοῦν
1698 3929 1793 3979 καὶ

203 4007 590 4077 καταρτίζειν·
627 4007 783 4061 τοῦτο
825 4011 1024 4080 δεῖγμα
1063 4014 1162 4082 τῆς
1212 4017 1448 4078 πίστεως
1497 4018 1788 4087 μέγιστον·

215 4095 316 4148 Ἐρ-
351 4099 541 4162 τυύτῳ
585 4098 695 4166 γὰρ
729 4100 1089 4166 γνώσονται,
1122 4107 1253 4174 φησὶ
1275 4146 1288 4169 ,
1323 4108 1545 4174 πάντες
1568 4110 1654 4161 ὅτι
1681 4130 1792 4180 μα-

203 4189 376 4254 θηταί
393 4207 512 4256 μου
539 4189 699 4250 ἐστε,
730 4192 837 4244 ἐὰν
862 4194 1130 4261 ἀγαπᾶτε
1167 4199 1506 4266 ἀλλήλους.
1544 4203 1790 4274 Ἀγάπην

203 4276 258 4327 δὲ
305 4277 548 4329 δείκνυσι
613 4282 844 4350 γνησίαν
896 4283 956 4334 ού
1006 4286 1258 4337 κοινωνία
1307 4288 1610 4360 τραπέζης,
1669 4292 1789 4345 ούδέ

203 4366 508 4437 πῴσρησις
557 4369 720 4439 ψιλὴ,
775 4371 894 4423 οὐδὲ
946 4374 1206 4426 κολακεία
1247 4377 1532 4447 ῥημάτων,
1565 4381 1698 4434 ἀλλά
1732 4383 1792 4435 τὸ

200 4456 491 4530 διορθῶσαι
530 4462 622 4513 καὶ
663 4465 934 4532 σκοπῆσαι
982 4467 1041 4518 τὸ
1077 4469 1356 4539 συμφέρον
1392 4471 1484 4523 τοῦ
1538 4473 1787 4543 πλησίον,

201 4547 260 4597 τὸ
293 4549 386 4602 τὸν
413 4553 743 4604 πεπτωκότα
769 4554 1146 4624 διαναστῆσαι,
1177 4560 1237 4611 τὸ
1262 4560 1340 4630 τῷ
1372 4563 1609 4633 κειμένῳ
1635 4569 1792 4636 χεῖρα

199 4637 384 4705 ὀρέξαι
430 4638 530 4707 τῆς
559 4640 762 4704 οἰκείας
795 4643 1130 4714 ἀμελήσαντι
1179 4650 1488 4718 σωτηρίας,
1540 4654 1631 4705 καὶ
1685 4657 1790 4725 πρὸ

198 4721 304 4772 τῶν
331 4724 553 4776 οἰκείων
583 4726 802 4791 ἀγαθῶν
827 4728 898 4780 τά
923 4730 1017 4782 τοῦ
1053 4732 1282 4801 πλησίον
1314 4735 1573 4805 ζητῆσαι.
1620 4721 1791 4795 Τοῦτο

199 4816 423 4886 ἀγάπης
453 4818 703 4881 γνησίας.
745 4820 807 4871 ’Π
841 4821 950 4892 γάρ
973 4824 1162 4895 ἀγάπη
1190 4826 1258 4877 τά
1291 4829 1459 4899 αὐτῆς
1487 4834 1547 4884 οὐ
1577 4832 1787 4902 βλέπει,

199 4905 331 4959 ἀλλὰ
358 4906 465 4977 πρὸ
489 4909 596 4960 τῶν
622 4912 789 4982 αὐτῆς
811 4914 882 4965 τά
900 4915 992 4966 τοῦ
1019 4917 1248 4986 πλησίον
1268 4923 1390 4991 ὁρᾷ,
1432 4925 1516 4976 ἵνα
1551 4926 1617 4977 δι’
1640 4929 1786 4980 ἐκεί-

198 5015 298 5050 νων
337 4999 408 5053 τά
442 5002 611 5072 αὐτῆς
639 5004 743 5074 [δη.
764 5007 916 5058 Ἐπεὶ
937 5007 1028 5058 καὶ
1061 5009 1170 5077 ἐγὼ
1198 5012 1290 5064 νῦν
1314 5015 1434 5084 ούχλ
1458 5016 1524 5068 δι’
1552 5020 1787 5087 ἐμαυτὸν

197 5091 468 5143 ἀποτείνω
531 5095 817 5158 τοσούτους
872 5097 1095 5164 λόγους,
1149 5102 1286 5156 ἀλλὰ
1343 5105 1410 5176 δι’
1463 5108 1626 5177 ὑμεῖς.
1678 5111 1788 5165 Καὶ

197 5181 353 5247 ὑμεῖς
372 5180 726 5254 [ὑθΙῙτοίνυν
750 5187 823 5257 μὴ
842 5188 911 5240 δι’
939 5190 1163 5255 ἑαυτοὺς
1192 5195 1419 5248 ἀκούετε
1452 5200 1632 5268 μόνον,
1653 5202 1786 5257 ἀλλά

198 5272 286 5322 καὶ
316 5271 384 5323 δι’
412 5274 633 5344 ἐτέρους
669 5281 794 5340 τοὺς
831 5282 958 5350 παρ’
995 5282 1149 5351 ὑμῶν
1180 5287 1530 5342 παιδεύεσθαι
1562 5291 1784 5360 μέλλον-

195 5364 502 5426 τας..Κατά
533 5365 642 5436 γάρ
672 5367 768 5437 τὴν
794 5371 1114 5426 ἀκολουθίαν
1142 5377 1250 5427 τῶν
1280 5379 1457 5448 μελῶν
1488 5385 1581 5434 καὶ
1606 5384 1667 5435 τὸ
1688 5386 1785 5456 τῆς

208 5451 535 5522 Ἐκκλησίας
569 5458 827 5526 τρέφεται
879 5461 1053 5532 σῶμα.
1091 5465 1302 5537 Ὥσπερ
1356 5466 1449 5524 οὖν
1487 5473 1547 5524 τὸ
1596 5475 1780 5544 μέλος,

196 5543 288 5595 ἐὰν
329 5545 579 5638 κατάσχῃ
618 5549 745 5616 παρ’
780 5551 958 5620 ἑαυτῴ
986 5556 1084 5625 τὴν
1116 5557 1321 5628 τροφὴν
1351 5563 1550 5627 πᾶσαν,
1584 5565 1678 5618 καὶ
1708 5569 1782 5638 μὴ

199 5634 412 5704 μεταδῷ
443 5635 520 5704 τῷ
551 5637 810 5708 πλησίον,
851 5647 943 5696 καὶ
991 5647 1153 5700 ἐαυτὸ
1203 5649 1542 5718 λυμαίνεται,
1593 5658 1684 5708 καὶ
1719 5659 1781 5710 τὸ

195 5721 374 5777 λοιπὸν
420 5724 722 5797 διαφθείρει
763 5732 955 5798 σῶμα·
1000 5732 1110 5789 οἷον
1137 5739 1164 5788 ὁ
1208 5741 1511 5809 στόμαχος,
1550 5746 1642 5797 ἐὰν
1681 5748 1780 5819 τὴν

195 5815 400 5886 τροφὴν
444 5817 604 5878 αὐτὸς
645 5821 888 5892 κατάσχῃ
928 5827 1116 5892 μόνος,
1168 5833 1256 5882 καὶ
1294 5832 1349 5883 τὸ
1395 5834 1575 5886 λοιπὴ.-
1620 5839 1774 5910 σῶμα

494 5947 763 6008 Pnam.
803 5951 919 6012 Gn.
973 5942 1154 6016 mf

1393 429 1455 484 IN
1505 427 1806 484 GENESIM
1848 428 2089 486 SERMO
2127 432 2217 486 lx.

3400 435 3507 490 620

1911 551 1989 620 τῷ
2028 551 2170 622 λιμῷ
2213 555 2554 623 κατατήκει,
2601 553 2694 607 καὶ
2726 553 2922 608 ἑαυτὸν
2961 553 3067 607 ὑπὸ
3097 552 3198 622 τῆς
3240 552 3511 622 ἀμετρίας

1909 640 2244 710 διαφθείρει·
2279 641 2345 693 ἀν
2369 641 2426 693 δὲ
2456 640 2517 692 τὸ
2545 641 2751 711 ἀρκοῦν
2771 641 2957 694 λαϐὼν
2981 641 3124 693 κατά
3143 639 3243 710 τὴν
3270 637 3510 708 φυσικὴν

1908 726 2250 792 ἀκολουθίαν,
2301 729 2362 782 τὸ
2392 729 2577 783 λοιπὸν
2610 729 2723 792 τοῖς
2765 729 2978 800 ἑτέροις
3021 726 3371 798 παραπέμψῃ
3407 727 3510 795 μέ-

1908 815 2043 879 λεσι,
2091 816 2183 869 καὶ
2224 816 2416 870 ἑαυτὸν
2443 818 2539 870 καὶ
2576 817 2638 870 τὸ
2663 817 2850 870 λοιπὸν
2884 814 3043 886 σῶμα
3083 817 3144 867 ἐν
3178 813 3360 882 ὑγιεία
3393 813 3511 864 δια-

1907 905 2096 972 τηρεῖ·
2129 901 2273 955 οὕτω
2303 904 2398 957 καὶ
2437 905 2502 956 σὺ
2550 903 2681 969 νῦν,
2712 903 2779 956 ἂν
2809 901 3052 964 ἀκούσας
3079 901 3146 954 τά
3179 901 3310 970 παρ’
3347 899 3508 968 ἡμῶν

1906 989 2209 1060 κατάσχῃς,
2258 991 2431 1060 ἑτέρῳ
2459 991 2515 1042 δὲ
2550 991 2625 1060 μὴ
2660 989 2927 1060 μεταδῷς,
2977 990 3233 1042 κάκεῖνον
3262 987 3504 1056 ἐζημιω-

1906 1093 2004 1139 σας
2049 1078 2144 1129 καὶ
2179 1078 2406 1131 σεαυτὸν
2447 1077 2780 1148 διέφθειρας,
2827 1073 3190 1146 χαλεπώτατα
3220 1075 3506 1140 νοσήματα

1904 1163 2381 1233 ἐπισπασάμενος,
2433 1163 2663 1216 νωθείαν
2718 1163 2814 1216 καὶ
2862 1159 3076 1228 φθόνον.
3145 1159 3216 1210 Ἢ
3261 1158 3368 1226 γάρ
3417 1156 3507 1208 διὰ
3574 1205 3577 1208 .

1906 1251 2192 1321 πονηρίαν,
2226 1253 2258 1320 ἢ
2287 1251 2354 1304 δι’
2385 1252 2589 1322 ἀργίαν
2619 1250 2712 1302 καὶ
2738 1247 3012 1320 ρᾳθυμίαν
3037 1248 3097 1298 ού
3129 1245 3507 1315 μεταδίδωμεν

1904 1340 2134 1410 ἑτέροις.
2179 1339 2472 1409 ὐπότερον
2501 1339 2559 1390 δέ
2596 1333 2716 1409 ἃνῇ
2757 1335 2986 1397 τούτων,
3019 1333 3204 1386 ἱκανὸν
3239 1332 3505 1384 ἀπολέσαι

1902 1427 1994 1476 τὸν
2027 1425 2239 1494 έχοντα.
2282 1426 2378 1477 Ἂν
2407 1425 2465 1476 δὲ
2495 1423 2751 1490 ἀφθόνως
2802 1422 2896 1474 καὶ
2941 1424 3021 1484 είς
3054 1420 3280 1490 ἐτέρους
3318 1435 3505 1489 παρα-

1903 1512 2131 1582 πέμψῃς
2161 1511 2259 1582 τὴν
2288 1511 2516 1581 τροφὴν,
2549 1511 2645 1563 καὶ
2679 1507 2876 1561 ἑαυτὸν
2909 1509 3003 1560 καὶ
3039 1509 3246 1559 ἐκεῖνον
3286 1505 3504 1574 ὠφέλη-

1903 1616 2021 1661 σας.
2067 1599 2206 1651 Ἀλλ’
2239 1601 2380 1668 ὑπὲρ
2415 1599 2512 1668 μὲν
2544 1595 2749 1650 τούτων
2782 1595 2942 1648 ἱκανὰ
2975 1594 3045 1646 τά
3069 1593 3357 1664 εἰρημένα.

1971 1742 2039 1803 γ’.
2077 1733 2251 1785 Δεῖδέ
2287 1732 2471 1784 λοιπὸν
2516 1733 2609 1784 ἐπὶ
2649 1730 2750 1800 τὴν
2790 1728 3115 1782 ἀκολουθίαν
3163 1727 3337 1779 ἐλθεῖν
3393 1723 3507 1777 τῶν

1901 1821 2091 1888 πρώην
2121 1818 2440 1888 λεχθέντων.
2478 1817 2612 1870 Τίνα
2652 1812 2746 1869 οὖν
2775 1813 2845 1886 ἦν
2881 1818 3100 1881 ἐκεῖνα;
3135 1813 3273 1885 Περὶ
3298 1811 3504 1864 Σαύλου

1902 1913 1994 1962 καὶ
2027 1909 2240 1962 Παύλου
2272 1909 2394 1960 τότε
2432 1906 2756 1976 ἐζητοῦμεν,
2781 1905 2871 1958 διὰ
2896 1905 2948 1956 τί
2972 1905 3102 1956 ποτέ
3139 1903 3239 1973 μὲν
3261 1899 3466 1963 Σαῦλος
3485 1938 3501 1962 ,

1902 1997 2032 2049 ποτὲ
2076 1997 2132 2049 δέ
2165 1996 2376 2058 Παῦλος
2407 1996 2654 2062 ἐλέγετο·
2696 1989 2815 2045 εἶτα
2859 1991 3127 2060 ἐξέϐημεν
3156 1993 3221 2042 ἐκ
3250 1990 3348 2057 τῆς
3374 1991 3505 2041 ἀκο-

1901 2084 2119 2145 λουθίας
2161 2085 2366 2154 ταύτης
2413 2086 2494 2145 είς
2525 2083 2804 2154 ὀνομάτων
2846 2082 3087 2151 ἱστορίαν
3122 2078 3347 2146 πολλήν.
3391 2077 3503 2130 Καὶ

1902 2172 2090 2241 ἐπειδὴ
2131 2172 2398 2242 ἐξέϐημεν
2430 2173 2522 2224 ἀπ’
2567 2170 2770 2232 αὐτῶν,
2816 2171 2914 2222 οὐκ
2961 2167 3139 2231 ἔδοξεν
3172 2170 3305 2237 ἡμῖν
3351 2165 3501 2228 ἀξιον

1902 2254 2038 2310 εἶναι
2072 2259 2454 2329 παραδραμεῖν
2475 2258 2572 2328 τὴν
2605 2258 2878 2327 ἐμπορίαν
2906 2256 3144 2325 ἐκείνην.
3182 2256 3242 2306 EE
3266 2252 3376 2324 γάρ
3405 2253 3501 2304 καὶ

1900 2344 1989 2397 διά
2033 2345 2243 2398 Παῦλον
2296 2346 2532 2416 ἤλθομεν
2572 2346 2665 2398 ἐπὶ
2695 2345 2792 2415 τὴν
2826 2344 3083 2397 ὑπόθεσιν
3122 2341 3349 2411 ταύτην,
3380 2340 3498 2394 ἀλλ’

1901 2433 2050 2502 ὅμως
2077 2435 2170 2486 καί
2198 2434 2296 2503 τὴν
2321 2434 2428 2486 τῶν
2453 2434 2628 2487 ἄλλων
2663 2434 2946 2503 ὀνομάτων
2981 2432 3197 2502 εῦρεσιν
3227 2429 3502 2500 ἐμπορεύ-

1903 2520 2099 2574 σασθαι
2129 2521 2396 2590 ἔγνωμεν.
2428 2520 2586 2572 Οὕτω
2611 2521 2704 2573 καὶ
2725 2523 2771 2572 οί
2806 2521 2903 2590 τήν
2940 2519 3211 2572 θάλατταν
3244 2517 3500 2579 πλέοντες

1902 2610 2019 2662 κατ’
2058 2611 2328 2678 ἐμπορίαν
2371 2609 2584 2660 ποιοῦσι
2618 2609 2904 2674 πολλάκις,
2929 2609 3070 2678 ὺπέρ
3109 2606 3500 2677 πραγματείας

1900 2699 2095 2765 ὀλίγων
2133 2698 2294 2750 τινῶν
2328 2698 2770 2767 ἐπιδημήσαντες
2794 2714 2805 2725 ’
2841 2698 3062 2749 ἐπειδάν
3104 2700 3181 2759 είς
3211 2699 3308 2767 τήν
3344 2696 3500 2747 πόλιν

1902 2784 2165 2847 ἐλθόντες,
2200 2787 2278 2846 είς
2310 2785 2375 2854 ῆν
2412 2785 2752 2848 ἐστέλλοντο,
2789 2786 2940 2836 ἴδωσι
2975 2786 3068 2835 καὶ
3109 2785 3312 2854 ἐτέρων
3354 2785 3501 2850 ἀγω-

1901 2873 2079 2941 γίμων
2112 2873 2340 2942 ἔχουσαν
2384 2875 2681 2942 ἀφθονίαν,
2716 2873 2898 2943 πολλῴ
2940 2873 3164 2926 πλείονα
3205 2874 3306 2942 τῆς
3355 2890 3500 2943 παρ-

1901 2964 2318 3031 εσκευασμένης
2342 2963 2742 3033 ποιοῦνταιτὴν
2760 2963 3054 3032 ἐμπορίαν.
3081 2961 3198 3014 Κᾶν
3217 2961 3494 3033 ἐγκαλέσῃ

1902 3067 1985 3110 τις
2013 3089 2026 3110 ,
2053 3051 2226 3102 ταῦτα
2260 3051 2480 3117 λέγουσι
2509 3053 2574 3103 τά
2616 3052 2841 3122 ῥήματα
2862 3070 2872 3079 '
2897 3051 3153 3121 Μακράν,
3187 3051 3371 3118 φασὶν,
3403 3051 3498 3120 ἧλ-

1904 3137 2070 3207 θομεν
2097 3139 2236 3203 ὁδὸν,
2272 3139 2502 3202 πολλοὺς
2528 3140 2812 3210 χειμῶνας
2845 3140 3246 3210 ὑπεμείναμεν,
3268 3138 3499 3201 πολλοὺς

1901 3223 2178 3288 κινδύνους
2201 3264 2216 3285 ,
2244 3226 2554 3279 διαπόντιον
2587 3225 2897 3296 ἀποδημίαν
2929 3225 3289 3294 ἐστειλάμεθα
3307 3242 3321 3256 ο
3351 3225 3403 3276 τί
3431 3224 3496 3295 δὴ

1901 3311 2098 3364 κωλύει
2124 3312 2509 3384 ἀφθονωτέραν
2532 3313 2786 3382 γενέσθαι
2814 3315 2910 3385 τὴν
2940 3308 3508 3382 πραγματείανὴμίνξ

1900 3399 2085 3452 Ταῦτα
2116 3399 2181 3469 δὴ
2216 3401 2308 3453 καὶ
2355 3403 2515 3470 ἡμεῖς
2567 3401 2987 3471 ἀπολογὼμεθα.
3037 3402 3146 3454 Καὶ
3195 3401 3306 3471 γὰρ
3336 3404 3499 3471 ἡμεῖς

1899 3484 2192 3554 ζητοῦντες
2237 3488 2366 3557 περὶ
2401 3488 2509 3540 τῶν
2555 3488 2839 3558 ὀνομάτων
2869 3488 2963 3540 τοῦ
2994 3487 3233 3549 Παύλου,
3263 3488 3500 3558 εῦρομεν

1899 3574 1962 3624 ἐκ
1996 3575 2096 3642 τῆς
2141 3575 2465 3638 ἀκολουθίας
2506 3579 2599 3629 καὶ
2647 3577 2840 3643 ἑτέραν
2877 3577 3147 3645 ἐμπορίαν
3190 3576 3496 3644 ὀνομάτων,

1897 3655 2009 3711 οἷόν
2059 3679 2110 3712 τι
2155 3664 2184 3713 0
2228 3663 2433 3732 Πέτρος
2465 3664 2649 3732 Σίμων
2695 3662 2941 3716 ἐκαλεῖτο
2995 3663 3101 3734 πρὸ
3145 3663 3358 3726 τούτου,
3404 3665 3499 3716 καὶ

1895 3749 1945 3798 οί
1983 3750 2087 3799 υἱοὶ
2125 3748 2412 3803 Ζεϐεδαίου
2458 3751 2713 3814 Ἰάκωϐος
2760 3754 2856 3804 καὶ
2898 3751 3152 3820 Ἰωάννης
3186 3751 3292 3802 ’.ἰοὶ
3341 3749 3500 3820 βρονε

1896 3838 1994 3903 τῆς
2033 3837 2453 3907 ὠνομάσθησαν.
2493 3837 2742 3910 Εῦρομεν
2789 3841 2883 3893 καὶ
2931 3842 2988 3891 ἐν
3035 3844 3100 3910 τῇ
3148 3840 3358 3908 Παλαιᾷ
3409 3842 3497 3892 τὸν

1909 3923 2162 3994 ’Λϐραάμ
2201 3927 2307 3995 πρὸ
2340 3926 2534 3979 τούτου
2573 3929 2672 3997 μὲν
2706 3928 2929 3997 Ἀϐραμ
2968 3926 3324 3997 καλούμενον,
3356 3929 3499 3997 μετά

1895 4009 2158 4062 δὲταῦτα
2195 4013 2488 4084 Ἀϐραάμ,
2534 4015 2630 4067 καὶ
2672 4015 2763 4066 τὸν
2819 4013 3014 4067 Ἰακὼϐ
3061 4016 3280 4086 Ἰσραήλ
3330 4034 3499 4086 μετα-

1897 4098 2198 4167 κληθέντα,
2247 4104 2341 4155 καὶ
2389 4104 2487 4165 τὴν
2543 4106 2762 4176 Σάρραν
2803 4104 3005 4174 Σάραν.
3064 4103 3311 4174 Εὖρομεν
3359 4105 3496 4176 πρὸς

1895 4186 2124 4251 τούτοις,
2153 4189 2233 4241 ὅτι
2263 4190 2444 4260 ἕτεροί
2465 4208 2609 4254 τινες
2641 4193 2701 4243 ού
2742 4191 3269 4261 μετωνομάσθησαν,
3302 4191 3496 4264 ὥσπερ

1894 4266 2060 4335 οῦτοι,
2084 4271 2196 4326 ἀλλ’
2226 4276 2463 4346 ἐξαρχῆς
2497 4276 2688 4330 ἔλαϐον
2709 4281 2776 4332 τά
2807 4279 3067 4348 ὀνόματα,
3097 4280 3287 4350 ὥσπερ
3314 4282 3495 4335 Ἰωάν-

1893 4379 1990 4429 νης
2026 4364 2052 4413 ὁ
2091 4362 2415 4433 βαπτιστὴς,
2448 4365 2522 4427 ὡς
2552 4369 2581 4418 0
2616 4367 2821 4428 Ἰσαάκ,
2858 4367 2933 4429 ὡς
2958 4369 2986 4419 0
3029 4368 3222 4439 Ἀδάμ.
3258 4372 3495 4423 ’Ἄτοπον

1893 4449 2072 4500 τοίνυν
2102 4451 2234 4518 ἡμῖν
2265 4450 2439 4514 ἔδοξεν
2475 4449 2612 4504 εἶναι
2649 4455 2743 4505 καὶ
2787 4455 3044 4523 βλακείας
3075 4458 3330 4526 ἐσχάτης,
3364 4477 3486 4510 τοσ-

1894 4535 2049 4588 οῦτον
2070 4537 2177 4588 ἀπὸ
2197 4538 2306 4589 τῶν
2324 4540 2521 4608 χειρῶν
2546 4541 2697 4610 ῥίψαι
2723 4541 2995 4612 θησαυρόν
3013 4544 3164 4615 [692]
3179 4587 3190 4597 .
3216 4547 3313 4598 Διά
3336 4547 3494 4600 τοῦτο

1898 4627 2236 4696 μακρότερον
2263 4629 2601 4697 ἐποιήσαμεν
2631 4630 2721 4681 τὸν
2750 4630 2928 4697 λόγον,
2981 4634 3072 4685 καὶ
3104 4651 3168 4684 πε
3180 4635 3232 4702 ρὶ
3269 4635 3378 4689 τῶν
3406 4637 3493 4702 ἐξ-

1894 4716 2068 4784 αρχῆς
2102 4714 2511 4784 ὀνομασθέντων
2548 4717 2740 4787 πρώην
2771 4719 3057 4783 εἰπόντες,
3107 4723 3346 4793 σήμερον
3372 4724 3485 4777 διαο

1893 4800 2163 4870 νοούμεθα
2196 4802 2324 4871 περὶ
2363 4803 2472 4854 τῶν
2511 4803 2797 4875 διωνύμων
2828 4807 3032 4871 εἰπεῖν,
3065 4810 3140 4871 ὡς
3171 4805 3250 4875 εἷς
3287 4815 3433 4866 ἐστιν
3463 4816 3492 4866 0

1906 4889 2176 4958 Ἀϐραάμ.
2218 4889 2278 4942 Ὀ
2307 4891 2405 4960 μὲν
2432 4890 2540 4961 γὰρ
2581 4893 2752 4964 ’.Αδάμ
2782 4896 2939 4948 τοῦτο
2966 4898 3170 4970 ἐκλήθη
3200 4900 3492 4966 διαπαντὸς

1892 4976 1954 5028 τὸ
1989 4977 2159 5046 ὄνομα
2181 5019 2193 5037 ,
2234 4981 2324 5030 καὶ
2353 4980 2451 5030 οὐκ
2479 4982 2636 5050 ἔσχεν
2668 4983 2881 5052 ἕτερον·
2933 4986 3026 5038 καὶ
3067 4989 3094 5039 0
3135 4989 3319 5041 Ἰσαάκ
3349 4992 3493 5044 οὕτω

1893 5065 2056 5116 πάλιν
2101 5064 2200 5116 ούκ
2252 5065 2467 5128 ἐδέξατο
2509 5067 2771 5138 δευτέραν
2821 5075 3217 5144 προσηγορίαν,
3265 5077 3378 5129 ἀλλ’
3429 5079 3492 5143 ἐξ

1892 5151 2069 5220 ἀρχῆς
2097 5153 2258 5222 μέχρι
2293 5154 2478 5217 τέλους
2521 5156 2706 5209 Ἰσαὰκ
2738 5159 2956 5227 ἐλέγετο
2978 5178 2992 5191 ·
3022 5164 3050 5214 0
3082 5161 3136 5214 δέ
3167 5163 3261 5216 τοῦ
3307 5164 3490 5219 Ἰσαάκ

1890 5239 2074 5309 πατὴρ
2127 5241 2351 5311 Ἀϐραμ
2401 5244 2506 5312 πρὸ
2557 5246 2745 5299 τούτου
2800 5249 2901 5318 μὲν
2951 5250 3202 5319 ἐλέγετο’
3255 5253 3390 5324 μετά
3430 5258 3488 5309 δὲ

1887 5326 2066 5378 ταῦτα
2105 5327 2376 5400 Ἀϐραάμ.
2411 5329 2546 5384 Εἶπε
2578 5333 2687 5404 γάρ
2716 5335 2851 5405 πρὸς
2877 5337 3040 5392 αὑτὸν
3069 5342 3097 5391 ὁ
3121 5341 3273 5404 Θεὸς,
3298 5346 3485 5412 φησὶν,

1892 5415 2100 5468 Οὐκέτι
2133 5416 2305 5470 ἔσται
2327 5420 2394 5471 τὸ
2419 5419 2606 5489 ὄνομά
2634 5439 2751 5475 σου
2778 5425 3013 5494 Ἄϐριιμ,
3043 5430 3204 5482 ἀλλὰ
3243 5432 3488 5501 Ἀϐραὰμ

1887 5502 2264 5569 κληθήσεται
2304 5509 2366 5558 τὸ
2401 5507 2590 5576 ὄνομά
2629 5527 2766 5565 σου.
2819 5515 2929 5567 Καὶ
2961 5516 3068 5586 γὰρ
3100 5517 3323 5589 Ἀϐραμ
3353 5523 3485 5574 ἐκα-

1886 5589 2032 5642 λεῖτο
2062 5591 2120 5643 τὸ
2153 5594 2452 5664 πρότερον,
2484 5596 2621 5648 ἀλλὰ
2672 5598 2829 5652 τοῦτο
2872 5602 2933 5654 τὸ
2973 5604 3143 5676 ὄνομα
3195 5608 3293 5660 οὐκ
3337 5608 3486 5664 ἔστιν

1898 5677 2227 5766 ξΕλληνικὺν,
2260 5682 2379 5736 ούδέ
2411 5687 2477 5755 τῇ
2524 5687 2770 5760 ἡμετέρα
2802 5690 3017 5763 γλώττῃ
3041 5732 3055 5756 ,
3104 5694 3239 5748 ἀλλά
3272 5701 3334 5766 τῇ
3374 5700 3486 5753 τῶν

1896 5764 2164 5834 Ἐϐραίων
2196 5768 2338 5824 οὕτω
2369 5770 2607 5838 λέγεται.
2647 5777 2710 5828 Τί
2740 5774 2834 5830 οὖν
2862 5781 3012 5833 ἐστιν
3041 5783 3483 5853 ἑρμηνευόμενον

1883 5851 1942 5901 το
1976 5852 2144 5922 ονομα
2180 5857 2366 5918 τοῦτοὲ
2423 5860 2691 5930 Περάτης.
2750 5867 2854 5917 KJ‘:
2907 5869 3013 5936 γὰρ
3064 5869 3122 5920 :0
3157 5873 3376 5943 Ἂὸραμ
3416 5881 3478 5949 τῇ

3087 5994 3162 6050 16
