4186 6324
267 574 439 671 quare
475 596 758 654 Transitor
797 586 1131 646 vocabatur?
1179 581 1365 639 Judaea
1413 578 1592 671 regio,
1622 574 1726 671 hoc
1768 580 1875 636 est,

271 668 556 749 Dalmtina
583 690 782 751 omnis,
808 700 929 756 qua:
960 683 1028 738 ab
1056 678 1292 751 )Egypto
1321 688 1491 744 usque
1510 670 1578 726 ad
1622 668 1876 739 Euphra-

272 796 383 841 tem
413 801 445 839 e
476 782 696 850 regione
713 781 861 849 jacet
885 773 1214 846 Babyloniis,
1244 767 1388 823 unde
1408 773 1525 821 erat
1551 759 1823 818 Abraham
1856 774 1873 811 :

268 890 324 935 et
346 879 540 933 ﬂuvius
579 871 885 929 communis
909 868 1171 924 terminus
1210 862 1498 930 utriusque
1525 867 1685 913 teme
1706 896 1721 919 ,
1754 868 1874 909 me-

269 971 395 1026 dius
422 980 706 1036 utramque
728 973 896 1020 secat.
932 962 997 1016 Et
1021 960 1143 1029 quia
1170 955 1445 1012 Abraham
1481 966 1589 1007 non
1630 940 1878 1004 Palmsti-

270 1078 373 1118 nus
396 1069 534 1123 erat,
553 1059 646 1113 sed
670 1058 740 1112 ab
756 1054 995 1112 nltcriori
1016 1052 1128 1122 ripa
1160 1047 1396 1105 ﬂuminis
1417 1051 1659 1108 venerat,
1682 1054 1877 1109 nempe

267 1170 301 1209 ι
334 1151 623 1226 Babylonia
651 1169 663 1203 :
698 1149 819 1204 ideo
844 1164 872 1200 a
902 1149 1020 1201 loco
1051 1153 1103 1199 et
1152 1142 1292 1196 facto
1331 1153 1528 1194 nomen
1556 1134 1796 1203 accepit,
1824 1140 1879 1187 et

266 1225 458 1300 dictus,
493 1250 579 1298 est
617 1239 899 1295 Transitor
928 1253 940 1290 :
970 1235 1093 1307 quia
1125 1250 1153 1287 a
1183 1233 1303 1287 loco
1333 1228 1576 1285 ulteriori
1624 1225 1871 1281 ﬂuminis

272 1338 445 1392 venit.
501 1336 678 1402 Quare
736 1343 914 1386 autem
972 1329 1190 1382 ﬂuvium
1254 1322 1510 1379 transiit?
1552 1320 1687 1389 Quia
1734 1319 1877 1374 Deus

261 1431 523 1502 jusserat.
558 1429 622 1483 Et
648 1442 815 1497 quare
848 1420 1208 1491 Deusjussit?
1236 1418 1304 1476 Ut
1326 1415 1706 1472 ostenderetur
1746 1411 1874 1465 obc-

267 1523 471 1578 dicntia
497 1518 650 1591 justi.
684 1518 749 1573 Et
774 1514 1047 1587 quomodo
1068 1521 1284 1567 ostensa
1315 1509 1414 1564 fuit
1455 1504 1763 1563 obedientia
1789 1503 1877 1571 ju-

266 1616 337 1668 SIi
356 1617 381 1666 ‘t
405 1614 537 1683 Quia
563 1621 781 1682 propter
801 1616 1129 1680 praeceptum
1155 1605 1248 1659 Dei
1280 1602 1507 1672 patriam
1536 1616 1687 1654 suam
1710 1612 1872 1667 quam

266 1704 486 1773 reliquit
504 1745 519 1768 ,
549 1717 645 1772 pro
670 1701 843 1755 aliena
880 1694 1249 1753 commmarit.
1272 1692 1433 1748 Vides
1455 1699 1654 1761 quanta
1684 1696 1872 1743 catena

264 1811 448 1852 rerum
478 1795 529 1849 in
558 1792 916 1862 appellatione
940 1788 1069 1856 justi
1096 1786 1380 1841 nectatur?
1399 1783 1592 1853 Ingens
1621 1778 1875 1834 historia-

266 1903 388 1943 rum
420 1886 639 1956 pelagus
672 1898 867 1937 nomen
914 1880 1017 1935 hoc
1054 1879 1208 1933 nobis
1234 1876 1465 1948 aperuit.
1510 1873 1664 1927 Disce
1711 1870 1874 1940 igitur

261 1980 386 2048 ejus
415 1993 609 2033 nomen
644 1976 895 2047 prinmm.
925 1980 985 2027 nt
1008 1988 1132 2027 cum
1157 1970 1356 2025 videris
1376 1982 1499 2024 eum
1531 1964 1871 2021 Palmstinam

263 2070 614 2131 incolentem,
642 2066 1002 2136 appellatione
1045 2061 1279 2117 nominis
1309 2060 1362 2114 in
1394 2056 1707 2114 memoriam
1729 2053 1872 2107 anti-

260 2177 387 2229 qua:
416 2160 601 2231 palrim
627 2160 744 2227 ejus
764 2200 780 2223 ,
813 2166 867 2212 et
893 2169 1069 2211 causa:
1102 2161 1323 2224 promer
1374 2164 1535 2221 quam
1587 2163 1708 2204 eam
1748 2145 1873 2201 reli-

260 2255 381 2324 quit
403 2296 417 2321 ,
446 2251 826 2317 manuducaris
848 2292 863 2315 ,
896 2261 951 2305 et
980 2248 1049 2304 ita
1076 2246 1140 2302 ad
1167 2243 1488 2301 innitendum
1530 2257 1654 2298 eum
1682 2240 1869 2295 admo-

263 2363 450 2403 neare.

338 2438 596 2513 Abraham
643 2436 907 2506 discipulis
949 2433 1135 2489 Christi
1178 2448 1291 2502 par.
1320 2460 1393 2471 —
1440 2429 1582 2484 Ecce
1629 2426 1772 2483 enim
1815 2435 1872 2480 ut

260 2530 356 2587 ille
391 2539 516 2586 ante
564 2528 736 2599 legem
776 2536 832 2583 et
874 2526 974 2582 sub
1012 2525 1131 2595 lege
1170 2524 1337 2579 vitam
1376 2535 1580 2591 agens,
1627 2520 1869 2592 philoso-

258 2622 443 2693 phiam
470 2636 685 2692 quoque
715 2628 959 2688 tempore
987 2617 1174 2688 gratize
1210 2615 1458 2670 traditam
1499 2613 1739 2681 suscepit
1764 2612 1867 2665 im-

259 2716 515 2787 plendam
536 2757 551 2780 ,
584 2726 637 2770 et
663 2722 790 2769 ante
820 2723 1031 2781 tempus
1072 2712 1259 2781 gratia:
1300 2708 1465 2774 fecit,
1509 2708 1651 2779 quod
1685 2715 1869 2777 postea

258 2808 539 2878 discipulis
558 2806 807 2861 Christus
832 2804 968 2859 dixit
996 2821 1011 2858 :
1039 2802 1198 2856 Amen
1223 2801 1336 2855 dico
1357 2800 1514 2863 vobis,
1532 2798 1672 2871 quod
1699 2797 1871 2851 nullus

256 2912 336 2958 est
362 2902 451 2969 qui
487 2900 687 2970 reliquit
716 2898 965 2963 domum,
1014 2905 1103 2950 aut
1140 2898 1346 2966 fratres,
1391 2902 1479 2945 aut
1515 2908 1735 2951 sorores,
1780 2899 1869 2943 aut

259 2993 497 3061 patrem,
548 3001 635 3043 aut
676 2997 923 3052 matrem,
969 2986 1058 3055 qui
1088 3002 1189 3039 non
1221 2983 1512 3053 centuplum
1545 2981 1758 3050 accipiet
1783 3021 1796 3042 ,
1825 2990 1870 3032 et

258 3084 414 3137 ritam
448 3090 691 3136 aeternam
711 3078 983 3149 possidebit
1010 3076 1224 3146 (Matth.
1252 3075 1341 3130 i9.
1365 3074 1457 3129 28.
1481 3072 1599 3143 29).
1632 3072 1747 3127 Non
1775 3086 1868 3125 so.

258 3177 375 3231 lum
416 3184 597 3230 autem
654 3174 779 3228 hinc
828 3179 1088 3243 apparet,
1140 3184 1303 3241 quam
1353 3168 1628 3237 sapienter
1676 3165 1871 3221 vixerit

251 3270 468 3339 justus,
506 3266 603 3321 sed
645 3266 806 3321 etiam
839 3266 931 3319 Dei
979 3262 1266 3334 promissio
1294 3262 1398 3316 hoc
1437 3260 1701 3314 declarat.
1746 3256 1870 3310 Veni

256 3362 407 3417 enim
434 3403 448 3424 ,
482 3361 691 3431 inquit,
719 3359 773 3412 in
799 3368 1007 3423 terram,
1039 3373 1191 3427 quam
1222 3365 1567 3408 monstravere
1598 3352 1686 3404 tibi
1712 3349 1869 3420 (Gen.

260 3452 352 3509 12.
388 3454 463 3521 l).
506 3451 639 3507 Nam
667 3450 879 3505 tametsi
914 3459 1156 3517 utrmque
1198 3446 1301 3501 illa:
1337 3446 1584 3516 regiones
1613 3442 1868 3498 Chalda‘a

256 3554 317 3599 et
355 3543 636 3599 Palu'stina
674 3548 829 3596 erant
865 3538 1208 3609 corporales,
1263 3536 1354 3591 illa
1396 3544 1574 3590 tamen
1604 3549 1697 3589 sua
1729 3541 1865 3598 erat,

258 3635 379 3690 ha'c
408 3634 582 3689 aliena
614 3650 630 3685 τ
665 3632 750 3688 illa
779 3644 947 3690 certa.
979 3631 1092 3685 lucc
1123 3629 1325 3684 incerta
1354 3643 1366 3679 :
1398 3627 1485 3682 illa
1517 3626 1568 3681 iu
1595 3626 1867 3690 manibus,

258 3728 381 3785 hate
414 3729 468 3782 in
496 3743 593 3797 spe
622 3746 634 3780 :
671 3726 785 3796 ipse
830 3734 1008 3779 autem
1056 3722 1257 3777 relictis
1291 3722 1491 3784 certis,
1544 3718 1867 3782 manifestis,

257 3828 317 3875 et
350 3819 415 3874 iis
440 3832 558 3888 qua:
600 3818 653 3873 in
695 3833 855 3871 inanu
894 3824 1083 3881 erant,
1135 3812 1406 3868 festinavit
1446 3821 1501 3865 ct
1548 3812 1761 3865 transiit
1801 3809 1868 3864 ad

258 3914 488 3977 incerta,
517 3910 810 3979 incognita,
839 3916 892 3963 et
914 3907 981 3961 ad
1010 3923 1071 3962 ea
1102 3906 1153 3961 in
1182 3904 1377 3976 quibus
1404 3902 1505 3958 sibi
1538 3918 1644 3956 non
1674 3901 1872 3957 licebat

255 4004 562 4066 dominari,
609 4011 666 4056 ut
708 3999 1028 4071 persuadeat
1066 3997 1382 4068 erndiatqne
1403 4037 1418 4059 .
1449 4011 1623 4066 neque
1649 4002 1869 4049 eontra-

257 4096 548 4153 dicendum
575 4134 590 4158 .
633 4109 810 4164 neque
838 4090 1199 4148 cunctandum
1220 4130 1237 4155 ,
1284 4088 1502 4160 quando
1536 4088 1674 4142 Dens
1700 4087 1873 4141 mani-

257 4188 396 4243 festa
442 4187 748 4256 relinquere
785 4184 973 4253 jubet,
1024 4191 1078 4238 et
1103 4181 1169 4236 ad
1206 4197 1269 4237 ea
1310 4196 1431 4253 quae
1474 4195 1579 4234 non
1610 4186 1874 4249 apparent

257 4280 554 4349 respicere.
585 4277 701 4333 Non
733 4278 878 4332 enim
907 4286 1014 4330 tam
1034 4283 1181 4330 certa
1202 4289 1322 4344 qua:
1350 4272 1690 4339 inmanibus,
1710 4281 1872 4342 atque

257 4386 326 4427 ea
347 4387 466 4442 qua:
495 4370 547 4424 in
579 4384 675 4439 spe
703 4386 717 4433 ;
752 4384 856 4421 non
886 4366 1029 4421 enim
1073 4365 1151 4420 sic
1189 4363 1471 4419 manifesta
1518 4372 1601 4417 est
1633 4377 1873 4433 praesens

259 4463 380 4517 hmc
411 4461 520 4515 vita
550 4472 609 4515 ut
652 4459 827 4514 futura
870 4458 981 4513 illa.
1031 4457 1181 4512 lianc
1219 4457 1362 4511 enim
1401 4455 1646 4510 videmus
1672 4456 1873 4509 nostris

256 4556 471 4621 oculis,
518 4555 664 4610 illam
712 4552 959 4608 videmus
985 4552 1155 4607 oculis
1181 4548 1303 4606 fidei
1336 4567 1349 4602 ε
1384 4549 1524 4604 hanc
1547 4549 1790 4605 videmus
1817 4548 1870 4603 in

257 4647 516 4704 manibus
542 4644 742 4701 nostris
768 4645 997 4714 positam
1021 4684 1037 4706 ,
1092 4642 1240 4698 illam
1272 4641 1516 4697 videmus
1557 4638 1609 4696 in
1639 4642 1871 4711 promis-

257 4740 507 4797 sionibus
534 4739 629 4794 Dei
658 4737 1006 4793 custoditum.

333 4833 387 4887 4.
421 4831 689 4887 Promissa
728 4828 824 4883 Dei
868 4827 1194 4891 certissima;
1236 4843 1316 4882 res
1345 4828 1584 4881 humana!
1609 4843 1763 4897 quam
1790 4828 1871 4881 in-

258 4933 434 4977 certw.
468 4953 540 4963 --
588 4922 985 4977 Promissiones
1023 4930 1203 4973 autem
1253 4918 1347 4974 Dei
1392 4919 1561 4973 multo
1608 4921 1871 4974 certiores

258 5026 425 5080 sunt,
456 5030 616 5086 quam
645 5030 766 5086 qua:
793 5015 846 5069 in
876 5013 1073 5068 nostris
1094 5022 1217 5068 sunt
1246 5013 1511 5067 manibus.
1545 5012 1635 5066 Vis
1661 5011 1873 5067 discere.

259 5108 540 5180 quomodo
562 5107 681 5163 lixae
707 5107 923 5178 quidem
959 5108 1065 5160 vita
1096 5108 1148 5160 in
1174 5107 1380 5162 incerto
1401 5109 1499 5161 sita
1527 5116 1611 5162 est
1635 5121 1869 5176 semper,

261 5202 443 5257 iutura
468 5210 649 5256 autem
679 5199 790 5265 illa,
821 5214 941 5268 qua:
966 5198 1178 5253 videtur
1204 5199 1405 5254 incerta
1430 5213 1575 5263 esse,
1606 5197 1706 5253 hac
1733 5214 1870 5267 pne-

259 5295 403 5350 senti
431 5295 630 5349 certior
655 5294 727 5349 sit
751 5302 809 5347 et
833 5290 1099 5346 solidior?
1162 5291 1497 5361 Inquiramus
1524 5334 1537 5352 ,
1584 5292 1628 5346 si
1676 5292 1870 5359 placet,

259 5401 384 5456 qua:
415 5395 542 5440 sunt
582 5384 671 5439 illa
698 5384 985 5455 prmsentis
1012 5382 1133 5435 vita:
1159 5382 1447 5451 prmelara;
1478 5381 1679 5435 divitiae
1698 5422 1715 5445 ,
1752 5383 1872 5451 glo-

259 5479 342 5531 ria
363 5518 377 5535 .
410 5477 686 5545 potentia;
719 5491 969 5546 maguum
1000 5472 1295 5528 existimari
1326 5473 1395 5526 ah
1438 5472 1742 5527 hominibus
1775 5491 1787 5526 :
1818 5482 1876 5527 ct

260 5568 477 5625 videbis
507 5566 641 5623 nihil
673 5567 776 5622 illis
798 5582 919 5622 esse
950 5565 1227 5621 incertius.
1272 5564 1410 5632 Quid
1440 5565 1583 5619 enim
1607 5565 1874 5621 inlldelius

263 5660 486 5725 divitiis,
513 5675 635 5729 quae
659 5674 805 5729 saepe
826 5673 925 5713 nec
954 5672 1125 5728 usque
1156 5656 1222 5712 ad
1254 5671 1539 5727 vesperam
1565 5656 1719 5711 nobis
1748 5673 1872 5724 per-

263 5748 527 5808 manent?
575 5748 729 5806 Sicut
757 5750 898 5804 enim
945 5750 1184 5818 ingratus
1226 5746 1498 5817 transfuga
1522 5788 1537 5810 ,
1568 5746 1638 5801 ab
1676 5747 1778 5800 hoc.
1805 5747 1871 5803 ad

263 5843 451 5901 illum.
486 5852 535 5894 et
570 5840 638 5894 ab
667 5840 760 5896 illo
788 5840 852 5895 ad
883 5840 1042 5894 alium
1072 5836 1299 5893 subinde
1330 5846 1630 5893 transeunt.
1667 5838 1863 5909 llnjus-

1490 364 1554 420 lN'
1584 356 1886 419 GENESIM
1926 353 2157 414 SERMO
2231 355 2321 413 lx.

3506 348 3614 407 626

2000 473 2143 528 modi
2187 482 2271 530 est
2298 472 2487 545 gloria.
2534 471 2922 543 $epeuumero
2959 468 3049 540 qui
3081 466 3260 522 clarus
3287 473 3404 522 erat
3432 474 3485 519 et
3517 479 3613 518 no-

1993 565 2116 620 bilis
2141 607 2156 626 .
2189 573 2412 635 repente
2438 573 2782 635 contemptus
2802 571 2856 617 et
2900 559 3157 631 ignobilis
3200 557 3457 619 habetur,
3496 563 3552 611 et
3577 569 3610 610 e

1987 657 2204 711 diverso
2246 670 2461 727 quoque
2502 669 2648 727 saepe
2684 654 2902 710 obscuri
2942 653 3121 708 subito
3153 650 3487 707 clarescunt.
3539 646 3608 702 Et

1988 751 2128 807 sicut
2156 750 2328 805 videri
2370 749 2559 819 nequit
2585 748 2637 803 in
2667 756 2786 803 rota
2811 788 2827 813 ,
2874 761 2997 817 quae
3037 743 3295 799 continuo
3334 750 3602 804 versatur,

1987 845 2162 917 aliqua
2197 858 2321 914 pars
2350 843 2489 914 ejus,
2519 858 2587 897 eo
2612 841 2754 912 quod
2779 839 2970 896 crebra
2996 835 3432 895 circumferentia
3463 849 3608 891 sem-

1990 954 2086 1007 per
2114 953 2324 993 summa
2352 938 2482 991 tiunt
2511 936 2616 991 ima
2635 976 2652 1001 ,
2680 942 2735 989 et
2764 934 2871 988 ima
2901 947 3111 988 summa
3145 949 3158 985 :
3191 931 3263 985 ita
3302 938 3360 985 et
3388 937 3607 984 nostra-

1987 1048 2106 1088 rum
2132 1047 2311 1087 rerum
2344 1029 2596 1102 impetus,
2628 1028 2756 1084 dum
2787 1027 3046 1083 continuo
3066 1034 3370 1091 vertuntur,
3390 1037 3607 1079 summa

1989 1123 2114 1179 iacit
2141 1124 2323 1178 intima
2354 1140 2368 1177 :
2414 1131 2475 1177 ut
2498 1120 2683 1176 videre
2714 1120 2838 1176 licet
2864 1120 2918 1175 in
2944 1116 3185 1184 divitiis,
3217 1116 3477 1188 potentiis
3501 1154 3517 1181 ,
3551 1124 3605 1171 et

1986 1218 2124 1272 aliis.
2170 1216 2473 1284 Numquam
2505 1213 2651 1269 enim
2694 1211 2748 1266 in
2788 1210 2983 1267 eodem
3029 1218 3170 1265 statu
3199 1218 3464 1275 manent,
3508 1207 3605 1263 sed

1986 1324 2204 1379 semper
2234 1305 2514 1362 instabiles
2554 1304 2837 1359 ﬂuminum
2884 1302 3062 1358 ﬂuxus
3105 1300 3408 1356 imitantur.
3464 1298 3605 1367 Quid

1987 1403 2144 1473 igitur
2176 1402 2256 1455 his
2287 1399 2546 1455 incertius
2572 1439 2588 1464 ,
2629 1413 2752 1468 qua:
2794 1405 2901 1451 tam
2947 1394 3144 1452 crebro
3176 1392 3599 1461 transferuntur,

1984 1505 2037 1550 et
2068 1493 2376 1562 priusquam
2420 1499 2568 1545 recte
2610 1497 2945 1559 appareant,
2997 1486 3252 1553 avolant,
3284 1485 3599 1557 priusquam

1983 1588 2292 1650 adveniant,
2326 1582 2605 1640 resiliunt?
2632 1580 2789 1639 Unde
2814 1580 3078 1653 propheta
3107 1578 3174 1636 de
3198 1576 3411 1635 deliciis
3436 1586 3491 1633 et
3518 1576 3601 1631 di-

1984 1681 2125 1737 vitiis
2152 1681 2328 1750 deque
2352 1678 2513 1735 rebus
2545 1677 2741 1732 talibus
2765 1674 3040 1731 disserens
3059 1716 3075 1739 ,
3106 1680 3163 1728 et
3185 1685 3283 1728 eos
3326 1670 3601 1727 insectans

1981 1776 2070 1845 qui
2101 1774 2204 1829 illis
2234 1773 2386 1844 quasi
2418 1770 2859 1844 permanentibus
2899 1774 3126 1833 vacant,
3163 1765 3295 1822 dicit
3321 1784 3334 1819 :
3366 1764 3600 1835 Reputa-

1982 1878 2102 1921 runt
2156 1868 2263 1920 lucc
2302 1866 2452 1935 quasi
2487 1864 2711 1928 stantia,
2746 1871 2793 1917 et
2835 1876 2938 1915 non
2966 1859 3116 1930 quasi
3143 1858 3393 1931 fugientia
3420 1857 3598 1929 (Amos

1982 1961 2035 2016 6.
2067 1958 2144 2032 5).
2174 1960 2290 2015 Non
2311 1958 2466 2023 dixit,
2489 1956 2642 2030 quasi
2672 1954 3077 2027 praetereuntia,
3109 1951 3229 2017 sed,
3258 1950 3401 2022 quod
3426 1951 3598 2007 multo

1982 2056 2175 2125 majus,
2209 2054 2369 2121 Quasi
2390 2054 2641 2125 fugientia
2670 2068 2689 2106 :
2716 2067 2823 2108 non
2853 2051 2999 2107 enim
3024 2049 3278 2121 paulatim
3306 2046 3592 2111 recedunt,

1980 2149 2074 2205 sed
2121 2150 2252 2203 mira
2293 2147 2594 2203 celeritate.
2642 2146 2711 2199 At
2752 2142 3058 2214 patriarcha
3107 2141 3197 2198 ille
3224 2155 3332 2197 non
3360 2140 3437 2195 sic
3460 2139 3592 2207 egit,

1978 2240 2073 2295 sed
2108 2240 2305 2295 rrlieti<
2350 2237 2603 2293 omnibus
2651 2235 2796 2300 illis,
2852 2243 3060 2290 tantum
3103 2232 3169 2288 ad
3201 2231 3596 2305 promissioues

1984 2334 2074 2388 Dei
2105 2333 2387 2403 spectavit,
2418 2330 2559 2386 viam
2588 2329 2743 2384 nobis
2766 2342 2961 2398 parans
2975 2327 3043 2382 ad
3063 2326 3365 2381 futurorum
3394 2323 3555 2379 ﬁdem
3579 2342 3592 2379 :

1980 2433 2036 2478 ut
2061 2440 2182 2479 cum
2209 2422 2514 2494 promiserit
2543 2421 2635 2476 tibi
2668 2421 2813 2475 Dens
2842 2418 3016 2474 futura
3043 2427 3099 2474 et
3123 2432 3243 2489 quae.
3274 2431 3380 2473 non
3403 2415 3593 2472 viden-

1980 2526 2087 2582 tur,
2119 2531 2188 2570 ne
2222 2514 2371 2569 dicas
2394 2557 2409 2579 ,
2442 2514 2557 2569 hrrc
2585 2528 2710 2569 esse
2741 2513 2942 2568 incerta
2989 2521 3046 2567 et
3083 2511 3335 2567 obscura.
3388 2508 3595 2565 incerta

1977 2610 2121 2665 enim
2153 2609 2240 2663 illa
2272 2608 2504 2663 certiora
2533 2614 2661 2661 sunt
2692 2604 2757 2661 iis
2786 2620 2907 2675 qua:
2937 2604 3227 2669 videntur,
3258 2602 3421 2657 modo
3448 2616 3591 2657 ocu-

1980 2703 2059 2756 los
2088 2701 2209 2755 lidei
2240 2700 2553 2755 habeamus.
2587 2698 2844 2766 Quamvis
2871 2695 3016 2752 enim
3045 2695 3133 2749 illa
3154 2709 3261 2750 non
3290 2693 3591 2755 videamus.

1979 2796 2119 2849 Deus
2150 2805 2327 2848 tamen
2369 2808 2430 2847 ea
2465 2790 2751 2861 promisit,
2792 2797 2848 2844 et
2898 2787 3170 2858 pollicitus
3208 2795 3310 2842 est.
3364 2784 3597 2855 Quando

1979 2886 2119 2942 Deus
2151 2885 2413 2955 promittit
2438 2924 2451 2944 .
2486 2883 2632 2937 nulla
2662 2881 2889 2936 variatio
2920 2877 3370 2951 promissionibus
3397 2876 3592 2947 adjun-

1974 2978 2150 3047 gitnr;
2182 2986 2342 3046 atque
2369 2973 2504 3028 adeo
2532 2974 2619 3028 illa
2651 2971 2885 3026 maxime
2918 2979 3161 3034 manent,
3194 2985 3314 3040 qua:
3343 2970 3395 3024 in
3429 2984 3590 3023 manu

1978 3071 2069 3125 Dei
2101 3080 2245 3124 sunt.
2281 3067 2363 3121 Ea:
2398 3082 2551 3119 manu
2580 3064 2725 3121 enim
2770 3061 2899 3127 Dei,
2943 3062 3115 3131 inquit
3144 3102 3158 3121 .
3206 3060 3381 3115 nullus
3412 3075 3596 3131 rapere

1977 3171 2138 3230 potest
2169 3158 2351 3225 (Joan.
2382 3157 2471 3213 10.
2502 3156 2619 3227 29).
2674 3155 2837 3226 Igitur
2878 3154 3002 3225 quia
3050 3152 3230 3207 nullus
3262 3168 3454 3223 rapere
3493 3166 3595 3222 po-

1978 3266 2083 3311 test
2108 3271 2174 3309 ex
2205 3269 2366 3308 manu
2399 3251 2522 3315 Dei,
2572 3258 2754 3305 certus
2786 3249 2875 3305 ille
2921 3249 3207 3304 thesaurus
3235 3262 3452 3318 semper
3480 3263 3596 3303 tna-

1975 3359 2084 3403 net.
2131 3346 2422 3402 Prmsentia
2463 3353 2641 3399 autem
2679 3342 2982 3413 omnigenis
3012 3341 3400 3398 variationibus
3424 3352 3480 3396 et
3510 3341 3594 3395 vi-

1974 3441 2379 3499 cissitudinibus
2394 3447 2521 3499 sunt
2537 3437 2766 3493 obnoxia
2792 3454 2807 3503 ;
2833 3436 2955 3492 ideo
2978 3435 3164 3506 procis
3186 3450 3331 3506 same
3349 3436 3591 3491 laborem

1976 3534 2215 3596 ferimus,
2248 3540 2301 3587 et
2329 3530 2433 3586 fine
2460 3544 2647 3586 eorum
2677 3528 3019 3583 frnstramur.
3072 3527 3129 3583 In
3162 3527 3229 3581 iis
3259 3537 3440 3581 autem
3470 3542 3593 3597 quas

1974 3640 2274 3696 speramus,
2300 3640 2405 3679 non
2438 3623 2506 3678 ita
2533 3630 2637 3688 est,
2665 3621 2763 3677 sed
2787 3622 2832 3676 is
2851 3620 2941 3691 qui
2967 3619 3253 3682 laboravit,
3279 3619 3592 3674 necessario

1975 3736 2204 3775 coronas
2229 3728 2284 3773 et
2308 3717 2528 3788 prmmia
2556 3715 2925 3785 consequitur.
2975 3714 3109 3769 Nam
3139 3713 3273 3782 Spes
3309 3730 3410 3766 non
3436 3712 3595 3781 pude-

1976 3815 2100 3884 facit
2132 3812 2309 3883 (Rom.
2339 3811 2391 3867 5.
2428 3811 2483 3880 5)
2514 3851 2528 3874 ,
2565 3808 2689 3880 quia
2723 3807 2818 3863 Dei
2868 3815 2952 3862 est
2997 3805 3286 3878 promissio
3319 3823 3334 3858 :
3367 3813 3422 3858 et
3450 3802 3595 3858 dona

1978 3906 2243 3977 promissa
2275 3914 2573 3974 sequuntur
2602 3902 2720 3971 ejus
2751 3911 3021 3964 naturam,
3055 3900 3147 3972 qui
3178 3899 3444 3969 promisit.
3482 3897 3593 3953 Re-

1978 4000 2117 4055 lictis
2156 3998 2315 4069 igitur
2357 3997 2614 4060 incertis,
2663 3993 3011 4064 apprehendc
3042 4010 3103 4049 ea
3134 4008 3257 4063 qua:
3296 3992 3593 4061 conspicua

1977 4101 2101 4147 sunt
2133 4109 2144 4144 :
2176 4089 2462 4157 cou5pieua
2490 4098 2669 4142 autem
2697 4094 2863 4150 sunt,
2894 4100 3001 4139 non
3032 4085 3318 4154 pra'scntia
3342 4126 3357 4148 ,
3381 4083 3475 4137 sed
3508 4082 3591 4137 fu-

1979 4193 2117 4236 tura.
2176 4180 2294 4235 Jam
2340 4178 2491 4249 quod
2540 4178 2702 4247 aliqui
2748 4176 2814 4231 ad
2866 4177 3153 4246 praesentia
3202 4185 3490 4245 spectant,
3538 4185 3594 4230 et

1979 4274 2155 4328 futura
2204 4280 2503 4341 re~puuntz
2537 4285 2643 4325 non
2676 4269 2798 4324 ideo
2838 4277 3136 4337 respuunt,
3186 4266 3333 4341 quod,
3360 4268 3591 4323 obscura

1977 4376 2031 4420 et
2061 4366 2261 4419 incerta
2288 4404 2302 4427 ,
2335 4361 2599 4433 sedquod
2646 4360 2893 4416 sublimia
2938 4362 3046 4415 sint
3071 4400 3085 4423 ,
3135 4369 3189 4413 et
3233 4338 3397 4429 supra
3438 4360 3611 4414 suam'

1980 4454 2422 4511 imbecillitatem.
2488 4451 2783 4506 Cotisidera
2840 4451 3001 4521 igitur
3049 4459 3248 4520 quanta
3298 4451 3369 4503 sit
3420 4451 3592 4505 virtus

1973 4549 2124 4617 justi.
2180 4547 2505 4602 Promiscrat
2533 4546 2580 4600 ei
2614 4544 2758 4599 Deus
2800 4544 3101 4613 corporalia
3127 4586 3141 4607 ,
3182 4551 3237 4597 et
3280 4544 3395 4612 ipse
3427 4544 3593 4614 Spiri-

1980 4644 2139 4698 tualia
2167 4640 2462 4712 quaerebat.
2509 4636 2607 4694 Ubi
2632 4679 2647 4701 ,
2676 4637 2843 4702 dices,
2878 4637 3123 4707 promisit
3143 4637 3191 4691 ei
3223 4636 3365 4691 Deus
3392 4652 3592 4706 corpo—

1978 4735 2107 4789 ralia
2132 4776 2146 4797 ,
2178 4741 2225 4786 et
2258 4734 2371 4801 ipse
2397 4730 2696 4800 Spiritualia
2722 4728 3009 4801 (ιιιωεὶνίιῖ
3059 4727 3319 4800 Egredere
3342 4770 3355 4790 .
3392 4730 3591 4800 inquit,

1979 4826 2041 4879 dc
2069 4836 2201 4877 terra
2240 4833 2327 4876 tua
2347 4864 2361 4888 ,
2409 4832 2455 4876 et
2483 4822 2548 4876 de
2581 4821 2882 4891 cognatione
2910 4831 2999 4874 tua
3023 4862 3038 4887 ,
3079 4830 3124 4874 et
3152 4822 3215 4874 de
3245 4820 3398 4874 domo
3432 4825 3595 4889 patris

1980 4923 2050 4973 tni
2071 4962 2086 4985 ,
2129 4930 2174 4971 ct
2201 4920 2310 4971 veni
2336 4919 2389 4971 in
2423 4927 2609 4971 terram
2636 4932 2789 4988 quam
2818 4925 3166 4970 monstravere
3196 4916 3286 4969 tibi
3312 4914 3469 4987 (Gen.
3502 4916 3591 4970 12.

1990 5014 2065 5084 Ι).
2099 5010 2414 5081 Corporalis
2440 5020 2557 5064 erat
2586 5017 2726 5062 terra
2771 5008 2938 5077 prior,
2970 5017 3029 5062 ut
3054 5016 3107 5063 et
3138 5008 3335 5074 fututa,
3364 5024 3487 5078 qua:
3520 5009 3595 5063 illi

1978 5106 2154 5162 danda
2182 5114 2299 5159 erat
2370 5103 2505 5170 Quid
2550 5118 2681 5171 ergo
2716 5101 2845 5156 ille?
2884 5102 3001 5157 lmo
3029 5116 3136 5156 non
3170 5100 3345 5166 illum,
3379 5102 3474 5155 sed
3496 5116 3595 5155 au-

1978 5200 2189 5253 diamus
2215 5198 2281 5251 de
2312 5197 2403 5250 illo
2433 5197 2700 5250 dicentem
2732 5194 2955 5248 Paulum
2978 5235 2992 5255 ,
3042 5203 3099 5247 ut
3138 5192 3415 5247 discamus
3440 5210 3593 5258 eum,

1980 5292 2105 5347 licet
2138 5290 2281 5344 hanc
2310 5300 2507 5343 terram
2543 5287 2881 5355 promisisset
2921 5286 3065 5342 Deus
3090 5329 3106 5352 ,
3157 5285 3367 5341 relictis
3394 5295 3592 5342 .tamen

1982 5381 2372 5455 prtesentibus.
2412 5394 2534 5435 eam
2568 5394 2673 5434 non
2714 5378 3023 5447 reSpesisse
3044 5422 3058 5441 ,
3084 5377 3177 5432 sed
3207 5377 3493 5433 festinasse
3524 5379 3593 5433 ad

1980 5477 2179 5530 futura.
2207 5472 2346 5541 Quid
2378 5472 2538 5541 igitur
2568 5470 2768 5525 Paulus
2792 5469 2963 5525 dicit?
3009 5468 3175 5524 Juxta
3208 5470 3365 5539 fidem
3403 5472 3595 5524 mortui

1980 5566 2171 5621 snnthi
2198 5579 2370 5618 omnes
2400 5560 2590 5631 (Hebr.
2625 5563 2709 5616 ii.
2746 5561 2873 5631 l5),
2924 5560 2993 5617 de
3034 5562 3304 5616 Abraham
3345 5561 3595 5631 loquens,

1981 5657 2130 5713 Isaac
2156 5663 2209 5712 et
2229 5652 2418 5716 Jacob.
2450 5664 2507 5707 et
2530 5652 2690 5721 justis
2718 5652 2992 5709 omnibus.
3022 5650 3208 5723 Neque
3236 5653 3383 5707 enim
3412 5651 3591 5706 Abra-

1980 5748 2106 5803 ham
2155 5745 2338 5807 solns,
2380 5743 2476 5800 sed
2508 5759 2699 5799 ntnnes
2734 5742 2979 5813 ejusdem
3029 5754 3186 5798 erant
3230 5742 3593 5814 philomphim

1989 5838 2297 5910 participes.
2333 5834 2492 5891 Juxta
2510 5836 2665 5907 ﬁdem
2689 5836 2873 5890 mortui
2896 5849 3010 5891 san:
3044 5837 3091 5890 Li
3125 5852 3319 5900 omnis,
3356 5852 3471 5889 rint
3494 5852 3596 5889 non
