4186 6324
658 406 761 460 027

659 522 963 588 accepissent
991 517 1365 584 promissiones,
1391 514 1480 570 sed
1510 514 1688 585 procul
1706 529 1793 567 eos
1816 512 2070 567 vidissent.
2102 507 2238 577 Quid

659 609 836 665 ilicis?
863 624 968 662 non
992 605 1218 661 obtinuit
1246 604 1517 661 Abrabsm
1544 601 1970 673 promissiones?
2016 616 2119 654 non
2150 614 2243 650 ve-

660 702 737 752 nit
768 700 818 752 in
847 696 1227 752 Palzrstinam?
1275 694 1430 750 Falsa
1465 681 1594 765 ergo
1633 709 1694 749 ea
1736 708 1856 763 quae
1900 692 2040 746 dicta
2083 688 2247 744 sunt?

661 787 1021 858 Nequaquam.
1052 786 1239 856 inquit.
1268 785 1424 840 Venit
1446 783 1660 854 quidem
1684 784 1735 837 in
1762 782 2119 842 Palmstinam,
2141 795 2244 832 non

663 879 800 933 hanc
826 889 1002 932 autem
1035 876 1331 947 spectavit,
1364 875 1461 931 sed
1485 874 1643 929 aliam
1674 890 1793 942 qua:
1820 874 1870 927 in
1898 872 2067 935 cat-lis,
2101 872 2245 923 desi-

660 969 885 1022 deravit.
908 969 1073 1037 Cujus
1093 967 1173 1021 rei
1189 976 1243 1021 et
1264 966 1456 1021 Paulus
1481 966 1649 1031 testis,
1670 980 1791 1020 cum
1808 964 1989 1032 adjicit
2010 982 2023 1017 :
2045 961 2109 1015 Et
2130 980 2252 1015 cnn-

662 1060 786 1129 fessi
802 1071 916 1113 sunt
933 1076 985 1111 se
1005 1059 1221 1129 hospites
1237 1068 1284 1111 et
1301 1057 1586 1129 peregrinos
1597 1056 1648 1109 in
1667 1064 1801 1111 terra
1821 1054 2007 1125 (Hebr.
2026 1056 2084 1109 Η
2101 1096 2113 1108 .
2138 1054 2246 1125 15).

665 1149 938 1218 Ilospcsne
960 1160 1059 1212 est,
1102 1149 1195 1218 qui
1221 1158 1420 1203 tantam
1448 1147 1655 1216 accepit
1680 1146 1904 1216 patriam
1923 1187 1938 1210 ,
1972 1154 2027 1200 et
2050 1155 2249 1199 tantum

663 1240 980 1309 regionem?
1028 1238 1115 1295 dic
1140 1281 1153 1302 ,
1195 1241 1437 1295 obsecro.
1490 1238 1666 1301 Sane,
1715 1238 1927 1308 inquit:
1959 1252 2063 1291 non
2107 1237 2249 1289 enim

665 1331 822 1394 banc,
851 1330 943 1385 sed
974 1330 1165 1385 etrlnm
1196 1331 1473 1399 spectavit.
1528 1328 1665 1383 Nam
1689 1329 1775 1399 qui
1796 1330 1904 1382 haec
1929 1328 2139 1389 dicunt,
2174 1329 2250 1378 in-

663 1423 795 1490 quit,
828 1422 1088 1475 declarant
1112 1439 1170 1476 se
1190 1422 1350 1475 aliam
1374 1422 1626 1490 inquirere
1649 1420 2036 1487 patriam,cujns
2059 1418 2250 1485 artifex

665 1522 712 1563 et
738 1513 910 1581 apifex
930 1522 1001 1565 est
1030 1510 1169 1565 Deus
1199 1511 1357 1581 (Ibid.
1392 1528 1439 1564 υ.
1474 1511 1559 1565 M.
1594 1511 1680 1578 l0)
1706 1550 1721 1571 ,
1775 1508 1918 1562 illam
1944 1550 1957 1572 ,
2008 1509 2245 1577 inquam,

665 1605 963 1660 Jerusalem
994 1607 1258 1661 ca-leSteiu
1282 1645 1295 1669 ,
1334 1612 1388 1660 et
1425 1618 1732 1675 supernam.
1761 1601 1950 1657 Vidisti
1978 1602 2250 1672 quomodo

669 1699 973 1767 promiserit
1002 1697 1074 1751 illi
1108 1698 1247 1751 Deus
1289 1697 1660 1765 corporalem,
1701 1703 1756 1749 et
1797 1695 1909 1762 ipse
1948 1694 2251 1763 qun-siverit

669 1804 955 1858 supernam
980 1789 1317 1845 Jerusalem?
1353 1789 1451 1856 Qui
1495 1790 1626 1841 enim
1667 1787 1773 1840 [nec
1808 1785 2013 1850 dicunt,
2059 1785 2247 1854 inquit,

668 1879 959 1949 signiﬁcant
1002 1897 1055 1935 se
1095 1881 1309 1948 patriam
1350 1881 1621 1950 inquirere.
1671 1879 1745 1931 Ac
1786 1879 1831 1931 si
1869 1878 2007 1932 illius
2047 1877 2248 1946 quidem

671 1974 1010 2025 meminissent
1031 2014 1044 2032 ,
1070 1988 1132 2026 ea:
1156 1988 1255 2041 qua
1276 1980 1392 2024 sunt
1421 1971 1626 2041 egressi,
1658 1978 1853 2039 tempus
1875 1968 1978 2021 illis
2003 1966 2250 2020 redeundi

671 2075 953 2135 suppeteret
979 2080 995 2118 :
1008 2067 1121 2135 jam
1143 2081 1258 2118 vero
1291 2066 1499 2118 alterius
1528 2064 1750 2117 melioris
1785 2061 2034 2115 desiderio
2057 2062 2245 2115 ducun-

675 2169 775 2223 tur,
800 2158 893 2211 Itoc
918 2169 1026 2223 est,
1060 2158 1268 2211 cwlests's
1302 2156 1462 2228 (Ibid.
1491 2173 1537 2209 υ.
1571 2156 1658 2209 l5.
1694 2155 1809 2223 l6).
1847 2154 2025 2219 Itaque
2054 2168 2247 2219 corpo-

671 2250 799 2303 ralis
824 2258 905 2303 est
931 2249 1233 2319 promissio,
1257 2249 1532 2317 spirituale
1553 2258 1727 2302 autem
1751 2246 1878 2315 justi
1899 2244 2245 2300 desiderium.

673 2344 742 2397 At
786 2356 883 2397 nos
928 2343 1082 2413 plane
1116 2341 1323 2397 diversa
1365 2339 1604 2395 iacimus.
1654 2339 1792 2394 Deus
1823 2337 1895 2391 illi
1934 2335 2248 2406 promiserat

676 2432 1011 2486 Palzestinam
1035 2474 1051 2498 ,
1084 2430 1179 2485 sed
1218 2432 1309 2487 ille
1345 2430 1617 2499 Spectabat
1655 2428 1843 2484 cadum
1879 2444 1890 2481 :
1925 2427 2078 2480 nobis
2127 2441 2252 2495 pro-

676 2525 894 2577 missum
922 2533 1003 2577 est
1027 2524 1214 2578 cadum
1238 2564 1253 2589 ,
1282 2532 1334 2577 et
1358 2522 1425 2576 ad
1457 2532 1651 2576 terram
1685 2520 1969 2575 tendimus.

743 2618 797 2672 5.
834 2616 1123 2669 Doctrinam
1153 2632 1215 2670 ea:
1239 2616 1449 2670 historia
1477 2614 1692 2667 Abrahae
1719 2612 1983 2665 deductam
2012 2610 2252 2672 resumit;

676 2706 769 2771 lilii
800 2723 898 2758 non
927 2707 996 2758 rei
1023 2715 1139 2759 sunt
1164 2706 1441 2772 iniquitatis
1473 2715 1733 2771 parentum
1755 2718 1773 2766 ;
1796 2702 1917 2771 quid
1945 2702 2091 2771 ofﬁcii
2122 2715 2252 2771 pra!-

682 2809 816 2852 stare
840 2799 1053 2853 debeant
1081 2799 1176 2867 ﬁlii
1208 2814 1333 2868 erga
1363 2807 1589 2868 parentes
1617 2796 1838 2864 impios;
1878 2794 2087 2847 liberant
2114 2792 2250 2845 arbi-

676 2890 828 2943 trium
884 2905 902 2942 .'
957 2890 1297 2959 interpretatio
1362 2889 1578 2941 nominis
1629 2886 1759 2942 Noé.
1807 2915 1878 2925 —
1927 2884 2050 2939 llzce
2108 2886 2251 2937 lucra

676 2999 743 3036 ex
779 2982 1045 3036 Abraham
1076 2981 1226 3035 nobis
1254 2982 1587 3050 etintigernnt
1606 3021 1621 3044 ,
1666 2979 1785 3049 quia
1817 2993 2009 3031 nomen
2034 2977 2150 3046 ejus
2175 2976 2255 3030 di-

676 3074 902 3129 dicimus
926 3115 940 3134 ,
984 3082 1038 3129 et
1073 3090 1237 3143 quare
1265 3072 1541 3126 Transitor
1580 3072 1753 3124 dictus
1783 3071 1880 3133 sit,
1925 3079 1979 3124 et
2003 3069 2145 3137 quod
2168 3084 2256 3122 re-

683 3167 800 3219 leta
851 3174 990 3220 terra
1042 3178 1135 3218 sua
1188 3164 1240 3217 in
1270 3163 1492 3217 alienam
1533 3163 1834 3223 concessit,
1871 3160 2257 3231 put-ternisque

679 3258 839 3312 certis
881 3257 946 3311 ad
986 3258 1184 3311 incerta
1232 3270 1291 3309 se
1341 3256 1608 3309 convertit
1633 3296 1646 3316 ,
1696 3254 1918 3323 objectis
1958 3253 2020 3306 iis
2050 3268 2169 3323 qua:
2205 3253 2256 3306 in

681 3348 962 3413 manibus,
1010 3346 1262 3415 aspiravit
1301 3346 1365 3400 ad
1411 3360 1475 3399 ea
1502 3361 1619 3413 qum
1647 3360 1745 3413 spe
1787 3344 2150 3413 concipiebat.
2204 3353 2258 3398 et

676 3441 906 3509 acceptis
922 3438 1257 3494 sensibilibus
1283 3438 1350 3493 ad
1372 3438 1663 3509 spiritualia
1689 3436 1930 3503 tetendit,
1957 3436 2114 3501 idque
2134 3446 2258 3491 ante

676 3532 898 3598 gratiam
921 3570 938 3598 ,
966 3540 1088 3584 ante
1117 3530 1287 3599 legem
1310 3571 1324 3595 ,
1363 3541 1488 3585 ante
1529 3530 1905 3599 prephetarum
1934 3528 2252 3583 doctrinam.

683 3622 833 3676 Unde
862 3622 1200 3676 manifestum
1231 3630 1344 3686 est,
1376 3636 1497 3675 eum
1538 3631 1865 3689 praiceptore
1893 3621 2153 3681 caruisse,
2182 3621 2257 3671 ei.

680 3730 782 3782 que
807 3715 936 3769 satis
962 3714 1123 3769 luisse
1151 3723 1391 3768 naturam
1420 3722 1724 3768 moventem
1761 3714 2109 3783 cogitationes
2133 3729 2262 3765 etm-

682 3806 953 3869 scientiae,
994 3816 1047 3858 ut
1079 3806 1154 3859 sic
1184 3805 1446 3859 inveniret
1471 3804 1729 3874 Opillcem
1757 3804 1986 3858 universi
2014 3821 2027 3856 :
2058 3814 2109 3858 et
2139 3820 2261 3873 pro-

681 3906 803 3963 pter
841 3895 945 3950 hoc
973 3895 1250 3952 dicebatur
1274 3897 1469 3951 Abram
1490 3936 1505 3961 ,
1532 3894 1672 3965 quod
1715 3908 1908 3949 nomen
1935 3897 1984 3950 ei
2014 3908 2262 3963 parentes

678 4004 739 4041 ea
767 3989 835 4042 de
862 4002 1018 4043 causa
1054 3988 1376 4043 indiderunt.
1426 3988 1529 4042 Sed
1569 3984 1706 4041 ferte
1741 3987 1917 4041 statim
1943 3986 2139 4041 dixerit
2164 3988 2259 4040 ali-

679 4080 840 4149 quis:
871 4080 1196 4135 Mendacium
1250 4078 1349 4133 hoc
1395 4088 1493 4132 est.
1550 4078 1806 4133 Parentes
1853 4078 2083 4133 Abrahae
2132 4094 2256 4133 unm

676 4170 803 4238 justi
830 4170 1074 4223 luerunt?
1125 4186 1249 4223 num
1282 4170 1591 4238 placuerunt
1634 4166 1779 4222 Deo?
1822 4183 1947 4222 num
1990 4169 2260 4223 sciverunt

684 4259 895 4315 latura?
936 4275 1063 4314 ntttn
1090 4260 1521 4329 pollicitationem
1550 4274 1579 4311 a
1612 4258 1834 4312 Domino
1860 4258 2086 4312 dandam
2122 4275 2258 4328 prte-

680 4354 964 4409 vidertnrt?
991 4368 1167 4407 annon
1207 4352 1353 4422 impii
1379 4360 1533 4405 erant
1561 4360 1611 4405 et
1646 4351 1940 4405 idololatrte
1962 4392 1979 4415 ,
2014 4361 2068 4405 et
2113 4350 2255 4419 plus-

679 4461 837 4515 quam
852 4445 886 4498 b
921 4443 1097 4498 rbari?
1120 4442 1241 4499 Scio
1262 4450 1316 4496 et
1338 4458 1457 4513 ego,
1483 4457 1546 4496 ac
1570 4453 1846 4512 propterea
1868 4441 2023 4495 laudo
2034 4441 2257 4510 justum,

679 4538 818 4606 quod
869 4537 998 4591 tales
1049 4543 1297 4604 parentes
1346 4530 1585 4596 habens,
1634 4534 1753 4586 talis
1800 4534 1910 4601 ipse
1957 4534 2126 4586 iactus
2169 4534 2261 4589 sit.

683 4628 893 4682 Etenim
937 4626 1087 4679 valde
1131 4639 1309 4678 rarum
1353 4634 1407 4679 et
1435 4623 1749 4678 admirabile
1790 4632 1907 4687 est,
1946 4637 2013 4677 ex
2057 4624 2256 4692 agresti

682 4716 859 4771 radice
902 4714 1107 4769 dulcem
1156 4714 1381 4768 l'ruetum
1425 4713 1663 4781 produci.
1716 4714 1784 4767 At
1830 4728 1935 4767 non
1971 4714 2259 4769 accusandi

681 4817 802 4862 81ml
831 4807 899 4862 ob
928 4816 1202 4876 parentum
1250 4805 1500 4859 malitiam
1546 4804 1637 4859 lilii
1680 4803 1763 4873 pie
1789 4804 2024 4858 viventes
2047 4845 2063 4870 ,
2093 4805 2184 4859 sed
2211 4806 2260 4859 si

678 4900 802 4969 quid
832 4896 1143 4953 admirabile
1186 4895 1468 4949 diendum
1511 4907 1624 4957 est,
1676 4909 1742 4950 eo
1778 4895 1945 4964 magis
1986 4894 2252 4960 laudandi,

680 4991 821 5059 quod
845 5006 963 5045 eum
995 4990 1240 5058 ρὶιιιςιιοιιι
1270 5003 1297 5039 a
1326 4988 1634 5057 parentibus
1660 5002 1765 5041 non
1796 4988 2124 5055 acceperint,
2156 5003 2255 5043 nec

681 5082 961 5137 habuerint
979 5080 1065 5147 qui
1097 5096 1253 5133 manu
1280 5079 1555 5140 ducerent,
1583 5079 1733 5147 quasi
1757 5078 1807 5131 in
1838 5093 2020 5133 eremo
2042 5088 2096 5133 et
2116 5079 2255 5133 invio

676 5183 883 5237 euntes,
920 5172 1058 5226 viam
1090 5187 1206 5240 qme
1229 5172 1283 5225 iu
1305 5170 1493 5225 emittm
1527 5169 1626 5223 fert
1650 5209 1665 5231 ,
1699 5169 1936 5223 invenire
1966 5170 2251 5237 potuerint.

679 5263 791 5318 Non
842 5264 998 5333 igitur
1025 5264 1224 5318 crimen
1246 5270 1364 5324 est,
1410 5259 1607 5315 habere
1644 5269 1846 5327 patretn
1890 5260 2129 5327 impium,
2159 5260 2249 5315 sed

678 5355 870 5410 imitari
918 5353 1081 5423 patris
1118 5354 1442 5421 impietatem
1471 5367 1488 5416 ;
1521 5358 1573 5404 et
1594 5351 1795 5405 crimen
1820 5360 1905 5405 est
1941 5351 2251 5415 maximum,

677 5464 781 5502 non
821 5446 959 5517 quod
1009 5444 1300 5499 habeamus
1345 5442 1616 5512 improbos
1662 5452 1936 5510 parentes,
1990 5442 2082 5497 sed
2111 5445 2253 5512 quod

677 5542 886 5593 illorum
919 5554 1020 5592 tton
1047 5552 1265 5607 agnotus
1287 5553 1468 5591 curam
1493 5578 1504 5599 ,
1544 5548 1716 5603 neque
1760 5550 1856 5604 pro
1895 5535 2031 5590 virili
2071 5544 2251 5590 nostra

674 5634 859 5686 detnu.
885 5644 1137 5698 operam,
1186 5636 1241 5681 ut
1286 5627 1352 5681 ab
1396 5625 1666 5695 impietate
1702 5640 1795 5679 sua
1840 5640 1935 5679 eos
1976 5640 2250 5680 eruamus.

678 5725 854 5791 Itaque
898 5723 985 5775 ulti
1032 5736 1128 5773 nos
1172 5720 1378 5775 illarum
1421 5718 1650 5781 anitum,
1699 5728 1952 5786 quantum
2004 5719 2057 5772 in
2099 5718 2253 5773 nobis

676 5815 973 5882 situtuest,
1007 5814 1297 5869 subsidium
1328 5814 1638 5874 tulerimus.
1675 5812 1745 5867 illi
1781 5828 1906 5868 vero
1949 5814 2005 5869 iu
2030 5829 2123 5869 sua
2154 5813 2247 5868 iut-

1373 395 1429 450 S.
1470 391 1760 450 JOANNIS
1795 389 2289 450 CllRYSOSTOMI
2329 386 2608 443 ΛΠΙΙΙΕΡ.
2654 377 3210 438 CONSTANTINUP.

3851 378 3958 432 6'28

2357 510 2618 576 probitate
2647 505 3057 577 perseverarint,
3076 504 3143 558 ab
3167 504 3312 558 omni
3337 502 3562 556 crimine
3580 513 3643 554 ac
3668 496 3955 568 reprehen-

2354 600 2507 653 sione
2532 613 2718 652 sumus
2750 597 3035 650 immunes.
3083 594 3208 649 lltcc
3236 603 3418 648 autem
3458 590 3566 645 dixi
3593 631 3608 651 ,
3642 598 3703 642 ut
3742 605 3811 642 ne
3840 600 3957 642 tur-

2355 691 2494 746 beris
2514 733 2530 759 ,
2571 690 2765 745 dilecte
2786 733 2799 755 ,
2852 705 2973 743 eum
3000 686 3154 741 audis
3180 684 3451 741 Abraham
3490 681 3716 752 impium
3743 689 3955 750 patrem

2356 782 2626 837 habuisse.
2673 780 2802 834 Nam
2831 790 2883 833 et
2909 776 3220 833 Timotheus
3246 774 3466 844 impium
3494 782 3701 843 patrem
3727 771 3960 826 sortitus

2358 872 2449 927 luit
2476 891 2491 926 τ
2524 871 2689 926 Filius
2718 870 2863 925 enim
2891 869 3093 922 ludicre
3117 866 3342 919 mulieris
3369 873 3512 930 erat,
3542 862 3712 931 ﬁdelis
3745 860 3957 914 nutris.

2357 963 2513 1032 patris
2541 971 2711 1015 autem
2746 960 2950 1029 gentilis
2980 949 3115 1029 (Ἀρι.
3151 958 3235 1011 16.
3264 956 3340 1024 Ι).
3393 954 3459 1008 Et
3484 952 3626 1023 quod
3654 962 3808 1022 pater
3834 951 3957 1018 ejus

2356 1052 2612 1107 manserit
2638 1052 2690 1104 itt
2718 1051 2990 1119 impietate
3016 1057 3068 1102 et
3097 1063 3200 1101 non
3230 1045 3391 1099 fuerit
3413 1055 3742 1105 conversus,
3775 1039 3957 1094 mani-

2357 1144 2549 1198 festum
2594 1152 2675 1198 est
2722 1157 2787 1197 ex
2833 1142 2933 1195 hoc
2967 1158 2978 1193 :
3014 1140 3237 1194 laudans
3278 1139 3422 1192 enim
3465 1133 3736 1191 Timothei
3787 1130 3952 1186 ﬁdem

2360 1236 2552 1288 Paulus
2570 1276 2585 1298 ,
2618 1234 2695 1287 sie
2721 1233 2851 1286 dicit
2883 1250 2897 1286 :
2930 1232 3060 1296 an
3087 1229 3328 1283 habitavit
3349 1230 3403 1281 in
3432 1228 3545 1280 aria
3569 1235 3659 1279 tua
3681 1223 3873 1288 Laide,
3905 1232 3957 1275 et

2356 1338 2515 1379 matre
2538 1337 2623 1379 tua
2648 1325 2859 1387 Eunice,
2894 1323 3095 1393 conﬁdo
3120 1330 3286 1375 autem
3315 1318 3455 1389 quod
3481 1327 3528 1371 et
3553 1317 3610 1369 in
3634 1327 3682 1368 te
3704 1312 3782 1382 (2.
3807 1311 3955 1365 Tini.

2360 1420 2408 1472 1.
2436 1417 2513 1485 5).
2559 1416 2829 1485 Nusquam
2864 1416 2949 1469 hic
2979 1413 3143 1483 patris
3168 1425 3364 1465 nomen
3387 1407 3601 1476 legitur.
3650 1405 3719 1459 Et
3743 1400 3961 1471 quare?

2355 1509 2485 1575 Quia
2517 1508 2567 1561 in
2611 1505 2882 1574 impietate
2929 1514 3310 1571 permverans,
3361 1513 3467 1551 non
3495 1505 3611 1551 erat
3637 1496 3834 1563 dignus
3858 1492 3959 1560 qui

2355 1615 2475 1651 eun
2512 1597 2623 1650 lilio
2653 1603 3044 1649 numeraretur.
3098 1591 3164 1646 Et
3188 1590 3461 1661 apostolos
3491 1586 3664 1640 malos
3693 1585 3962 1638 habuisse

2356 1703 2533 1761 patres
2557 1688 2845 1743 declaravit
2866 1685 3132 1743 Christus,
3158 1697 3281 1737 cum
3309 1682 3440 1735 dixit
3468 1698 3481 1733 :
3513 1679 3575 1733 Si
3604 1693 3693 1749 ego
3723 1677 3773 1730 in
3799 1673 3964 1728 Berl-

2356 1784 2500 1838 scbul
2525 1783 2673 1850 ejirio
2707 1780 2982 1842 damonia,
3028 1778 3122 1845 filii
3148 1776 3299 1829 vestri
3326 1775 3378 1826 in
3402 1789 3501 1842 quo
3532 1769 3777 1841 cjicient.’
3814 1767 3959 1821 Pro-

2359 1889 2469 1947 pter
2496 1878 2593 1929 ltoc
2622 1874 2721 1944 ipsi
2748 1882 2891 1926 erunt
2929 1870 3129 1940 judires
3156 1867 3301 1922 vestri
3334 1864 3545 1933 (Hattlt.
3572 1860 3659 1915 12.
3692 1860 3810 1929 27).
3842 1858 3961 1913 Sed

2359 1980 2411 2024 te
2439 1984 2506 2023 ne
2529 1968 2707 2021 turbet
2738 1965 2860 2028 hoc,
2893 1978 3064 2030 neque
3092 1958 3344 2013 ollendat.
3389 1956 3521 2010 Nam
3548 1969 3614 2008 ex
3645 1953 3745 2007 hoc
3784 1951 3964 2005 disci.

2359 2075 2479 2114 mus
2498 2099 2513 2122 ,
2556 2074 2662 2111 non
2692 2067 2917 2119 naturai,
2954 2053 3046 2106 sed
3090 2049 3379 2106 voluntatis
3404 2060 3527 2101 esse
3548 2044 3730 2098 vitium
3759 2050 3811 2097 et
3842 2040 3965 2094 vir-

2361 2161 2545 2204 tutem.
2578 2148 2864 2202 Enimvero
2888 2144 2932 2198 si
2964 2155 3167 2197 natura:
3192 2148 3353 2201 esset,
3382 2136 3606 2192 omnino
3631 2133 3750 2187 mali
3776 2131 3967 2185 malos

2359 2252 2647 2314 parerent,
2698 2248 2755 2294 et
2781 2238 2901 2293 boni
2933 2239 3102 2290 bonos
3130 2252 3145 2291 2
3195 2232 3291 2287 sed
3320 2230 3442 2301 quia
3473 2227 3750 2283 electionis
3775 2233 3833 2277 et
3855 2236 3965 2277 vo-

2368 2333 2584 2387 luntatis
2609 2340 2692 2385 est
2724 2329 2946 2398 probum
2976 2326 3059 2379 vel
3091 2322 3391 2393 improbuut
3415 2335 3557 2382 esse,
3587 2317 3779 2371 idcirco
3801 2328 3966 2383 sarpe-

2362 2424 2514 2478 malis
2540 2421 2776 2492 patribus
2806 2419 2929 2473 boni
2959 2416 3052 2469 lilii
3079 2458 3093 2481 ,
3139 2425 3192 2467 et
3222 2412 3425 2482 ignavis
3458 2409 3580 2463 liliis
3598 2405 3818 2462 studiosi
3852 2420 3961 2474 pa-

2361 2526 2471 2570 tres
2520 2514 2767 2576 lueruut,
2810 2519 2869 2564 ut
2906 2524 3012 2562 non
3045 2515 3274 2569 naturae,
3299 2503 3395 2557 sed
3435 2500 3693 2555 voluntati
3731 2510 3967 2565 semper

2363 2609 2447 2661 illa
2496 2608 2841 2675 imputcntus.
2900 2602 3096 2655 Verum
3149 2612 3270 2653 eum
3312 2603 3565 2665 parentes
3595 2587 3861 2647 Abt-altar,
3902 2597 3968 2640 ut

2363 2700 2469 2754 dixi
2494 2742 2506 2766 ,
2549 2699 2744 2752 fuerint
2784 2695 2965 2764 impii,
2994 2689 3263 2762 quomodo
3292 2688 3341 2742 ei
3388 2686 3490 2741 hoc
3518 2699 3711 2739 nomen
3738 2678 3966 2734 indide-

2365 2802 2490 2845 runt
2516 2791 2539 2843 ’ἒ
2571 2788 2692 2844 Fuit
2713 2789 2813 2841 hoc
2835 2800 2969 2854 opus
2996 2783 3191 2837 divina:
3207 2778 3481 2848 sapientia:
3504 2791 3597 2846 per
3624 2770 3966 2828 incredulam

2364 2885 2594 2951 linguam
2622 2877 3013 2948 dispensautis,
3050 2882 3105 2927 ut
3137 2887 3301 2941 poem
3331 2884 3525 2923 nomen
3569 2868 3966 2934 imponeretur,

2367 2976 2567 3028 habens
2597 2976 2648 3025 in
2672 2987 2729 3024 se
2754 2969 3052 3022 futurorum
3078 2963 3375 3017 historiam.
3412 2960 3547 3015 Nam
3576 2956 3815 3012 eamdem
3843 2954 3969 3007 vir-

2367 3076 2532 3121 tutem
2559 3072 2613 3118 et
2651 3062 2704 3116 in
2741 3060 2955 3114 Balaam
2996 3054 3327 3118 declaravit,
3374 3062 3575 3119 cogens
3615 3062 3739 3101 eum
3779 3042 3968 3097 futura

2369 3160 2658 3226 praedicere
2693 3154 2882 3227 (Num.
2922 3151 3058 3219 9.3):
3100 3147 3380 3202 declarans
3424 3158 3482 3197 se
3532 3158 3641 3196 non
3686 3137 3856 3227 solum
3909 3135 3969 3189 in

2365 3252 2477 3307 suis
2496 3292 2516 3317 ,
2539 3247 2634 3302 sed
2657 3256 2713 3301 et
2742 3244 2799 3297 in
2825 3242 3012 3297 alienis
3037 3236 3299 3293 dominari
3325 3247 3504 3304 posse.
3553 3230 3622 3285 Et
3664 3240 3724 3283 ut
3756 3226 3968 3291 discas,

2368 3350 2620 3414 parentes
2654 3338 2814 3392 etiam
2857 3350 2963 3387 non
2994 3330 3147 3385 valde
3177 3329 3293 3398 pios
3316 3367 3332 3391 ,
3370 3324 3565 3393 sepius
3593 3319 3806 3375 nescios
3847 3316 3968 3371 im-

2368 3409 2565 3505 ponere
2592 3428 2804 3483 nomina
2822 3424 3000 3495 justis,
3021 3435 3140 3491 qua:
3158 3417 3377 3473 multam
3408 3413 3708 3467 futurorum
3732 3409 3969 3477 dispen-

2364 3498 2623 3580 sationem
2654 3519 2962 3579 declarent,
3007 3511 3319 3567 docebimus
3347 3506 3509 3561 etiam
3541 3504 3649 3558 alio
3681 3498 3964 3569 exemplo.

2368 3613 2597 3671 thIIICCh
2636 3610 2726 3680 qui
2757 3608 2853 3662 luit
2881 3617 3032 3676 pater
3057 3602 3169 3658 Noe
3198 3599 3304 3671 (a),
3338 3597 3478 3653 illius
3500 3594 3615 3650 Noé
3634 3593 3789 3663 cujus
3813 3602 3967 3646 tem-

2369 3721 2495 3775 pore
2525 3703 2717 3757 factum
2746 3708 2829 3755 est
2858 3696 3116 3751 ύιιιικὶιιιιι
3141 3735 3155 3757 ,
3189 3698 3432 3746 nouerat
3456 3688 3664 3758 justus,
3700 3700 3808 3739 non
3844 3684 3969 3739 Deo

2366 3809 2579 3870 gratus,
2624 3810 2729 3850 non
2782 3793 2890 3846 Deo
2937 3788 3193 3858 probatus
3227 3804 3240 3839 :
3271 3799 3392 3838 nam
3440 3784 3483 3837 si
3520 3780 3725 3850 justus,
3768 3779 3813 3833 si
3846 3777 3969 3831 Deo

2367 3903 2545 3962 gratus
2569 3899 2621 3942 et
2649 3895 2899 3954 arci-ptas
2930 3884 3108 3935 luisset
3133 3920 3146 3942 ,
3197 3894 3303 3932 non
3339 3876 3595 3938 dixiSset,
3632 3871 3745 3926 Noé
3782 3870 3967 3924 solum

2368 3960 2659 4053 perlectum
2696 3978 2967 4031 inventum
3006 3973 3058 4025 in
3090 3969 3435 4041 generatione
3464 3980 3558 4019 sua
3584 3962 3740 4031 (Gen.
3767 3960 3824 4015 6.
3860 3961 3920 4026 9)
3949 3977 3964 4011 :

2367 4087 2538 4143 tneque
2562 4070 2908 4141 praeteriissel
2922 4064 3053 4134 justi
3068 4072 3292 4132 patrem,
3322 4060 3367 4114 si
3389 4059 3567 4129 justus
3588 4056 3792 4109 luisset.
3820 4053 3965 4120 Quid

2366 4168 2522 4238 igitur
2552 4163 2681 4219 ille?
2730 4160 2985 4231 Imposuit
3013 4172 3209 4211 nomen
3236 4168 3423 4224 puero,
3453 4150 3594 4222 quod
3626 4147 3963 4220 pnecipuam

2364 4237 2658 4314 futurarum
2687 4268 2867 4309 rerum
2901 4250 3119 4305 haberet
3150 4246 3427 4300 historiam
3448 4284 3467 4309 ,
3512 4251 3743 4310 eratque
3768 4237 3963 4307 appel-

2367 4353 2491 4407 latio
2512 4349 2638 4420 justi
2670 4345 2945 4416 prophetia
2981 4340 3135 4413 (Gen.
3169 4340 3222 4394 5.
3251 4337 3367 4403 29).
3415 4331 3766 4403 Signilieabat
3804 4331 3961 4384 enim

2365 4457 2563 4498 nomen
2606 4442 2724 4508 ejus
2773 4438 3010 4492 futurum
3052 4430 3329 4489 diluvium.
3377 4424 3699 4496 Quomodo?
3747 4423 3963 4478 Nomen

2364 4536 2477 4605 ejus
2504 4534 2762 4589 llebraica
2791 4530 2966 4600 lingua
2989 4525 3195 4581 vocavit
3218 4522 3353 4586 Noe,
3376 4518 3516 4590 quod
3546 4519 3963 4585 interpretatum

2363 4639 2465 4692 est,
2499 4627 2693 4697 quietis
2711 4632 2917 4678 auctor.
2948 4619 3044 4675 Nia
3074 4618 3217 4673 enim
3238 4617 3501 4687 Syrorum
3524 4626 3655 4665 νοω
3680 4608 3836 4677 (pnes
3849 4618 3962 4662 est.

2362 4720 2510 4775 Sicut
2549 4718 2706 4786 igitur
2742 4711 3011 4769 Abraham
3063 4709 3131 4764 ab
3180 4708 3351 4770 Abar,
3390 4702 3533 4775 quod
3573 4711 3656 4757 est
3697 4711 3848 4755 tram
3872 4700 3962 4754 vel

2364 4810 2526 4873 ultra,
2552 4807 2724 4863 dictus
2744 4814 2855 4867 est,
2882 4811 2937 4857 et
2964 4800 3133 4856 Adam
3156 4799 3225 4853 ab
3250 4797 3467 4858 ﬁdem,
3501 4792 3645 4864 quod
3674 4800 3758 4847 est
3786 4800 3960 4854 terra,

2362 4916 2428 4957 en
2448 4900 2587 4969 quod
2618 4900 2687 4953 sit
2712 4907 2956 4951 terrenus
2982 4909 2995 4945 ε
3030 4892 3098 4945 ita
3147 4890 3232 4943 hic
3258 4902 3289 4942 a
3319 4886 3414 4941 Nia
3440 4894 3664 4939 vocatus
3691 4890 3772 4937 est
3810 4878 3958 4945 Noe,

2365 4993 2464 5045 hoc
2489 4998 2590 5052 est,
2613 4997 2800 5042 auctor
2817 4984 3048 5055 quietis:
3072 4981 3310 5037 declarat
3334 4988 3512 5032 autem
3537 4975 3640 5029 hoc
3664 4983 3721 5028 et
3741 4970 3962 5040 adjecta

2364 5080 2635 5151 ptrllClllil.
2683 5076 2903 5131 Vocavit
2929 5074 3071 5129 enim
3113 5086 3235 5126 eum
3284 5068 3433 5132 Noe,
3463 5065 3696 5120 dicens:
3734 5061 3833 5116 Hic
3862 5077 3963 5116 nos

2359 5177 2613 5246 quiescere
2652 5171 2800 5243 faciet
2840 5167 3047 5237 (Cenes.
3078 5165 3130 5221 5.
3154 5163 3276 5232 29),
3305 5161 3541 5232 quietem
3562 5158 3819 5214 diluvium
3854 5170 3960 5210 vo—

2359 5244 2505 5323 cans.
2536 5264 2667 5320 Nam
2699 5262 2818 5332 quia
2845 5260 2945 5313 sub
2974 5258 3065 5311 illo
3093 5257 3327 5309 futurum
3346 5263 3463 5309 erat
3493 5249 3779 5313 diluvium,
3810 5244 3959 5301 dilu-

2361 5359 2501 5412 vium
2528 5364 2705 5411 autem
2736 5366 2881 5405 mors
2916 5349 3047 5414 luit,
3078 5346 3218 5401 Mors
3246 5360 3373 5400 vero
3402 5345 3541 5413 quies
3567 5342 3673 5395 uiro
3703 5349 3777 5396 est
3804 5338 3959 5408 (Job.

2362 5451 2414 5504 3.
2443 5448 2537 5518 2'5)
2566 5464 2580 5501 :
2606 5444 2805 5501 idcirco
2832 5443 3132 5504 hominem,
3186 5437 3293 5493 sub
3315 5450 3424 5509 quo
3460 5434 3721 5491 diluvium
3746 5431 3960 5488 factum

2361 5553 2462 5606 est,
2492 5539 2687 5610 quietis
2708 5544 2981 5591 auctet'em
3013 5531 3240 5587 vocavit.

2426 5698 2499 5760 (ιι)
2531 5698 2612 5760 Bis
2634 5691 2807 5760 similia
2834 5691 2990 5741 ham
3008 5700 3155 5760 εειρη
3189 5682 3477 5760 insomniis
3510 5690 3576 5760 ιιξ.
3597 5679 3961 5760 ρθὲἓξίξέεεξη

2360 5746 2654 5810 ὐθ“ιὶοιιιὶιιε
2678 5754 2776 5804 ιςοό
2797 5766 2933 5817 pene
2963 5746 3153 5802 eadem.
3194 5747 3313 5817 \‘ide
3351 5754 3514 5795 notant
3546 5746 3629 5796 ibi.
3671 5746 3753 5794 llic
3784 5752 3960 5796 utens

2362 5820 2541 5885 adjecit
2562 5818 2642 5867 nia
2663 5810 2882 5879 Syrorum
2904 5813 3067 5875 lingua
3092 5824 3205 5862 osse.
3225 5810 3449 5868 quietem.
