4186 6324
234 348 349 406 €23

311 466 371 517 6.
408 465 485 519 Et
509 466 661 537 quod
696 482 802 522 non
836 476 1112 536 torqueam
1145 468 1474 538 Scriptores,
1504 485 1569 523 ex
1599 468 1880 539 Scriptura

237 552 359 622 ipsa
392 556 700 613 audiamus
730 556 853 612 hoc.
900 556 1034 611 Vixit
1070 556 1293 611 Lameclt
1320 575 1483 612 annos
1511 568 1712 612 centum
1730 546 1883 612 octo—

234 646 387 710 ginta
412 660 549 702 octo
569 688 588 712 ,
615 658 664 702 et
687 650 858 719 genuit
880 648 1067 716 ﬁliam,
1104 657 1149 701 et
1180 650 1373 703 vocum
1393 665 1575 703 nomen
1603 650 1713 719 ejus
1744 646 1879 709 Νοέ.

235 735 426 791 diem
452 751 477 793 :
512 736 623 793 Hie
651 756 743 793 nos
777 740 1032 810 quiescere
1062 740 1213 811 faciet
1242 757 1273 794 α
1308 739 1565 794 laboribus
1608 742 1794 794 nostris
1834 750 1880 795 et

234 830 563 883 meroribus
590 841 636 884 et
655 832 719 884 ab
744 832 981 899 operibus
1002 848 1245 884 ntanuum
1267 842 1579 891 nostrarum,
1599 846 1647 885 et
1668 856 1697 883 ιι
1722 848 1877 896 una,

236 917 326 971 cui
342 918 635 976 rit-(edixit
667 921 913 977 Dominus
939 921 1092 993 (Gen.
1113 922 1164 977 5.
1190 922 1283 977 28.
1307 921 1423 994 29).
1447 921 1584 990 Quid
1611 922 1709 985 uis,
1734 921 1881 986 Quie-

234 1026 390 1064 πονε
414 1012 589 1081 faciet
616 1029 709 1067 nos
728 1013 756 1067 .’
800 1014 978 1082 Quare
1008 1028 1114 1067 non
1159 1013 1294 1067 dixit
1323 1031 1337 1069 :
1373 1014 1467 1068 llic
1516 1015 1727 1068 occidet
1755 1029 1876 1077 nos,

235 1097 327 1153 hic
356 1100 602 1157 inducet
625 1102 882 1158 diluviqu
905 1120 918 1156 :
942 1102 1037 1157 sed
1068 1101 1231 1158 dixit:
1262 1102 1440 1157 Faciet
1467 1119 1559 1158 nos
1587 1106 1881 1173 quiescere?

231 1190 513 1247 Creatura
539 1195 721 1249 omnis
740 1197 1047 1259 resolvitur,
1067 1197 1247 1267 abys~i
1269 1208 1577 1265 erotnpunt,
1595 1206 1879 1252 cataracta:

235 1284 512 1351 superius
544 1288 886 1355 aperiuntur,
920 1303 1082 1342 omne
1116 1290 1335 1358 pelagus
1364 1300 1482 1343 erat
1523 1291 1740 1355 mirum,
1769 1298 1880 1344 stu-

237 1376 494 1444 pendum
552 1388 609 1433 et
641 1379 919 1445 horribile,
948 1390 1004 1434 et
1047 1380 1099 1434 in
1130 1380 1242 1435 luto
1286 1382 1437 1451 quasi
1486 1382 1757 1435 cmumnni
1788 1397 1875 1435 se-

237 1468 439 1536 pulcro
496 1471 808 1538 promiscua
860 1471 1169 1537 hominum,
1219 1488 1478 1541 equorum
1527 1489 1592 1527 ae
1640 1473 1877 1527 ferarum

233 1574 482 1629 corpora
515 1562 935 1616 oeculmbantur
964 1581 976 1614 :
1025 1574 1077 1617 et
1109 1573 1313 1617 tantam
1341 1564 1723 1630 calamitatem,
1758 1574 1877 1618 tau-

234 1661 405 1721 taqne
465 1654 617 1707 mala
663 1656 897 1724 quietem
949 1656 1151 1711 vocas?
1201 1656 1469 1720 Profecto,
1502 1657 1691 1726 inquit.
1742 1656 1877 1713 Nam

233 1742 505 1799 homines
532 1745 595 1800 in
625 1762 815 1817 magna
845 1748 1046 1802 malitia
1076 1746 1331 1801 vivebant
1362 1766 1375 1801 :
1405 1748 1672 1803 diluvium
1695 1759 1877 1804 autem

231 1839 510 1905 quoniam
544 1840 807 1894 malitiam
837 1842 1090 1907 resccuit,
1111 1841 1234 1896 ideo
1257 1840 1462 1896 liberati
1490 1840 1565 1895 illi
1590 1857 1619 1894 a
1648 1842 1871 1905 malitia,

236 1931 545 1999 quiescere
574 1932 850 1988 dicuntur.
900 1933 971 1988 Ut
1020 1935 1166 1989 enim
1217 1949 1415 2003 corpus
1455 1936 1618 1989 variis
1671 1937 1874 1989 morbis

236 2024 568 2092 obsessum,
593 2027 679 2080 cui
724 2028 867 2082 nulla
917 2029 1183 2097 reperitur
1214 2028 1446 2093 medela,
1487 2029 1532 2082 si
1564 2029 1701 2082 forte
1728 2044 1874 2083 mors

237 2115 557 2173 adveniens
585 2119 864 2189 corripiat,
896 2120 945 2175 ei
972 2120 1206 2191 quietem
1234 2121 1395 2176 allcrt
1428 2138 1442 2174 :
1484 2121 1563 2176 sie
1590 2124 1752 2175 etiam
1782 2138 1872 2191 ge-

233 2209 593 2264 nerationem
617 2208 896 2266 hominum
923 2199 1137 2267 illorum
1164 2212 1317 2283 quasi
1359 2228 1557 2283 corpus
1598 2213 1869 2268 incurabi~

230 2294 357 2353 liter
383 2299 683 2371 languens,
709 2312 763 2358 et
794 2303 948 2359 tnalis
977 2303 1181 2371 multis,
1206 2303 1411 2359 nullam
1440 2303 1867 2359 consolationem

1542 354 1608 408 LV
1648 351 1951 407 (ιεΜλδυι
1995 350 2227 407 δειελιο
2264 348 2355 404 IX.

3503 340 3608 396 (350

1993 468 2420 536 admittentibus,
2446 468 2761 532 obnoxium,
2780 465 3172 537 superveniens
3196 463 3462 518 diluvium
3490 466 3603 520 eti-

1995 560 2129 627 puit,
2163 569 2219 615 et
2238 560 2521 629 quiescere
2548 559 2692 614 fecit.
2735 557 2868 613 Nam
2908 554 3127 610 si'Mors
3152 556 3262 609 viro
3293 555 3434 624 quies
3461 554 3599 623 (Job

1994 652 2047 706 3.
2071 651 2188 721 εξ),
2219 652 2387 706 multo
2414 650 2585 722 magis
2613 652 2678 706 iis
2706 650 2797 721 qui
2841 647 3269 704 inemendabiles
3309 647 3361 700 in
3406 646 3605 701 malitia

1992 742 2198 806 \ivuut,
2230 736 2378 798 mors
2403 743 2557 813 quies
2596 750 2700 807 est,
2733 742 2968 796 liberans
3005 754 3099 793 eos
3127 754 3157 791 a
3189 738 3482 800 laboribus,
3508 753 3608 791 nec

1992 835 2179 887 sinens
2210 834 2435 888 ulterius
2461 832 2756 903 iniquitatis
2780 831 2931 886 ulcus
2959 845 3201 898 serpere,
3234 842 3410 898 neque
3443 843 3603 897 supra

1991 924 2213 978 modum
2239 939 2402 994 grave
2431 923 2545 978 ﬁeri
2568 931 2916 993 peccatorum
2940 920 3170 991 pondus.
3197 918 3314 975 Non
3341 927 3425 974 cst
3460 922 3605 976 enim

1988 1016 2229 1086 gravius,
2263 1025 2354 1069 aut
2384 1013 2774 1069 intolerabilius
2805 1013 3037 1084 pondus,
3076 1026 3239 1081 quam
3269 1010 3477 1080 peccati
3506 1028 3602 1066 na-

1991 1119 2108 1163 tura
2142 1128 2156 1164 :
2191 1108 2433 1178 nihilque
2461 1108 2535 1162 ita
2565 1107 2782 1161 labores
2809 1116 2866 1160 et
2911 1120 3186 1160 aerumnas
3230 1102 3386 1158 nobis
3426 1102 3604 1168 affert,

1990 1210 2048 1256 ut
2078 1200 2297 1254 malitia:
2342 1200 2552 1269 species
2591 1208 2647 1253 et
2683 1198 2900 1252 delicta.
2945 1196 3235 1266 Propterea
3264 1194 3511 1250 Christus
3542 1197 3607 1250 iis
3638 1204 3640 1206 '

1986 1291 2077 1363 qui
2112 1292 2165 1345 in
2203 1290 2439 1362 peccatis
2475 1289 2686 1354 vivunt,
2719 1288 2937 1343 dicebat
2968 1305 2982 1341 :
3028 1286 3202 1341 Venite
3235 1288 3321 1357 qui
3362 1286 3607 1340 laboratis

1986 1395 2034 1436 et
2064 1382 2259 1436 onerati
2286 1381 2425 1448 estis,
2450 1390 2496 1435 et
2517 1398 2609 1451 ego
2631 1396 2718 1434 vos
2737 1379 2995 1451 quiescere
3034 1380 3223 1447 faciant
3267 1376 3481 1448 (Matth.
3518 1378 3602 1431 Η.

1984 1474 2107 1545 9.8).
2140 1473 2207 1527 Et
2234 1473 2436 1528 idcirco
2466 1472 2703 1527 Lamcch
2732 1472 2993 1525 diluvium
3022 1471 3262 1539 quietem
3287 1468 3604 1538 appt-llavit,

1986 1572 2207 1643 coquod
2229 1573 2618 1641 superveniens
2632 1568 2854 1624 malitia:
2879 1567 3042 1623 linem
3068 1566 3444 1636 impo~iturum
3463 1576 3599 1620 erat.

1987 1663 2247 1720 Volebam
2298 1676 2611 1717 sermonem
2662 1661 2804 1714 hunc
2855 1659 3153 1729 longiorem
3186 1658 3364 1711 facere
3391 1675 3402 1710 :
3434 1656 3602 1711 multa

1984 1756 2128 1811 enim
2150 1755 2362 1821 otuitto,
2385 1769 2506 1823 qua:
2530 1753 2594 1805 ail
2630 1768 2827 1807 nomen
2853 1751 2968 1807 Noé
3008 1751 3317 1821 pertinent:
3364 1749 3457 1804 sed
3489 1749 3605 1804 lure

1986 1861 2129 1901 nunc
2168 1844 2431 1899 memoria
2461 1842 2709 1906 retinete,
2739 1852 2796 1896 et
2839 1841 3092 1896 lratribus
3124 1840 3341 1904 vestris,
3369 1840 3460 1908 qui
3503 1841 3597 1893 ab-

1982 1946 2129 2001 sunt,
2160 1935 2325 1991 dicite
2360 1954 2373 1988 :
2410 1944 2467 1988 tit
2512 1949 2581 1989 ne
2610 1948 2870 2002 cogamur
2921 1932 3117 1987 iterum
3162 1931 3601 1999 productioribns

1984 2030 2056 2084 uti
2088 2029 2382 2099 proauuiis,
2415 2038 2469 2082 et
2512 2027 2779 2081 dictorum
2826 2034 3076 2095 repetere
3119 2033 3597 2095 consequentiam;

1979 2135 2289 2176 sermonem
2316 2135 2447 2191 ergo
2479 2118 2529 2172 in
2560 2119 2812 2188 precibus
2845 2116 3116 2184 liniantus,
3144 2118 3345 2187 gratias
3376 2104 3629 2186 agentes

1983 2211 2112 2275 Deo,
2131 2210 2221 2281 qui
2252 2210 2367 2265 ha-c
2391 2219 2449 2264 ut
2475 2209 2807 2273 diceremus,
2823 2207 3003 2265 dedit:
3024 2209 3280 2281 quoniam
3307 2207 3407 2279 ipsi
3430 2208 3598 2280 gloria

1980 2304 2033 2358 in
2066 2302 2265 2358 sarcula
2293 2302 2641 2358 smeulozuur.
2674 2302 2867 2357 Amen.
