  <div class='ocr_page' id='page_1' title='image "/cluster/home/n/w/nwhite01/storage/ocr_20150623/54/pst.000005712533/261.png"; bbox 0 0 4186 6324; ppageno 0'>
   <div class='ocr_carea' id='block_1_1' title="bbox 643 318 3912 394">
    <p class='ocr_par' dir='ltr' id='par_1_1' title="bbox 643 318 3912 394">
     <span class='ocr_line' id='line_1_1' title="bbox 643 318 3912 394; baseline -0.006 0"><span class='ocrx_word' id='word_1_1' title='bbox 643 332 742 394; x_wconf 68' lang='lat' dir='ltr'><strong><em>ttat</em></strong></span> <span class='ocrx_word' id='word_1_2' title='bbox 1332 335 1386 388; x_wconf 92' lang='lat' dir='ltr'><strong><em>S.</em></strong></span> <span class='ocrx_word' id='word_1_3' title='bbox 1423 332 1710 389; x_wconf 70' lang='lat' dir='ltr'><strong><em>JOANNIS</em></strong></span> <span class='ocrx_word' id='word_1_4' title='bbox 1747 331 2236 389; x_wconf 71' lang='lat' dir='ltr'><strong><em>CllllYSOSTOMI</em></strong></span> <span class='ocrx_word' id='word_1_5' title='bbox 2297 328 2612 385; x_wconf 77' lang='lat' dir='ltr'><strong><em>ARCHIEP.</em></strong></span> <span class='ocrx_word' id='word_1_6' title='bbox 2654 323 3198 382; x_wconf 73' lang='lat' dir='ltr'><strong><em>CONSTANTINOI‘.</em></strong></span> <span class='ocrx_word' id='word_1_7' title='bbox 3805 318 3912 374; x_wconf 69' lang='lat'><strong><em>€33</em></strong></span> 
     </span>
    </p>
   </div>
   <div class='ocr_carea' id='block_1_2' title="bbox 2545 445 3874 482">
    <p class='ocr_par' dir='ltr' id='par_1_2' title="bbox 2545 445 3874 482">
     <span class='ocr_line' id='line_1_2' title="bbox 2545 445 3874 482; baseline -0.005 1"><span class='ocrx_word' id='word_1_8' title='bbox 2545 445 3874 482; x_wconf 44' lang='grc' dir='ltr'><em>Μ</em></span> 
     </span>
    </p>
   </div>
   <div class='ocr_carea' id='block_1_3' title="bbox 655 463 1996 492">
    <p class='ocr_par' dir='ltr' id='par_1_3' title="bbox 655 463 1996 492">
     <span class='ocr_line' id='line_1_3' title="bbox 655 463 1996 492; baseline 0.012 -21"><span class='ocrx_word' id='word_1_9' title='bbox 655 464 712 492; x_wconf 56' lang='grc' dir='ltr'><strong><em>π.-</em></strong></span> <span class='ocrx_word' id='word_1_10' title='bbox 729 465 736 468; x_wconf 99' lang='grc'><strong>-</strong></span> <span class='ocrx_word' id='word_1_11' title='bbox 760 463 1986 492; x_wconf 49' lang='lat' dir='ltr'><strong><em>.mwﬂ—_&#39;</em></strong></span> <span class='ocrx_word' id='word_1_12' title='bbox 1987 468 1996 487; x_wconf 73' lang='grc' dir='ltr'><strong>Ζ</strong></span> 
     </span>
    </p>
   </div>
   <div class='ocr_carea' id='block_1_4' title="bbox 1586 557 2943 645">
    <p class='ocr_par' dir='ltr' id='par_1_4' title="bbox 1586 557 2943 645">
     <span class='ocr_line' id='line_1_4' title="bbox 1586 557 2943 645; baseline -0.004 -12"><span class='ocrx_word' id='word_1_13' title='bbox 1586 574 1688 633; x_wconf 79' lang='grc' dir='ltr'><strong><em>ΑΙ)</em></strong></span> <span class='ocrx_word' id='word_1_14' title='bbox 1728 573 2130 633; x_wconf 82' lang='lat' dir='ltr'><strong><em>SERMONES</em></strong></span> <span class='ocrx_word' id='word_1_15' title='bbox 2172 557 2511 645; x_wconf 78' lang='lat' dir='ltr'><strong><em>QUINQUE</em></strong></span> <span class='ocrx_word' id='word_1_16' title='bbox 2555 572 2631 630; x_wconf 84' lang='lat' dir='ltr'><strong>IN</strong></span> <span class='ocrx_word' id='word_1_17' title='bbox 2682 569 2943 629; x_wconf 72' lang='lat' dir='ltr'><strong>ANNAM</strong></span> 
     </span>
    </p>
   </div>
   <div class='ocr_carea' id='block_1_5' title="bbox 1987 476 2240 487">
    <p class='ocr_par' dir='ltr' id='par_1_5' title="bbox 1987 476 2240 487">
     <span class='ocr_line' id='line_1_5' title="bbox 1987 476 2240 487; baseline -0.008 0"><span class='ocrx_word' id='word_1_18' title='bbox 1987 476 2240 487; x_wconf 60' lang='grc'><strong><em>’.-</em></strong></span> 
     </span>
    </p>
   </div>
   <div class='ocr_carea' id='block_1_6' title="bbox 703 687 3911 770">
    <p class='ocr_par' dir='ltr' id='par_1_6' title="bbox 703 687 3911 770">
     <span class='ocr_line' id='line_1_6' title="bbox 703 687 3911 770; baseline -0.003 -22"><span class='ocrx_word' id='word_1_19' title='bbox 703 695 824 761; x_wconf 86' lang='lat' dir='ltr'><strong><em>Quo</em></strong></span> <span class='ocrx_word' id='word_1_20' title='bbox 854 706 1096 764; x_wconf 80' lang='lat' dir='ltr'><strong><em>tempore</em></strong></span> <span class='ocrx_word' id='word_1_21' title='bbox 1119 699 1551 770; x_wconf 79' lang='lat' dir='ltr'><strong><em>Chrysostontus</em></strong></span> <span class='ocrx_word' id='word_1_22' title='bbox 1578 702 1675 755; x_wconf 84' lang='lat' dir='ltr'><strong><em>hos</em></strong></span> <span class='ocrx_word' id='word_1_23' title='bbox 1724 699 2019 753; x_wconf 85' lang='lat' dir='ltr'><strong><em>Sermones</em></strong></span> <span class='ocrx_word' id='word_1_24' title='bbox 2052 700 2320 760; x_wconf 80' lang='lat' dir='ltr'><strong><em>habuerit,</em></strong></span> <span class='ocrx_word' id='word_1_25' title='bbox 2371 707 2425 751; x_wconf 82' lang='lat' dir='ltr'><strong><em>ot</em></strong></span> <span class='ocrx_word' id='word_1_26' title='bbox 2462 699 2511 749; x_wconf 91' lang='lat' dir='ltr'><strong><em>in</em></strong></span> <span class='ocrx_word' id='word_1_27' title='bbox 2555 713 2661 764; x_wconf 84' lang='lat' dir='ltr'><strong><em>qua</em></strong></span> <span class='ocrx_word' id='word_1_28' title='bbox 2715 696 3044 749; x_wconf 78' lang='lat' dir='ltr'><strong><em>concinnant</em></strong></span> <span class='ocrx_word' id='word_1_29' title='bbox 3097 692 3238 746; x_wconf 85' lang='lat' dir='ltr'><strong><em>serie</em></strong></span> <span class='ocrx_word' id='word_1_30' title='bbox 3288 692 3322 745; x_wconf 94' lang='lat' dir='ltr'><strong><em>ii</em></strong></span> <span class='ocrx_word' id='word_1_31' title='bbox 3363 688 3574 744; x_wconf 83' lang='lat' dir='ltr'><strong><em>locandi</em></strong></span> <span class='ocrx_word' id='word_1_32' title='bbox 3623 687 3752 748; x_wconf 86' lang='lat' dir='ltr'><strong><em>sint,</em></strong></span> <span class='ocrx_word' id='word_1_33' title='bbox 3787 687 3911 754; x_wconf 84' lang='lat' dir='ltr'><strong><em>ipse</em></strong></span> 
     </span>
    </p>
   </div>
   <div class='ocr_carea' id='block_1_7' title="bbox 627 781 3910 857">
    <p class='ocr_par' dir='ltr' id='par_1_7' title="bbox 627 781 3910 857">
     <span class='ocr_line' id='line_1_7' title="bbox 627 781 3910 857; baseline -0.002 -19"><span class='ocrx_word' id='word_1_34' title='bbox 627 785 831 840; x_wconf 81' lang='lat' dir='ltr'><strong><em>indicat</em></strong></span> <span class='ocrx_word' id='word_1_35' title='bbox 858 788 1016 854; x_wconf 84' lang='lat' dir='ltr'><strong><em>paulo</em></strong></span> <span class='ocrx_word' id='word_1_36' title='bbox 1045 796 1169 855; x_wconf 85' lang='lat' dir='ltr'><strong><em>post</em></strong></span> <span class='ocrx_word' id='word_1_37' title='bbox 1193 790 1429 844; x_wconf 91' lang='lat' dir='ltr'><strong><em>initium.</em></strong></span> <span class='ocrx_word' id='word_1_38' title='bbox 1474 789 1576 845; x_wconf 72' lang='lat' dir='ltr'><strong><em>Vos</em></strong></span> <span class='ocrx_word' id='word_1_39' title='bbox 1602 791 1761 845; x_wconf 82' lang='lat' dir='ltr'><strong><em>enim.</em></strong></span> <span class='ocrx_word' id='word_1_40' title='bbox 1795 790 1992 857; x_wconf 91' lang='lat' dir='ltr'><strong><em>inquit,</em></strong></span> <span class='ocrx_word' id='word_1_41' title='bbox 2019 789 2247 857; x_wconf 85' lang='lat' dir='ltr'><strong><em>fortasse</em></strong></span> <span class='ocrx_word' id='word_1_42' title='bbox 2276 804 2412 840; x_wconf 81' lang='lat' dir='ltr'><strong><em>nunc</em></strong></span> <span class='ocrx_word' id='word_1_43' title='bbox 2441 790 2566 840; x_wconf 84' lang='lat' dir='ltr'><strong><em>estis</em></strong></span> <span class='ocrx_word' id='word_1_44' title='bbox 2597 787 2752 839; x_wconf 84' lang='lat' dir='ltr'><strong><em>obliti</em></strong></span> <span class='ocrx_word' id='word_1_45' title='bbox 2781 786 2988 852; x_wconf 66' lang='lat' dir='ltr'><strong><em>(Grieca</em></strong></span> <span class='ocrx_word' id='word_1_46' title='bbox 3039 786 3238 854; x_wconf 83' lang='lat' dir='ltr'><strong>quippe</strong></span> <span class='ocrx_word' id='word_1_47' title='bbox 3283 799 3390 837; x_wconf 92' lang='lat' dir='ltr'><strong><em>non</em></strong></span> <span class='ocrx_word' id='word_1_48' title='bbox 3435 782 3719 837; x_wconf 80' lang='lat' dir='ltr'><strong><em>referenda</em></strong></span> <span class='ocrx_word' id='word_1_49' title='bbox 3750 781 3910 836; x_wconf 84' lang='lat' dir='ltr'><strong><em>duci-</em></strong></span> 
     </span>
    </p>
   </div>
   <div class='ocr_carea' id='block_1_8' title="bbox 629 874 3914 947">
    <p class='ocr_par' dir='ltr' id='par_1_8' title="bbox 629 874 3914 947">
     <span class='ocr_line' id='line_1_8' title="bbox 629 874 3914 947; baseline -0.001 -20"><span class='ocrx_word' id='word_1_50' title='bbox 629 878 796 945; x_wconf 89' lang='lat' dir='ltr'><strong><em>mus).</em></strong></span> <span class='ocrx_word' id='word_1_51' title='bbox 827 895 921 932; x_wconf 89' lang='lat' dir='ltr'><strong><em>nos</em></strong></span> <span class='ocrx_word' id='word_1_52' title='bbox 953 881 1142 933; x_wconf 80' lang='lat' dir='ltr'><strong><em>multos</em></strong></span> <span class='ocrx_word' id='word_1_53' title='bbox 1172 882 1384 940; x_wconf 84' lang='lat' dir='ltr'><strong><em>interim</em></strong></span> <span class='ocrx_word' id='word_1_54' title='bbox 1413 897 1675 935; x_wconf 82' lang='lat' dir='ltr'><strong><em>sermones</em></strong></span> <span class='ocrx_word' id='word_1_55' title='bbox 1717 882 1783 934; x_wconf 87' lang='lat' dir='ltr'><strong><em>de</em></strong></span> <span class='ocrx_word' id='word_1_56' title='bbox 1821 880 1944 934; x_wconf 89' lang='lat' dir='ltr'><strong><em>aliis</em></strong></span> <span class='ocrx_word' id='word_1_57' title='bbox 1996 880 2145 933; x_wconf 82' lang='lat' dir='ltr'><strong><em>rebus</em></strong></span> <span class='ocrx_word' id='word_1_58' title='bbox 2190 880 2456 932; x_wconf 77' lang='lat' dir='ltr'><strong><em>habuisse.</em></strong></span> <span class='ocrx_word' id='word_1_59' title='bbox 2502 877 2642 931; x_wconf 85' lang='lat' dir='ltr'><strong><em>Nam</em></strong></span> <span class='ocrx_word' id='word_1_60' title='bbox 2691 895 2890 931; x_wconf 86' lang='lat' dir='ltr'><strong><em>reverso</em></strong></span> <span class='ocrx_word' id='word_1_61' title='bbox 2939 896 2968 930; x_wconf 91' lang='lat' dir='ltr'><strong><em>a</em></strong></span> <span class='ocrx_word' id='word_1_62' title='bbox 3000 877 3291 947; x_wconf 77' lang='lat' dir='ltr'><strong><em>longinqua</em></strong></span> <span class='ocrx_word' id='word_1_63' title='bbox 3336 874 3430 928; x_wconf 88' lang='lat' dir='ltr'><strong><em>illa</em></strong></span> <span class='ocrx_word' id='word_1_64' title='bbox 3483 876 3914 945; x_wconf 75' lang='lat' dir='ltr'><strong><em>peregrinatione</em></strong></span> 
     </span>
    </p>
   </div>
   <div class='ocr_carea' id='block_1_9' title="bbox 625 966 3908 1040">
    <p class='ocr_par' dir='ltr' id='par_1_9' title="bbox 625 966 3908 1040">
     <span class='ocr_line' id='line_1_9' title="bbox 625 966 3908 1040; baseline 0 -20"><span class='ocrx_word' id='word_1_65' title='bbox 625 966 790 1020; x_wconf 86' lang='lat' dir='ltr'><strong><em>Patre</em></strong></span> <span class='ocrx_word' id='word_1_66' title='bbox 820 980 1019 1033; x_wconf 77' lang='lat' dir='ltr'><strong><em>nostra,</em></strong></span> <span class='ocrx_word' id='word_1_67' title='bbox 1052 973 1401 1025; x_wconf 83' lang='lat' dir='ltr'><strong><em>necessarium</em></strong></span> <span class='ocrx_word' id='word_1_68' title='bbox 1432 972 1536 1040; x_wconf 73' lang='lat' dir='ltr'><strong><em>fuit</em></strong></span> <span class='ocrx_word' id='word_1_69' title='bbox 1565 974 1743 1026; x_wconf 89' lang='lat' dir='ltr'><strong><em>omnia</em></strong></span> <span class='ocrx_word' id='word_1_70' title='bbox 1777 988 2206 1032; x_wconf 87' lang='lat' dir='ltr'><strong><em>commemorare,</em></strong></span> <span class='ocrx_word' id='word_1_71' title='bbox 2239 987 2355 1040; x_wconf 71' lang='lat' dir='ltr'><strong><em>quae</em></strong></span> <span class='ocrx_word' id='word_1_72' title='bbox 2384 972 2436 1023; x_wconf 91' lang='lat' dir='ltr'><strong><em>in</em></strong></span> <span class='ocrx_word' id='word_1_73' title='bbox 2466 971 2724 1024; x_wconf 84' lang='lat' dir='ltr'><strong><em>comitatu</em></strong></span> <span class='ocrx_word' id='word_1_74' title='bbox 2772 971 3094 1027; x_wconf 86' lang='lat' dir='ltr'><strong><em>acciderant.</em></strong></span> <span class='ocrx_word' id='word_1_75' title='bbox 3129 986 3192 1022; x_wconf 91' lang='lat' dir='ltr'><strong><em>ac</em></strong></span> <span class='ocrx_word' id='word_1_76' title='bbox 3241 969 3428 1022; x_wconf 85' lang='lat' dir='ltr'><strong><em>deinde</em></strong></span> <span class='ocrx_word' id='word_1_77' title='bbox 3458 985 3576 1020; x_wconf 74' lang='lat' dir='ltr'><strong><em>cum</em></strong></span> <span class='ocrx_word' id='word_1_78' title='bbox 3619 968 3908 1037; x_wconf 84' lang='lat' dir='ltr'><strong><em>gentilibus</em></strong></span> 
     </span>
    </p>
   </div>
   <div class='ocr_carea' id='block_1_10' title="bbox 625 1058 3912 1132">
    <p class='ocr_par' dir='ltr' id='par_1_10' title="bbox 625 1058 3912 1132">
     <span class='ocr_line' id='line_1_10' title="bbox 625 1058 3912 1132; baseline -0.001 -22"><span class='ocrx_word' id='word_1_79' title='bbox 625 1058 920 1128; x_wconf 84' lang='lat' dir='ltr'><strong><em>disputare,</em></strong></span> <span class='ocrx_word' id='word_1_80' title='bbox 951 1069 1010 1113; x_wconf 87' lang='lat' dir='ltr'><strong><em>ut</em></strong></span> <span class='ocrx_word' id='word_1_81' title='bbox 1037 1063 1130 1115; x_wconf 78' lang='lat' dir='ltr'><strong><em>Iros</em></strong></span> <span class='ocrx_word' id='word_1_82' title='bbox 1163 1063 1209 1115; x_wconf 81' lang='lat' dir='ltr'><strong><em>ri</em></strong></span> <span class='ocrx_word' id='word_1_83' title='bbox 1240 1063 1565 1116; x_wconf 90' lang='lat' dir='ltr'><strong><em>calamitatis</em></strong></span> <span class='ocrx_word' id='word_1_84' title='bbox 1595 1064 1664 1117; x_wconf 84' lang='lat' dir='ltr'><strong><em>ad</em></strong></span> <span class='ocrx_word' id='word_1_85' title='bbox 1694 1063 1964 1118; x_wconf 76' lang='lat' dir='ltr'><strong><em>meliorem</em></strong></span> <span class='ocrx_word' id='word_1_86' title='bbox 2015 1063 2220 1132; x_wconf 82' lang='lat' dir='ltr'><strong><em>frugem</em></strong></span> <span class='ocrx_word' id='word_1_87' title='bbox 2270 1071 2560 1126; x_wconf 74' lang='lat' dir='ltr'><strong><em>revocatos,</em></strong></span> <span class='ocrx_word' id='word_1_88' title='bbox 2610 1064 2700 1131; x_wconf 88' lang='lat' dir='ltr'><strong><em>qni</em></strong></span> <span class='ocrx_word' id='word_1_89' title='bbox 2745 1064 2952 1116; x_wconf 82' lang='lat' dir='ltr'><strong><em>deserto</em></strong></span> <span class='ocrx_word' id='word_1_90' title='bbox 3000 1062 3276 1130; x_wconf 73' lang='lat' dir='ltr'><strong><em>gentilium</em></strong></span> <span class='ocrx_word' id='word_1_91' title='bbox 3315 1075 3495 1113; x_wconf 87' lang='lat' dir='ltr'><strong><em>errore</em></strong></span> <span class='ocrx_word' id='word_1_92' title='bbox 3533 1075 3644 1111; x_wconf 85' lang='lat' dir='ltr'><strong><em>sese</em></strong></span> <span class='ocrx_word' id='word_1_93' title='bbox 3691 1058 3761 1109; x_wconf 88' lang='lat' dir='ltr'><strong><em>ad</em></strong></span> <span class='ocrx_word' id='word_1_94' title='bbox 3811 1072 3912 1110; x_wconf 87' lang='lat' dir='ltr'><strong><em>nos</em></strong></span> 
     </span>
    </p>
   </div>
   <div class='ocr_carea' id='block_1_11' title="bbox 625 1146 3911 1224">
    <p class='ocr_par' dir='ltr' id='par_1_11' title="bbox 625 1146 3911 1224">
     <span class='ocr_line' id='line_1_11' title="bbox 625 1146 3911 1224; baseline -0.001 -22"><span class='ocrx_word' id='word_1_95' title='bbox 625 1151 977 1214; x_wconf 85' lang='lat' dir='ltr'><strong><em>contulerant,</em></strong></span> <span class='ocrx_word' id='word_1_96' title='bbox 1009 1169 1106 1222; x_wconf 86' lang='lat' dir='ltr'><strong><em>pro</em></strong></span> <span class='ocrx_word' id='word_1_97' title='bbox 1136 1155 1277 1210; x_wconf 80' lang='lat' dir='ltr'><strong><em>t&#39;irili</em></strong></span> <span class='ocrx_word' id='word_1_98' title='bbox 1309 1157 1766 1224; x_wconf 75' lang='lat' dir='ltr'><strong><em>conﬁrmarentur,</em></strong></span> <span class='ocrx_word' id='word_1_99' title='bbox 1814 1172 1876 1208; x_wconf 85' lang='lat' dir='ltr'><strong><em>ae</em></strong></span> <span class='ocrx_word' id='word_1_100' title='bbox 1921 1157 2248 1218; x_wconf 85' lang='lat' dir='ltr'><strong><em>doceremus,</em></strong></span> <span class='ocrx_word' id='word_1_101' title='bbox 2295 1155 2508 1222; x_wconf 85' lang='lat' dir='ltr'><strong><em>quantis</em></strong></span> <span class='ocrx_word' id='word_1_102' title='bbox 2553 1153 2782 1208; x_wconf 85' lang='lat' dir='ltr'><strong><em>tenebris</em></strong></span> <span class='ocrx_word' id='word_1_103' title='bbox 2826 1151 3040 1206; x_wconf 77' lang='lat' dir='ltr'><strong><em>liberati</em></strong></span> <span class='ocrx_word' id='word_1_104' title='bbox 3083 1152 3153 1203; x_wconf 87' lang='lat' dir='ltr'><strong><em>ad</em></strong></span> <span class='ocrx_word' id='word_1_105' title='bbox 3199 1161 3404 1204; x_wconf 86' lang='lat' dir='ltr'><strong><em>tantam</em></strong></span> <span class='ocrx_word' id='word_1_106' title='bbox 3448 1151 3618 1204; x_wconf 87' lang='lat' dir='ltr'><strong><em>lucem</em></strong></span> <span class='ocrx_word' id='word_1_107' title='bbox 3666 1146 3911 1202; x_wconf 70' lang='lat' dir='ltr'><strong><em>veritatis</em></strong></span> 
     </span>
    </p>
   </div>
   <div class='ocr_carea' id='block_1_12' title="bbox 624 1245 3912 1317">
    <p class='ocr_par' dir='ltr' id='par_1_12' title="bbox 624 1245 3912 1317">
     <span class='ocr_line' id='line_1_12' title="bbox 624 1245 3912 1317; baseline -0.001 -21"><span class='ocrx_word' id='word_1_108' title='bbox 624 1247 999 1301; x_wconf 76' lang='lat' dir='ltr'><strong><em>occurrissent.</em></strong></span> <span class='ocrx_word' id='word_1_109' title='bbox 1040 1248 1166 1302; x_wconf 74' lang='lat' dir='ltr'><strong><em>Post</em></strong></span> <span class='ocrx_word' id='word_1_110' title='bbox 1200 1249 1293 1302; x_wconf 82' lang='lat' dir='ltr'><strong><em>illa</em></strong></span> <span class='ocrx_word' id='word_1_111' title='bbox 1325 1267 1508 1303; x_wconf 87' lang='lat' dir='ltr'><strong><em>rursus</em></strong></span> <span class='ocrx_word' id='word_1_112' title='bbox 1540 1251 1723 1306; x_wconf 79' lang='lat' dir='ltr'><strong><em>multis</em></strong></span> <span class='ocrx_word' id='word_1_113' title='bbox 1753 1251 1934 1302; x_wconf 80' lang='lat' dir='ltr'><strong><em>diebus</em></strong></span> <span class='ocrx_word' id='word_1_114' title='bbox 1966 1260 2262 1317; x_wconf 71' lang='lat' dir='ltr'><strong><em>martyrum</em></strong></span> <span class='ocrx_word' id='word_1_115' title='bbox 2292 1249 2673 1316; x_wconf 73' lang='lat' dir='ltr'><strong><em>festivitatibus</em></strong></span> <span class='ocrx_word' id='word_1_116' title='bbox 2709 1248 2870 1316; x_wconf 80' lang='lat' dir='ltr'><strong><em>potiti</em></strong></span> <span class='ocrx_word' id='word_1_117' title='bbox 2907 1264 3116 1311; x_wconf 86' lang='lat' dir='ltr'><strong><em>sumus,</em></strong></span> <span class='ocrx_word' id='word_1_118' title='bbox 3151 1263 3314 1317; x_wconf 87' lang='lat' dir='ltr'><strong><em>neque</em></strong></span> <span class='ocrx_word' id='word_1_119' title='bbox 3341 1247 3564 1312; x_wconf 83' lang='lat' dir='ltr'><strong><em>tempori</em></strong></span> <span class='ocrx_word' id='word_1_120' title='bbox 3595 1245 3912 1296; x_wconf 75' lang='lat' dir='ltr'><strong><em>conveniens</em></strong></span> 
     </span>
    </p>
   </div>
   <div class='ocr_carea' id='block_1_13' title="bbox 623 1335 3911 1413">
    <p class='ocr_par' dir='ltr' id='par_1_13' title="bbox 623 1335 3911 1413">
     <span class='ocr_line' id='line_1_13' title="bbox 623 1335 3911 1413; baseline -0 -26"><span class='ocrx_word' id='word_1_121' title='bbox 623 1335 830 1401; x_wconf 79' lang='lat' dir='ltr'><strong><em>fuisset,</em></strong></span> <span class='ocrx_word' id='word_1_122' title='bbox 861 1355 954 1392; x_wconf 85' lang='lat' dir='ltr'><strong><em>nos</em></strong></span> <span class='ocrx_word' id='word_1_123' title='bbox 991 1343 1081 1410; x_wconf 86' lang='lat' dir='ltr'><strong><em>qui</em></strong></span> <span class='ocrx_word' id='word_1_124' title='bbox 1110 1342 1271 1410; x_wconf 80' lang='lat' dir='ltr'><strong><em>juxta</em></strong></span> <span class='ocrx_word' id='word_1_125' title='bbox 1304 1353 1600 1413; x_wconf 77' lang='lat' dir='ltr'><strong><em>martyrum</em></strong></span> <span class='ocrx_word' id='word_1_126' title='bbox 1626 1342 1867 1411; x_wconf 84' lang='lat' dir='ltr'><strong><em>sepulcra</em></strong></span> <span class='ocrx_word' id='word_1_127' title='bbox 1910 1358 2264 1405; x_wconf 80' lang='lat' dir='ltr'><strong><em>versaremur,</em></strong></span> <span class='ocrx_word' id='word_1_128' title='bbox 2297 1359 2481 1395; x_wconf 86' lang='lat' dir='ltr'><strong><em>earum</em></strong></span> <span class='ocrx_word' id='word_1_129' title='bbox 2529 1343 2775 1405; x_wconf 83' lang='lat' dir='ltr'><strong><em>laudum,</em></strong></span> <span class='ocrx_word' id='word_1_130' title='bbox 2821 1357 2939 1411; x_wconf 66' lang='lat' dir='ltr'><strong><em>qua</em></strong></span> <span class='ocrx_word' id='word_1_131' title='bbox 2990 1341 3316 1410; x_wconf 79' lang='lat' dir='ltr'><strong><em>martyribus</em></strong></span> <span class='ocrx_word' id='word_1_132' title='bbox 3354 1338 3632 1397; x_wconf 74' lang='lat' dir='ltr'><strong><em>debentur,</em></strong></span> <span class='ocrx_word' id='word_1_133' title='bbox 3669 1347 3911 1389; x_wconf 68' lang='lat' dir='ltr'><strong><em>exsortes</em></strong></span> 
     </span>
    </p>
   </div>
   <div class='ocr_carea' id='block_1_14' title="bbox 623 1429 3912 1506">
    <p class='ocr_par' dir='ltr' id='par_1_14' title="bbox 623 1429 3912 1506">
     <span class='ocr_line' id='line_1_14' title="bbox 623 1429 3912 1506; baseline -0 -25"><span class='ocrx_word' id='word_1_134' title='bbox 623 1429 913 1486; x_wconf 82' lang='lat' dir='ltr'><strong><em>discedere.</em></strong></span> <span class='ocrx_word' id='word_1_135' title='bbox 949 1433 1213 1490; x_wconf 81' lang='lat' dir='ltr'><strong><em>Successit</em></strong></span> <span class='ocrx_word' id='word_1_136' title='bbox 1241 1438 1322 1490; x_wconf 80' lang='lat' dir='ltr'><strong><em>Itis</em></strong></span> <span class='ocrx_word' id='word_1_137' title='bbox 1365 1454 1550 1489; x_wconf 87' lang='lat' dir='ltr'><strong><em>rursus</em></strong></span> <span class='ocrx_word' id='word_1_138' title='bbox 1582 1438 1882 1490; x_wconf 81' lang='lat' dir='ltr'><strong><em>cohortatio</em></strong></span> <span class='ocrx_word' id='word_1_139' title='bbox 1933 1439 2002 1489; x_wconf 86' lang='lat' dir='ltr'><strong><em>ad</em></strong></span> <span class='ocrx_word' id='word_1_140' title='bbox 2059 1438 2431 1490; x_wconf 82' lang='lat' dir='ltr'><strong><em>abstinendum</em></strong></span> <span class='ocrx_word' id='word_1_141' title='bbox 2483 1455 2517 1490; x_wconf 88' lang='lat' dir='ltr'><strong><em>a</em></strong></span> <span class='ocrx_word' id='word_1_142' title='bbox 2561 1437 2884 1506; x_wconf 77' lang='lat' dir='ltr'><strong><em>jurameutis</em></strong></span> <span class='ocrx_word' id='word_1_143' title='bbox 2917 1452 2936 1491; x_wconf 88' lang='lat'><strong><em>:</em></strong></span> <span class='ocrx_word' id='word_1_144' title='bbox 2995 1452 3115 1489; x_wconf 77' lang='lat' dir='ltr'><strong><em>cum</em></strong></span> <span class='ocrx_word' id='word_1_145' title='bbox 3167 1436 3308 1489; x_wconf 85' lang='lat' dir='ltr'><strong><em>enim</em></strong></span> <span class='ocrx_word' id='word_1_146' title='bbox 3354 1443 3520 1488; x_wconf 86' lang='lat' dir='ltr'><strong><em>totam</em></strong></span> <span class='ocrx_word' id='word_1_147' title='bbox 3581 1432 3912 1485; x_wconf 79' lang='lat' dir='ltr'><strong><em>rusticorum</em></strong></span> 
     </span>
    </p>
   </div>
   <div class='ocr_carea' id='block_1_15' title="bbox 624 1527 3816 1599">
    <p class='ocr_par' dir='ltr' id='par_1_15' title="bbox 624 1527 3816 1599">
     <span class='ocr_line' id='line_1_15' title="bbox 624 1527 3816 1599; baseline 0.002 -26"><span class='ocrx_word' id='word_1_148' title='bbox 624 1527 891 1578; x_wconf 85' lang='lat' dir='ltr'><strong><em>nationem</em></strong></span> <span class='ocrx_word' id='word_1_149' title='bbox 933 1528 986 1580; x_wconf 84' lang='lat' dir='ltr'><strong><em>in</em></strong></span> <span class='ocrx_word' id='word_1_150' title='bbox 1028 1530 1208 1582; x_wconf 85' lang='lat' dir='ltr'><strong><em>urbem</em></strong></span> <span class='ocrx_word' id='word_1_151' title='bbox 1243 1531 1534 1599; x_wconf 77' lang='lat' dir='ltr'><strong><em>ingressam</em></strong></span> <span class='ocrx_word' id='word_1_152' title='bbox 1576 1548 1926 1592; x_wconf 77' lang='lat' dir='ltr'><strong><em>cerneremus,</em></strong></span> <span class='ocrx_word' id='word_1_153' title='bbox 1970 1533 2065 1584; x_wconf 79' lang='lat' dir='ltr'><strong><em>hoc</em></strong></span> <span class='ocrx_word' id='word_1_154' title='bbox 2109 1533 2232 1586; x_wconf 87' lang='lat' dir='ltr'><strong><em>illos</em></strong></span> <span class='ocrx_word' id='word_1_155' title='bbox 2272 1534 2561 1586; x_wconf 80' lang='lat' dir='ltr'><strong><em>instructos</em></strong></span> <span class='ocrx_word' id='word_1_156' title='bbox 2603 1549 2634 1585; x_wconf 89' lang='lat' dir='ltr'><strong><em>a</em></strong></span> <span class='ocrx_word' id='word_1_157' title='bbox 2676 1532 2824 1586; x_wconf 89' lang='lat' dir='ltr'><strong><em>nobis</em></strong></span> <span class='ocrx_word' id='word_1_158' title='bbox 2865 1533 3058 1586; x_wconf 75' lang='lat' dir='ltr'><strong><em>viatico</em></strong></span> <span class='ocrx_word' id='word_1_159' title='bbox 3099 1532 3401 1584; x_wconf 75' lang='lat' dir='ltr'><strong><em>censuimus</em></strong></span> <span class='ocrx_word' id='word_1_160' title='bbox 3440 1528 3816 1580; x_wconf 86' lang='lat' dir='ltr'><strong><em>dimittendos.</em></strong></span> 
     </span>
    </p>
   </div>
   <div class='ocr_carea' id='block_1_16' title="bbox 693 1617 3908 1695">
    <p class='ocr_par' dir='ltr' id='par_1_16' title="bbox 693 1617 3908 1695">
     <span class='ocr_line' id='line_1_16' title="bbox 693 1617 3908 1695; baseline 0 -25"><span class='ocrx_word' id='word_1_161' title='bbox 693 1617 846 1684; x_wconf 81' lang='lat' dir='ltr'><strong><em>Quod</em></strong></span> <span class='ocrx_word' id='word_1_162' title='bbox 877 1618 953 1672; x_wconf 87' lang='lat' dir='ltr'><strong><em>ait</em></strong></span> <span class='ocrx_word' id='word_1_163' title='bbox 983 1621 1158 1687; x_wconf 90' lang='lat' dir='ltr'><strong><em>primo</em></strong></span> <span class='ocrx_word' id='word_1_164' title='bbox 1187 1619 1617 1692; x_wconf 79' lang='lat' dir='ltr'><strong><em>Cbrysostomus</em></strong></span> <span class='ocrx_word' id='word_1_165' title='bbox 1651 1632 1771 1692; x_wconf 90' lang='lat' dir='ltr'><strong><em>post</em></strong></span> <span class='ocrx_word' id='word_1_166' title='bbox 1804 1624 2034 1677; x_wconf 89' lang='lat' dir='ltr'><strong><em>reditum</em></strong></span> <span class='ocrx_word' id='word_1_167' title='bbox 2077 1623 2319 1678; x_wconf 80' lang='lat' dir='ltr'><strong><em>Flaviani</em></strong></span> <span class='ocrx_word' id='word_1_168' title='bbox 2372 1625 2611 1695; x_wconf 87' lang='lat' dir='ltr'><strong><em>episcopi</em></strong></span> <span class='ocrx_word' id='word_1_169' title='bbox 2645 1640 2704 1680; x_wconf 87' lang='lat' dir='ltr'><strong><em>se</em></strong></span> <span class='ocrx_word' id='word_1_170' title='bbox 2747 1625 2930 1677; x_wconf 81' lang='lat' dir='ltr'><strong><em>omnia</em></strong></span> <span class='ocrx_word' id='word_1_171' title='bbox 2963 1639 3080 1692; x_wconf 63' lang='lat' dir='ltr'><strong><em>qua!</em></strong></span> <span class='ocrx_word' id='word_1_172' title='bbox 3113 1623 3215 1691; x_wconf 92' lang='lat' dir='ltr'><strong><em>ipsi</em></strong></span> <span class='ocrx_word' id='word_1_173' title='bbox 3251 1620 3566 1674; x_wconf 83' lang='lat' dir='ltr'><strong><em>acciderant</em></strong></span> <span class='ocrx_word' id='word_1_174' title='bbox 3617 1619 3669 1672; x_wconf 93' lang='lat' dir='ltr'><strong><em>in</em></strong></span> <span class='ocrx_word' id='word_1_175' title='bbox 3720 1617 3908 1672; x_wconf 89' lang='lat' dir='ltr'><strong><em>comi-</em></strong></span> 
     </span>
    </p>
   </div>
   <div class='ocr_carea' id='block_1_17' title="bbox 627 1695 3909 1790">
    <p class='ocr_par' dir='ltr' id='par_1_17' title="bbox 627 1695 3909 1790">
     <span class='ocr_line' id='line_1_17' title="bbox 627 1695 3909 1790; baseline 0 -29"><span class='ocrx_word' id='word_1_176' title='bbox 627 1719 760 1774; x_wconf 87' lang='lat' dir='ltr'><strong><em>tattt,</em></strong></span> <span class='ocrx_word' id='word_1_177' title='bbox 797 1712 847 1764; x_wconf 86' lang='lat' dir='ltr'><strong><em>id</em></strong></span> <span class='ocrx_word' id='word_1_178' title='bbox 877 1721 959 1765; x_wconf 90' lang='lat' dir='ltr'><strong><em>est</em></strong></span> <span class='ocrx_word' id='word_1_179' title='bbox 990 1713 1044 1766; x_wconf 91' lang='lat' dir='ltr'><strong><em>ln</em></strong></span> <span class='ocrx_word' id='word_1_180' title='bbox 1077 1715 1199 1768; x_wconf 86' lang='lat' dir='ltr'><strong><em>aula</em></strong></span> <span class='ocrx_word' id='word_1_181' title='bbox 1233 1695 1603 1786; x_wconf 60' lang='lat' dir='ltr'><strong><em>Imperatoris,</em></strong></span> <span class='ocrx_word' id='word_1_182' title='bbox 1638 1733 2128 1782; x_wconf 73' lang='lat' dir='ltr'><strong><em>commemorasse;</em></strong></span> <span class='ocrx_word' id='word_1_183' title='bbox 2157 1717 2309 1780; x_wconf 88' lang='lat' dir='ltr'><strong><em>illud,</em></strong></span> <span class='ocrx_word' id='word_1_184' title='bbox 2335 1719 2585 1790; x_wconf 87' lang='lat' dir='ltr'><strong><em>inquam,</em></strong></span> <span class='ocrx_word' id='word_1_185' title='bbox 2612 1717 2839 1789; x_wconf 62' lang='lat' dir='ltr'><strong><em>respicit</em></strong></span> <span class='ocrx_word' id='word_1_186' title='bbox 2863 1716 3154 1771; x_wconf 86' lang='lat' dir='ltr'><strong><em>llomiliatn</em></strong></span> <span class='ocrx_word' id='word_1_187' title='bbox 3188 1715 3251 1768; x_wconf 66' lang='grc' dir='ltr'>ει</span> <span class='ocrx_word' id='word_1_188' title='bbox 3289 1715 3354 1768; x_wconf 83' lang='lat' dir='ltr'><strong><em>de</em></strong></span> <span class='ocrx_word' id='word_1_189' title='bbox 3385 1713 3602 1775; x_wconf 77' lang='lat' dir='ltr'><strong><em>statuis,</em></strong></span> <span class='ocrx_word' id='word_1_190' title='bbox 3634 1710 3810 1765; x_wconf 84' lang='lat' dir='ltr'><strong><em>Tomo</em></strong></span> <span class='ocrx_word' id='word_1_191' title='bbox 3833 1706 3909 1771; x_wconf 84' lang='lat' dir='ltr'><strong><em>ll,</em></strong></span> 
     </span>
    </p>
   </div>
   <div class='ocr_carea' id='block_1_18' title="bbox 621 1802 3911 1882">
    <p class='ocr_par' dir='ltr' id='par_1_18' title="bbox 621 1802 3911 1882">
     <span class='ocr_line' id='line_1_18' title="bbox 621 1802 3911 1882; baseline 0.002 -32"><span class='ocrx_word' id='word_1_192' title='bbox 621 1817 744 1864; x_wconf 67' lang='lat' dir='ltr'><strong><em>qua!</em></strong></span> <span class='ocrx_word' id='word_1_193' title='bbox 789 1802 972 1858; x_wconf 91' lang='lat' dir='ltr'><strong><em>habita</em></strong></span> <span class='ocrx_word' id='word_1_194' title='bbox 1027 1804 1126 1860; x_wconf 78' lang='lat' dir='ltr'><strong><em>fuit</em></strong></span> <span class='ocrx_word' id='word_1_195' title='bbox 1173 1816 1296 1876; x_wconf 87' lang='lat' dir='ltr'><strong><em>post</em></strong></span> <span class='ocrx_word' id='word_1_196' title='bbox 1344 1810 1578 1863; x_wconf 84' lang='lat' dir='ltr'><strong><em>reditum</em></strong></span> <span class='ocrx_word' id='word_1_197' title='bbox 1628 1809 1897 1875; x_wconf 80' lang='lat' dir='ltr'><strong><em>Flaviani,</em></strong></span> <span class='ocrx_word' id='word_1_198' title='bbox 1931 1812 2024 1881; x_wconf 86' lang='lat' dir='ltr'><strong><em>qui</em></strong></span> <span class='ocrx_word' id='word_1_199' title='bbox 2081 1811 2286 1866; x_wconf 88' lang='lat' dir='ltr'><strong><em>reditus</em></strong></span> <span class='ocrx_word' id='word_1_200' title='bbox 2335 1813 2562 1882; x_wconf 84' lang='lat' dir='ltr'><strong><em>contigit</em></strong></span> <span class='ocrx_word' id='word_1_201' title='bbox 2603 1812 2660 1866; x_wconf 93' lang='lat' dir='ltr'><strong><em>in</em></strong></span> <span class='ocrx_word' id='word_1_202' title='bbox 2704 1811 2809 1865; x_wconf 88' lang='lat' dir='ltr'><strong><em>line</em></strong></span> <span class='ocrx_word' id='word_1_203' title='bbox 2851 1809 3299 1879; x_wconf 69' lang='lat' dir='ltr'><strong><em>Quadragesimas</em></strong></span> <span class='ocrx_word' id='word_1_204' title='bbox 3329 1807 3456 1861; x_wconf 82' lang='lat' dir='ltr'><strong><em>anni</em></strong></span> <span class='ocrx_word' id='word_1_205' title='bbox 3490 1804 3615 1857; x_wconf 79' lang='grc'><strong><em>587.</em></strong></span> <span class='ocrx_word' id='word_1_206' title='bbox 3673 1803 3911 1869; x_wconf 70' lang='lat' dir='ltr'><strong><em>Haecque</em></strong></span> 
     </span>
    </p>
   </div>
   <div class='ocr_carea' id='block_1_19' title="bbox 620 1894 3908 1972">
    <p class='ocr_par' dir='ltr' id='par_1_19' title="bbox 620 1894 3908 1972">
     <span class='ocr_line' id='line_1_19' title="bbox 620 1894 3908 1972; baseline 0 -26"><span class='ocrx_word' id='word_1_207' title='bbox 620 1894 811 1947; x_wconf 89' lang='lat' dir='ltr'><strong><em>concio</em></strong></span> <span class='ocrx_word' id='word_1_208' title='bbox 842 1895 1022 1950; x_wconf 86' lang='lat' dir='ltr'><strong><em>habita</em></strong></span> <span class='ocrx_word' id='word_1_209' title='bbox 1051 1906 1134 1952; x_wconf 88' lang='lat' dir='ltr'><strong><em>est</em></strong></span> <span class='ocrx_word' id='word_1_210' title='bbox 1167 1899 1286 1968; x_wconf 90' lang='lat' dir='ltr'><strong><em>ipso</em></strong></span> <span class='ocrx_word' id='word_1_211' title='bbox 1312 1901 1398 1955; x_wconf 87' lang='lat' dir='ltr'><strong><em>die</em></strong></span> <span class='ocrx_word' id='word_1_212' title='bbox 1428 1899 1870 1959; x_wconf 80' lang='lat' dir='ltr'><strong><em>Resurroetionis</em></strong></span> <span class='ocrx_word' id='word_1_213' title='bbox 1906 1903 2119 1959; x_wconf 88' lang='lat' dir='ltr'><strong><em>Domini</em></strong></span> <span class='ocrx_word' id='word_1_214' title='bbox 2157 1923 2171 1957; x_wconf 89' lang='lat'><strong>:</strong></span> <span class='ocrx_word' id='word_1_215' title='bbox 2217 1903 2346 1958; x_wconf 86' lang='lat' dir='ltr'><strong><em>illud</em></strong></span> <span class='ocrx_word' id='word_1_216' title='bbox 2378 1905 2523 1959; x_wconf 81' lang='lat' dir='ltr'><strong><em>enim</em></strong></span> <span class='ocrx_word' id='word_1_217' title='bbox 2577 1904 2735 1958; x_wconf 81' lang='lat' dir='ltr'><strong><em>initio</em></strong></span> <span class='ocrx_word' id='word_1_218' title='bbox 2779 1903 3213 1972; x_wconf 79' lang='lat' dir='ltr'><strong><em>Chrysostomus</em></strong></span> <span class='ocrx_word' id='word_1_219' title='bbox 3261 1898 3530 1968; x_wconf 82' lang='lat' dir='ltr'><strong><em>signiﬁcat</em></strong></span> <span class='ocrx_word' id='word_1_220' title='bbox 3564 1913 3689 1950; x_wconf 82' lang='lat' dir='ltr'><strong><em>cum</em></strong></span> <span class='ocrx_word' id='word_1_221' title='bbox 3723 1894 3855 1948; x_wconf 82' lang='lat' dir='ltr'><strong><em>dicit</em></strong></span> <span class='ocrx_word' id='word_1_222' title='bbox 3890 1911 3908 1948; x_wconf 91' lang='lat'><strong>:</strong></span> 
     </span>
    </p>
   </div>
   <div class='ocr_carea' id='block_1_20' title="bbox 621 1983 3914 2066">
    <p class='ocr_par' dir='ltr' id='par_1_20' title="bbox 621 1983 3914 2066">
     <span class='ocr_line' id='line_1_20' title="bbox 621 1983 3914 2066; baseline 0.001 -30"><span class='ocrx_word' id='word_1_223' title='bbox 621 1983 939 2040; x_wconf 84' lang='lat' dir='ltr'><strong><em>Benedictus</em></strong></span> <span class='ocrx_word' id='word_1_224' title='bbox 970 1988 1106 2040; x_wconf 79' lang='lat' dir='ltr'><strong><em>Deus</em></strong></span> <span class='ocrx_word' id='word_1_225' title='bbox 1135 1991 1226 2058; x_wconf 84' lang='lat' dir='ltr'><strong><em>qui</em></strong></span> <span class='ocrx_word' id='word_1_226' title='bbox 1268 1991 1404 2044; x_wconf 76' lang='lat' dir='ltr'><strong><em>hanc</em></strong></span> <span class='ocrx_word' id='word_1_227' title='bbox 1434 2010 1527 2046; x_wconf 90' lang='lat' dir='ltr'><strong><em>nos</em></strong></span> <span class='ocrx_word' id='word_1_228' title='bbox 1560 1996 1826 2048; x_wconf 76' lang='lat' dir='ltr'><strong><em>vobiscum</em></strong></span> <span class='ocrx_word' id='word_1_229' title='bbox 1857 2014 2067 2051; x_wconf 87' lang='lat' dir='ltr'><strong><em>sacram</em></strong></span> <span class='ocrx_word' id='word_1_230' title='bbox 2098 1997 2488 2052; x_wconf 86' lang='lat' dir='ltr'><strong><em>solemnitatem</em></strong></span> <span class='ocrx_word' id='word_1_231' title='bbox 2528 2014 2644 2050; x_wconf 82' lang='lat' dir='ltr'><strong><em>cum</em></strong></span> <span class='ocrx_word' id='word_1_232' title='bbox 2677 1995 2874 2066; x_wconf 80' lang='lat' dir='ltr'><strong><em>gaudio</em></strong></span> <span class='ocrx_word' id='word_1_233' title='bbox 2917 2005 2964 2049; x_wconf 92' lang='lat' dir='ltr'><strong><em>et</em></strong></span> <span class='ocrx_word' id='word_1_234' title='bbox 3015 1994 3206 2048; x_wconf 77' lang='lat' dir='ltr'><strong><em>ltetitia</em></strong></span> <span class='ocrx_word' id='word_1_235' title='bbox 3253 1991 3422 2045; x_wconf 87' lang='lat' dir='ltr'><strong><em>multa</em></strong></span> <span class='ocrx_word' id='word_1_236' title='bbox 3462 1991 3617 2043; x_wconf 77' lang='lat' dir='ltr'><strong><em>hodie</em></strong></span> <span class='ocrx_word' id='word_1_237' title='bbox 3640 1988 3914 2043; x_wconf 80' lang='lat' dir='ltr'><strong><em>celebrare</em></strong></span> 
     </span>
    </p>
   </div>
   <div class='ocr_carea' id='block_1_21' title="bbox 620 2080 3911 2163">
    <p class='ocr_par' dir='ltr' id='par_1_21' title="bbox 620 2080 3911 2163">
     <span class='ocr_line' id='line_1_21' title="bbox 620 2080 3911 2163; baseline 0.002 -32"><span class='ocrx_word' id='word_1_238' title='bbox 620 2080 871 2148; x_wconf 82' lang='lat' dir='ltr'><strong><em>dignatus</em></strong></span> <span class='ocrx_word' id='word_1_239' title='bbox 899 2096 995 2139; x_wconf 80' lang='lat' dir='ltr'><strong><em>est.</em></strong></span> <span class='ocrx_word' id='word_1_240' title='bbox 1033 2083 1344 2140; x_wconf 58' lang='lat' dir='ltr'><strong><em>Secundum</em></strong></span> <span class='ocrx_word' id='word_1_241' title='bbox 1380 2091 1521 2142; x_wconf 90' lang='lat' dir='ltr'><strong><em>hanc</em></strong></span> <span class='ocrx_word' id='word_1_242' title='bbox 1550 2089 1831 2146; x_wconf 89' lang='lat' dir='ltr'><strong><em>homiliam</em></strong></span> <span class='ocrx_word' id='word_1_243' title='bbox 1885 2093 1952 2146; x_wconf 81' lang='lat' dir='ltr'><strong><em>ad</em></strong></span> <span class='ocrx_word' id='word_1_244' title='bbox 2001 2093 2228 2163; x_wconf 82' lang='lat' dir='ltr'><strong><em>gentiles</em></strong></span> <span class='ocrx_word' id='word_1_245' title='bbox 2276 2094 2636 2148; x_wconf 88' lang='lat' dir='ltr'><strong><em>conciouatus</em></strong></span> <span class='ocrx_word' id='word_1_246' title='bbox 2664 2101 2770 2155; x_wconf 84' lang='lat' dir='ltr'><strong><em>est,</em></strong></span> <span class='ocrx_word' id='word_1_247' title='bbox 2827 2102 2887 2146; x_wconf 83' lang='lat' dir='ltr'><strong><em>ut</em></strong></span> <span class='ocrx_word' id='word_1_248' title='bbox 2915 2105 3107 2146; x_wconf 91' lang='lat' dir='ltr'><strong><em>eorum</em></strong></span> <span class='ocrx_word' id='word_1_249' title='bbox 3153 2090 3422 2159; x_wconf 85' lang='lat' dir='ltr'><strong><em>quosdam</em></strong></span> <span class='ocrx_word' id='word_1_250' title='bbox 3478 2089 3527 2141; x_wconf 91' lang='lat' dir='ltr'><strong><em>vi</em></strong></span> <span class='ocrx_word' id='word_1_251' title='bbox 3572 2085 3911 2142; x_wconf 77' lang='lat' dir='ltr'><strong><em>calamitatis</em></strong></span> 
     </span>
    </p>
   </div>
   <div class='ocr_carea' id='block_1_22' title="bbox 621 2175 3903 2253">
    <p class='ocr_par' dir='ltr' id='par_1_22' title="bbox 621 2175 3903 2253">
     <span class='ocr_line' id='line_1_22' title="bbox 621 2175 3903 2253; baseline 0.002 -29"><span class='ocrx_word' id='word_1_252' title='bbox 621 2175 914 2237; x_wconf 81' lang='lat' dir='ltr'><strong><em>abductos,</em></strong></span> <span class='ocrx_word' id='word_1_253' title='bbox 968 2183 1022 2230; x_wconf 88' lang='lat' dir='ltr'><strong><em>et</em></strong></span> <span class='ocrx_word' id='word_1_254' title='bbox 1069 2177 1382 2245; x_wconf 76' lang='lat' dir='ltr'><strong><em>religionem</em></strong></span> <span class='ocrx_word' id='word_1_255' title='bbox 1435 2178 1802 2236; x_wconf 82' lang='lat' dir='ltr'><strong><em>Christianam</em></strong></span> <span class='ocrx_word' id='word_1_256' title='bbox 1855 2185 2136 2250; x_wconf 77' lang='lat' dir='ltr'><strong><em>amplexos</em></strong></span> <span class='ocrx_word' id='word_1_257' title='bbox 2183 2186 2583 2239; x_wconf 74' lang='lat' dir='ltr'><strong><em>conﬁrmaret:</em></strong></span> <span class='ocrx_word' id='word_1_258' title='bbox 2633 2185 2798 2253; x_wconf 76' lang='lat' dir='ltr'><strong><em>hujus</em></strong></span> <span class='ocrx_word' id='word_1_259' title='bbox 2849 2197 2975 2236; x_wconf 81' lang='lat' dir='ltr'><strong><em>vero</em></strong></span> <span class='ocrx_word' id='word_1_260' title='bbox 3018 2181 3304 2237; x_wconf 86' lang='lat' dir='ltr'><strong><em>eoneionis</em></strong></span> <span class='ocrx_word' id='word_1_261' title='bbox 3363 2188 3459 2234; x_wconf 86' lang='lat' dir='ltr'><strong><em>aut</em></strong></span> <span class='ocrx_word' id='word_1_262' title='bbox 3508 2181 3786 2249; x_wconf 63' lang='lat' dir='ltr'><strong><em>plut-ium,</em></strong></span> <span class='ocrx_word' id='word_1_263' title='bbox 3844 2178 3903 2232; x_wconf 88' lang='lat' dir='ltr'><strong><em>si</em></strong></span> 
     </span>
    </p>
   </div>
   <div class='ocr_carea' id='block_1_23' title="bbox 619 2266 3912 2347">
    <p class='ocr_par' dir='ltr' id='par_1_23' title="bbox 619 2266 3912 2347">
     <span class='ocr_line' id='line_1_23' title="bbox 619 2266 3912 2347; baseline 0.003 -31"><span class='ocrx_word' id='word_1_264' title='bbox 619 2266 804 2331; x_wconf 87' lang='lat' dir='ltr'><strong><em>plures</em></strong></span> <span class='ocrx_word' id='word_1_265' title='bbox 838 2267 904 2320; x_wconf 84' lang='lat' dir='ltr'><strong><em>de</em></strong></span> <span class='ocrx_word' id='word_1_266' title='bbox 935 2283 993 2320; x_wconf 90' lang='lat' dir='ltr'><strong><em>re</em></strong></span> <span class='ocrx_word' id='word_1_267' title='bbox 1022 2269 1208 2321; x_wconf 73' lang='lat' dir='ltr'><strong><em>eadem</em></strong></span> <span class='ocrx_word' id='word_1_268' title='bbox 1244 2270 1525 2336; x_wconf 67' lang='lat' dir='ltr'><strong><em>habuerit,</em></strong></span> <span class='ocrx_word' id='word_1_269' title='bbox 1558 2284 1939 2344; x_wconf 76' lang='lat' dir='ltr'><strong><em>argumentum</em></strong></span> <span class='ocrx_word' id='word_1_270' title='bbox 1990 2276 2078 2331; x_wconf 88' lang='lat' dir='ltr'><strong><em>ille</em></strong></span> <span class='ocrx_word' id='word_1_271' title='bbox 2125 2285 2180 2329; x_wconf 88' lang='lat' dir='ltr'><strong><em>et</em></strong></span> <span class='ocrx_word' id='word_1_272' title='bbox 2209 2277 2481 2346; x_wconf 67' lang='lat' dir='ltr'><strong><em>praecipua</em></strong></span> <span class='ocrx_word' id='word_1_273' title='bbox 2512 2277 2689 2347; x_wconf 82' lang='lat' dir='ltr'><strong><em>capita</em></strong></span> <span class='ocrx_word' id='word_1_274' title='bbox 2733 2281 2923 2347; x_wconf 85' lang='lat' dir='ltr'><strong><em>postea</em></strong></span> <span class='ocrx_word' id='word_1_275' title='bbox 2979 2275 3144 2331; x_wconf 71' lang='lat' dir='ltr'><strong><em>rel&#39;t-rt</em></strong></span> <span class='ocrx_word' id='word_1_276' title='bbox 3178 2290 3191 2326; x_wconf 89' lang='lat'><strong>:</strong></span> <span class='ocrx_word' id='word_1_277' title='bbox 3244 2274 3416 2343; x_wconf 85' lang='lat' dir='ltr'><strong><em>liquet</em></strong></span> <span class='ocrx_word' id='word_1_278' title='bbox 3454 2282 3634 2327; x_wconf 85' lang='lat' dir='ltr'><strong><em>autem</em></strong></span> <span class='ocrx_word' id='word_1_279' title='bbox 3676 2287 3771 2327; x_wconf 78' lang='lat' dir='ltr'><strong><em>cas</em></strong></span> <span class='ocrx_word' id='word_1_280' title='bbox 3819 2269 3912 2325; x_wconf 81' lang='lat' dir='ltr'><strong><em>vel</em></strong></span> 
     </span>
    </p>
   </div>
   <div class='ocr_carea' id='block_1_24' title="bbox 617 2356 3904 2443">
    <p class='ocr_par' dir='ltr' id='par_1_24' title="bbox 617 2356 3904 2443">
     <span class='ocr_line' id='line_1_24' title="bbox 617 2356 3904 2443; baseline 0.002 -33"><span class='ocrx_word' id='word_1_281' title='bbox 617 2356 818 2427; x_wconf 84' lang='lat' dir='ltr'><strong><em>injuria</em></strong></span> <span class='ocrx_word' id='word_1_282' title='bbox 851 2370 1158 2431; x_wconf 81' lang='lat' dir='ltr'><strong><em>temporum</em></strong></span> <span class='ocrx_word' id='word_1_283' title='bbox 1191 2366 1443 2432; x_wconf 75' lang='lat' dir='ltr'><strong><em>periisse,</em></strong></span> <span class='ocrx_word' id='word_1_284' title='bbox 1477 2368 1558 2421; x_wconf 83' lang='lat' dir='ltr'><strong><em>vel</em></strong></span> <span class='ocrx_word' id='word_1_285' title='bbox 1591 2368 1855 2424; x_wconf 85' lang='lat' dir='ltr'><strong><em>hactenus</em></strong></span> <span class='ocrx_word' id='word_1_286' title='bbox 1887 2371 2081 2424; x_wconf 84' lang='lat' dir='ltr'><strong><em>latere.</em></strong></span> <span class='ocrx_word' id='word_1_287' title='bbox 2115 2369 2238 2426; x_wconf 86' lang='lat' dir='ltr'><strong><em>Dies</em></strong></span> <span class='ocrx_word' id='word_1_288' title='bbox 2267 2383 2560 2441; x_wconf 86' lang='lat' dir='ltr'><strong><em>sequentes</em></strong></span> <span class='ocrx_word' id='word_1_289' title='bbox 2583 2413 2598 2438; x_wconf 89' lang='lat'><strong><em>,</em></strong></span> <span class='ocrx_word' id='word_1_290' title='bbox 2630 2373 2760 2443; x_wconf 84' lang='lat' dir='ltr'><strong><em>quia</em></strong></span> <span class='ocrx_word' id='word_1_291' title='bbox 2815 2371 2952 2426; x_wconf 78' lang='lat' dir='ltr'><strong><em>festa</em></strong></span> <span class='ocrx_word' id='word_1_292' title='bbox 2986 2378 3290 2441; x_wconf 83' lang='lat' dir='ltr'><strong><em>martyrum</em></strong></span> <span class='ocrx_word' id='word_1_293' title='bbox 3323 2367 3723 2430; x_wconf 85' lang='lat' dir='ltr'><strong><em>occurrebant,</em></strong></span> <span class='ocrx_word' id='word_1_294' title='bbox 3755 2365 3904 2420; x_wconf 82' lang='lat' dir='ltr'><strong><em>cele-</em></strong></span> 
     </span>
    </p>
   </div>
   <div class='ocr_carea' id='block_1_25' title="bbox 616 2449 3907 2538">
    <p class='ocr_par' dir='ltr' id='par_1_25' title="bbox 616 2449 3907 2538">
     <span class='ocr_line' id='line_1_25' title="bbox 616 2449 3907 2538; baseline 0.002 -34"><span class='ocrx_word' id='word_1_295' title='bbox 616 2449 842 2507; x_wconf 84' lang='lat' dir='ltr'><strong><em>brandis</em></strong></span> <span class='ocrx_word' id='word_1_296' title='bbox 869 2469 1058 2509; x_wconf 91' lang='lat' dir='ltr'><strong><em>eorum</em></strong></span> <span class='ocrx_word' id='word_1_297' title='bbox 1091 2457 1344 2514; x_wconf 84' lang='lat' dir='ltr'><strong><em>laudibus</em></strong></span> <span class='ocrx_word' id='word_1_298' title='bbox 1377 2461 1671 2530; x_wconf 56' lang='lat' dir='ltr'><strong><em>insumpta</em></strong></span> <span class='ocrx_word' id='word_1_299' title='bbox 1702 2475 1850 2527; x_wconf 86' lang='lat' dir='ltr'><strong><em>sunt,</em></strong></span> <span class='ocrx_word' id='word_1_300' title='bbox 1885 2465 2110 2518; x_wconf 83' lang='lat' dir='ltr'><strong><em>absente</em></strong></span> <span class='ocrx_word' id='word_1_301' title='bbox 2139 2475 2322 2521; x_wconf 87' lang='lat' dir='ltr'><strong><em>tamen</em></strong></span> <span class='ocrx_word' id='word_1_302' title='bbox 2363 2466 2435 2521; x_wconf 87' lang='lat' dir='ltr'><strong><em>ob</em></strong></span> <span class='ocrx_word' id='word_1_303' title='bbox 2466 2468 2838 2523; x_wconf 84' lang='lat' dir='ltr'><strong><em>inﬁrmitatem</em></strong></span> <span class='ocrx_word' id='word_1_304' title='bbox 2873 2467 3288 2538; x_wconf 85' lang='lat' dir='ltr'><strong><em>Chrysostotno.</em></strong></span> <span class='ocrx_word' id='word_1_305' title='bbox 3323 2463 3419 2518; x_wconf 88' lang='lat' dir='ltr'><strong><em>llis</em></strong></span> <span class='ocrx_word' id='word_1_306' title='bbox 3465 2462 3757 2523; x_wconf 87' lang='lat' dir='ltr'><strong><em>successit,</em></strong></span> <span class='ocrx_word' id='word_1_307' title='bbox 3813 2462 3907 2513; x_wconf 76' lang='lat' dir='ltr'><strong><em>in-</em></strong></span> 
     </span>
    </p>
   </div>
   <div class='ocr_carea' id='block_1_26' title="bbox 615 2545 3910 2634">
    <p class='ocr_par' dir='ltr' id='par_1_26' title="bbox 615 2545 3910 2634">
     <span class='ocr_line' id='line_1_26' title="bbox 615 2545 3910 2634; baseline 0.005 -39"><span class='ocrx_word' id='word_1_308' title='bbox 615 2545 753 2614; x_wconf 87' lang='lat' dir='ltr'><strong><em>quit,</em></strong></span> <span class='ocrx_word' id='word_1_309' title='bbox 786 2547 1103 2605; x_wconf 53' lang='lat' dir='ltr'><strong><em>cibortatio</em></strong></span> <span class='ocrx_word' id='word_1_310' title='bbox 1133 2554 1198 2606; x_wconf 87' lang='lat' dir='ltr'><strong><em>ad</em></strong></span> <span class='ocrx_word' id='word_1_311' title='bbox 1230 2554 1614 2608; x_wconf 82' lang='lat' dir='ltr'><strong><em>abstinendum</em></strong></span> <span class='ocrx_word' id='word_1_312' title='bbox 1647 2573 1675 2609; x_wconf 88' lang='lat' dir='ltr'><strong><em>a</em></strong></span> <span class='ocrx_word' id='word_1_313' title='bbox 1703 2557 2050 2625; x_wconf 75' lang='lat' dir='ltr'><strong><em>iuramentis,</em></strong></span> <span class='ocrx_word' id='word_1_314' title='bbox 2084 2560 2136 2614; x_wconf 85' lang='lat' dir='ltr'><strong><em>in</em></strong></span> <span class='ocrx_word' id='word_1_315' title='bbox 2180 2563 2409 2630; x_wconf 75' lang='lat' dir='ltr'><strong><em>gratiam</em></strong></span> <span class='ocrx_word' id='word_1_316' title='bbox 2463 2563 2794 2619; x_wconf 91' lang='lat' dir='ltr'><strong><em>rusticorum</em></strong></span> <span class='ocrx_word' id='word_1_317' title='bbox 2848 2563 3011 2630; x_wconf 77' lang='lat' dir='ltr'><strong><em>facta,</em></strong></span> <span class='ocrx_word' id='word_1_318' title='bbox 3063 2565 3152 2634; x_wconf 88' lang='lat' dir='ltr'><strong><em>qui</em></strong></span> <span class='ocrx_word' id='word_1_319' title='bbox 3200 2580 3402 2633; x_wconf 84' lang='lat' dir='ltr'><strong><em>magno</em></strong></span> <span class='ocrx_word' id='word_1_320' title='bbox 3449 2574 3681 2614; x_wconf 90' lang='lat' dir='ltr'><strong><em>numero</em></strong></span> <span class='ocrx_word' id='word_1_321' title='bbox 3722 2559 3775 2610; x_wconf 90' lang='lat' dir='ltr'><strong><em>in</em></strong></span> <span class='ocrx_word' id='word_1_322' title='bbox 3810 2576 3910 2613; x_wconf 77' lang='lat' dir='ltr'><strong><em>ur-</em></strong></span> 
     </span>
    </p>
   </div>
   <div class='ocr_carea' id='block_1_27' title="bbox 615 2635 3908 2722">
    <p class='ocr_par' dir='ltr' id='par_1_27' title="bbox 615 2635 3908 2722">
     <span class='ocr_line' id='line_1_27' title="bbox 615 2635 3908 2722; baseline 0.005 -31"><span class='ocrx_word' id='word_1_323' title='bbox 615 2635 739 2692; x_wconf 84' lang='lat' dir='ltr'><strong><em>bem</em></strong></span> <span class='ocrx_word' id='word_1_324' title='bbox 771 2640 1123 2699; x_wconf 82' lang='lat' dir='ltr'><strong><em>advenerant.</em></strong></span> <span class='ocrx_word' id='word_1_325' title='bbox 1159 2644 1307 2700; x_wconf 87' lang='lat' dir='ltr'><strong><em>llauc</em></strong></span> <span class='ocrx_word' id='word_1_326' title='bbox 1338 2660 1466 2701; x_wconf 86' lang='lat' dir='ltr'><strong><em>vero</em></strong></span> <span class='ocrx_word' id='word_1_327' title='bbox 1511 2647 1943 2704; x_wconf 87' lang='lat' dir='ltr'><strong><em>cohortationem</em></strong></span> <span class='ocrx_word' id='word_1_328' title='bbox 1988 2665 2110 2705; x_wconf 88' lang='lat' dir='ltr'><strong><em>esse</em></strong></span> <span class='ocrx_word' id='word_1_329' title='bbox 2137 2666 2258 2706; x_wconf 87' lang='lat' dir='ltr'><strong><em>eam</em></strong></span> <span class='ocrx_word' id='word_1_330' title='bbox 2307 2669 2431 2722; x_wconf 75' lang='lat' dir='ltr'><strong><em>quae</em></strong></span> <span class='ocrx_word' id='word_1_331' title='bbox 2479 2655 2692 2709; x_wconf 87' lang='lat' dir='ltr'><strong><em>decima</em></strong></span> <span class='ocrx_word' id='word_1_332' title='bbox 2723 2670 2868 2708; x_wconf 89' lang='lat' dir='ltr'><strong><em>nona</em></strong></span> <span class='ocrx_word' id='word_1_333' title='bbox 2918 2653 3090 2707; x_wconf 79' lang='lat' dir='ltr'><strong><em>fertur</em></strong></span> <span class='ocrx_word' id='word_1_334' title='bbox 3134 2655 3189 2708; x_wconf 88' lang='lat' dir='ltr'><strong><em>in</em></strong></span> <span class='ocrx_word' id='word_1_335' title='bbox 3242 2653 3493 2708; x_wconf 90' lang='lat' dir='ltr'><strong><em>llomiliis</em></strong></span> <span class='ocrx_word' id='word_1_336' title='bbox 3535 2653 3601 2706; x_wconf 90' lang='lat' dir='ltr'><strong><em>ad</em></strong></span> <span class='ocrx_word' id='word_1_337' title='bbox 3643 2651 3908 2721; x_wconf 82' lang='lat' dir='ltr'><strong><em>populum</em></strong></span> 
     </span>
    </p>
   </div>
   <div class='ocr_carea' id='block_1_28' title="bbox 620 2732 2202 2821">
    <p class='ocr_par' dir='ltr' id='par_1_28' title="bbox 620 2732 2175 2813">
     <span class='ocr_line' id='line_1_28' title="bbox 620 2732 2175 2813; baseline 0.01 -28"><span class='ocrx_word' id='word_1_338' title='bbox 620 2732 1046 2805; x_wconf 76' lang='lat' dir='ltr'><strong><em>Antiochenunt,</em></strong></span> <span class='ocrx_word' id='word_1_339' title='bbox 1078 2739 1234 2796; x_wconf 86' lang='lat' dir='ltr'><strong><em>Tom.</em></strong></span> <span class='ocrx_word' id='word_1_340' title='bbox 1291 2740 1372 2807; x_wconf 86' lang='lat' dir='ltr'><strong><em>ll,</em></strong></span> <span class='ocrx_word' id='word_1_341' title='bbox 1407 2743 1495 2796; x_wconf 77' lang='lat' dir='ltr'><strong><em>vix</em></strong></span> <span class='ocrx_word' id='word_1_342' title='bbox 1543 2752 1626 2797; x_wconf 88' lang='lat' dir='ltr'><strong><em>est</em></strong></span> <span class='ocrx_word' id='word_1_343' title='bbox 1669 2745 1810 2813; x_wconf 92' lang='lat' dir='ltr'><strong><em>quod</em></strong></span> <span class='ocrx_word' id='word_1_344' title='bbox 1843 2745 2175 2801; x_wconf 85' lang='lat' dir='ltr'><strong><em>dubitemus.</em></strong></span> 
     </span>
    </p>
   </div>
   <div class='ocr_carea' id='block_1_29' title="bbox 2307 2732 3911 2821">
    <p class='ocr_par' dir='ltr' id='par_1_29' title="bbox 2307 2745 3911 2821">
     <span class='ocr_line' id='line_1_29' title="bbox 2307 2745 3911 2821; baseline -0.002 -20"><span class='ocrx_word' id='word_1_345' title='bbox 2307 2749 2386 2803; x_wconf 87' lang='lat' dir='ltr'><strong><em>illa</em></strong></span> <span class='ocrx_word' id='word_1_346' title='bbox 2433 2751 2580 2804; x_wconf 90' lang='lat' dir='ltr'><strong><em>enim</em></strong></span> <span class='ocrx_word' id='word_1_347' title='bbox 2636 2749 2716 2805; x_wconf 86' lang='lat' dir='ltr'><strong><em>sic</em></strong></span> <span class='ocrx_word' id='word_1_348' title='bbox 2760 2751 3020 2804; x_wconf 82' lang='lat' dir='ltr'><strong><em>orditur:</em></strong></span> <span class='ocrx_word' id='word_1_349' title='bbox 3068 2751 3534 2821; x_wconf 72' lang='grc' dir='ltr'><strong><em>Κατετρυφήσατε</em></strong></span> <span class='ocrx_word' id='word_1_350' title='bbox 3587 2747 3698 2800; x_wconf 80' lang='grc' dir='ltr'><strong><em>τῶν</em></strong></span> <span class='ocrx_word' id='word_1_351' title='bbox 3733 2745 3911 2814; x_wconf 68' lang='grc' dir='ltr'>ἁγίων</span> 
     </span>
    </p>
   </div>
   <div class='ocr_carea' id='block_1_30' title="bbox 619 2830 2202 2914">
    <p class='ocr_par' dir='ltr' id='par_1_30' title="bbox 619 2830 2202 2908">
     <span class='ocr_line' id='line_1_30' title="bbox 619 2830 2202 2908; baseline 0.008 -28"><span class='ocrx_word' id='word_1_352' title='bbox 619 2830 914 2900; x_wconf 79' lang='grc' dir='ltr'><strong><em>μαρτύρων</em></strong></span> <span class='ocrx_word' id='word_1_353' title='bbox 962 2833 1021 2885; x_wconf 72' lang='grc' dir='ltr'><strong><em>ἐν</em></strong></span> <span class='ocrx_word' id='word_1_354' title='bbox 1069 2837 1191 2897; x_wconf 76' lang='grc' dir='ltr'><strong>ταῖς</strong></span> <span class='ocrx_word' id='word_1_355' title='bbox 1232 2835 1544 2908; x_wconf 75' lang='grc' dir='ltr'><strong><em>ἔμπροσθεν</em></strong></span> <span class='ocrx_word' id='word_1_356' title='bbox 1591 2835 1817 2900; x_wconf 73' lang='grc' dir='ltr'><strong><em>ταύταις</em></strong></span> <span class='ocrx_word' id='word_1_357' title='bbox 1865 2836 2144 2908; x_wconf 77' lang='grc' dir='ltr'><strong><em>ἡμέραις,</em></strong></span> <span class='ocrx_word' id='word_1_358' title='bbox 2187 2841 2202 2892; x_wconf 80' lang='lat' dir='ltr'><strong><em>l</em></strong></span> 
     </span>
    </p>
   </div>
   <div class='ocr_carea' id='block_1_31' title="bbox 2307 2830 3908 2914">
    <p class='ocr_par' dir='ltr' id='par_1_31' title="bbox 2309 2837 3908 2914">
     <span class='ocr_line' id='line_1_31' title="bbox 2309 2837 3908 2914; baseline -0.003 -19"><span class='ocrx_word' id='word_1_359' title='bbox 2309 2841 2376 2895; x_wconf 83' lang='lat' dir='ltr'><strong><em>lis</em></strong></span> <span class='ocrx_word' id='word_1_360' title='bbox 2429 2854 2734 2898; x_wconf 87' lang='lat' dir='ltr'><strong><em>sanctorum</em></strong></span> <span class='ocrx_word' id='word_1_361' title='bbox 2782 2853 3082 2914; x_wconf 70' lang='lat' dir='ltr'><strong><em>martyrum</em></strong></span> <span class='ocrx_word' id='word_1_362' title='bbox 3137 2843 3341 2912; x_wconf 73' lang='lat' dir='ltr'><strong><em>excepti</em></strong></span> <span class='ocrx_word' id='word_1_363' title='bbox 3383 2842 3508 2894; x_wconf 87' lang='lat' dir='ltr'><strong><em>estis</em></strong></span> <span class='ocrx_word' id='word_1_364' title='bbox 3542 2841 3624 2893; x_wconf 79' lang='lat' dir='ltr'><strong><em>Itis</em></strong></span> <span class='ocrx_word' id='word_1_365' title='bbox 3655 2837 3908 2907; x_wconf 71' lang='lat' dir='ltr'><strong><em>prateri-</em></strong></span> 
     </span>
    </p>
   </div>
   <div class='ocr_carea' id='block_1_32' title="bbox 618 2923 3908 3005">
    <p class='ocr_par' dir='ltr' id='par_1_32' title="bbox 618 2923 3908 3005">
     <span class='ocr_line' id='line_1_32' title="bbox 618 2923 3908 3005; baseline 0.003 -32"><span class='ocrx_word' id='word_1_366' title='bbox 618 2924 686 2974; x_wconf 89' lang='lat' dir='ltr'><strong><em>tis</em></strong></span> <span class='ocrx_word' id='word_1_367' title='bbox 716 2923 921 2987; x_wconf 82' lang='lat' dir='ltr'><strong><em>diebus,</em></strong></span> <span class='ocrx_word' id='word_1_368' title='bbox 953 2937 1274 2998; x_wconf 85' lang='lat' dir='ltr'><strong><em>posteaque.</em></strong></span> <span class='ocrx_word' id='word_1_369' title='bbox 1306 2929 1374 2983; x_wconf 90' lang='lat' dir='ltr'><strong><em>de</em></strong></span> <span class='ocrx_word' id='word_1_370' title='bbox 1402 2931 1634 2984; x_wconf 89' lang='lat' dir='ltr'><strong><em>adventu</em></strong></span> <span class='ocrx_word' id='word_1_371' title='bbox 1669 2932 2001 2986; x_wconf 84' lang='lat' dir='ltr'><strong><em>rusticorum</em></strong></span> <span class='ocrx_word' id='word_1_372' title='bbox 2035 2933 2284 3002; x_wconf 85' lang='lat' dir='ltr'><strong><em>pluribus</em></strong></span> <span class='ocrx_word' id='word_1_373' title='bbox 2311 2936 2446 3005; x_wconf 78' lang='lat' dir='ltr'><strong><em>agit,</em></strong></span> <span class='ocrx_word' id='word_1_374' title='bbox 2478 2945 2532 2989; x_wconf 84' lang='lat' dir='ltr'><strong><em>et</em></strong></span> <span class='ocrx_word' id='word_1_375' title='bbox 2561 2935 2627 2990; x_wconf 88' lang='lat' dir='ltr'><strong><em>de</em></strong></span> <span class='ocrx_word' id='word_1_376' title='bbox 2651 2935 2966 3005; x_wconf 86' lang='lat' dir='ltr'><strong><em>juramento</em></strong></span> <span class='ocrx_word' id='word_1_377' title='bbox 3016 2936 3235 2989; x_wconf 82' lang='lat' dir='ltr'><strong><em>vitando</em></strong></span> <span class='ocrx_word' id='word_1_378' title='bbox 3268 2949 3580 2989; x_wconf 84' lang='lat' dir='ltr'><strong><em>sermonem</em></strong></span> <span class='ocrx_word' id='word_1_379' title='bbox 3613 2931 3749 2986; x_wconf 68' lang='lat' dir='ltr'><strong><em>texit</em></strong></span> <span class='ocrx_word' id='word_1_380' title='bbox 3779 2931 3908 2984; x_wconf 80' lang='lat' dir='ltr'><strong><em>lon-</em></strong></span> 
     </span>
    </p>
   </div>
   <div class='ocr_carea' id='block_1_33' title="bbox 617 3016 3906 3098">
    <p class='ocr_par' dir='ltr' id='par_1_33' title="bbox 617 3016 3906 3098">
     <span class='ocr_line' id='line_1_33' title="bbox 617 3016 3906 3098; baseline 0.004 -30"><span class='ocrx_word' id='word_1_381' title='bbox 617 3016 847 3086; x_wconf 89' lang='lat' dir='ltr'><strong><em>giorem,</em></strong></span> <span class='ocrx_word' id='word_1_382' title='bbox 877 3033 1042 3088; x_wconf 87' lang='lat' dir='ltr'><strong><em>quam</em></strong></span> <span class='ocrx_word' id='word_1_383' title='bbox 1075 3019 1128 3072; x_wconf 92' lang='lat' dir='ltr'><strong><em>in</em></strong></span> <span class='ocrx_word' id='word_1_384' title='bbox 1160 3021 1370 3074; x_wconf 67' lang='lat' dir='ltr'><strong><em>caeteris</em></strong></span> <span class='ocrx_word' id='word_1_385' title='bbox 1391 3020 1466 3074; x_wconf 72' lang='lat'><strong><em>‘20</em></strong></span> <span class='ocrx_word' id='word_1_386' title='bbox 1488 3020 1738 3079; x_wconf 77' lang='lat' dir='ltr'><strong><em>llomiliis</em></strong></span> <span class='ocrx_word' id='word_1_387' title='bbox 1767 3025 1833 3078; x_wconf 87' lang='lat' dir='ltr'><strong><em>ad</em></strong></span> <span class='ocrx_word' id='word_1_388' title='bbox 1866 3028 2126 3095; x_wconf 81' lang='lat' dir='ltr'><strong><em>pOpulum</em></strong></span> <span class='ocrx_word' id='word_1_389' title='bbox 2159 3029 2582 3093; x_wconf 78' lang='lat' dir='ltr'><strong><em>Antiochenam,</em></strong></span> <span class='ocrx_word' id='word_1_390' title='bbox 2618 3029 2668 3083; x_wconf 91' lang='lat' dir='ltr'><strong><em>in</em></strong></span> <span class='ocrx_word' id='word_1_391' title='bbox 2702 3043 2935 3098; x_wconf 86' lang='lat' dir='ltr'><strong><em>quarum</em></strong></span> <span class='ocrx_word' id='word_1_392' title='bbox 2991 3043 3125 3097; x_wconf 85' lang='lat' dir='ltr'><strong><em>pene</em></strong></span> <span class='ocrx_word' id='word_1_393' title='bbox 3177 3027 3408 3096; x_wconf 75' lang='lat' dir='ltr'><strong><em>singulis</em></strong></span> <span class='ocrx_word' id='word_1_394' title='bbox 3453 3025 3660 3096; x_wconf 82' lang='lat' dir='ltr'><strong><em>aliquid</em></strong></span> <span class='ocrx_word' id='word_1_395' title='bbox 3709 3035 3906 3080; x_wconf 83' lang='lat' dir='ltr'><strong><em>contra</em></strong></span> 
     </span>
    </p>
   </div>
   <div class='ocr_carea' id='block_1_34' title="bbox 617 3109 3908 3196">
    <p class='ocr_par' dir='ltr' id='par_1_34' title="bbox 617 3109 3908 3196">
     <span class='ocr_line' id='line_1_34' title="bbox 617 3109 3908 3196; baseline 0.004 -36"><span class='ocrx_word' id='word_1_396' title='bbox 617 3109 924 3178; x_wconf 75' lang='lat' dir='ltr'><strong><em>iuramenta</em></strong></span> <span class='ocrx_word' id='word_1_397' title='bbox 949 3113 1204 3196; x_wconf 74' lang='lat' dir='ltr'><strong><em>agitatur.</em></strong></span> <span class='ocrx_word' id='word_1_398' title='bbox 1236 3113 1440 3170; x_wconf 83' lang='lat' dir='ltr'><strong><em>Omnes</em></strong></span> <span class='ocrx_word' id='word_1_399' title='bbox 1469 3115 1652 3187; x_wconf 86' lang='lat' dir='ltr'><strong><em>itaque</em></strong></span> <span class='ocrx_word' id='word_1_400' title='bbox 1682 3129 1844 3183; x_wconf 68' lang='lat' dir='ltr'><strong><em>notae,</em></strong></span> <span class='ocrx_word' id='word_1_401' title='bbox 1875 3135 1998 3190; x_wconf 69' lang='lat' dir='ltr'><strong><em>quae</em></strong></span> <span class='ocrx_word' id='word_1_402' title='bbox 2031 3122 2085 3175; x_wconf 91' lang='lat' dir='ltr'><strong><em>in</em></strong></span> <span class='ocrx_word' id='word_1_403' title='bbox 2118 3121 2222 3177; x_wconf 90' lang='lat' dir='ltr'><strong><em>hoc</em></strong></span> <span class='ocrx_word' id='word_1_404' title='bbox 2251 3123 2318 3178; x_wconf 87' lang='lat' dir='ltr'><strong><em>de</em></strong></span> <span class='ocrx_word' id='word_1_405' title='bbox 2347 3125 2503 3177; x_wconf 81' lang='lat' dir='ltr'><strong><em>Anna</em></strong></span> <span class='ocrx_word' id='word_1_406' title='bbox 2536 3121 2803 3178; x_wconf 83' lang='lat' dir='ltr'><strong><em>Sermone</em></strong></span> <span class='ocrx_word' id='word_1_407' title='bbox 2833 3123 3011 3192; x_wconf 89' lang='lat' dir='ltr'><strong><em>primo</em></strong></span> <span class='ocrx_word' id='word_1_408' title='bbox 3044 3123 3336 3186; x_wconf 84' lang='lat' dir='ltr'><strong><em>habentur,</em></strong></span> <span class='ocrx_word' id='word_1_409' title='bbox 3364 3123 3416 3175; x_wconf 90' lang='lat' dir='ltr'><strong><em>in</em></strong></span> <span class='ocrx_word' id='word_1_410' title='bbox 3452 3119 3684 3175; x_wconf 84' lang='lat' dir='ltr'><strong><em>llomilia</em></strong></span> <span class='ocrx_word' id='word_1_411' title='bbox 3711 3117 3806 3173; x_wconf 86' lang='lat' dir='ltr'><strong><em>illa</em></strong></span> <span class='ocrx_word' id='word_1_412' title='bbox 3840 3119 3908 3174; x_wconf 86' lang='lat' dir='ltr'><strong><em>l9</em></strong></span> 
     </span>
    </p>
   </div>
   <div class='ocr_carea' id='block_1_35' title="bbox 619 3202 3906 3281">
    <p class='ocr_par' dir='ltr' id='par_1_35' title="bbox 619 3202 3906 3281">
     <span class='ocr_line' id='line_1_35' title="bbox 619 3202 3906 3281; baseline 0.002 -27"><span class='ocrx_word' id='word_1_413' title='bbox 619 3202 685 3254; x_wconf 88' lang='lat' dir='ltr'><strong><em>ad</em></strong></span> <span class='ocrx_word' id='word_1_414' title='bbox 718 3203 973 3272; x_wconf 89' lang='lat' dir='ltr'><strong><em>populum</em></strong></span> <span class='ocrx_word' id='word_1_415' title='bbox 1005 3204 1408 3259; x_wconf 79' lang='lat' dir='ltr'><strong><em>Antiochenum</em></strong></span> <span class='ocrx_word' id='word_1_416' title='bbox 1441 3218 1816 3272; x_wconf 88' lang='lat' dir='ltr'><strong><em>recensentur,</em></strong></span> <span class='ocrx_word' id='word_1_417' title='bbox 1851 3210 1923 3264; x_wconf 90' lang='lat' dir='ltr'><strong><em>ita</em></strong></span> <span class='ocrx_word' id='word_1_418' title='bbox 1959 3220 2017 3264; x_wconf 94' lang='lat' dir='ltr'><strong><em>ut</em></strong></span> <span class='ocrx_word' id='word_1_419' title='bbox 2047 3211 2137 3266; x_wconf 91' lang='lat' dir='ltr'><strong><em>hic</em></strong></span> <span class='ocrx_word' id='word_1_420' title='bbox 2164 3213 2490 3277; x_wconf 86' lang='lat' dir='ltr'><strong><em>concionum</em></strong></span> <span class='ocrx_word' id='word_1_421' title='bbox 2523 3211 2659 3265; x_wconf 85' lang='lat' dir='ltr'><strong><em>ordo</em></strong></span> <span class='ocrx_word' id='word_1_422' title='bbox 2706 3210 2904 3277; x_wconf 78' lang='lat' dir='ltr'><strong><em>fuerit;</em></strong></span> <span class='ocrx_word' id='word_1_423' title='bbox 2936 3218 2992 3265; x_wconf 90' lang='lat' dir='ltr'><strong><em>et</em></strong></span> <span class='ocrx_word' id='word_1_424' title='bbox 3031 3209 3205 3281; x_wconf 86' lang='lat' dir='ltr'><strong><em>prima</em></strong></span> <span class='ocrx_word' id='word_1_425' title='bbox 3257 3211 3490 3265; x_wconf 83' lang='lat' dir='ltr'><strong><em>locanda</em></strong></span> <span class='ocrx_word' id='word_1_426' title='bbox 3541 3211 3613 3263; x_wconf 85' lang='lat' dir='ltr'><strong><em>sit</em></strong></span> <span class='ocrx_word' id='word_1_427' title='bbox 3662 3207 3906 3262; x_wconf 89' lang='lat' dir='ltr'><strong><em>llomilia</em></strong></span> 
     </span>
    </p>
   </div>
   <div class='ocr_carea' id='block_1_36' title="bbox 617 3294 3906 3372">
    <p class='ocr_par' dir='ltr' id='par_1_36' title="bbox 617 3294 3906 3372">
     <span class='ocr_line' id='line_1_36' title="bbox 617 3294 3906 3372; baseline 0.003 -27"><span class='ocrx_word' id='word_1_428' title='bbox 617 3294 686 3349; x_wconf 83' lang='lat' dir='ltr'><strong><em>de</em></strong></span> <span class='ocrx_word' id='word_1_429' title='bbox 717 3296 889 3350; x_wconf 87' lang='lat' dir='ltr'><strong><em>reditu</em></strong></span> <span class='ocrx_word' id='word_1_430' title='bbox 935 3294 1200 3360; x_wconf 78' lang='lat' dir='ltr'><strong><em>Flaviani,</em></strong></span> <span class='ocrx_word' id='word_1_431' title='bbox 1229 3313 1351 3368; x_wconf 70' lang='lat' dir='ltr'><strong><em>qua:</em></strong></span> <span class='ocrx_word' id='word_1_432' title='bbox 1380 3315 1523 3355; x_wconf 91' lang='lat' dir='ltr'><strong><em>nunc</em></strong></span> <span class='ocrx_word' id='word_1_433' title='bbox 1551 3313 1633 3355; x_wconf 86' lang='lat' dir='ltr'><strong><em>est</em></strong></span> <span class='ocrx_word' id='word_1_434' title='bbox 1680 3301 1744 3354; x_wconf 75' lang='lat' dir='ltr'><strong><em>2i</em></strong></span> <span class='ocrx_word' id='word_1_435' title='bbox 1798 3305 1863 3356; x_wconf 85' lang='lat' dir='ltr'><strong><em>ad</em></strong></span> <span class='ocrx_word' id='word_1_436' title='bbox 1917 3304 2172 3372; x_wconf 91' lang='lat' dir='ltr'><strong><em>populum</em></strong></span> <span class='ocrx_word' id='word_1_437' title='bbox 2218 3305 2664 3370; x_wconf 81' lang='lat' dir='ltr'><strong><em>Antiocheuum;</em></strong></span> <span class='ocrx_word' id='word_1_438' title='bbox 2715 3303 2958 3358; x_wconf 88' lang='lat' dir='ltr'><strong><em>secundo</em></strong></span> <span class='ocrx_word' id='word_1_439' title='bbox 3006 3303 3270 3358; x_wconf 85' lang='lat' dir='ltr'><strong><em>adversus</em></strong></span> <span class='ocrx_word' id='word_1_440' title='bbox 3317 3303 3551 3372; x_wconf 75' lang='lat' dir='ltr'><strong><em>gentiles</em></strong></span> <span class='ocrx_word' id='word_1_441' title='bbox 3577 3303 3906 3356; x_wconf 86' lang='lat' dir='ltr'><strong><em>concionem</em></strong></span> 
     </span>
    </p>
   </div>
   <div class='ocr_carea' id='block_1_37' title="bbox 619 3390 2202 3470">
    <p class='ocr_par' dir='ltr' id='par_1_37' title="bbox 619 3390 2202 3469">
     <span class='ocr_line' id='line_1_37' title="bbox 619 3390 2202 3469; baseline 0.006 -26"><span class='ocrx_word' id='word_1_442' title='bbox 619 3405 783 3443; x_wconf 83' lang='lat' dir='ltr'><strong><em>unum</em></strong></span> <span class='ocrx_word' id='word_1_443' title='bbox 815 3390 895 3443; x_wconf 87' lang='lat' dir='ltr'><strong><em>vel</em></strong></span> <span class='ocrx_word' id='word_1_444' title='bbox 931 3391 1114 3460; x_wconf 87' lang='lat' dir='ltr'><strong><em>plures</em></strong></span> <span class='ocrx_word' id='word_1_445' title='bbox 1144 3392 1367 3459; x_wconf 89' lang='lat' dir='ltr'><strong><em>habuit;</em></strong></span> <span class='ocrx_word' id='word_1_446' title='bbox 1403 3393 1563 3450; x_wconf 90' lang='lat' dir='ltr'><strong><em>tertio</em></strong></span> <span class='ocrx_word' id='word_1_447' title='bbox 1593 3395 1782 3451; x_wconf 88' lang='lat' dir='ltr'><strong><em>laudes</em></strong></span> <span class='ocrx_word' id='word_1_448' title='bbox 1814 3407 2116 3469; x_wconf 85' lang='lat' dir='ltr'><strong><em>martyrum</em></strong></span> <span class='ocrx_word' id='word_1_449' title='bbox 2151 3417 2202 3454; x_wconf 92' lang='lat' dir='ltr'><strong><em>m</em></strong></span> 
     </span>
    </p>
   </div>
   <div class='ocr_carea' id='block_1_38' title="bbox 2307 3390 3908 3470">
    <p class='ocr_par' dir='ltr' id='par_1_38' title="bbox 2307 3398 3908 3470">
     <span class='ocr_line' id='line_1_38' title="bbox 2307 3398 3908 3470; baseline -0.001 -17"><span class='ocrx_word' id='word_1_450' title='bbox 2307 3415 2342 3456; x_wconf 77' lang='lat' dir='ltr'><strong><em>:s</em></strong></span> <span class='ocrx_word' id='word_1_451' title='bbox 2387 3401 2600 3466; x_wconf 85' lang='lat' dir='ltr'><strong><em>diebus,</em></strong></span> <span class='ocrx_word' id='word_1_452' title='bbox 2647 3399 2850 3464; x_wconf 80' lang='grc' dir='ltr'><strong><em>πολλὰς</em></strong></span> <span class='ocrx_word' id='word_1_453' title='bbox 2902 3399 3138 3470; x_wconf 65' lang='grc' dir='ltr'><strong><em>ἡμέρας,</em></strong></span> <span class='ocrx_word' id='word_1_454' title='bbox 3169 3398 3462 3453; x_wconf 64' lang='lat' dir='ltr'><strong><em>celebratae</em></strong></span> <span class='ocrx_word' id='word_1_455' title='bbox 3509 3405 3673 3460; x_wconf 90' lang='lat' dir='ltr'><strong><em>sunt;</em></strong></span> <span class='ocrx_word' id='word_1_456' title='bbox 3707 3408 3908 3468; x_wconf 86' lang='lat' dir='ltr'><strong><em>quarto</em></strong></span> 
     </span>
    </p>
   </div>
   <div class='ocr_carea' id='block_1_39' title="bbox 618 3484 3908 3560">
    <p class='ocr_par' dir='ltr' id='par_1_39' title="bbox 618 3484 3908 3560">
     <span class='ocr_line' id='line_1_39' title="bbox 618 3484 3908 3560; baseline 0.002 -22"><span class='ocrx_word' id='word_1_457' title='bbox 618 3497 808 3538; x_wconf 86' lang='lat' dir='ltr'><strong><em>coram</em></strong></span> <span class='ocrx_word' id='word_1_458' title='bbox 839 3484 1064 3538; x_wconf 87' lang='lat' dir='ltr'><strong><em>rusticis</em></strong></span> <span class='ocrx_word' id='word_1_459' title='bbox 1105 3495 1298 3540; x_wconf 86' lang='lat' dir='ltr'><strong><em>contra</em></strong></span> <span class='ocrx_word' id='word_1_460' title='bbox 1341 3487 1647 3555; x_wconf 75' lang='lat' dir='ltr'><strong><em>iuramenta</em></strong></span> <span class='ocrx_word' id='word_1_461' title='bbox 1697 3489 1912 3546; x_wconf 87' lang='lat' dir='ltr'><strong><em>locutus</em></strong></span> <span class='ocrx_word' id='word_1_462' title='bbox 1943 3500 2057 3557; x_wconf 89' lang='lat' dir='ltr'><strong><em>est;</em></strong></span> <span class='ocrx_word' id='word_1_463' title='bbox 2088 3492 2308 3547; x_wconf 91' lang='lat' dir='ltr'><strong><em>demum</em></strong></span> <span class='ocrx_word' id='word_1_464' title='bbox 2343 3493 2442 3549; x_wconf 86' lang='lat' dir='ltr'><strong><em>hos</em></strong></span> <span class='ocrx_word' id='word_1_465' title='bbox 2469 3493 2535 3547; x_wconf 89' lang='lat' dir='ltr'><strong><em>de</em></strong></span> <span class='ocrx_word' id='word_1_466' title='bbox 2565 3493 2721 3546; x_wconf 82' lang='lat' dir='ltr'><strong><em>Anna</em></strong></span> <span class='ocrx_word' id='word_1_467' title='bbox 2756 3492 3052 3547; x_wconf 81' lang='lat' dir='ltr'><strong><em>Sermones</em></strong></span> <span class='ocrx_word' id='word_1_468' title='bbox 3103 3491 3288 3559; x_wconf 69' lang='lat' dir='ltr'><strong><em>coepit.</em></strong></span> <span class='ocrx_word' id='word_1_469' title='bbox 3339 3492 3547 3557; x_wconf 77' lang='lat' dir='ltr'><strong><em>Agtnen</em></strong></span> <span class='ocrx_word' id='word_1_470' title='bbox 3578 3505 3712 3560; x_wconf 84' lang='lat' dir='ltr'><strong><em>ergo</em></strong></span> <span class='ocrx_word' id='word_1_471' title='bbox 3755 3491 3908 3545; x_wconf 88' lang='lat' dir='ltr'><strong><em>ducit</em></strong></span> 
     </span>
    </p>
   </div>
   <div class='ocr_carea' id='block_1_40' title="bbox 620 3578 3904 3658">
    <p class='ocr_par' dir='ltr' id='par_1_40' title="bbox 620 3578 3904 3658">
     <span class='ocr_line' id='line_1_40' title="bbox 620 3578 3904 3658; baseline 0.003 -26"><span class='ocrx_word' id='word_1_472' title='bbox 620 3578 857 3634; x_wconf 89' lang='lat' dir='ltr'><strong><em>llomilia</em></strong></span> <span class='ocrx_word' id='word_1_473' title='bbox 884 3579 952 3635; x_wconf 87' lang='lat' dir='ltr'><strong><em>de</em></strong></span> <span class='ocrx_word' id='word_1_474' title='bbox 980 3580 1154 3636; x_wconf 87' lang='lat' dir='ltr'><strong><em>reditu</em></strong></span> <span class='ocrx_word' id='word_1_475' title='bbox 1187 3579 1451 3637; x_wconf 82' lang='lat' dir='ltr'><strong><em>Flaviani.</em></strong></span> <span class='ocrx_word' id='word_1_476' title='bbox 1485 3582 1763 3640; x_wconf 84' lang='lat' dir='ltr'><strong><em>Postrema</em></strong></span> <span class='ocrx_word' id='word_1_477' title='bbox 1797 3597 1980 3641; x_wconf 88' lang='lat' dir='ltr'><strong><em>autem</em></strong></span> <span class='ocrx_word' id='word_1_478' title='bbox 2014 3587 2261 3655; x_wconf 85' lang='lat' dir='ltr'><strong><em>homilia,</em></strong></span> <span class='ocrx_word' id='word_1_479' title='bbox 2293 3590 2346 3642; x_wconf 91' lang='lat' dir='ltr'><strong><em>in</em></strong></span> <span class='ocrx_word' id='word_1_480' title='bbox 2380 3588 2660 3642; x_wconf 83' lang='lat' dir='ltr'><strong><em>Dominica</em></strong></span> <span class='ocrx_word' id='word_1_481' title='bbox 2703 3588 2803 3658; x_wconf 80' lang='grc' dir='ltr'><strong><em>τῆς</em></strong></span> <span class='ocrx_word' id='word_1_482' title='bbox 2848 3584 3296 3657; x_wconf 75' lang='grc' dir='ltr'><strong><em>ὲπισωζομένης,</em></strong></span> <span class='ocrx_word' id='word_1_483' title='bbox 3346 3602 3511 3657; x_wconf 88' lang='lat' dir='ltr'><strong><em>quam</em></strong></span> <span class='ocrx_word' id='word_1_484' title='bbox 3561 3586 3904 3641; x_wconf 75' lang='lat' dir='ltr'><strong><em>Dominicam</em></strong></span> 
     </span>
    </p>
   </div>
   <div class='ocr_carea' id='block_1_41' title="bbox 619 3673 3908 3748">
    <p class='ocr_par' dir='ltr' id='par_1_41' title="bbox 619 3673 3908 3748">
     <span class='ocr_line' id='line_1_41' title="bbox 619 3673 3908 3748; baseline 0.001 -19"><span class='ocrx_word' id='word_1_485' title='bbox 619 3688 743 3729; x_wconf 81' lang='lat' dir='ltr'><strong><em>esse</em></strong></span> <span class='ocrx_word' id='word_1_486' title='bbox 771 3673 1020 3744; x_wconf 86' lang='lat' dir='ltr'><strong><em>quintam</em></strong></span> <span class='ocrx_word' id='word_1_487' title='bbox 1048 3685 1172 3744; x_wconf 90' lang='lat' dir='ltr'><strong><em>post</em></strong></span> <span class='ocrx_word' id='word_1_488' title='bbox 1197 3673 1408 3731; x_wconf 83' lang='lat' dir='ltr'><strong><em>Pascha</em></strong></span> <span class='ocrx_word' id='word_1_489' title='bbox 1437 3694 1561 3748; x_wconf 67' lang='lat' dir='ltr'><strong><em>quae</em></strong></span> <span class='ocrx_word' id='word_1_490' title='bbox 1591 3683 1846 3748; x_wconf 68' lang='lat' dir='ltr'><strong><em>praecedit</em></strong></span> <span class='ocrx_word' id='word_1_491' title='bbox 1875 3682 2268 3738; x_wconf 80' lang='lat' dir='ltr'><strong><em>Ascensionem</em></strong></span> <span class='ocrx_word' id='word_1_492' title='bbox 2303 3683 2542 3745; x_wconf 84' lang='lat' dir='ltr'><strong><em>Domini,</em></strong></span> <span class='ocrx_word' id='word_1_493' title='bbox 2572 3684 2650 3739; x_wconf 79' lang='lat' dir='ltr'><strong><em>ait</em></strong></span> <span class='ocrx_word' id='word_1_494' title='bbox 2681 3683 2788 3738; x_wconf 84' lang='lat' dir='ltr'><strong><em>Leo</em></strong></span> <span class='ocrx_word' id='word_1_495' title='bbox 2824 3682 3078 3737; x_wconf 78' lang='lat' dir='ltr'><strong><em>Allatius.</em></strong></span> <span class='ocrx_word' id='word_1_496' title='bbox 3111 3684 3352 3738; x_wconf 85' lang='lat' dir='ltr'><strong><em>Savitius</em></strong></span> <span class='ocrx_word' id='word_1_497' title='bbox 3379 3697 3503 3737; x_wconf 82' lang='lat' dir='ltr'><strong><em>esse</em></strong></span> <span class='ocrx_word' id='word_1_498' title='bbox 3534 3691 3687 3748; x_wconf 71' lang='lat' dir='ltr'><strong><em>putat</em></strong></span> <span class='ocrx_word' id='word_1_499' title='bbox 3718 3680 3908 3735; x_wconf 86' lang='lat' dir='ltr'><strong><em>Domi-</em></strong></span> 
     </span>
    </p>
   </div>
   <div class='ocr_carea' id='block_1_42' title="bbox 623 3766 3902 3848">
    <p class='ocr_par' dir='ltr' id='par_1_42' title="bbox 623 3766 3902 3848">
     <span class='ocr_line' id='line_1_42' title="bbox 623 3766 3902 3848; baseline 0.003 -29"><span class='ocrx_word' id='word_1_500' title='bbox 623 3766 802 3820; x_wconf 89' lang='lat' dir='ltr'><strong><em>nicam</em></strong></span> <span class='ocrx_word' id='word_1_501' title='bbox 836 3767 889 3820; x_wconf 92' lang='lat' dir='ltr'><strong><em>in</em></strong></span> <span class='ocrx_word' id='word_1_502' title='bbox 921 3767 1115 3832; x_wconf 80' lang='lat' dir='ltr'><strong><em>Albis;</em></strong></span> <span class='ocrx_word' id='word_1_503' title='bbox 1147 3767 1530 3826; x_wconf 83' lang='lat' dir='ltr'><strong><em>Tillemontius</em></strong></span> <span class='ocrx_word' id='word_1_504' title='bbox 1563 3789 1690 3826; x_wconf 85' lang='lat' dir='ltr'><strong><em>vero</em></strong></span> <span class='ocrx_word' id='word_1_505' title='bbox 1713 3776 1968 3843; x_wconf 83' lang='lat' dir='ltr'><strong><em>opinatur</em></strong></span> <span class='ocrx_word' id='word_1_506' title='bbox 1997 3791 2119 3831; x_wconf 84' lang='lat' dir='ltr'><strong><em>esse</em></strong></span> <span class='ocrx_word' id='word_1_507' title='bbox 2149 3779 2489 3832; x_wconf 83' lang='lat' dir='ltr'><strong><em>Dotniuieam</em></strong></span> <span class='ocrx_word' id='word_1_508' title='bbox 2533 3777 2854 3841; x_wconf 84' lang='lat' dir='ltr'><strong><em>Passionis;</em></strong></span> <span class='ocrx_word' id='word_1_509' title='bbox 2895 3778 3024 3833; x_wconf 85' lang='lat' dir='ltr'><strong><em>huic</em></strong></span> <span class='ocrx_word' id='word_1_510' title='bbox 3083 3787 3367 3848; x_wconf 88' lang='lat' dir='ltr'><strong><em>postremo</em></strong></span> <span class='ocrx_word' id='word_1_511' title='bbox 3414 3793 3514 3848; x_wconf 73' lang='lat' dir='ltr'><strong><em>ego</em></strong></span> <span class='ocrx_word' id='word_1_512' title='bbox 3567 3777 3902 3847; x_wconf 64' lang='lat' dir='ltr'><strong><em>a~tipulatus</em></strong></span> 
     </span>
    </p>
   </div>
   <div class='ocr_carea' id='block_1_43' title="bbox 623 3854 3908 3937">
    <p class='ocr_par' dir='ltr' id='par_1_43' title="bbox 623 3854 3908 3937">
     <span class='ocr_line' id='line_1_43' title="bbox 623 3854 3908 3937; baseline 0.003 -29"><span class='ocrx_word' id='word_1_513' title='bbox 623 3871 744 3910; x_wconf 91' lang='lat' dir='ltr'><strong><em>sum</em></strong></span> <span class='ocrx_word' id='word_1_514' title='bbox 778 3855 831 3910; x_wconf 93' lang='lat' dir='ltr'><strong><em>in</em></strong></span> <span class='ocrx_word' id='word_1_515' title='bbox 866 3854 1192 3914; x_wconf 73' lang='lat' dir='ltr'><strong><em>Prtel&#39;atione</em></strong></span> <span class='ocrx_word' id='word_1_516' title='bbox 1216 3859 1374 3915; x_wconf 86' lang='lat' dir='ltr'><strong><em>Tomi</em></strong></span> <span class='ocrx_word' id='word_1_517' title='bbox 1410 3860 1472 3916; x_wconf 93' lang='lat' dir='ltr'><strong><em>Il.</em></strong></span> <span class='ocrx_word' id='word_1_518' title='bbox 1507 3861 1612 3916; x_wconf 83' lang='lat' dir='ltr'><strong><em>Sed</em></strong></span> <span class='ocrx_word' id='word_1_519' title='bbox 1642 3863 1754 3931; x_wconf 86' lang='lat' dir='ltr'><strong><em>jam</em></strong></span> <span class='ocrx_word' id='word_1_520' title='bbox 1788 3879 1978 3918; x_wconf 81' lang='lat' dir='ltr'><strong><em>vereor</em></strong></span> <span class='ocrx_word' id='word_1_521' title='bbox 2007 3873 2066 3919; x_wconf 88' lang='lat' dir='ltr'><strong><em>ut</em></strong></span> <span class='ocrx_word' id='word_1_522' title='bbox 2111 3863 2226 3920; x_wconf 73' lang='lat' dir='ltr'><strong><em>haec</em></strong></span> <span class='ocrx_word' id='word_1_523' title='bbox 2271 3869 2542 3935; x_wconf 72' lang='lat' dir='ltr'><strong><em>quadrare</em></strong></span> <span class='ocrx_word' id='word_1_524' title='bbox 2592 3867 2826 3936; x_wconf 87' lang='lat' dir='ltr'><strong><em>possint,</em></strong></span> <span class='ocrx_word' id='word_1_525' title='bbox 2859 3866 3226 3937; x_wconf 86' lang='lat' dir='ltr'><strong><em>libentiusque</em></strong></span> <span class='ocrx_word' id='word_1_526' title='bbox 3272 3867 3587 3921; x_wconf 78' lang='lat' dir='ltr'><strong><em>:tccetit&#39;retlt</em></strong></span> <span class='ocrx_word' id='word_1_527' title='bbox 3637 3869 3703 3921; x_wconf 80' lang='lat' dir='ltr'><strong><em>nd</em></strong></span> <span class='ocrx_word' id='word_1_528' title='bbox 3753 3865 3908 3920; x_wconf 77' lang='lat' dir='ltr'><strong><em>Alla-</em></strong></span> 
     </span>
    </p>
   </div>
   <div class='ocr_carea' id='block_1_44' title="bbox 621 3949 3899 4029">
    <p class='ocr_par' dir='ltr' id='par_1_44' title="bbox 621 3949 3899 4029">
     <span class='ocr_line' id='line_1_44' title="bbox 621 3949 3899 4029; baseline 0.005 -29"><span class='ocrx_word' id='word_1_529' title='bbox 621 3949 780 4011; x_wconf 91' lang='lat' dir='ltr'><strong><em>tium,</em></strong></span> <span class='ocrx_word' id='word_1_530' title='bbox 811 3949 1252 4020; x_wconf 82' lang='lat' dir='ltr'><strong><em>quandoquidem</em></strong></span> <span class='ocrx_word' id='word_1_531' title='bbox 1280 3953 1468 4023; x_wconf 84' lang='lat' dir='ltr'><strong><em>quinta</em></strong></span> <span class='ocrx_word' id='word_1_532' title='bbox 1501 3957 1712 4016; x_wconf 81' lang='lat' dir='ltr'><strong><em>concio.</em></strong></span> <span class='ocrx_word' id='word_1_533' title='bbox 1744 3971 1867 4025; x_wconf 68' lang='lat' dir='ltr'><strong><em>quae</em></strong></span> <span class='ocrx_word' id='word_1_534' title='bbox 1894 3965 1978 4011; x_wconf 87' lang='lat' dir='ltr'><strong><em>est</em></strong></span> <span class='ocrx_word' id='word_1_535' title='bbox 2009 3966 2282 4026; x_wconf 77' lang='lat' dir='ltr'><strong><em>postrema</em></strong></span> <span class='ocrx_word' id='word_1_536' title='bbox 2311 3960 2364 4012; x_wconf 92' lang='lat' dir='ltr'><strong><em>in</em></strong></span> <span class='ocrx_word' id='word_1_537' title='bbox 2386 3960 2625 4024; x_wconf 77' lang='lat' dir='ltr'><strong><em>Annam,</em></strong></span> <span class='ocrx_word' id='word_1_538' title='bbox 2657 3961 2839 4014; x_wconf 87' lang='lat' dir='ltr'><strong><em>habita</em></strong></span> <span class='ocrx_word' id='word_1_539' title='bbox 2871 3958 2973 4014; x_wconf 82' lang='lat' dir='ltr'><strong><em>fuit</em></strong></span> <span class='ocrx_word' id='word_1_540' title='bbox 2998 3972 3118 4029; x_wconf 78' lang='lat' dir='ltr'><strong><em>post</em></strong></span> <span class='ocrx_word' id='word_1_541' title='bbox 3164 3959 3523 4014; x_wconf 78' lang='lat' dir='ltr'><strong><em>Pentecosten</em></strong></span> <span class='ocrx_word' id='word_1_542' title='bbox 3552 3977 3567 4025; x_wconf 90' lang='lat'><strong>;</strong></span> <span class='ocrx_word' id='word_1_543' title='bbox 3617 3976 3743 4014; x_wconf 87' lang='lat' dir='ltr'><strong><em>nam</em></strong></span> <span class='ocrx_word' id='word_1_544' title='bbox 3793 3977 3899 4017; x_wconf 76' lang='lat' dir='ltr'><strong><em>vox</em></strong></span> 
     </span>
    </p>
   </div>
   <div class='ocr_carea' id='block_1_45' title="bbox 626 4043 3898 4125">
    <p class='ocr_par' dir='ltr' id='par_1_45' title="bbox 626 4043 3898 4125">
     <span class='ocr_line' id='line_1_45' title="bbox 626 4043 3898 4125; baseline 0.005 -34"><span class='ocrx_word' id='word_1_545' title='bbox 626 4043 1127 4113; x_wconf 78' lang='grc' dir='ltr'><strong><em>μεσοπεντηκοστή,</em></strong></span> <span class='ocrx_word' id='word_1_546' title='bbox 1157 4059 1280 4113; x_wconf 66' lang='lat' dir='ltr'><strong><em>qua</em></strong></span> <span class='ocrx_word' id='word_1_547' title='bbox 1314 4044 1396 4099; x_wconf 87' lang='lat' dir='ltr'><strong><em>bis</em></strong></span> <span class='ocrx_word' id='word_1_548' title='bbox 1429 4044 1646 4115; x_wconf 70' lang='lat' dir='ltr'><strong><em>irrepsit</em></strong></span> <span class='ocrx_word' id='word_1_549' title='bbox 1679 4047 1731 4099; x_wconf 93' lang='lat' dir='ltr'><strong><em>in</em></strong></span> <span class='ocrx_word' id='word_1_550' title='bbox 1764 4055 1994 4113; x_wconf 77' lang='lat' dir='ltr'><strong><em>textum,</em></strong></span> <span class='ocrx_word' id='word_1_551' title='bbox 2025 4057 2110 4103; x_wconf 88' lang='lat' dir='ltr'><strong><em>est</em></strong></span> <span class='ocrx_word' id='word_1_552' title='bbox 2138 4049 2492 4106; x_wconf 87' lang='lat' dir='ltr'><strong><em>librariorum</em></strong></span> <span class='ocrx_word' id='word_1_553' title='bbox 2543 4067 2721 4117; x_wconf 91' lang='lat' dir='ltr'><strong><em>error,</em></strong></span> <span class='ocrx_word' id='word_1_554' title='bbox 2774 4063 2832 4108; x_wconf 90' lang='lat' dir='ltr'><strong><em>ut</em></strong></span> <span class='ocrx_word' id='word_1_555' title='bbox 2879 4053 3076 4108; x_wconf 85' lang='lat' dir='ltr'><strong><em>ibidem</em></strong></span> <span class='ocrx_word' id='word_1_556' title='bbox 3131 4055 3426 4125; x_wconf 83' lang='lat' dir='ltr'><strong><em>probamus</em></strong></span> <span class='ocrx_word' id='word_1_557' title='bbox 3473 4069 3538 4106; x_wconf 73' lang='lat' dir='ltr'><strong><em>ex</em></strong></span> <span class='ocrx_word' id='word_1_558' title='bbox 3590 4051 3898 4107; x_wconf 73' lang='lat' dir='ltr'><strong><em>Manuscri-</em></strong></span> 
     </span>
    </p>
   </div>
   <div class='ocr_carea' id='block_1_46' title="bbox 623 4130 3898 4218">
    <p class='ocr_par' dir='ltr' id='par_1_46' title="bbox 623 4130 3898 4218">
     <span class='ocr_line' id='line_1_46' title="bbox 623 4130 3898 4218; baseline 0.005 -35"><span class='ocrx_word' id='word_1_559' title='bbox 623 4133 752 4200; x_wconf 88' lang='lat' dir='ltr'><strong><em>ptis.</em></strong></span> <span class='ocrx_word' id='word_1_560' title='bbox 784 4130 1054 4190; x_wconf 87' lang='lat' dir='ltr'><strong><em>Omnibus</em></strong></span> <span class='ocrx_word' id='word_1_561' title='bbox 1085 4137 1267 4205; x_wconf 87' lang='lat' dir='ltr'><strong><em>itaque</em></strong></span> <span class='ocrx_word' id='word_1_562' title='bbox 1297 4138 1601 4205; x_wconf 88' lang='lat' dir='ltr'><strong><em>perpensis,</em></strong></span> <span class='ocrx_word' id='word_1_563' title='bbox 1637 4140 1710 4192; x_wconf 89' lang='lat' dir='ltr'><strong><em>ita</em></strong></span> <span class='ocrx_word' id='word_1_564' title='bbox 1745 4154 1830 4194; x_wconf 87' lang='lat' dir='ltr'><strong><em>res</em></strong></span> <span class='ocrx_word' id='word_1_565' title='bbox 1856 4141 2238 4198; x_wconf 81' lang='lat' dir='ltr'><strong><em>constituenda</em></strong></span> <span class='ocrx_word' id='word_1_566' title='bbox 2266 4159 2492 4214; x_wconf 89' lang='lat' dir='ltr'><strong><em>prorsus</em></strong></span> <span class='ocrx_word' id='word_1_567' title='bbox 2522 4146 2739 4202; x_wconf 85' lang='lat' dir='ltr'><strong><em>videtur</em></strong></span> <span class='ocrx_word' id='word_1_568' title='bbox 2763 4188 2780 4212; x_wconf 91' lang='lat'><strong><em>,</em></strong></span> <span class='ocrx_word' id='word_1_569' title='bbox 2825 4158 2992 4218; x_wconf 87' lang='lat' dir='ltr'><strong><em>atque</em></strong></span> <span class='ocrx_word' id='word_1_570' title='bbox 3030 4147 3134 4203; x_wconf 89' lang='lat' dir='ltr'><strong><em>hoc</em></strong></span> <span class='ocrx_word' id='word_1_571' title='bbox 3186 4148 3351 4204; x_wconf 91' lang='lat' dir='ltr'><strong><em>modo</em></strong></span> <span class='ocrx_word' id='word_1_572' title='bbox 3391 4150 3641 4204; x_wconf 71' lang='lat' dir='ltr'><strong><em>calculus</em></strong></span> <span class='ocrx_word' id='word_1_573' title='bbox 3686 4164 3898 4218; x_wconf 84' lang='lat' dir='ltr'><strong><em>ponen-</em></strong></span> 
     </span>
    </p>
   </div>
   <div class='ocr_carea' id='block_1_47' title="bbox 631 4365 3902 4390">
    <p class='ocr_par' dir='ltr' id='par_1_47' title="bbox 631 4365 3902 4390">
     <span class='ocr_line' id='line_1_47' title="bbox 631 4365 3902 4390; baseline 0.002 -11"><span class='ocrx_word' id='word_1_574' title='bbox 631 4365 3902 4390; x_wconf 76' lang='lat'><strong><em>__.______________________________________________________</em></strong></span> 
     </span>
    </p>
   </div>
   <div class='ocr_carea' id='block_1_48' title="bbox 1211 4464 3912 4543">
    <p class='ocr_par' dir='ltr' id='par_1_48' title="bbox 1211 4464 3912 4543">
     <span class='ocr_line' id='line_1_48' title="bbox 1211 4464 3912 4543; baseline -0.001 -19"><span class='ocrx_word' id='word_1_575' title='bbox 1211 4467 1443 4525; x_wconf 77' lang='lat' dir='ltr'><strong>SERMO</strong></span> <span class='ocrx_word' id='word_1_576' title='bbox 1482 4472 1499 4527; x_wconf 92' lang='lat' dir='ltr'><strong><em>l</em></strong></span> <span class='ocrx_word' id='word_1_577' title='bbox 1544 4471 1637 4543; x_wconf 81' lang='grc' dir='ltr'><strong><em>(α).</em></strong></span> <span class='ocrx_word' id='word_1_578' title='bbox 2312 4469 2555 4525; x_wconf 83' lang='lat' dir='ltr'><strong><em>lectionis</em></strong></span> <span class='ocrx_word' id='word_1_579' title='bbox 2583 4469 2746 4534; x_wconf 91' lang='lat' dir='ltr'><strong><em>illius,</em></strong></span> <span class='ocrx_word' id='word_1_580' title='bbox 2779 4480 2962 4522; x_wconf 86' lang='lat' dir='ltr'><strong><em>mensa</em></strong></span> <span class='ocrx_word' id='word_1_581' title='bbox 3005 4465 3204 4534; x_wconf 90' lang='lat' dir='ltr'><strong><em>posita,</em></strong></span> <span class='ocrx_word' id='word_1_582' title='bbox 3234 4464 3415 4520; x_wconf 83' lang='lat' dir='ltr'><strong><em>statim</em></strong></span> <span class='ocrx_word' id='word_1_583' title='bbox 3462 4464 3581 4535; x_wconf 84' lang='lat' dir='ltr'><strong><em>ejus</em></strong></span> <span class='ocrx_word' id='word_1_584' title='bbox 3618 4479 3684 4521; x_wconf 88' lang='lat' dir='ltr'><strong><em>ac</em></strong></span> <span class='ocrx_word' id='word_1_585' title='bbox 3710 4465 3912 4522; x_wconf 82' lang='lat' dir='ltr'><strong><em>verbo-</em></strong></span> 
     </span>
    </p>
   </div>
   <div class='ocr_carea' id='block_1_49' title="bbox 2309 4556 3914 4630">
    <p class='ocr_par' dir='ltr' id='par_1_49' title="bbox 2309 4556 3914 4630">
     <span class='ocr_line' id='line_1_49' title="bbox 2309 4556 3914 4630; baseline 0 -16"><span class='ocrx_word' id='word_1_586' title='bbox 2309 4576 2428 4615; x_wconf 89' lang='lat' dir='ltr'><strong><em>rum</em></strong></span> <span class='ocrx_word' id='word_1_587' title='bbox 2457 4574 2778 4630; x_wconf 85' lang='lat' dir='ltr'><strong><em>congressus</em></strong></span> <span class='ocrx_word' id='word_1_588' title='bbox 2805 4557 3172 4622; x_wconf 87' lang='lat' dir='ltr'><strong><em>recordamur,</em></strong></span> <span class='ocrx_word' id='word_1_589' title='bbox 3203 4572 3266 4611; x_wconf 82' lang='lat' dir='ltr'><strong><em>ac</em></strong></span> <span class='ocrx_word' id='word_1_590' title='bbox 3307 4556 3472 4622; x_wconf 86' lang='lat' dir='ltr'><strong><em>multa</em></strong></span> <span class='ocrx_word' id='word_1_591' title='bbox 3512 4573 3636 4612; x_wconf 90' lang='lat' dir='ltr'><strong><em>cum</em></strong></span> <span class='ocrx_word' id='word_1_592' title='bbox 3683 4559 3914 4615; x_wconf 81' lang='lat' dir='ltr'><strong><em>caritate</em></strong></span> 
     </span>
    </p>
   </div>
   <div class='ocr_carea' id='block_1_50' title="bbox 2308 4648 3914 4721">
    <p class='ocr_par' dir='ltr' id='par_1_50' title="bbox 2308 4648 3914 4721">
     <span class='ocr_line' id='line_1_50' title="bbox 2308 4648 3914 4721; baseline -0.001 -14"><span class='ocrx_word' id='word_1_593' title='bbox 2308 4653 2481 4721; x_wconf 89' lang='lat' dir='ltr'><strong><em>ipsum</em></strong></span> <span class='ocrx_word' id='word_1_594' title='bbox 2533 4651 2898 4720; x_wconf 88' lang='lat' dir='ltr'><strong><em>requirimus:</em></strong></span> <span class='ocrx_word' id='word_1_595' title='bbox 2934 4651 3033 4703; x_wconf 91' lang='lat' dir='ltr'><strong><em>hoc</em></strong></span> <span class='ocrx_word' id='word_1_596' title='bbox 3089 4649 3248 4703; x_wconf 88' lang='lat' dir='ltr'><strong><em>nobis</em></strong></span> <span class='ocrx_word' id='word_1_597' title='bbox 3298 4664 3424 4718; x_wconf 80' lang='lat' dir='ltr'><strong><em>erga</em></strong></span> <span class='ocrx_word' id='word_1_598' title='bbox 3460 4648 3724 4718; x_wconf 85' lang='lat' dir='ltr'><strong><em>jejunium</em></strong></span> <span class='ocrx_word' id='word_1_599' title='bbox 3775 4666 3914 4721; x_wconf 79' lang='lat' dir='ltr'><strong><em>quo-</em></strong></span> 
     </span>
    </p>
   </div>
   <div class='ocr_carea' id='block_1_51' title="bbox 2306 4739 3918 4812">
    <p class='ocr_par' dir='ltr' id='par_1_51' title="bbox 2306 4739 3918 4812">
     <span class='ocr_line' id='line_1_51' title="bbox 2306 4739 3918 4812; baseline 0.001 -18"><span class='ocrx_word' id='word_1_600' title='bbox 2306 4758 2412 4812; x_wconf 88' lang='lat' dir='ltr'><strong><em>que</em></strong></span> <span class='ocrx_word' id='word_1_601' title='bbox 2474 4741 2834 4812; x_wconf 67' lang='lat' dir='ltr'><strong><em>pnes-tandum</em></strong></span> <span class='ocrx_word' id='word_1_602' title='bbox 2903 4749 3006 4793; x_wconf 82' lang='lat' dir='ltr'><strong><em>est.</em></strong></span> <span class='ocrx_word' id='word_1_603' title='bbox 3055 4739 3188 4794; x_wconf 85' lang='lat' dir='ltr'><strong><em>Nam</em></strong></span> <span class='ocrx_word' id='word_1_604' title='bbox 3242 4754 3363 4793; x_wconf 87' lang='lat' dir='ltr'><strong><em>cum</em></strong></span> <span class='ocrx_word' id='word_1_605' title='bbox 3429 4739 3570 4809; x_wconf 84' lang='lat' dir='ltr'><strong><em>apud</em></strong></span> <span class='ocrx_word' id='word_1_606' title='bbox 3631 4756 3729 4796; x_wconf 85' lang='lat' dir='ltr'><strong><em>nos</em></strong></span> <span class='ocrx_word' id='word_1_607' title='bbox 3793 4741 3918 4797; x_wconf 83' lang='lat' dir='ltr'><strong><em>dies</em></strong></span> 
     </span>
    </p>
   </div>
   <div class='ocr_carea' id='block_1_52' title="bbox 2308 4829 3918 4904">
    <p class='ocr_par' dir='ltr' id='par_1_52' title="bbox 2308 4829 3918 4904">
     <span class='ocr_line' id='line_1_52' title="bbox 2308 4829 3918 4904; baseline 0.001 -19"><span class='ocrx_word' id='word_1_608' title='bbox 2308 4833 2654 4904; x_wconf 76' lang='lat' dir='ltr'><strong><em>quadraginta</em></strong></span> <span class='ocrx_word' id='word_1_609' title='bbox 2687 4833 2845 4886; x_wconf 79' lang='lat' dir='ltr'><strong><em>fuerit</em></strong></span> <span class='ocrx_word' id='word_1_610' title='bbox 2882 4829 3207 4885; x_wconf 79' lang='lat' dir='ltr'><strong><em>diversatum</em></strong></span> <span class='ocrx_word' id='word_1_611' title='bbox 3234 4871 3249 4893; x_wconf 92' lang='lat'><strong><em>,</em></strong></span> <span class='ocrx_word' id='word_1_612' title='bbox 3278 4830 3504 4884; x_wconf 87' lang='lat' dir='ltr'><strong><em>comiter</em></strong></span> <span class='ocrx_word' id='word_1_613' title='bbox 3534 4830 3664 4886; x_wconf 83' lang='lat' dir='ltr'><strong><em>illud</em></strong></span> <span class='ocrx_word' id='word_1_614' title='bbox 3686 4833 3918 4903; x_wconf 76' lang='lat' dir='ltr'><strong><em>excepi-</em></strong></span> 
     </span>
    </p>
   </div>
   <div class='ocr_carea' id='block_1_53' title="bbox 2308 4921 3918 4993">
    <p class='ocr_par' dir='ltr' id='par_1_53' title="bbox 2308 4921 3918 4993">
     <span class='ocr_line' id='line_1_53' title="bbox 2308 4921 3918 4993; baseline 0.004 -16"><span class='ocrx_word' id='word_1_615' title='bbox 2308 4939 2431 4978; x_wconf 86' lang='lat' dir='ltr'><strong><em>mus</em></strong></span> <span class='ocrx_word' id='word_1_616' title='bbox 2467 4938 2531 4978; x_wconf 84' lang='lat' dir='ltr'><strong><em>ac</em></strong></span> <span class='ocrx_word' id='word_1_617' title='bbox 2558 4923 2900 4978; x_wconf 86' lang='lat' dir='ltr'><strong><em>dimisimus:</em></strong></span> <span class='ocrx_word' id='word_1_618' title='bbox 2930 4921 3147 4993; x_wconf 83' lang='lat' dir='ltr'><strong><em>quando</em></strong></span> <span class='ocrx_word' id='word_1_619' title='bbox 3187 4923 3346 4993; x_wconf 82' lang='lat' dir='ltr'><strong><em>igitur</em></strong></span> <span class='ocrx_word' id='word_1_620' title='bbox 3373 4937 3558 4977; x_wconf 87' lang='lat' dir='ltr'><strong><em>mensa</em></strong></span> <span class='ocrx_word' id='word_1_621' title='bbox 3597 4925 3708 4993; x_wconf 89' lang='lat' dir='ltr'><strong><em>jam</em></strong></span> <span class='ocrx_word' id='word_1_622' title='bbox 3755 4927 3918 4983; x_wconf 88' lang='lat' dir='ltr'><strong><em>nobis</em></strong></span> 
     </span>
    </p>
   </div>
   <div class='ocr_carea' id='block_1_54' title="bbox 2306 5015 3916 5087">
    <p class='ocr_par' dir='ltr' id='par_1_54' title="bbox 2306 5015 3916 5087">
     <span class='ocr_line' id='line_1_54' title="bbox 2306 5015 3916 5087; baseline 0.001 -17"><span class='ocrx_word' id='word_1_623' title='bbox 2306 5016 2599 5087; x_wconf 82' lang='lat' dir='ltr'><strong><em>spiritualis</em></strong></span> <span class='ocrx_word' id='word_1_624' title='bbox 2629 5015 2946 5086; x_wconf 72' lang='lat' dir='ltr'><strong><em>opponenda</em></strong></span> <span class='ocrx_word' id='word_1_625' title='bbox 2976 5027 3079 5076; x_wconf 88' lang='lat' dir='ltr'><strong><em>est.</em></strong></span> <span class='ocrx_word' id='word_1_626' title='bbox 3105 5016 3516 5071; x_wconf 83' lang='lat' dir='ltr'><strong><em>reminiscamur</em></strong></span> <span class='ocrx_word' id='word_1_627' title='bbox 3539 5018 3703 5083; x_wconf 88' lang='lat' dir='ltr'><strong><em>illius,</em></strong></span> <span class='ocrx_word' id='word_1_628' title='bbox 3735 5018 3916 5073; x_wconf 79' lang='lat' dir='ltr'><strong><em>bono-</em></strong></span> 
     </span>
    </p>
   </div>
   <div class='ocr_carea' id='block_1_55' title="bbox 2306 5106 3915 5178">
    <p class='ocr_par' dir='ltr' id='par_1_55' title="bbox 2306 5106 3915 5178">
     <span class='ocr_line' id='line_1_55' title="bbox 2306 5106 3915 5178; baseline 0.001 -16"><span class='ocrx_word' id='word_1_629' title='bbox 2306 5122 2528 5178; x_wconf 86' lang='lat' dir='ltr'><strong><em>rumque</em></strong></span> <span class='ocrx_word' id='word_1_630' title='bbox 2549 5108 2787 5162; x_wconf 92' lang='lat' dir='ltr'><strong><em>omnium</em></strong></span> <span class='ocrx_word' id='word_1_631' title='bbox 2810 5147 2827 5173; x_wconf 94' lang='lat'><strong><em>,</em></strong></span> <span class='ocrx_word' id='word_1_632' title='bbox 2854 5122 2974 5177; x_wconf 71' lang='lat' dir='ltr'><strong><em>qua:</em></strong></span> <span class='ocrx_word' id='word_1_633' title='bbox 3001 5106 3156 5161; x_wconf 89' lang='lat' dir='ltr'><strong><em>nobis</em></strong></span> <span class='ocrx_word' id='word_1_634' title='bbox 3194 5107 3413 5162; x_wconf 77' lang='lat' dir='ltr'><strong><em>invexit.</em></strong></span> <span class='ocrx_word' id='word_1_635' title='bbox 3437 5107 3554 5163; x_wconf 81' lang='lat' dir='ltr'><strong><em>Non</em></strong></span> <span class='ocrx_word' id='word_1_636' title='bbox 3584 5110 3730 5164; x_wconf 88' lang='lat' dir='ltr'><strong><em>enim</em></strong></span> <span class='ocrx_word' id='word_1_637' title='bbox 3773 5125 3915 5178; x_wconf 78' lang='lat' dir='ltr'><strong><em>pne-</em></strong></span> 
     </span>
    </p>
   </div>
   <div class='ocr_carea' id='block_1_56' title="bbox 2305 5195 3912 5270">
    <p class='ocr_par' dir='ltr' id='par_1_56' title="bbox 2305 5195 3912 5270">
     <span class='ocr_line' id='line_1_56' title="bbox 2305 5195 3912 5270; baseline 0.001 -16"><span class='ocrx_word' id='word_1_638' title='bbox 2305 5199 2477 5254; x_wconf 83' lang='lat' dir='ltr'><strong><em>seutia</em></strong></span> <span class='ocrx_word' id='word_1_639' title='bbox 2534 5207 2737 5252; x_wconf 92' lang='lat' dir='ltr'><strong><em>tantum</em></strong></span> <span class='ocrx_word' id='word_1_640' title='bbox 2779 5196 3004 5268; x_wconf 88' lang='lat' dir='ltr'><strong><em>jejunii,</em></strong></span> <span class='ocrx_word' id='word_1_641' title='bbox 3055 5195 3149 5252; x_wconf 89' lang='lat' dir='ltr'><strong><em>sed</em></strong></span> <span class='ocrx_word' id='word_1_642' title='bbox 3194 5197 3358 5252; x_wconf 89' lang='lat' dir='ltr'><strong><em>etiam</em></strong></span> <span class='ocrx_word' id='word_1_643' title='bbox 3406 5199 3667 5254; x_wconf 86' lang='lat' dir='ltr'><strong><em>memoria</em></strong></span> <span class='ocrx_word' id='word_1_644' title='bbox 3717 5199 3912 5270; x_wconf 74' lang='lat' dir='ltr'><strong><em>jojunii</em></strong></span> 
     </span>
    </p>
   </div>
   <div class='ocr_carea' id='block_1_57' title="bbox 693 5279 3903 5359">
    <p class='ocr_par' dir='ltr' id='par_1_57' title="bbox 693 5279 3903 5359">
     <span class='ocr_line' id='line_1_57' title="bbox 693 5279 3903 5359; baseline 0.004 -26"><span class='ocrx_word' id='word_1_645' title='bbox 693 5283 742 5333; x_wconf 85' lang='grc' dir='ltr'>ι.</span> <span class='ocrx_word' id='word_1_646' title='bbox 780 5279 977 5351; x_wconf 80' lang='lat' dir='ltr'><strong><em>Jejnnii</em></strong></span> <span class='ocrx_word' id='word_1_647' title='bbox 1020 5284 1259 5338; x_wconf 80' lang='lat' dir='ltr'><strong><em>memoria</em></strong></span> <span class='ocrx_word' id='word_1_648' title='bbox 1294 5284 1465 5349; x_wconf 86' lang='lat' dir='ltr'><strong><em>utilis,</em></strong></span> <span class='ocrx_word' id='word_1_649' title='bbox 1489 5285 1679 5356; x_wconf 83' lang='lat' dir='ltr'><strong><em>jejunii</em></strong></span> <span class='ocrx_word' id='word_1_650' title='bbox 1716 5284 1847 5341; x_wconf 78' lang='lat' dir='ltr'><strong><em>bona</em></strong></span> <span class='ocrx_word' id='word_1_651' title='bbox 1889 5299 2099 5354; x_wconf 84' lang='lat' dir='ltr'><strong><em>quanta.</em></strong></span> <span class='ocrx_word' id='word_1_652' title='bbox 2129 5318 2201 5329; x_wconf 91' lang='lat'><strong>—</strong></span> <span class='ocrx_word' id='word_1_653' title='bbox 2308 5290 2534 5343; x_wconf 77' lang='lat' dir='ltr'><strong><em>maxime</em></strong></span> <span class='ocrx_word' id='word_1_654' title='bbox 2564 5289 2708 5343; x_wconf 87' lang='lat' dir='ltr'><strong><em>utilis</em></strong></span> <span class='ocrx_word' id='word_1_655' title='bbox 2731 5303 2853 5343; x_wconf 90' lang='lat' dir='ltr'><strong><em>esse</em></strong></span> <span class='ocrx_word' id='word_1_656' title='bbox 2881 5296 3077 5357; x_wconf 86' lang='lat' dir='ltr'><strong><em>potest.</em></strong></span> <span class='ocrx_word' id='word_1_657' title='bbox 3103 5287 3167 5342; x_wconf 85' lang='lat' dir='ltr'><strong><em>Et</em></strong></span> <span class='ocrx_word' id='word_1_658' title='bbox 3194 5288 3335 5343; x_wconf 88' lang='lat' dir='ltr'><strong><em>sicut</em></strong></span> <span class='ocrx_word' id='word_1_659' title='bbox 3363 5289 3438 5343; x_wconf 90' lang='lat' dir='ltr'><strong><em>illi</em></strong></span> <span class='ocrx_word' id='word_1_660' title='bbox 3467 5305 3604 5359; x_wconf 83' lang='lat' dir='ltr'><strong><em>quos</em></strong></span> <span class='ocrx_word' id='word_1_661' title='bbox 3631 5305 3903 5356; x_wconf 81' lang='lat' dir='ltr'><strong><em>amamus,</em></strong></span> 
     </span>
    </p>
   </div>
   <div class='ocr_carea' id='block_1_58' title="bbox 617 5372 3911 5448">
    <p class='ocr_par' dir='ltr' id='par_1_58' title="bbox 617 5372 3911 5448">
     <span class='ocr_line' id='line_1_58' title="bbox 617 5372 3911 5448; baseline 0.002 -18"><span class='ocrx_word' id='word_1_662' title='bbox 617 5372 717 5430; x_wconf 82' lang='lat' dir='ltr'><strong><em>Ubi</em></strong></span> <span class='ocrx_word' id='word_1_663' title='bbox 747 5379 1083 5446; x_wconf 78' lang='lat' dir='ltr'><strong><em>peregrinum</em></strong></span> <span class='ocrx_word' id='word_1_664' title='bbox 1134 5379 1364 5448; x_wconf 89' lang='lat' dir='ltr'><strong><em>aliquem</em></strong></span> <span class='ocrx_word' id='word_1_665' title='bbox 1411 5378 1552 5448; x_wconf 87' lang='lat' dir='ltr'><strong><em>apud</em></strong></span> <span class='ocrx_word' id='word_1_666' title='bbox 1600 5393 1700 5434; x_wconf 88' lang='lat' dir='ltr'><strong><em>nos</em></strong></span> <span class='ocrx_word' id='word_1_667' title='bbox 1737 5379 2062 5436; x_wconf 87' lang='lat' dir='ltr'><strong><em>diversatum</em></strong></span> <span class='ocrx_word' id='word_1_668' title='bbox 2084 5422 2098 5445; x_wconf 94' lang='lat'><strong><em>,</em></strong></span> <span class='ocrx_word' id='word_1_669' title='bbox 2132 5381 2198 5434; x_wconf 87' lang='lat' dir='ltr'><strong><em>ad</em></strong></span> <span class='ocrx_word' id='word_1_670' title='bbox 2308 5397 2412 5436; x_wconf 85' lang='lat' dir='ltr'><strong><em>non</em></strong></span> <span class='ocrx_word' id='word_1_671' title='bbox 2440 5383 2616 5435; x_wconf 88' lang='lat' dir='ltr'><strong><em>solum</em></strong></span> <span class='ocrx_word' id='word_1_672' title='bbox 2642 5397 2764 5434; x_wconf 88' lang='lat' dir='ltr'><strong><em>cum</em></strong></span> <span class='ocrx_word' id='word_1_673' title='bbox 2792 5381 3023 5446; x_wconf 86' lang='lat' dir='ltr'><strong><em>adsunt,</em></strong></span> <span class='ocrx_word' id='word_1_674' title='bbox 3049 5396 3232 5434; x_wconf 85' lang='lat' dir='ltr'><strong><em>verum</em></strong></span> <span class='ocrx_word' id='word_1_675' title='bbox 3285 5382 3445 5435; x_wconf 87' lang='lat' dir='ltr'><strong><em>etiam</em></strong></span> <span class='ocrx_word' id='word_1_676' title='bbox 3488 5395 3610 5436; x_wconf 90' lang='lat' dir='ltr'><strong><em>cum</em></strong></span> <span class='ocrx_word' id='word_1_677' title='bbox 3659 5382 3812 5436; x_wconf 90' lang='lat' dir='ltr'><strong><em>nobis</em></strong></span> <span class='ocrx_word' id='word_1_678' title='bbox 3851 5385 3911 5439; x_wconf 83' lang='lat' dir='ltr'><strong><em>in</em></strong></span> 
     </span>
    </p>
   </div>
   <div class='ocr_carea' id='block_1_59' title="bbox 615 5467 3910 5542">
    <p class='ocr_par' dir='ltr' id='par_1_59' title="bbox 615 5467 3910 5542">
     <span class='ocr_line' id='line_1_59' title="bbox 615 5467 3910 5542; baseline 0.003 -24"><span class='ocrx_word' id='word_1_679' title='bbox 615 5467 819 5536; x_wconf 87' lang='lat' dir='ltr'><strong><em>aliquot</em></strong></span> <span class='ocrx_word' id='word_1_680' title='bbox 861 5469 976 5524; x_wconf 87' lang='lat' dir='ltr'><strong><em>dies</em></strong></span> <span class='ocrx_word' id='word_1_681' title='bbox 1017 5472 1241 5525; x_wconf 88' lang='lat' dir='ltr'><strong><em>comiter</em></strong></span> <span class='ocrx_word' id='word_1_682' title='bbox 1267 5481 1568 5541; x_wconf 77' lang='lat' dir='ltr'><strong><em>exceptum,</em></strong></span> <span class='ocrx_word' id='word_1_683' title='bbox 1599 5480 1653 5526; x_wconf 90' lang='lat' dir='ltr'><strong><em>et</em></strong></span> <span class='ocrx_word' id='word_1_684' title='bbox 1689 5471 1936 5542; x_wconf 87' lang='lat' dir='ltr'><strong><em>colloquii</em></strong></span> <span class='ocrx_word' id='word_1_685' title='bbox 1967 5487 2198 5528; x_wconf 70' lang='lat' dir='ltr'><strong><em>menste-</em></strong></span> <span class='ocrx_word' id='word_1_686' title='bbox 2307 5483 2539 5527; x_wconf 87' lang='lat' dir='ltr'><strong><em>mentem</em></strong></span> <span class='ocrx_word' id='word_1_687' title='bbox 2568 5471 2808 5538; x_wconf 86' lang='lat' dir='ltr'><strong><em>veniunt,</em></strong></span> <span class='ocrx_word' id='word_1_688' title='bbox 2835 5471 2998 5526; x_wconf 85' lang='lat' dir='ltr'><strong><em>multa</em></strong></span> <span class='ocrx_word' id='word_1_689' title='bbox 3026 5487 3124 5526; x_wconf 88' lang='lat' dir='ltr'><strong><em>nos</em></strong></span> <span class='ocrx_word' id='word_1_690' title='bbox 3151 5471 3423 5541; x_wconf 82' lang='lat' dir='ltr'><strong><em>voluptate</em></strong></span> <span class='ocrx_word' id='word_1_691' title='bbox 3449 5472 3774 5542; x_wconf 77' lang='lat' dir='ltr'><strong><em>perfundunt</em></strong></span> <span class='ocrx_word' id='word_1_692' title='bbox 3798 5491 3811 5526; x_wconf 89' lang='lat'><strong>:</strong></span> <span class='ocrx_word' id='word_1_693' title='bbox 3832 5475 3910 5530; x_wconf 85' lang='lat' dir='ltr'><strong><em>ita</em></strong></span> 
     </span>
    </p>
   </div>
   <div class='ocr_carea' id='block_1_60' title="bbox 622 5558 3908 5634">
    <p class='ocr_par' dir='ltr' id='par_1_60' title="bbox 622 5558 3908 5634">
     <span class='ocr_line' id='line_1_60' title="bbox 622 5558 3908 5634; baseline 0.004 -28"><span class='ocrx_word' id='word_1_694' title='bbox 622 5573 723 5624; x_wconf 86' lang='lat' dir='ltr'><strong><em>quc</em></strong></span> <span class='ocrx_word' id='word_1_695' title='bbox 753 5560 1064 5628; x_wconf 80' lang='lat' dir='ltr'><strong><em>participem</em></strong></span> <span class='ocrx_word' id='word_1_696' title='bbox 1107 5558 1303 5616; x_wconf 81' lang='lat' dir='ltr'><strong><em>factum</em></strong></span> <span class='ocrx_word' id='word_1_697' title='bbox 1347 5561 1710 5617; x_wconf 84' lang='lat' dir='ltr'><strong><em>dimiserimus</em></strong></span> <span class='ocrx_word' id='word_1_698' title='bbox 1743 5580 1755 5616; x_wconf 93' lang='lat'><strong>:</strong></span> <span class='ocrx_word' id='word_1_699' title='bbox 1787 5564 2043 5633; x_wconf 88' lang='lat' dir='ltr'><strong><em>postridie</em></strong></span> <span class='ocrx_word' id='word_1_700' title='bbox 2070 5579 2195 5634; x_wconf 81' lang='lat' dir='ltr'><strong><em>pro-</em></strong></span> <span class='ocrx_word' id='word_1_701' title='bbox 2307 5580 2517 5634; x_wconf 85' lang='lat' dir='ltr'><strong><em>quoque</em></strong></span> <span class='ocrx_word' id='word_1_702' title='bbox 2543 5565 2661 5619; x_wconf 87' lang='lat' dir='ltr'><strong><em>dies</em></strong></span> <span class='ocrx_word' id='word_1_703' title='bbox 2683 5564 2893 5634; x_wconf 86' lang='lat' dir='ltr'><strong><em>jejunii,</em></strong></span> <span class='ocrx_word' id='word_1_704' title='bbox 2923 5565 3186 5629; x_wconf 56' lang='lat' dir='ltr'><strong><em>collectae,</em></strong></span> <span class='ocrx_word' id='word_1_705' title='bbox 3211 5579 3634 5634; x_wconf 87' lang='lat' dir='ltr'><strong><em>communesque</em></strong></span> <span class='ocrx_word' id='word_1_706' title='bbox 3663 5580 3908 5620; x_wconf 80' lang='lat' dir='ltr'><strong><em>conven-</em></strong></span> 
     </span>
    </p>
   </div>
   <div class='ocr_carea' id='block_1_61' title="bbox 620 4594 2202 4676">
    <p class='ocr_par' dir='ltr' id='par_1_61' title="bbox 620 4594 2202 4676">
     <span class='ocr_line' id='line_1_61' title="bbox 620 4594 2202 4676; baseline 0.011 -32"><span class='ocrx_word' id='word_1_707' title='bbox 620 4594 770 4658; x_wconf 85' lang='lat' dir='ltr'><strong><em>Qnod</em></strong></span> <span class='ocrx_word' id='word_1_708' title='bbox 790 4606 1013 4664; x_wconf 85' lang='lat' dir='ltr'><strong><em>oporteat</em></strong></span> <span class='ocrx_word' id='word_1_709' title='bbox 1034 4609 1078 4650; x_wconf 84' lang='lat' dir='ltr'><strong><em>et</em></strong></span> <span class='ocrx_word' id='word_1_710' title='bbox 1105 4601 1156 4652; x_wconf 87' lang='lat' dir='ltr'><strong><em>in</em></strong></span> <span class='ocrx_word' id='word_1_711' title='bbox 1194 4599 1482 4657; x_wconf 80' lang='lat' dir='ltr'><strong><em>Pentecoste</em></strong></span> <span class='ocrx_word' id='word_1_712' title='bbox 1509 4615 1554 4658; x_wconf 92' lang='lat' dir='ltr'><strong><em>et</em></strong></span> <span class='ocrx_word' id='word_1_713' title='bbox 1583 4622 1773 4675; x_wconf 82' lang='lat' dir='ltr'><strong><em>semper</em></strong></span> <span class='ocrx_word' id='word_1_714' title='bbox 1796 4609 1988 4676; x_wconf 79' lang='lat' dir='ltr'><strong><em>jejnnii</em></strong></span> <span class='ocrx_word' id='word_1_715' title='bbox 2026 4611 2202 4661; x_wconf 84' lang='lat' dir='ltr'><strong><em>utemi-</em></strong></span> 
     </span>
    </p>
   </div>
   <div class='ocr_carea' id='block_1_62' title="bbox 688 4686 2200 4761">
    <p class='ocr_par' dir='ltr' id='par_1_62' title="bbox 688 4686 2200 4761">
     <span class='ocr_line' id='line_1_62' title="bbox 688 4686 2200 4761; baseline 0.012 -25"><span class='ocrx_word' id='word_1_716' title='bbox 688 4686 848 4750; x_wconf 86' lang='lat' dir='ltr'><strong><em>nisse,</em></strong></span> <span class='ocrx_word' id='word_1_717' title='bbox 878 4697 923 4739; x_wconf 89' lang='lat' dir='ltr'><strong><em>et</em></strong></span> <span class='ocrx_word' id='word_1_718' title='bbox 947 4690 1084 4760; x_wconf 76' lang='lat' dir='ltr'><strong><em>quod</em></strong></span> <span class='ocrx_word' id='word_1_719' title='bbox 1104 4707 1202 4744; x_wconf 86' lang='lat' dir='ltr'><strong><em>non</em></strong></span> <span class='ocrx_word' id='word_1_720' title='bbox 1229 4695 1495 4761; x_wconf 63' lang='lat' dir='ltr'><strong><em>prasentia</em></strong></span> <span class='ocrx_word' id='word_1_721' title='bbox 1519 4697 1714 4760; x_wconf 85' lang='lat' dir='ltr'><strong><em>solum,</em></strong></span> <span class='ocrx_word' id='word_1_722' title='bbox 1739 4699 1827 4749; x_wconf 87' lang='lat' dir='ltr'><strong><em>sed</em></strong></span> <span class='ocrx_word' id='word_1_723' title='bbox 1855 4699 2006 4752; x_wconf 87' lang='lat' dir='ltr'><strong><em>etiam</em></strong></span> <span class='ocrx_word' id='word_1_724' title='bbox 2031 4715 2200 4753; x_wconf 80' lang='lat' dir='ltr'><strong><em>recor-</em></strong></span> 
     </span>
    </p>
   </div>
   <div class='ocr_carea' id='block_1_63' title="bbox 686 4778 2202 4861">
    <p class='ocr_par' dir='ltr' id='par_1_63' title="bbox 686 4778 2202 4861">
     <span class='ocr_line' id='line_1_63' title="bbox 686 4778 2202 4861; baseline 0.011 -31"><span class='ocrx_word' id='word_1_725' title='bbox 686 4778 825 4832; x_wconf 87' lang='lat' dir='ltr'><strong><em>datio</em></strong></span> <span class='ocrx_word' id='word_1_726' title='bbox 841 4781 1026 4850; x_wconf 79' lang='lat' dir='ltr'><strong><em>jejunii</em></strong></span> <span class='ocrx_word' id='word_1_727' title='bbox 1054 4784 1119 4835; x_wconf 88' lang='lat' dir='ltr'><strong><em>sit</em></strong></span> <span class='ocrx_word' id='word_1_728' title='bbox 1145 4785 1284 4838; x_wconf 78' lang='lat' dir='ltr'><strong><em>utilis</em></strong></span> <span class='ocrx_word' id='word_1_729' title='bbox 1304 4801 1322 4838; x_wconf 90' lang='lat'><em>:</em></span> <span class='ocrx_word' id='word_1_730' title='bbox 1344 4796 1389 4840; x_wconf 89' lang='lat' dir='ltr'><strong><em>et</em></strong></span> <span class='ocrx_word' id='word_1_731' title='bbox 1417 4789 1479 4841; x_wconf 89' lang='lat' dir='ltr'><strong><em>de</em></strong></span> <span class='ocrx_word' id='word_1_732' title='bbox 1503 4785 1598 4842; x_wconf 87' lang='lat' dir='ltr'><strong><em>Dei</em></strong></span> <span class='ocrx_word' id='word_1_733' title='bbox 1619 4789 1950 4857; x_wconf 78' lang='lat' dir='ltr'><strong><em>providentia,</em></strong></span> <span class='ocrx_word' id='word_1_734' title='bbox 1971 4794 2202 4861; x_wconf 79' lang='lat' dir='ltr'><strong><em>quodque</em></strong></span> 
     </span>
    </p>
   </div>
   <div class='ocr_carea' id='block_1_64' title="bbox 689 4873 2202 4952">
    <p class='ocr_par' dir='ltr' id='par_1_64' title="bbox 689 4873 2202 4952">
     <span class='ocr_line' id='line_1_64' title="bbox 689 4873 2202 4952; baseline 0.009 -30"><span class='ocrx_word' id='word_1_735' title='bbox 689 4887 787 4924; x_wconf 89' lang='lat' dir='ltr'><strong><em>non</em></strong></span> <span class='ocrx_word' id='word_1_736' title='bbox 813 4873 1019 4925; x_wconf 86' lang='lat' dir='ltr'><strong><em>minima</em></strong></span> <span class='ocrx_word' id='word_1_737' title='bbox 1041 4891 1160 4943; x_wconf 76' lang='lat' dir='ltr'><strong><em>pars</em></strong></span> <span class='ocrx_word' id='word_1_738' title='bbox 1187 4876 1344 4944; x_wconf 83' lang='lat' dir='ltr'><strong><em>ipsius</em></strong></span> <span class='ocrx_word' id='word_1_739' title='bbox 1370 4878 1432 4930; x_wconf 87' lang='lat' dir='ltr'><strong><em>sit</em></strong></span> <span class='ocrx_word' id='word_1_740' title='bbox 1459 4888 1638 4945; x_wconf 67' lang='lat' dir='ltr'><strong><em>prieter</em></strong></span> <span class='ocrx_word' id='word_1_741' title='bbox 1661 4877 1765 4932; x_wconf 88' lang='lat' dir='ltr'><strong><em>alia</em></strong></span> <span class='ocrx_word' id='word_1_742' title='bbox 1792 4890 2057 4948; x_wconf 85' lang='lat' dir='ltr'><strong><em>parentum</em></strong></span> <span class='ocrx_word' id='word_1_743' title='bbox 2082 4898 2202 4952; x_wconf 86' lang='lat' dir='ltr'><strong><em>erga</em></strong></span> 
     </span>
    </p>
   </div>
   <div class='ocr_carea' id='block_1_65' title="bbox 688 4960 2202 5036">
    <p class='ocr_par' dir='ltr' id='par_1_65' title="bbox 688 4960 2202 5036">
     <span class='ocr_line' id='line_1_65' title="bbox 688 4960 2202 5036; baseline 0.009 -24"><span class='ocrx_word' id='word_1_744' title='bbox 688 4960 868 5014; x_wconf 86' lang='lat' dir='ltr'><strong><em>liberos</em></strong></span> <span class='ocrx_word' id='word_1_745' title='bbox 909 4979 1052 5016; x_wconf 89' lang='lat' dir='ltr'><strong><em>amor</em></strong></span> <span class='ocrx_word' id='word_1_746' title='bbox 1079 4965 1347 5035; x_wconf 78' lang='lat' dir='ltr'><strong><em>:quodque</em></strong></span> <span class='ocrx_word' id='word_1_747' title='bbox 1386 4983 1484 5020; x_wconf 90' lang='lat' dir='ltr'><strong><em>non</em></strong></span> <span class='ocrx_word' id='word_1_748' title='bbox 1527 4969 1752 5034; x_wconf 82' lang='lat' dir='ltr'><strong><em>patribus</em></strong></span> <span class='ocrx_word' id='word_1_749' title='bbox 1780 4969 1979 5036; x_wconf 72' lang='lat' dir='ltr'><strong><em>solum,</em></strong></span> <span class='ocrx_word' id='word_1_750' title='bbox 2029 4971 2119 5025; x_wconf 87' lang='lat' dir='ltr'><strong><em>sed</em></strong></span> <span class='ocrx_word' id='word_1_751' title='bbox 2157 4982 2202 5026; x_wconf 93' lang='lat' dir='ltr'><strong><em>et</em></strong></span> 
     </span>
    </p>
   </div>
   <div class='ocr_carea' id='block_1_66' title="bbox 687 5053 2201 5132">
    <p class='ocr_par' dir='ltr' id='par_1_66' title="bbox 687 5053 2201 5132">
     <span class='ocr_line' id='line_1_66' title="bbox 687 5053 2201 5132; baseline 0.009 -28"><span class='ocrx_word' id='word_1_752' title='bbox 687 5053 930 5106; x_wconf 79' lang='lat' dir='ltr'><strong><em>matribus</em></strong></span> <span class='ocrx_word' id='word_1_753' title='bbox 954 5065 1255 5124; x_wconf 66' lang='lat' dir='ltr'><strong><em>praeeptum</em></strong></span> <span class='ocrx_word' id='word_1_754' title='bbox 1285 5059 1378 5121; x_wconf 86' lang='lat' dir='ltr'><strong><em>sit,</em></strong></span> <span class='ocrx_word' id='word_1_755' title='bbox 1409 5070 1460 5110; x_wconf 89' lang='lat' dir='ltr'><strong><em>ut</em></strong></span> <span class='ocrx_word' id='word_1_756' title='bbox 1491 5057 1762 5114; x_wconf 84' lang='lat' dir='ltr'><strong><em>liberorum</em></strong></span> <span class='ocrx_word' id='word_1_757' title='bbox 1803 5078 1970 5116; x_wconf 89' lang='lat' dir='ltr'><strong><em>mores</em></strong></span> <span class='ocrx_word' id='word_1_758' title='bbox 1996 5079 2201 5132; x_wconf 85' lang='lat' dir='ltr'><strong><em>compo-</em></strong></span> 
     </span>
    </p>
   </div>
   <div class='ocr_carea' id='block_1_67' title="bbox 689 5145 1593 5211">
    <p class='ocr_par' dir='ltr' id='par_1_67' title="bbox 689 5145 1593 5211">
     <span class='ocr_line' id='line_1_67' title="bbox 689 5145 1593 5211; baseline 0.01 -16"><span class='ocrx_word' id='word_1_759' title='bbox 689 5154 847 5211; x_wconf 86' lang='lat' dir='ltr'><strong><em>nant,</em></strong></span> <span class='ocrx_word' id='word_1_760' title='bbox 870 5155 917 5198; x_wconf 88' lang='lat' dir='ltr'><strong><em>et</em></strong></span> <span class='ocrx_word' id='word_1_761' title='bbox 945 5145 1014 5198; x_wconf 83' lang='lat' dir='ltr'><strong><em>ad</em></strong></span> <span class='ocrx_word' id='word_1_762' title='bbox 1043 5157 1321 5202; x_wconf 77' lang='lat' dir='ltr'><strong><em>extremum</em></strong></span> <span class='ocrx_word' id='word_1_763' title='bbox 1343 5150 1406 5203; x_wconf 88' lang='lat' dir='ltr'><strong><em>de</em></strong></span> <span class='ocrx_word' id='word_1_764' title='bbox 1429 5149 1593 5204; x_wconf 73' lang='lat' dir='ltr'><strong><em>Anna.</em></strong></span> 
     </span>
    </p>
   </div>
   <div class='ocr_carea' id='block_1_68' title="bbox 684 5655 3909 5750">
    <p class='ocr_par' dir='ltr' id='par_1_68' title="bbox 684 5655 3909 5750">
     <span class='ocr_line' id='line_1_68' title="bbox 684 5655 3909 5750; baseline 0.002 -45"><span class='ocrx_word' id='word_1_765' title='bbox 684 5691 756 5750; x_wconf 63' lang='grc' dir='ltr'><strong><em>(η)</em></strong></span> <span class='ocrx_word' id='word_1_766' title='bbox 786 5690 948 5744; x_wconf 45' lang='lat' dir='ltr'><strong><em>conati</em></strong></span> <span class='ocrx_word' id='word_1_767' title='bbox 967 5694 1199 5745; x_wconf 46' lang='lat' dir='ltr'><strong><em>unum.</em></strong></span> <span class='ocrx_word' id='word_1_768' title='bbox 1212 5684 1424 5746; x_wconf 45' lang='lat' dir='ltr'><strong><em>(Mt.</em></strong></span> <span class='ocrx_word' id='word_1_769' title='bbox 1453 5708 1581 5746; x_wconf 40' lang='lat' dir='ltr'><strong>num.</strong></span> <span class='ocrx_word' id='word_1_770' title='bbox 1605 5695 1666 5745; x_wconf 61' lang='grc' dir='ltr'>ω</span> <span class='ocrx_word' id='word_1_771' title='bbox 1710 5703 1761 5746; x_wconf 46' lang='lat' dir='ltr'><strong><em>et</em></strong></span> <span class='ocrx_word' id='word_1_772' title='bbox 1782 5697 1842 5746; x_wconf 66' lang='lat'><strong>97</strong></span> <span class='ocrx_word' id='word_1_773' title='bbox 1857 5696 1895 5749; x_wconf 41' lang='grc' dir='ltr'>ι.</span> <span class='ocrx_word' id='word_1_774' title='bbox 1918 5710 2029 5746; x_wconf 70' lang='lat' dir='ltr'><strong><em>cum</em></strong></span> <span class='ocrx_word' id='word_1_775' title='bbox 2053 5699 2198 5750; x_wconf 52' lang='lat' dir='ltr'><strong><em>noxio</em></strong></span> <span class='ocrx_word' id='word_1_776' title='bbox 2310 5666 2396 5710; x_wconf 91' lang='lat' dir='ltr'><strong><em>tus</em></strong></span> <span class='ocrx_word' id='word_1_777' title='bbox 2420 5665 2473 5710; x_wconf 89' lang='lat' dir='ltr'><strong><em>ct</em></strong></span> <span class='ocrx_word' id='word_1_778' title='bbox 2502 5657 2603 5710; x_wconf 82' lang='lat' dir='ltr'><strong><em>alia</em></strong></span> <span class='ocrx_word' id='word_1_779' title='bbox 2633 5655 2826 5723; x_wconf 83' lang='lat' dir='ltr'><strong><em>quibus</em></strong></span> <span class='ocrx_word' id='word_1_780' title='bbox 2850 5657 2968 5750; x_wconf 85' lang='lat' dir='ltr'><strong><em>ejus</em></strong></span> <span class='ocrx_word' id='word_1_781' title='bbox 2999 5655 3600 5750; x_wconf 74' lang='lat' dir='ltr'><strong><em>hcneliciolrttcbamut&#39;</em></strong></span> <span class='ocrx_word' id='word_1_782' title='bbox 3631 5658 3790 5722; x_wconf 83' lang='lat' dir='ltr'><strong><em>bona,</em></strong></span> <span class='ocrx_word' id='word_1_783' title='bbox 3823 5659 3909 5713; x_wconf 78' lang='lat' dir='ltr'><strong><em>vel</em></strong></span> 
     </span>
    </p>
   </div>
   <div class='ocr_carea' id='block_1_69' title="bbox 619 5725 3912 5813">
    <p class='ocr_par' dir='ltr' id='par_1_69' title="bbox 619 5725 3912 5813">
     <span class='ocr_line' id='line_1_69' title="bbox 685 5725 3726 5761; baseline 0.002 -17"><span class='ocrx_word' id='word_1_784' title='bbox 685 5725 755 5750; x_wconf 76' lang='lat' dir='ltr'><strong><em>tu;</em></strong></span> <span class='ocrx_word' id='word_1_785' title='bbox 786 5725 947 5744; x_wconf 70' lang='grc' dir='ltr'>ιρυυιιιι</span> <span class='ocrx_word' id='word_1_786' title='bbox 967 5725 1424 5746; x_wconf 62' lang='grc' dir='ltr'>ιιιιηννυηινιυυιι.</span> <span class='ocrx_word' id='word_1_787' title='bbox 1453 5725 1581 5746; x_wconf 80' lang='grc' dir='ltr'>ιιωιι.</span> <span class='ocrx_word' id='word_1_788' title='bbox 1605 5725 1664 5745; x_wconf 69' lang='grc' dir='ltr'><strong><em>νυ</em></strong></span> <span class='ocrx_word' id='word_1_789' title='bbox 1710 5725 1761 5746; x_wconf 68' lang='lat' dir='ltr'><strong><em>us.</em></strong></span> <span class='ocrx_word' id='word_1_790' title='bbox 1785 5725 1835 5746; x_wconf 70' lang='lat' dir='ltr'><strong><em>ut</em></strong></span> <span class='ocrx_word' id='word_1_791' title='bbox 1857 5725 1895 5749; x_wconf 68' lang='grc' dir='ltr'>ι.</span> <span class='ocrx_word' id='word_1_792' title='bbox 1918 5725 2029 5746; x_wconf 52' lang='lat' dir='ltr'><strong><em>cum</em></strong></span> <span class='ocrx_word' id='word_1_793' title='bbox 2053 5725 2198 5761; x_wconf 66' lang='grc' dir='ltr'>ιιυδιυ</span> <span class='ocrx_word' id='word_1_794' title='bbox 2655 5751 2662 5757; x_wconf 59' lang='grc'><em>,</em></span> <span class='ocrx_word' id='word_1_795' title='bbox 3548 5752 3558 5761; x_wconf 54' lang='grc'>,</span> <span class='ocrx_word' id='word_1_796' title='bbox 3673 5752 3683 5761; x_wconf 44' lang='grc' dir='ltr'><strong>ο</strong></span> <span class='ocrx_word' id='word_1_797' title='bbox 3717 5751 3726 5760; x_wconf 83' lang='lat'><strong><em>_</em></strong></span> 
     </span>
     <span class='ocr_line' id='line_1_70' title="bbox 619 5749 3912 5813; baseline 0.002 -12"><span class='ocrx_word' id='word_1_798' title='bbox 619 5753 757 5802; x_wconf 69' lang='lat'><strong><em>1956.</em></strong></span> <span class='ocrx_word' id='word_1_799' title='bbox 2308 5751 2420 5804; x_wconf 80' lang='lat' dir='ltr'><strong><em>sola</em></strong></span> <span class='ocrx_word' id='word_1_800' title='bbox 2445 5766 2700 5804; x_wconf 76' lang='lat' dir='ltr'><strong><em>memoria</em></strong></span> <span class='ocrx_word' id='word_1_801' title='bbox 2730 5766 2825 5804; x_wconf 83' lang='lat' dir='ltr'><strong><em>nos</em></strong></span> <span class='ocrx_word' id='word_1_802' title='bbox 2849 5749 3122 5804; x_wconf 77' lang='lat' dir='ltr'><strong><em>uhlectant</em></strong></span> <span class='ocrx_word' id='word_1_803' title='bbox 3146 5790 3160 5813; x_wconf 89' lang='lat'><strong><em>,</em></strong></span> <span class='ocrx_word' id='word_1_804' title='bbox 3195 5760 3248 5804; x_wconf 90' lang='lat' dir='ltr'><strong><em>et</em></strong></span> <span class='ocrx_word' id='word_1_805' title='bbox 3275 5749 3387 5804; x_wconf 71' lang='lat' dir='ltr'><strong><em>hrcc</em></strong></span> <span class='ocrx_word' id='word_1_806' title='bbox 3415 5765 3594 5805; x_wconf 77' lang='lat' dir='ltr'><strong><em>omnia</em></strong></span> <span class='ocrx_word' id='word_1_807' title='bbox 3639 5766 3689 5807; x_wconf 82' lang='lat' dir='ltr'><strong><em>st</em></strong></span> <span class='ocrx_word' id='word_1_808' title='bbox 3715 5769 3766 5805; x_wconf 88' lang='lat' dir='ltr'><strong><em>tn</em></strong></span> <span class='ocrx_word' id='word_1_809' title='bbox 3794 5766 3912 5807; x_wconf 76' lang='lat' dir='ltr'><strong><em>me-</em></strong></span> 
     </span>
    </p>
   </div>
  </div>
