4186 6324
256 401 365 465 «3'5

260 521 484 575 muriam
530 531 880 582 revocetnus,
909 514 1136 569 multum
1163 508 1285 565 inde
1316 510 1521 563 lucrum
1555 505 1657 559 huc
1700 503 1861 557 etiam

258 624 504 679 tempore
533 611 869 680 colligemus.
904 604 1027 660 ll:cc
1050 613 1230 657 autem
1261 616 1291 654 a
1322 615 1407 654 me
1448 614 1553 652 non
1580 612 1648 652 eo
1676 597 1863 651 dicun-

256 716 367 767 tur,
393 701 537 771 quod
578 714 772 769 cogere
804 710 897 749 vos
938 694 1003 749 ad
1042 691 1393 762 jejunandum
1442 688 1638 754 velim,
1670 686 1764 741 sed
1809 694 1865 738 ut

255 793 419 847 vobis
451 788 823 862 persuadeam,
855 797 912 840 ιιι
961 801 1029 840 ne
1057 784 1213 853 genio
1247 779 1603 848 indulgeatis,
1629 792 1761 831 neve
1787 776 1864 830 sic

254 882 611 945 aflieiamini,
661 889 718 933 ιιι
772 878 1014 948 plerique
1068 874 1314 928 homines
1362 871 1570 935 solent,
1602 864 1863 937 siquidem

256 974 515 1029 homines
542 971 841 1043 appellandi
866 979 1012 1033 sunt,
1040 967 1130 1037 qui
1154 975 1355 1019 tantam
1376 960 1863 1032 pusillanimimem

258 1083 375 1135 [ne
404 1082 465 1122 se
496 1065 696 1131 ferunt,
729 1065 820 1132 qui
866 1073 1137 1129 tamquam
1194 1072 1225 1112 e
1277 1053 1506 1109 vinculis
1558 1050 1783 1112 emissi,
1811 1056 1866 1101 et

253 1159 408 1226 gravi
430 1156 682 1227 quopiam
708 1168 926 1209 carcere
950 1150 1156 1205 liberati
1185 1147 1264 1202 sic
1290 1146 1632 1214 alloquuntur
1654 1156 1715 1196 se
1742 1155 1831 1193 mu

257 1260 392 1305 tuo:
428 1247 668 1303 Tandem
700 1245 985 1299 molestum
1020 1238 1148 1293 illud
1184 1235 1371 1307 jejunii
1406 1234 1623 1304 pelagus
1658 1228 1864 1284 emensi

254 1354 449 1396 sutnus
476 1357 490 1392 :
521 1338 610 1392 alii
638 1352 767 1391 vero
787 1336 876 1405 qui
907 1333 1073 1387 multo
1110 1330 1285 1401 pejus,
1312 1338 1367 1382 et
1394 1324 1715 1381 imbecillius
1740 1329 1865 1375 sunt

254 1432 472 1497 affecti,
506 1432 668 1487 etiam
717 1429 787 1482 ob
832 1427 1065 1481 futuram
1093 1419 1569 1491 Quadragesimam
1606 1415 1865 1486 pertime-

257 1533 437 1578 scunt.
480 1522 590 1576 Hoc
621 1536 748 1575 vero
798 1528 1104 1588 prOpterea,
1132 1513 1276 1585 quod
1327 1520 1439 1565 toto
1476 1510 1683 1578 reliquo
1726 1516 1866 1561 tem-

260 1629 395 1684 pore
439 1612 684 1677 deliciis,
730 1609 983 1672 luxuriae,
1011 1617 1169 1678 atque
1197 1603 1440 1659 ebrietati
1484 1617 1544 1655 se
1580 1610 1721 1653 totos
1766 1596 1865 1650 de-

256 1706 408 1758 dant.
444 1703 596 1769 Quod
628 1704 671 1755 si
714 1703 834 1755 aliis
874 1700 1066 1754 diebus
1114 1705 1275 1752 caste
1321 1693 1690 1759 modestiaque
1744 1690 1865 1740 vita:

257 1796 487 1867 agenda:
516 1808 617 1849 nos
640 1792 1126 1855 assuefaceremns,
1150 1798 1205 1841 et
1232 1786 1561 1854 pra-teritum
1591 1778 1868 1834 desidera-

260 1903 450 1944 remus
471 1887 733 1957 jejunittm
760 1927 774 1947 ,
806 1894 860 1939 et
892 1892 1177 1937 venturmn
1223 1877 1387 1930 multa
1435 1890 1557 1927 cum
1596 1873 1869 1939 Voluptate

261 1979 691 2045 susciperemus.
718 1973 857 2041 Quid
906 1972 1052 2027 enim
1106 1968 1229 2023 boni
1268 1966 1458 2036 jejunii
1510 1964 1664 2018 nobis
1704 1975 1867 2029 opera

262 2085 373 2124 non
400 2066 668 2123 obvenit?
694 2066 884 2120 Omnia
916 2061 1318 2131 tranquillitatis
1359 2074 1422 2112 ac
1466 2073 1611 2125 pum:
1657 2052 1865 2109 seri-ni-

262 2162 391 2215 tatis
416 2159 572 2230 plena
593 2148 717 2212 sunt
761 2156 953 2212 Nonne
978 2153 1169 2208 domus
1195 2148 1531 2213 tumultibus,
1560 2146 1870 2202 ein-sitatio-

260 2253 423 2309 nibus
443 2293 461 2319 ,
484 2252 740 2320 omnique
783 2245 1188 2319 perturbatione
1218 2249 1342 2295 sum
1384 2237 1668 2293 liberatae?
1698 2236 1883 2309 Quin-v

259 2344 427 2400 etiam
457 2352 580 2396 ante
611 2342 755 2409 ipsas
781 2340 973 2392 domos
999 2351 1188 2391 eorum
1214 2334 1456 2393 animus,
1483 2331 1571 2399 qni
1600 2328 1867 2399 jejenant,

264 2437 369 2491 hac
402 2435 584 2505 quiete
626 2431 951 2503 perfruitur;
981 2430 1169 2483 civitas
1215 2428 1326 2495 ipsa
1378 2438 1484 2478 tona
1529 2421 1867 2483 modestiam,

261 2546 387 2598 quze
434 2528 489 2582 in
537 2527 720 2582 animo
763 2540 827 2580 ac
865 2523 1114 2579 domibus
1156 2520 1416 2578 cernitur.
1447 2517 1707 2571 imitatur.
1738 2512 1870 2567 Nam

263 2634 446 2687 neque
490 2617 592 2671 sub
641 2629 921 2685 vesperam
973 2612 1165 2667 audire
1214 2619 1471 2665 canentes
1501 2608 1664 2671 licet,
1699 2618 1874 2673 neque

267 2709 504 2765 interdiu
530 2708 922 2763 tumultuantes
946 2716 1003 2761 et
1026 2706 1209 2759 ebrios
1230 2743 1244 2765 ,
1270 2718 1378 2756 non
1401 2701 1704 2755 clamantes
1720 2741 1734 2763 ,
1766 2713 1874 2750 non

271 2811 579 2872 pugnantes
602 2841 618 2866 ,
650 2798 748 2855 sed
793 2798 1015 2853 multam
1045 2796 1243 2864 ubique
1273 2792 1719 2859 tranquillitatem
1752 2788 1877 2841 licet

264 2908 517 2947 eernere.
550 2890 702 2945 Nunc
726 2898 906 2943 autem
939 2901 1046 2941 non
1086 2886 1158 2940 ita
1189 2893 1275 2939 est
1297 2925 1311 2948 ,
1341 2882 1436 2937 scd
1480 2882 1592 2949 jam
1639 2879 1763 2934 inde
1810 2880 1879 2933 ab

266 2993 467 3038 exortu
508 2980 639 3036 solis
678 2981 946 3036 clamores
988 2993 1053 3032 ac
1083 2977 1275 3038 turbae,
1303 2989 1600 3043 coqnorum
1648 2972 1878 3025 cursita-

270 3076 470 3136 tiones.
503 3086 566 3128 ac
593 3072 794 3127 multus
822 3070 873 3123 in
900 3068 1171 3134 domibus,
1194 3068 1392 3120 multus
1418 3065 1470 3119 in
1498 3063 1766 3118 mentibus
1794 3062 1877 3116 fu-

271 3180 419 3233 mus,
448 3165 574 3219 dum
623 3165 766 3217 intus
818 3161 869 3215 in
901 3159 1056 3214 nobis
1104 3157 1508 3217 succenduntur
1536 3155 1790 3219 affectus,
1827 3161 1884 3207 et

274 3263 495 3315 flamma
551 3257 787 3327 turpium
839 3253 1193 3323 cupiditatum
1250 3267 1281 3306 a
1335 3250 1542 3306 deliciis
1594 3248 1879 3304 excitatur.

276 3354 572 3421 Propterea
600 3349 742 3420 quod
776 3348 1034 3418 przeteriit
1054 3346 1318 3415 jejunium
1352 3344 1726 3414 requiramus:
1752 3340 1881 3395 illud

276 3443 427 3497 enim
475 3442 590 3495 lucc
638 3440 818 3494 omnia
866 3438 1172 3493 coercebat.
1205 3437 1283 3490 Ac
1308 3435 1434 3490 licet
1479 3435 1717 3488 laborem
1764 3433 1885 3502 ejus

274 3532 678 3589 excusserimus
696 3572 713 3596 ,
741 3530 858 3599 ejus
882 3540 1061 3583 tamen
1082 3526 1409 3582 desiderium
1438 3541 1544 3578 non
1571 3525 1885 3594 exstingua-

280 3642 424 3687 mus.
455 3640 629 3694 neque
661 3622 979 3679 memoriam
1008 3621 1344 3690 deponamus
1378 3635 1391 3671 :
1424 3617 1521 3673 sed
1560 3632 1682 3672 cum
1716 3632 1880 3685 pran-

279 3731 378 3772 sus
401 3726 453 3771 et
484 3714 893 3784 expergefactus
932 3715 985 3768 ln
1036 3712 1211 3767 forum
1243 3712 1456 3767 veneris
1476 3752 1492 3777 ,
1525 3710 1779 3781 diemque
1807 3709 1885 3762 vi-

280 3808 432 3863 deris
461 3815 771 3877 vergentem
796 3803 864 3860 ad
886 3819 1166 3874 vesperam
1187 3844 1203 3868 ,
1227 3805 1366 3858 hanc
1394 3804 1669 3872 ingressus
1710 3801 1891 3857 eccle-

280 3897 423 3954 siam
448 3939 466 3965 ,
495 3907 550 3951 et
601 3895 756 3967 juxta
803 3896 1168 3951 sanctum-ium
1221 3894 1361 3949 istud
1409 3893 1633 3948 veniens
1656 3933 1672 3959 ,
1697 3891 1889 3962 jejunii

284 3992 552 4061 temporis
580 3989 870 4045 recordare
889 4030 904 4052 ,
930 4003 1039 4058 quo
1082 3987 1440 4042 multitudinis
1474 3986 1685 4055 plenam
1711 3985 1889 4041 eccle-

285 4083 424 4138 siam
452 4082 839 4144 cernebamus,
870 4095 1061 4134 omnes
1100 4090 1283 4135 autem
1332 4078 1582 4134 audiendi
1621 4077 1893 4133 desiderio

284 4172 536 4228 succensi
565 4180 720 4226 erant
741 4214 756 4236 ,
796 4171 961 4225 multa
1002 4170 1199 4239 ubique
1230 4169 1437 4234 lmtitie,
1470 4182 1624 4223 mens
1652 4168 1893 4222 onminm

284 4275 408 4320 erat
436 4262 804 4320 erecta:lt.ec
849 4264 1028 4317 onmia
1076 4270 1251 4316 tecum
1282 4271 1570 4332 reputans,
1615 4259 1732 4315 dies
1776 4262 1897 4315 illos

287 4356 557 4426 optabiles
583 4355 887 4411 recordare.
917 4354 1070 4421 Quod
1100 4357 1145 4409 si
1167 4369 1369 4409 mensa:
1401 4353 1746 4409 accubiturus
1778 4354 1855 4408 sis
1877 4390 1896 4418 ,

289 4464 416 4504 eum
442 4447 545 4501 bac
565 4446 937 4502 recordatione
966 4446 1118 4499 cibos
1148 4444 1399 4514 degusta,
1432 4459 1533 4499 nec
1556 4459 1807 4513 umquam
1841 4444 1893 4497 in

291 4539 611 4593 ebrietatcm
667 4536 777 4591 labi
822 4536 1065 4607 poteris;
1097 4535 1194 4590 sed
1240 4535 1379 4589 sicut
1430 4536 1521 4604 qui
1575 4534 1855 4589 honestam
1884 4574 1897 4595 ,

293 4640 500 4685 castam
526 4638 583 4684 et
623 4629 904 4697 ingenuam
943 4643 1169 4681 uxorem
1196 4628 1487 4690 duxerint,
1508 4636 1562 4679 et
1588 4625 1705 4695 ejus
1736 4626 1899 4680 vehe-

297 4724 468 4779 menti
514 4736 703 4776 amore
752 4720 859 4775 sint
904 4719 1216 4773 inllannnati
1244 4760 1259 4785 ,
1294 4734 1362 4773 ne
1403 4718 1627 4772 absente
1684 4716 1901 4787 quidem

301 4819 430 4881 illa,
492 4814 830 4871 meretricem
885 4822 939 4866 et
994 4811 1260 4881 perditam
1317 4810 1596 4864 mulierem
1651 4808 1905 4862 adamare

300 4916 550 4977 possunt,
582 4904 727 4976 quod
758 4904 898 4959 illius
927 4918 1079 4957 amor
1115 4917 1302 4956 eorum
1350 4909 1584 4955 mentem
1626 4914 1902 4969 praroccu-

303 5000 537 5070 paverit,
569 5013 668 5053 nec
714 4998 878 5051 alium
923 5011 1163 5049 amorem
1210 4995 1416 5063 ingredi
1457 4993 1740 5047 sinat:sic
1766 4991 1906 5046 etin

300 5091 514 5161 jejunio
553 5088 641 5153 ﬁt,
674 5098 729 5142 et
777 5090 828 5140 in
869 5087 1153 5142 ebrietate.
1190 5086 1333 5155 Ergo
1376 5085 1419 5140 si
1471 5084 1611 5138 illius
1658 5085 1905 5153 ingenua:

300 5194 578 5253 castqu
600 5180 1005 5235 meminerimus
1026 5222 1040 5245 ,
1071 5180 1336 5247 publicam
1388 5177 1525 5233 hanc
1567 5180 1908 5233 meretricem

303 5277 592 5345 nuntiisque
641 5271 984 5341 turpitudinis
1021 5282 1266 5332 matrem,
1296 5269 1635 5331 ebrietatem,
1669 5268 1908 5337 inquam,

307 5367 566 5420 facillime
592 5364 919 5433 repellemus
948 5405 961 5428 ,
988 5360 1115 5416 dum
1148 5375 1298 5414 amor
1318 5360 1507 5429 jejnnii
1537 5358 1911 5414 vehementius

307 5476 471 5527 quam
502 5473 694 5512 manus
721 5458 827 5511 ulla
858 5450 1241 5527 impudentiam
1296 5458 1451 5507 istius
1500 5454 1748 5522 repellet.
1783 5454 1911 5507 Pro-

313 5561 435 5619 pler
484 5550 597 5603 lucc
641 5550 821 5603 omnia
861 5549 976 5602 dies
1028 5548 1146 5601 illos
1171 5589 1184 5607 .
1215 5561 1432 5615 qua-so.
1470 5560 1684 5613 semper
1735 5556 1913 5599 mente

314 5658 598 5696 versemus
634 5662 645 5695 :
677 5652 737 5696 ut
777 5654 955 5698 autem
995 5640 1267 5709 quidpiam
1312 5656 1409 5707 ego
1442 5656 1653 5709 quoque
1689 5641 1753 5694 ad
1799 5656 1913 5693 mc-

316 5742 544 5790 mnriam
594 5736 736 5790 illam
787 5736 1084 5801 conferam,
1133 5735 1273 5788 idem
1326 5746 1721 5800 trs-uincantunt,
1772 5734 1915 5803 quod

318 5842 419 5884 tia:
446 5843 553 5882 me
580 5837 692 5883 tum
724 5839 939 5899 paratus
971 5842 1153 5890 t'rattt,
1191 5842 1241 5882 ιιι
1270 5826 1501 5880 inultum
1532 5842 1667 5879 nunc
1700 5841 1916 5895 quoque

1609 394 1694 449 DE
1738 391 1921 448 ANNA
1959 391 2193 447 SERMO
2232 391 2272 448 Ι.

3470 398 3575 453 σει

1973 501 2216 570 proferre
2244 501 2502 568 conabor,
2529 514 2586 557 nt
2631 504 2744 573 ipsa
2771 503 3067 559 similitudo
3094 505 3354 561 doctrinae
3400 524 3577 561 retur-

1972 594 2242 649 dationem
2264 594 2524 664 temporis
2541 595 2682 650 illius
2702 596 2895 651 excitet
2915 595 3017 665 (α).
3046 592 3153 652 Hs
3177 598 3320 652 enim
3349 595 3580 653 fortasse

1974 702 2115 740 nunc
2140 687 2271 741 estis
2319 687 2624 749 ohliti,nos
2663 687 2861 742 multos
2911 688 3125 743 interim
3176 703 3457 743 sermones
3506 691 3576 742 de.

1974 778 2095 830 aliis
2162 776 2326 831 rebus
2391 776 2665 832 habuisse.
2727 777 2861 832 Nam
2936 794 3158 835 reverso
3211 795 3241 833 a
3294 780 3581 850 longinqua

1974 870 2061 924 illa
2114 869 2544 941 peregrinatione
2585 882 2737 940 patre
2774 881 2993 935 nostro,
3052 872 3417 927 necessarium
3474 876 3573 925 fuit

1971 960 2151 1014 omnia
2174 975 2624 1027 commemorare,
2650 978 2770 1032 qua:
2794 963 2847 1017 in
2874 965 3131 1017 comitatu
3158 963 3488 1027 acciderant,
3514 977 3579 1016 ac

1971 1051 2169 1105 deinde
2194 1066 2316 1106 cum
2334 1052 2623 1122 gentilibus
2647 1052 2945 1122 disputare,
2973 1062 3031 1107 ut
3062 1054 3161 1108 hos
3188 1054 3236 1108 vi
3259 1054 3581 1107 calamitatis

1972 1143 2037 1196 ad
2069 1142 2348 1198 meliorem
2376 1142 2580 1213 frugem
2609 1156 2911 1211 revoczitos,
2941 1148 3031 1215 qui
3056 1144 3274 1199 deserto
3298 1144 3579 1215 gentilium

1972 1250 2159 1289 errore
2185 1249 2306 1289 sese
2333 1234 2399 1288 ad
2450 1250 2548 1288 nos
2594 1236 2965 1301 contulerant,
2998 1251 3094 1306 pro
3117 1236 3254 1290 virili
3284 1236 3581 1291 confirma-

1974 1342 2175 1390 remus,
2206 1344 2269 1381 ac
2315 1328 2659 1393 duceremus,
2691 1327 2909 1397 quantis
2954 1328 3193 1384 tenebris
3224 1328 3434 1381 liberati
3467 1369 3482 1392 ,
3513 1327 3578 1380 ad

1975 1428 2177 1471 tantam
2208 1418 2380 1472 lucem
2413 1419 2655 1472 veritatis
2681 1420 3065 1473 accnrrissent.
3100 1419 3229 1473 Post
3274 1417 3366 1472 illa
3394 1433 3581 1472 rursus

1975 1512 2158 1565 multis
2186 1512 2375 1565 diebus
2422 1521 2719 1583 martyrum
2770 1512 3150 1567 festivitatibus
3181 1512 3333 1581 potiti
3375 1526 3583 1575 smnus,

1976 1619 2155 1673 neque
2186 1603 2415 1671 tempori
2440 1604 2770 1657 conveniens
2793 1603 2999 1669 fuisset,
3023 1618 3120 1657 nos
3140 1602 3231 1673 qui
3251 1601 3407 1672 juxta
3434 1616 3581 1653 mar-

1978 1706 2155 1767 tyrum
2215 1696 2464 1765 sepulcra
2523 1710 3105 1759 versaremur,earum
3163 1694 3417 1757 laudum,
3465 1707 3586 1759 qua:

1977 1789 2302 1858 martyribus
2318 1787 2604 1852 debentur,
2621 1797 2866 1842 exsortes
2885 1786 3188 1842 discedere.
3206 1785 3475 1841 Successit
3500 1784 3587 1836 his

1976 1880 2042 1933 ad
2069 1879 2449 1933 abstinendum
2487 1894 2518 1932 a
2553 1878 2879 1947 jnramentis
2907 1877 3210 1933 cohortatio
3244 1893 3257 1929 :
3289 1892 3410 1929 cum
3442 1875 3586 1928 enim

1975 1968 2139 2025 etiam
2183 1970 2506 2023 rusticorum
2532 1970 2803 2022 nationem
2837 1969 2888 2021 in
2924 1968 3111 2021 urbem
3139 1967 3437 2035 ingressam
3466 1979 3589 2017 cer-

1980 2076 2256 2123 neremns,
2294 2059 2392 2113 lms
2424 2060 2517 2113 illo
2561 2061 2855 2115 instructos
2894 2075 2923 2113 a
2958 2059 3115 2113 nobis
3144 2058 3340 2112 viatico
3378 2055 3590 2110 censui-

1979 2166 2099 2205 mus
2128 2151 2499 2205 dimittendus.

2049 2244 2104 2296 9..
2147 2241 2429 2295 [familiam
2455 2250 2631 2295 contra
2677 2241 2887 2313 gentiles
2918 2238 3586 2297 habitamresumens,duus

1980 2336 2259 2406 presertint
2301 2335 2604 2407 quazstiones
2630 2336 2798 2399 solvit,
2829 2335 3059 2388 videlicet
3082 2348 3216 2403 :quo
3266 2342 3415 2402 pacto
3455 2330 3593 2385 Dim:

1981 2430 2209 2483 homines
2249 2428 2506 2497 quondam
2558 2428 2868 2490 instrueret;
2896 2436 2942 2480 et
2984 2440 3175 2497 quare,
3206 2425 3329 2477 dum
3373 2440 3590 2493 corpora

1980 2520 2202 2576 celestia
2227 2521 2373 2590 quasi
2402 2520 2678 2573 immortali
2699 2520 2967 2589 juventnte
2996 2518 3259 2586 fruantur,
3283 2527 3458 2569 nostra
3487 2516 3589 2568 sint

1982 2616 2169 2669 morbis
2202 2626 2248 2668 et
2293 2613 2610 2681 corruptioni
2653 2612 2895 2665 obnoxia.
2922 2640 2996 2650 —
3020 2608 3188 2664 Vobis
3227 2608 3445 2678 quidem
3486 2622 3593 2661 non

1984 2709 2137 2765 facile
2169 2708 2327 2762 fuerit
2353 2706 2773 2776 disputationem
2800 2705 3025 2770 referre,
3057 2719 3216 2773 quam
3251 2713 3361 2756 tum
3388 2702 3584 2757 atlver-

1984 2816 2076 2854 sus
2136 2799 2365 2869 gentiles
2417 2798 2749 2851 instituimus
2780 2812 2793 2849 :
2828 2812 2930 2866 ego
2983 2811 3115 2850 vero
3168 2809 3385 2863 semper
3414 2793 3467 2846 in
3514 2792 3597 2845 his

1985 2891 2338 2954 exercitatus,
2362 2899 2417 2943 et
2443 2889 2568 2943 huic
2596 2889 2860 2958 palaestra:
2887 2886 3159 2953 addictus,
3190 2885 3341 2939 nullo
3384 2885 3599 2952 negot-'0

1990 2984 2174 3052 paucis
2194 2997 2261 3036 ex
2295 2983 2380 3044 iis,
2411 2996 2531 3050 qua:
2560 2990 2673 3033 tum
2702 2979 2960 3042 diximus,
2988 2977 3255 3047 repetitis,
3287 2985 3475 3045 potero
3508 2982 3593 3026 to-

1992 3078 2098 3129 tius
2124 3073 2387 3129 orationis
2415 3070 2719 3142 argumenti
2748 3070 2903 3124 vobis
2949 3070 3267 3123 memoriam
3315 3066 3598 3121 refricare.

1989 3165 2271 3235 Quodnam
2302 3177 2433 3233 ergo
2460 3162 2558 3216 fuit
2579 3160 3008 3233 argumentum?
3056 3158 3445 3227 Quzerebamus
3484 3172 3595 3226 quo

1991 3269 2151 3331 pacto
2179 3260 2320 3314 Deus
2344 3272 2374 3311 a
2409 3255 2671 3326 principio
2694 3255 2879 3326 generi
2921 3255 3157 3308 humano
3180 3250 3506 3321 provideret,
3535 3259 3593 3304 et

1992 3366 2101 3422 quo
2130 3357 2286 3419 pacto
2312 3362 2433 3418 qua:
2463 3346 2613 3400 utilia
2642 3345 2821 3400 forent
2846 3344 3089 3410 doceret,
3112 3357 3235 3397 cum
3286 3340 3447 3396 null:e
3491 3355 3597 3393 ex-

1992 3453 2201 3501 starent
2256 3443 2451 3509 literae,
2506 3456 2681 3509 neque
2722 3439 3018 3508 Scriptura:
3064 3436 3207 3490 data:
3251 3442 3436 3489 essent
3487 3449 3499 3483 :
3546 3443 3603 3485 et

1993 3537 2331 3593 ostendimus
2366 3551 2462 3605 per
2485 3531 2997 3603 contemplationem
3044 3537 3416 3585 creaturarum
3461 3525 3593 3579 illml

1993 3629 2060 3683 ad
2086 3628 2180 3684 Dei
2204 3626 2567 3697 cognitionem
2594 3639 2717 3681 esse
2739 3623 3028 3679 deductum
3060 3639 3073 3675 :
3101 3634 3209 3690 quo
3240 3628 3483 3687 tempore
3506 3632 3605 3671 vos

1998 3735 2104 3774 non
2130 3734 2289 3774 manu
2318 3717 2651 3788 prehensus,
2685 3724 2741 3770 at
2781 3722 2963 3769 mente
2993 3727 3090 3781 per
3113 3711 3419 3765 universam
3446 3722 3601 3762 crea-

1998 3819 2174 3866 turam
2206 3808 2542 3864 eircumduxi
2563 3848 2578 3871 ,
2602 3807 2794 3862 ca-lum
2820 3802 3139 3871 Ostendens,
3165 3812 3387 3867 terram,
3418 3814 3567 3854 mare
3592 3839 3609 3861 ,

1999 3902 2171 3968 lacus,
2201 3900 2397 3967 fontes,
2431 3898 2645 3965 fluvios,
2668 3911 2886 3967 aequora
2912 3897 3199 3959 immensa,
3224 3902 3396 3963 prata,
3420 3905 3606 3961 perna-

2000 3993 2101 4057 ria,
2129 3992 2386 4046 florentes
2416 4002 2650 4061 segetes,
2680 3988 2945 4044 fructibus
2972 3994 3198 4043 onustas
3223 3986 3478 4046 arbores,
3509 3983 3610 4037 ob-

2003 4092 2143 4138 tecta
2181 4082 2498 4138 neruoribns
2548 4080 2814 4135 montium
2855 4079 3131 4133 culmina:
3166 4086 3277 4130 tum
3300 4089 3515 4143 quoque
3544 4073 3612 4126 de

2001 4175 2299 4229 sentinibns
2323 4215 2337 4239 ,
2370 4172 2439 4228 de
2469 4172 2732 4235 oleribus,
2756 4170 2826 4225 de
2874 4168 3119 4232 ﬂoribus,
3150 4167 3220 4221 de
3264 4165 3459 4235 plantis
3502 4174 3612 4218 tam

2004 4268 2297 4322 fructuosis
2349 4281 2513 4335 quam
2567 4261 2945 4326 infructuosis,
2978 4260 3048 4315 de
3102 4259 3297 4315 bestiis
3344 4258 3619 4313 cicuribus

2004 4359 2165 4415 simul
2196 4368 2251 4412 et
2279 4356 2584 4428 agrestibus
2604 4397 2620 4423 ,
2652 4353 2977 4425 aquatilibus
3000 4362 3058 4408 et
3102 4351 3469 4412 terrestribus,
3492 4366 3613 4421 qua:

2005 4450 2268 4520 ancipites
2312 4448 2364 4503 in
2403 4458 2631 4517 utraque
2659 4447 2789 4500 sede
2832 4447 3055 4509 vivunt,
3088 4443 3158 4499 de
3188 4444 3253 4498 iis
3278 4459 3400 4513 qua:
3426 4458 3608 4497 acrem

2010 4544 2202 4611 pennis
2256 4551 2482 4605 secant,
2516 4541 2585 4595 de
2632 4540 2741 4594 illis
2790 4554 2911 4607 qua:
2963 4538 3113 4593 humi
3158 4548 3387 4607 repunt,
3440 4536 3619 4605 deque

2013 4636 2145 4704 ipsis
2170 4632 2357 4688 mundi
2384 4631 2673 4688 elementis
2701 4631 2866 4685 multa
2900 4629 3136 4684 disserui
3161 4670 3177 4693 ,
3206 4639 3261 4683 et
3294 4628 3347 4681 in
3390 4627 3617 4697 singulis

2013 4742 2114 4779 una
2132 4740 2266 4781 voce
2279 4722 2876 4779 simulacclamabamus
2894 4735 3107 4786 omnes,
3127 4735 3251 4774 cum
3267 4734 3420 4773 Illells
3437 4728 3621 4772 nostra

2013 4827 2093 4871 tot
2118 4818 2412 4872 immensas
2428 4830 2559 4885 opes
2583 4828 2779 4884 capere
2803 4829 2908 4867 non
2942 4822 3125 4883 posset
3150 4831 3163 4866 ;
3197 4812 3364 4879 Quam
3394 4812 3624 4880 inagm'ri-

2012 4921 2128 4963 cnta
2151 4919 2267 4964 sunt
2286 4924 2441 4977 opera
2464 4916 2572 4962 tim.
2609 4904 2823 4958 Domine
2841 4906 2861 4957 .'
2885 4904 3056 4957 omnia
3086 4904 3138 4956 in
3170 4904 3419 4972 sapientia
3445 4903 3609 4970 fecisti

2016 5002 2190 5073 (Paul.
2223 5002 2315 5057 9i.
2346 5000 2427 5070 6).
2460 5000 2642 5067 Neque
2671 5013 2797 5050 vero
2829 5006 3049 5066 propter
3077 4994 3472 5049 multitudinem
3504 5003 3627 5048 tan-

2021 5104 2129 5146 tum
2163 5093 2253 5146 Dei
2282 5088 2603 5159 sapientiam
2633 5088 2982 5151 mirabamur,
3012 5086 3104 5141 sed
3143 5095 3197 5139 et
3237 5096 3454 5155 propter
3482 5094 3629 5137 utra-

2017 5202 2122 5255 que
2146 5184 2261 5239 haxc
2287 5184 2413 5249 duo,
2439 5182 2579 5252 quod
2606 5189 2659 5235 et
2687 5180 2964 5249 pulchram
3005 5188 3059 5232 et
3088 5194 3335 5247 magnam
3365 5186 3419 5231 et
3447 5176 3621 5229 admi-

2022 5280 2247 5334 rabilem
2279 5276 2580 5331 condiderit
2607 5286 2930 5339 creaturam,
2974 5282 3027 5327 et
3066 5270 3206 5341 quod
3256 5273 3419 5323 inunita
3454 5270 3625 5322 imbe-

2020 5374 2260 5427 cillitatis
2292 5372 2407 5437 ejus
2447 5368 2641 5422 iudicia
2675 5367 2834 5421 rebus
2865 5380 2983 5433 qnze
3019 5373 3313 5419 cernuntur
3352 5360 3625 5422 indidt‘rit,

2023 5475 2133 5518 tum
2158 5474 2215 5518 ut
2237 5465 2304 5516 ob
2332 5462 2647 5531 sapientiam
2669 5459 2932 5523 laudetur,
2964 5467 3123 5527 atque
3150 5456 3215 5509 ad
3240 5455 3442 5509 cultum
3467 5468 3623 5505 suum

2020 5573 2115 5612 eos
2158 5557 2247 5626 qui
2293 5562 2522 5607 cernunt
2560 5552 2793 5614 alliciat;
2828 5560 2938 5603 tum
2974 5567 3038 5603 ne
3079 5548 3335 5601 Creatorc
3380 5544 3627 5604 dimisso,

2023 5652 2109 5720 qui
2144 5648 2593 5721 pulchritmlinent
2625 5662 2687 5698 ac
2718 5644 3140 5712 magnitudinem
3173 5641 3386 5695 illarum
3417 5640 3625 5690 intuen-

2088 5764 2160 5825 (τι)
2194 5764 2323 5815 ἱῖωιτ,
2344 5776 2455 5819 quze
2472 5760 2529 5807 ad
2553 5761 2694 5825 hujus
2721 5757 2931 5825 humilia)
2949 5756 3129 5805 habita:
3147 5756 3629 5814 tcmpuspcrtment.

2027 5823 2247 5893 Illlllnllt“
2274 5837 2572 5875 οξλιιιδςιιιιιιιδ
2598 5824 2643 5870 tu
2674 5823 2844 5869 )lunito
2870 5834 3028 5881 δυμη.
