4186 6324
571 404 675 457 635

572 527 676 578 tur,
706 530 756 581 pi
787 530 801 561 ι
825 512 912 565 illo
940 527 1024 564 res
1051 511 1216 564 oculis
1237 510 1502 576 Sttltjectas
1531 508 1774 570 adorent,
1806 522 1925 558 t'llzll
1951 520 2012 557 ea
2036 518 2156 574 qua:

571 609 624 660 in
659 608 760 660 illis
790 613 1009 675 apparet
1039 602 1398 667 imbecillitas,
1429 601 1690 670 ejusmodi
1732 599 1999 669 corrigere
2029 613 2154 667 pos-

569 701 640 753 sit
670 712 928 752 errorem.
973 695 1099 749 Item
1141 710 1248 763 quo
1289 703 1443 763 pacto
1473 703 1714 747 creatura
1746 692 1921 745 omnis
1962 705 2155 744 corru-

572 789 737 858 ptioui
765 796 846 840 est
875 786 1123 850 obnoxia,
1157 795 1209 838 et
1239 784 1304 839 ad
1333 784 1605 839 meliorem
1647 783 1880 852 Speciem
1927 778 2156 834 transfe-

573 890 739 941 rc-tur,
773 877 958 949 majori
987 879 1155 948 gloria
1188 877 1512 947 perfruetur,
1545 885 1598 931 et
1624 875 1856 945 quando,
1885 884 1939 927 et
1968 889 2154 944 quare,

569 982 618 1024 et
651 985 744 1024 cur
773 971 1001 1022 obnoxia
1030 969 1360 1040 corruptioni
1383 971 1446 1021 sil
1473 968 1634 1031 edita,
1657 978 1818 1035 atque
1842 965 1956 1019 hrec.
1976 964 2158 1019 omnia

573 1072 683 1114 tum
727 1059 866 1130 apud
912 1076 1005 1114 vos
1049 1059 1572 1128 philosophabamur,
1622 1059 1821 1126 Deique
1865 1057 2155 1124 potentiam

574 1151 699 1205 inde
738 1151 1256 1213 demonstrabamus,
1289 1150 1428 1219 quod
1469 1151 1518 1203 in
1572 1149 2009 1218 corruptibilibus
2037 1163 2160 1203 cor-

573 1243 791 1312 poribus
823 1251 1020 1296 tantam
1052 1241 1347 1294 condiderit
1390 1240 1858 1310 pulchritudinem,
1901 1255 2059 1309 quam
2105 1247 2161 1294 et

575 1351 604 1384 a
663 1333 920 1402 principio
950 1332 1087 1384 Deus
1114 1333 1215 1385 illis
1243 1332 1502 1393 attribuit,
1533 1331 1788 1393 siderum,
1832 1330 1947 1384 cadi
1987 1339 2041 1384 et
2066 1344 2159 1383 so»-

571 1423 656 1477 lis.
682 1422 817 1476 \‘ere
848 1437 1075 1489 namque
1096 1423 1274 1475 mirari
1305 1436 1609 1492 possumus.
1642 1436 1744 1490 qua
1776 1420 2002 1480 ratione.
2035 1434 2155 1470 cum

571 1521 650 1566 tot
672 1511 798 1566 anui
827 1513 936 1566 sint
964 1513 1148 1580 elapsi,
1184 1512 1310 1566 nihil
1341 1513 1444 1567 tale
1472 1513 1578 1566 sint
1599 1526 1772 1581 passa,
1798 1511 1953 1580 quale
1977 1520 2156 1562 ni‘stra

571 1617 798 1671 corpora
848 1601 1139 1670 patiuntur,
1179 1617 1350 1670 neque
1395 1609 1670 1656 senectute
1714 1601 1919 1655 reddita
1965 1600 2160 1653 fuerint

585 1693 948 1758 imbecilliora,
993 1707 1164 1761 neque
1197 1692 1382 1746 morbo
1412 1693 1494 1745 vel
1524 1692 1836 1762 mgritudine
1862 1692 2033 1759 aliqua
2061 1692 2162 1744 dc-

571 1782 775 1837 bilitata
805 1784 932 1846 sint,
965 1782 1057 1836 sed
1085 1783 1190 1836 vim
1217 1797 1278 1837 ac
1302 1781 1746 1853 pulchritudinem
1774 1797 1954 1844 suam,
1975 1797 2156 1852 quam,

575 1883 630 1927 ut
653 1882 776 1929 ante
801 1873 929 1940 dixi,
961 1874 1098 1928 Deus
1128 1875 1232 1929 illis
1257 1875 1592 1940 attribuerat,
1622 1889 1907 1942 perennem
1938 1887 2080 1926 cons
2103 1888 2160 1926 ro

570 1971 719 2027 vent,
749 1973 803 2018 ct
823 1979 995 2033 neque
1015 1964 1144 2019 solis
1170 1973 1544 2034 consumptum
1567 1963 1637 2018 sit
1661 1963 1860 2026 lumen,
1893 1979 2065 2029 neque
2088 1961 2161 2015 si-

571 2056 757 2110 derum
781 2054 1033 2125 splendor
1053 2057 1391 2123 obscuratus,
1418 2071 1589 2124 neque
1608 2056 1723 2109 caeli
1747 2054 1917 2124 fulgor
1938 2053 2161 2108 efﬂuxe-

574 2147 665 2211 rit,
698 2162 803 2201 non
832 2147 998 2202 maris
1027 2149 1238 2202 termini
1267 2148 1384 2202 loco
1413 2147 1538 2201 moti
1569 2147 1694 2204 sint.
1731 2163 1833 2198 non
1867 2155 2021 2199 terra:
2051 2145 2160 2198 vir-

575 2247 662 2293 tus
689 2237 756 2292 ad
786 2248 968 2308 partus
992 2253 1199 2293 annuos
1227 2238 1490 2293 fructuum
1520 2235 1757 2292 edendos
1785 2236 2044 2290 exstincta
2070 2235 2160 2288 sit.

579 2330 704 2384 “me
732 2340 910 2383 autem
942 2331 1120 2384 omnia
1165 2331 1491 2400 corruptioni
1519 2343 1638 2383 esse
1663 2328 1893 2383 obnoxia
1930 2345 2051 2380 eum
2095 2343 2159 2381 ex

573 2421 890 2485 rationibus,
929 2433 1037 2474 tum
1077 2438 1144 2476 ex
1182 2421 1352 2477 sacris
1385 2421 1580 2478 Literis
1605 2419 2095 2473 demonstravimus
2143 2436 2156 2471 :

575 2511 795 2579 pulchra
825 2528 954 2566 vero
984 2513 1069 2566 illa
1095 2525 1215 2567 esse
1253 2527 1315 2566 ac
1344 2513 1620 2580 splendida
1657 2525 1916 2579 suumque
1946 2525 2163 2580 semper

571 2603 835 2673 integrum
885 2603 1118 2672 \igorem
1160 2619 1448 2658 conservas
1477 2618 1536 2667 e,
1586 2602 1928 2673 quotidianus
1973 2617 2161 2656 eorum

572 2694 661 2764 qui
687 2703 912 2748 cernunt
942 2704 1167 2751 testatur
1191 2705 1460 2764 aSpectus,
1491 2694 1542 2748 in
1590 2707 1697 2762 quo
1741 2693 1968 2746 maxime
1994 2692 2167 2746 admio

573 2785 772 2840 randus
800 2796 880 2840 est
912 2787 1072 2852 Deus,
1115 2788 1204 2856 qui
1249 2787 1327 2841 sic
1365 2801 1425 2839 ea
1466 2785 1532 2840 ab
1575 2783 1725 2838 initio
1758 2783 2015 2838 condidit.
2055 2782 2162 2838 Sed

573 2879 848 2946 quoniam,
888 2880 1015 2934 dum
1054 2881 1166 2934 ba‘e
1194 2897 1221 2932 a
1266 2880 1418 2934 nobis
1457 2878 1635 2933 dicere
1676 2886 1782 2938 tur.
1825 2877 2166 2946 refmgabau-

579 2979 667 3024 tur
695 2970 930 3024 nonnulli
958 2971 1195 3026 dicentes
1229 2988 1241 3024 :
1274 2971 1432 3040 Igitur
1469 2970 1706 3024 onmium
1735 2986 1853 3038 qua:
1877 2969 1976 3023 sub
2004 2984 2162 3038 aspe-

576 3070 718 3113 clum
741 3059 956 3127 cadunt,
982 3060 1293 3115 vilissimum
1317 3069 1401 3115 est
1424 3061 1601 3125 homo,
1624 3059 1885 3129 siquidem
1907 3060 2022 3113 czrli
2044 3073 2165 3114 cor-

579 3167 700 3221 pus,
731 3161 907 3215 terraz,
940 3153 1090 3217 solis,
1117 3163 1174 3209 et
1199 3155 1437 3208 omnium
1467 3153 1698 3208 siderum
1745 3162 1892 3206 tanto
1927 3165 2165 3221 tempore

577 3241 806 3306 duravit,
843 3242 929 3296 hic
967 3257 1095 3297 vero
1125 3252 1246 3313 post
1278 3257 1446 3296 annos
1477 3243 1812 3312 septuaginta
1854 3241 2166 3297 dissolvitur

578 3341 738 3404 atque
771 3333 952 3390 interit
983 3352 997 3388 :
1029 3335 1258 3405 primum
1295 3334 1506 3404 quidem
1535 3334 1662 3388 illud
1693 3334 2013 3400 dixerimus,
2055 3349 2166 3388 non

577 3432 746 3478 totum
775 3424 972 3480 animal
1002 3425 1243 3490 dissolvi,
1287 3426 1381 3480 sed
1419 3426 1737 3495 praecipuam
1769 3425 2042 3496 magisque
2071 3441 2168 3478 ne.

575 3516 861 3571 cessariam
887 3528 1088 3588 partem
1117 3529 1376 3590 perpetuo
1405 3531 1644 3588 manere,
1675 3520 1907 3574 animam
1941 3521 2164 3574 immor-

577 3606 760 3672 talem,
790 3622 909 3677 qua:
933 3607 1095 3664 nullis
1123 3609 1385 3678 ejusmodi
1431 3609 1630 3664 morbis
1658 3619 1738 3664 est
1767 3609 2016 3675 obnoxia,
2061 3609 2165 3664 mi-

574 3713 761 3752 norem
789 3705 967 3755 autem
987 3700 1316 3769 corruptioni
1341 3716 1461 3756 esse
1481 3701 1767 3755 obnoxiam
1797 3718 1810 3755 :
1843 3699 2039 3756 deinde
2060 3702 2164 3757 hoc

578 3790 749 3856 ipsum
797 3788 1054 3860 majorem
1101 3791 1298 3846 cedere
1343 3793 1496 3846 nobis
1548 3794 1600 3847 iit
1654 3792 1934 3847 honorem.
1984 3793 2168 3863 Neque

579 3878 721 3934 enim
751 3889 972 3944 temere,
1009 3881 1094 3936 rel
1134 3883 1251 3937 sine
1289 3898 1470 3950 causa,
1505 3884 1598 3938 sed
1642 3896 1698 3938 et
1731 3883 1878 3954 juste
1917 3894 2076 3954 atque
2115 3887 2166 3941 in

580 3984 691 4025 rem
719 3980 952 4027 nostram
981 3981 1036 4028 et
1071 3983 1399 4029 senectutem
1429 3985 1483 4028 et
1525 3976 1739 4030 morbos
1769 3977 2095 4032 sustinemus
2137 3994 2154 4034 :

579 4059 716 4122 iuste
742 4061 978 4132 quidem,
1006 4063 1147 4133 quod
1178 4065 1230 4118 iu
1281 4075 1555 4134 peccatum
1593 4066 1726 4137 lapsi
1765 4065 2020 4123 fuerimus
2051 4086 2064 4122 :
2115 4071 2166 4123 in

579 4166 693 4205 rem
723 4161 957 4206 nostram
983 4163 1183 4222 autem,
1214 4164 1268 4209 nt
1309 4155 1596 4226 ingenitam
1645 4157 1799 4212 nobis
1841 4173 1907 4213 ex
1958 4158 2165 4228 ignavia

578 4244 882 4313 superbiam
914 4261 1008 4316 per
1034 4245 1132 4300 hos
1175 4247 1415 4304 defectus
1442 4264 1506 4303 ac
1541 4249 1757 4303 morbos
1797 4250 2164 4305 retundamus.

579 4332 696 4388 Non
743 4335 900 4404 igitur
952 4347 1007 4391 ut
1057 4338 1379 4392 contumelia
1433 4354 1532 4395 nos
1583 4337 1854 4404 afliceret,
1911 4339 2010 4394 hoc
2054 4341 2168 4395 fieri

581 4427 826 4494 permisit
867 4428 1027 4484 Deus.
1074 4429 1129 4484 Si
1173 4433 1314 4485 enim
1357 4429 1572 4487 allicere
1610 4432 1931 4486 contumelia
1973 4433 2170 4488 voluis-

580 4528 683 4583 set,
725 4535 829 4574 nou
863 4521 1215 4578 immortalem
1245 4538 1366 4578 esse
1393 4523 1626 4577 animam
1658 4535 1894 4578 nostram
1933 4525 2168 4580 sivisset.

577 4607 687 4664 Sed
719 4625 914 4682 neque,
943 4613 1086 4684 quod
1128 4614 1392 4684 impotens
1421 4623 1586 4681 esset,
1631 4615 1734 4670 tale
1773 4627 2014 4670 nostrum
2043 4631 2169 4670 cor-

583 4714 682 4769 pus
724 4699 923 4756 effecit.
967 4703 1174 4758 l-Ztenim
1215 4706 1258 4759 si
1305 4705 1577 4761 imbecillis
1621 4716 1788 4774 esset,
1839 4721 2168 4778 nequaquam

583 4789 775 4844 malum
805 4800 862 4848 et
888 4792 1085 4858 sidera,
1112 4802 1169 4848 et
1191 4806 1349 4849 terra:
1373 4810 1568 4866 corpus
1597 4807 1744 4852 tanto
1767 4791 2008 4867 tempore
2033 4800 2170 4855 tueri

583 4881 639 4934 in
675 4895 857 4935 rerum
897 4890 1082 4936 natura
1113 4883 1372 4952 potuisset
1405 4902 1418 4936 :
1446 4885 1538 4939 sed
1568 4895 1624 4939 ut
1651 4901 1749 4940 nos
1774 4888 2022 4942 meliores
2052 4906 2169 4942 mo-

582 4971 986 5042 deratiorcsque
1033 4971 1282 5028 redderet
1323 4974 1532 5044 sibique
1576 4977 1744 5045 magis
1794 4977 2168 5046 obsequentes,

581 5063 733 5132 quod
756 5065 931 5119 omnis
963 5065 1117 5120 nobis
1162 5065 1348 5121 salutis
1381 5069 1717 5122 occasionem
1758 5070 1999 5139 largitur.
2048 5071 2174 5124 Pro-

585 5167 769 5227 pterea
796 5172 901 5211 non
932 5157 1135 5226 effecit,
1159 5170 1215 5213 ut
1251 5171 1343 5214 aut
1378 5172 1650 5216 senectute
1689 5165 1906 5226 czelum,
1935 5177 2020 5217 aut
2055 5163 2173 5219 aliis

583 5247 906 5315 quibusdam
953 5247 1153 5304 talibus
1196 5250 1396 5302 morbis
1438 5251 1817 5320 corriperetur.
1862 5253 1999 5307 Cum
2028 5254 2172 5308 enim

587 5339 757 5394 libero
794 5339 1016 5394 arbitrio
1052 5342 1124 5394 sit
1162 5351 1215 5395 et
1252 5344 1430 5395 anima
1459 5341 1794 5409 destitutum,
1834 5361 2006 5416 neque
2045 5362 2176 5416 pec-

586 5445 734 5494 care,
757 5446 930 5501 neque
957 5444 1102 5487 reete
1125 5448 1284 5503 agere
1309 5442 1485 5503 potest
1509 5453 1522 5490 :
1555 5436 1694 5490 unde
1715 5453 1885 5506 neque
1910 5439 2172 5507 ejusmodi

589 5522 966 5578 emendatione
995 5523 1070 5578 illi
1098 5533 1182 5580 est
1215 5540 1351 5596 opus
1389 5543 1405 5580 :
1436 5526 1593 5581 nobis
1626 5539 1802 5583 autent
1837 5530 1927 5599 qui
1969 5531 2175 5585 ratione

586 5626 772 5668 sumus
812 5623 869 5668 et
902 5613 1078 5668 anima
1109 5617 1376 5680 exornati,
1417 5619 1774 5672 necessarium
1813 5617 1930 5679 fuit,
1975 5630 2033 5673 ut
2079 5636 2175 5688 per

589 5703 687 5758 bas
714 5705 1049 5763 inﬁrmitates
1076 5710 1395 5780 morbosque
1425 5711 1684 5766 modestia
1715 5722 1766 5765 et
1800 5712 2067 5766 humilitas
2095 5714 2174 5766 in-

589 5808 955 5866 generaretur,
985 5801 1410 5870 quandoquide
1445 5816 1476 5854 a
1517 5802 1770 5873 principio
1814 5819 1920 5872 prae
1965 5805 2175 5860 ιςιυιςιις

1304 397 1358 450 S.
1400 395 1675 452 JO.\N.\'IS
1699 389 2172 447 Clllll’SOSTOlll
2217 389 2531 444 ARCIIIEI‘.
2571 388 3103 445 CONSTANTINOP.

3751 386 3854 441 635

2265 505 2517 556 otnnibus
2563 503 2768 572 primus
2810 503 2971 556 homo
3000 503 3157 556 fuerit
3204 502 3255 557 in
3308 502 3613 572 superbiam
3664 503 3856 556 elatus.

2267 597 2517 666 Alioquin
2549 597 2591 649 si
2620 594 3070 665 quemadmodum
3103 604 3283 649 nostra
3311 611 3564 668 corpora,
3589 597 3674 653 sie
3696 603 3858 648 etiam

2264 686 2451 740 Czl‘lllm
2497 687 2844 741 constitutum
2895 685 3082 739 fuisset
3123 701 3188 741 ac
3232 690 3493 740 sencctuzl
3540 687 3858 744 obnoxium,

2265 778 2414 831 multi
2450 778 2793 832 Conditorem
2837 777 3220 832 imbecillitatis
3262 787 3627 840 accusassent,
3672 784 3730 830 ut
3768 777 3859 843 qni

2266 868 2486 923 minium
2514 879 2691 938 posset
2719 885 2882 923 unum
2909 884 3106 940 corpus
3148 870 3199 923 in
3238 870 3432 923 multos
3460 885 3724 923 annoium
3757 869 3863 924 cir—

2264 961 2440 1014 cuitus
2477 975 2801 1015 conservare
2841 977 2854 1012 :
2893 960 3002 1029 jam
3044 976 3174 1015 vero
3204 960 3421 1030 praecisa
3469 969 3554 1015 est
3601 961 3706 1016 illis
3745 961 3864 1014 haec

2265 1054 2509 1116 occasio,
2565 1066 2688 1106 cum
2738 1060 2886 1106 tanto
2938 1060 3178 1120 tempore
3219 1066 3380 1121 opera
3435 1051 3603 1120 ipsius
3644 1065 3866 1122 perma-

2266 1151 2446 1198 neant.

2338 1236 2392 1290 5.
2434 1234 2650 1290 Accedit
2675 1233 2740 1288 ad
2768 1248 2829 1288 ea
2856 1249 2976 1304 qua:
3000 1235 3253 1297 diximus,
3275 1233 3416 1304 quod
3448 1251 3552 1286 non
3584 1234 3724 1288 intra
3758 1234 3864 1286 hoc

2264 1325 2520 1378 smeulnm
2548 1339 2635 1379 res
2657 1335 2854 1378 nostra:
2882 1324 3198 1388 subsistunt,
3233 1324 3327 1378 sed
3362 1335 3644 1395 postquam
3675 1326 3727 1378 in
3762 1326 3866 1379 hac

2265 1416 2369 1468 vita
2411 1416 2575 1485 probe
2613 1415 2874 1470 fuerimus
2908 1415 3178 1484 castigati,
3211 1415 3402 1484 majori
3421 1430 3647 1485 corpora
3679 1425 3866 1470 nostra

2265 1523 2387 1563 cum
2419 1509 2586 1577 gloria
2617 1517 2918 1577 resurgent,
2946 1516 3001 1562 et
3029 1508 3185 1572 caelo,
3214 1507 3329 1561 sole
3351 1522 3415 1561 ac
3447 1509 3660 1562 ceteris
3683 1508 3869 1562 omni-

2267 1601 2364 1653 bus
2390 1599 2750 1667 splendidiora
2781 1609 3091 1663 cernentur,
3139 1607 3192 1652 et
3233 1599 3300 1654 ad
3343 1599 3618 1653 meliorem
3658 1609 3865 1654 sortem

2265 1693 2734 1761 conditionemque
2775 1691 3184 1746 transferentur.
3215 1689 3367 1746 Unus
3404 1706 3533 1761 ergo
3561 1691 3756 1746 modus
3778 1700 3867 1747 est

2266 1782 2584 1852 cognitionis
2611 1782 2705 1836 Dei
2728 1824 2742 1845 ,
2776 1797 2870 1851 per
2906 1782 3208 1836 universam
3240 1797 3433 1853 nempe
3478 1799 3659 1838 rerum
3706 1793 3867 1839 natu-

2269 1889 2424 1928 ram:
2467 1874 2602 1928 alter
2639 1889 2767 1927 vero
2808 1873 2976 1927 nihilo
3025 1873 3219 1936 minor,
3269 1873 3314 1926 is
3357 1889 3514 1942 quem
3558 1875 3869 1943 suppeditat

2265 1963 2614 2028 conscientia,
2647 1977 2803 2033 quem
2847 1965 3018 2034 ipsum
3053 1973 3177 2018 tunc
3205 1964 3446 2032 pluribus
3476 1965 3653 2019 verbis
3693 1983 3865 2034 expo-

2266 2056 2502 2116 suinms,
2541 2055 2804 2124 simulque
2844 2056 3178 2110 ostendimus
3219 2056 3431 2110 insitam
3468 2070 3589 2111 esse
3633 2057 3789 2112 nobis
3833 2075 3866 2112 a

2268 2156 2454 2200 natura
2486 2148 2741 2201 bonarum
2771 2149 3136 2217 malarumque
3165 2163 3344 2202 rerum
3375 2149 3759 2219 cognitionem.
3808 2161 3868 2206 ct

2266 2239 2647 2293 conscientiam
2683 2240 2836 2293 nobis
2877 2239 3101 2294 interius
3127 2239 3242 2294 h:ec
3277 2251 3467 2294 cuncta
3494 2238 3720 2295 dictare.
3753 2242 3868 2295 Du.

2267 2330 2462 2398 quippe
2489 2329 2643 2383 nobis
2669 2345 2698 2382 a
2724 2330 2984 2400 principio
3008 2330 3115 2384 dati
3141 2339 3260 2383 sunt
3302 2347 3329 2381 a
3363 2339 3550 2384 natura
3590 2331 3866 2395 doctores.

2266 2429 2532 2484 creatura,
2563 2428 2617 2474 et
2643 2418 2991 2484 conscientia,
3019 2419 3108 2489 qui
3135 2420 3252 2474 siue
3294 2434 3425 2474 Voce
3465 2420 3572 2474 ulla
3615 2420 3869 2475 homines

2268 2511 2634 2567 instituebant.
2665 2510 2796 2565 Nam
2823 2522 2878 2566 et
2907 2522 3150 2566 creatura
3191 2521 3483 2582 conspectu
3511 2526 3610 2567 suo
3650 2525 3868 2582 specta-

2270 2614 2439 2658 torem
2464 2602 2915 2673 obstupefaciens,
2946 2604 3092 2658 illutn
3114 2612 3302 2657 cuncta
3324 2614 3633 2658 cernentem
3656 2604 3723 2658 ad
3746 2603 3869 2673 ejus

2267 2693 2357 2763 qui
2391 2693 2557 2762 ipsam
2586 2693 2826 2749 condidit
2851 2692 3258 2748 admirationem
3283 2694 3509 2749 traducit
3536 2711 3550 2748 :
3582 2696 3869 2750 conscien-

2271 2787 2340 2840 tia
2380 2801 2528 2848 t'ero,
2568 2802 2686 2856 quae
2717 2787 2858 2841 intus
2892 2786 3078 2851 dictat,
3111 2787 3291 2839 omnia
3316 2801 3436 2855 qua:
3471 2785 3710 2841 facienda
3740 2797 3869 2840 sunt

2267 2877 2522 2946 suggerit,
2564 2876 2788 2945 ejusque
2823 2877 3074 2931 virtutem
3116 2886 3172 2931 et
3197 2875 3457 2944 judicium
3502 2891 3568 2930 ex
3617 2875 3738 2947 ipso
3777 2891 3863 2930 re-

2269 2984 2386 3022 rum
2425 2977 2643 3037 aspectu
2673 2968 3144 3037 deprehendimus.
3181 2968 3314 3021 Dum
3337 2969 3480 3022 enim
3509 2967 3652 3022 intus
3681 2983 3871 3037 pecea-

2270 3071 2379 3115 tum
2423 3072 2658 3120 accusat,
2701 3062 2902 3114 vultum
2951 3060 3231 3115 confundit
3274 3062 3536 3126 exterius,
3586 3075 3650 3115 ac
3698 3061 3868 3113 multo

2269 3168 2502 3208 mturorc
2526 3153 2778 3222 complet.
2809 3151 3018 3206 Rursus
3061 3150 3288 3220 pallidos
3317 3150 3493 3205 reddit
3536 3160 3589 3203 ι·ι
3620 3151 3867 3219 pavidos,

2269 3257 2390 3296 cum
2424 3243 2476 3296 in
2521 3257 2582 3297 re
2605 3243 2780 3312 aliqua
2812 3243 2950 3311 turpi
2990 3234 3253 3296 fuerimus
3281 3240 3632 3310 deprehensi;
3680 3257 3865 3295 νυουιιι

2271 3348 2375 3388 non
2406 3334 2674 3397 audimus,
2703 3335 2797 3389 sed
2827 3350 2918 3402 per
2947 3342 3235 3388 externum
3271 3343 3545 3401 aspectqu
3581 3333 3866 3403 ingenera-

2271 3433 2378 3478 tam
2411 3424 2552 3478 intus
2573 3425 2990 3495 indignationem
3019 3424 3464 3492 contemplemur.
3495 3422 3629 3478 Cum
3658 3424 3740 3478 his
3764 3439 3864 3477 au-

2272 3524 2379 3571 tem
2405 3514 2612 3569 duobus
2634 3515 2848 3569 tertium
2871 3529 3085 3584 quoque
3108 3513 3386 3568 doctorem
3406 3529 3437 3568 a
3469 3513 3561 3569 Dei
3584 3514 3868 3584 providen-

2272 3607 2341 3661 tia
2373 3605 2534 3661 fuisse
2576 3605 2886 3676 adjunctum
2933 3605 3107 3659 oratio
3147 3604 3571 3671 demonstrabat,
3621 3619 3726 3659 non
3751 3605 3866 3674 jam

2272 3711 2475 3754 mutmn
2518 3708 2576 3752 ut
2620 3699 2846 3770 priores,
2889 3696 2984 3751 sed
3024 3697 3113 3767 qui
3154 3711 3430 3763 sermone,
3473 3695 3865 3763 admonitione,

2271 3790 2496 3845 causilio
2521 3789 2756 3842 animtnn
2788 3797 3028 3842 nostrum
3049 3796 3414 3856 componeret.
3428 3784 3559 3856 Quis
3585 3787 3674 3840 ille
3706 3803 3869 3857 porro

2271 3883 2391 3937 est?
2420 3879 2519 3951 Qui
2544 3880 2832 3935 attributus
2853 3889 2936 3935 est
2965 3878 3250 3948 unicuique
3271 3883 3510 3933 nascenti
3542 3889 3713 3947 pater.
3743 3878 3869 3933 Ideo

2274 3991 2501 4046 namque
2529 3974 2652 4030 fecit
2680 3975 2837 4037 Deus,
2871 3983 2927 4028 ut
2965 3989 2995 4026 a
3042 3972 3353 4044 parentibus
3392 3971 3762 4043 diligeremur,
3811 3981 3870 4026 ut

2275 4082 2630 4140 prwptores
2667 4069 2878 4124 virtutis
2909 4067 3246 4122 haberemus.
3278 4065 3392 4122 Non
3431 4067 3576 4122 enim
3614 4067 3870 4139 genuisse

2275 4171 2478 4216 tantum
2525 4172 2732 4231 patrem
2772 4160 2960 4227 efﬁcit,
2996 4160 3092 4215 sed
3123 4168 3269 4216 recte
3299 4159 3593 4215 instituisse
3637 4177 3652 4213 :
3696 4174 3871 4230 neque

2273 4252 2545 4322 peperisse
2584 4261 2810 4317 tantum,
2851 4252 2946 4306 sed
2984 4262 3128 4307 recte
3170 4251 3430 4307 educasse
3475 4260 3701 4307 matrem
3749 4251 3872 4306 nal-

2272 4344 2371 4400 dit.
2397 4345 2573 4416 Atque
2598 4344 2700 4400 hoc
2727 4360 2914 4399 verum
2943 4360 3083 4407 esse,
3118 4357 3292 4414 neque
3331 4351 3602 4409 naturam,
3629 4343 3728 4398 sed
3759 4342 3869 4396 vir-

2275 4443 2442 4491 tutem
2497 4445 2677 4506 patres
2718 4433 2955 4501 edicere,
3003 4435 3404 4490 conﬁtebuntur
3449 4443 3699 4504 parentes
3744 4435 3873 4504 ipsi.

2274 4524 2415 4580 Sane
2439 4525 2656 4596 quidem
2687 4524 2824 4580 lilios
2855 4538 2985 4580 suos
3023 4538 3169 4592 sape
3193 4539 3316 4579 cum
3355 4522 3663 4592 depravatis
3707 4524 3874 4578 mori-

2278 4617 2379 4671 bus
2423 4631 2546 4672 esse
2586 4615 2844 4681 viderint,
2895 4625 3057 4687 atque
3104 4616 3157 4670 in
3203 4616 3601 4686 improbitatem
3637 4614 3875 4686 degene-

2279 4721 2449 4775 rasse,
2489 4724 2555 4763 ex
2601 4723 2822 4764 suorum
2849 4707 2970 4763 illos
2991 4717 3342 4777 cognatorum
3373 4721 3599 4762 numero
3621 4706 3872 4776 ejiciunt,

2276 4797 2545 4862 abdicant,
2586 4799 2722 4853 alios
2763 4798 2864 4854 sibi
2911 4796 3170 4868 adoptant
3215 4797 3373 4862 filios,
3427 4796 3517 4866 qui
3572 4796 3714 4850 nulla
3768 4798 3872 4852 sibi

2279 4897 2432 4943 erant
2458 4888 2853 4958 propinquitate
2871 4887 3165 4959 conjuncti.
3198 4889 3280 4941 An
3304 4901 3434 4941 vero
3453 4886 3746 4957 quidquam
3768 4886 3875 4943 hoc

2282 4982 2393 5035 fieri
2429 4992 2604 5050 potest
2630 4981 2949 5043 mirabilius,
2977 4995 3136 5050 quam
3164 4988 3221 5033 ut
3249 4994 3385 5049 quos
3413 4989 3731 5048 genueram,
3772 4978 3876 5047 eji-

2277 5077 2418 5130 ciant
2453 5091 2465 5128 :
2494 5089 2628 5144 quos
2653 5083 2830 5129 autem
2857 5090 2962 5127 non
2987 5081 3304 5142 genuerunt,
3335 5073 3437 5126 sibi
3463 5072 3799 5128 adsciscam?

2350 5169 2517 5222 Liberi
2560 5168 2754 5221 arbitrii
2801 5168 2967 5236 major
3007 5167 3101 5232 ris,
3146 5183 3300 5236 quam
3338 5175 3567 5229 naturis;
3593 5165 3688 5231 ﬁlii
3727 5182 3872 5233 pro"

2278 5260 2578 5314 abdicantur
2606 5277 2638 5313 ι
2663 5257 3193 5330 parentium—Non
3219 5258 3338 5311 sine
3364 5270 3522 5310 causa
3569 5257 3713 5310 dicta
3745 5266 3872 5310 sinit

2281 5353 2447 5408 hazea
2479 5352 2655 5419 nobis,
2696 5350 2792 5406 sed
2837 5359 2894 5402 ut
2935 5350 3072 5404 scias
3115 5348 3374 5416 majorem
3414 5363 3536 5402 esse
3575 5347 3682 5400 vim
3715 5346 3868 5401 liberi

2278 5438 2482 5492 arbitrii
2511 5452 2670 5507 quam
2697 5444 2922 5499 natunc,
2951 5434 3300 5503 atqueipsam
3328 5434 3503 5501 potius
3532 5448 3694 5501 quam
3727 5431 3868 5485 illaut

2282 5538 2460 5596 patres
2503 5528 2722 5582 efficere
2763 5525 3130 5578 consuevisse.
3179 5523 3469 5579 Enimvero
3518 5521 3715 5576 diviua-
3768 5523 3870 5577 hoc

2279 5633 2413 5686 opus
2441 5618 2536 5671 fuit
2565 5615 2932 5684 providentiae,
2964 5624 3022 5668 ut
3042 5629 3215 5683 neque
3236 5611 3462 5667 naturali
3487 5612 3679 5666 affectu
3705 5612 3870 5668 desti-

2281 5720 2422 5765 tutos
2469 5710 2666 5766 liberos
2717 5709 3063 5778 relinqueret,
3108 5722 3285 5777 neque
3334 5717 3504 5761 totum
3558 5721 3745 5760 rursus
3791 5705 3865 5759 illi

2282 5805 2658 5859 committeret.
2696 5802 2752 5858 Si
2778 5802 2922 5857 cnim
2967 5800 3111 5856 nulla
3140 5800 3356 5871 penitus
3395 5798 3608 5872 impulsi
3635 5800 3866 5856 necessi-
