4178 6330
252 388 360 445 637

254 519 366 562 tate
394 515 599 562 natum-
635 504 770 558 lilios
796 516 920 555 suos
952 510 1198 570 parentes
1228 496 1477 551 diiecturi
1506 494 1756 560 fuissent,
1776 491 1870 547 sed

253 614 471 653 morum
513 596 782 667 probitate
828 603 1032 647 tantum
1076 603 1132 647 et
1180 600 1328 646 recte
1382 588 1643 643 factorum
1693 584 1873 639 studio

251 690 432 756 ducti,
462 690 663 744 multos
693 686 929 757 paternis
973 684 1178 739 :edibns
1225 691 1445 737 exactos
1488 680 1559 734 ob
1606 677 1872 749 ignaviam

254 800 438 848 suam,
479 790 760 852 totumque
794 794 967 849 genus
1000 778 1292 831 humanum
1324 774 1526 845 passim
1558 772 1873 827 distractum

255 891 325 932 se
346 874 667 943 dissipatum
695 872 944 927 vidisses.
975 868 1030 925 Si
1058 883 1246 923 rursus
1267 881 1382 921 rem
1411 852 1578 919 totam
1602 859 1871 933 tyrannidi

258 980 467 1021 natura:
489 964 871 1029 commisisset,
898 974 953 1015 et
980 978 1046 1015 ne
1070 959 1343 1030 improbos
1366 955 1583 1027 quidem
1605 954 1730 1009 odio
1750 966 1873 1022 pro-

267 1058 416 1130 tequi
448 1058 805 1127 permisisset,
850 1054 943 1107 sed
989 1054 1058 1106 ab
1099 1052 1200 1106 illis
1231 1048 1585 1105 contumelias
1621 1058 1676 1100 et
1719 1046 1876 1099 innu-

259 1167 415 1206 mera
448 1150 583 1204 mala
618 1147 760 1218 passi
811 1156 992 1215 patres
1031 1155 1236 1197 natura:
1278 1139 1599 1194 necessitate
1640 1134 1873 1189 devincti

261 1244 390 1297 ﬁliis
422 1244 472 1296 in
504 1256 563 1294 se
589 1236 998 1294 contumeliosis
1041 1250 1105 1288 ac
1148 1229 1604 1288 debacchantibus
1643 1223 1874 1282 blandiri

259 1353 374 1389 non
406 1341 735 1397 cessassent,
767 1331 833 1384 ad
864 1342 1135 1382 summum
1178 1323 1431 1395 nequitia:
1465 1322 1678 1374 culmen
1706 1332 1876 1386 genus

263 1429 562 1480 lmmanum
592 1432 900 1495 provectum
925 1428 1087 1475 esset.
1113 1417 1244 1472 Nam
1268 1416 1313 1469 si
1340 1428 1485 1469 nunc
1506 1428 1629 1466 cum
1655 1409 1876 1463 omnino

259 1521 539 1575 conlidere
570 1529 774 1572 naturm
802 1533 908 1570 non
938 1513 1147 1584 possint
1178 1510 1294 1574 filii,
1324 1508 1419 1563 sed
1454 1508 1654 1561 multos
1680 1503 1873 1567 sciant,

261 1628 389 1666 cum
417 1611 692 1680 depravati
724 1618 926 1671 essent,
956 1614 1011 1659 et
1042 1604 1205 1659 domo
1235 1609 1289 1656 et
1318 1597 1662 1654 facultatibus
1692 1606 1875 1665 pater-

266 1706 353 1758 nis
383 1703 669 1762 exvidisse,
699 1714 845 1767 saepe
876 1707 1054 1751 tamen
1084 1703 1365 1765 parentum
1389 1704 1575 1745 amore
1602 1687 1723 1742 freti
1747 1702 1877 1740 con-

265 1795 508 1849 tumeliis
535 1808 632 1848 eos
662 1790 905 1844 alliciunt
934 1806 946 1842 :
982 1787 1084 1842 nisi
1114 1783 1449 1855 permisisset
1477 1782 1636 1845 Deus,
1670 1778 1877 1833 utilius

264 1888 516 1950 succensi
567 1885 977 1946 ulciscerentur,
1029 1888 1085 1933 et
1129 1875 1405 1947 improbos
1455 1874 1623 1929 factos
1677 1871 1879 1926 liberos

269 1980 457 2050 procul
484 1976 859 2035 amandarent,
886 1987 995 2043 quo
1026 1986 1131 2025 non
1163 1984 1221 2023 se
1253 1967 1502 2036 nequitia:
1532 1978 1731 2034 genere
1757 1975 1879 2015 cou-

269 2068 661 2125 taminassent?
681 2066 807 2120 Ideo
832 2073 887 2120 et
914 2072 1119 2118 naturae
1142 2059 1483 2121 necessitate,
1508 2064 1565 2111 et
1585 2055 1877 2109 liberorum

268 2162 516 2218 moribus
542 2161 636 2215 niti
665 2166 945 2229 parentum
967 2167 1209 2209 amorem
1232 2150 1399 2205 voluit
1424 2150 1588 2215 Deus,
1611 2156 1672 2201 ut
1690 2154 1745 2199 et
1769 2162 1882 2198 me-

266 2257 528 2312 diocriter
571 2252 917 2323 peccantibus
967 2248 1172 2311 liberis,
1219 2245 1287 2300 ad
1332 2245 1434 2300 hoc
1473 2258 1569 2299 eos
1618 2242 1880 2297 invitante

268 2360 484 2413 natura,
519 2349 728 2402 veniam
757 2344 969 2405 darent,
998 2352 1053 2397 et
1081 2340 1403 2410 depravatos
1437 2347 1598 2406 atque
1627 2334 1875 2389 immedi-

267 2441 433 2497 cabili
464 2440 656 2495 morbo
687 2437 992 2492 laborantes
1019 2434 1291 2504 punirent,
1332 2448 1399 2486 ne
1437 2431 1503 2485 ad
1546 2431 1733 2483 vitium
1762 2427 1881 2481 illos

270 2531 603 2604 indulgentia
634 2544 730 2584 sua
761 2529 1061 2592 erudirent,
1103 2527 1147 2580 si
1180 2535 1371 2579 natura
1405 2536 1591 2577 rursus
1620 2521 1878 2582 vinceret,

269 2642 476 2698 eosque
506 2626 689 2681 liberis
719 2624 830 2678 suis
858 2622 1375 2689 blandiri‘cogeret,
1417 2617 1581 2671 etiam
1622 2630 1743 2669 cum
1778 2614 1881 2665 im-

270 2720 429 2791 probi
446 2728 650 2775 essent.
668 2716 895 2784 Quantae
912 2716 1034 2778 hoc,
1056 2728 1262 2785 qttmso,
1285 2709 1653 2781 providentia},
1678 2723 1800 2759 enm
1827 2717 1880 2760 et

269 2816 500 2886 diligere
538 2813 725 2883 jubeat
763 2821 819 2865 et
861 2809 1032 2862 amori
1077 2807 1297 2861 modum
1340 2819 1561 2874 pom-re,
1602 2813 1658 2857 et
1697 2816 1885 2854 rursus

270 2907 495 2975 optima:
527 2904 818 2958 liberorum
863 2899 1167 2955 educationi
1207 2897 1513 2951 mercedem
1561 2892 1885 2949 constituat?

271 2996 612 3066 l‘roposilam
642 2993 786 3048 enim
810 3006 934 3047 esse
956 2990 1259 3045 mercedem
1286 3000 1340 3043 et
1366 3002 1473 3041 non
1499 2986 1628 3039 viris
1653 2993 1883 3050 tantum,

268 3088 373 3144 sed
399 3089 560 3143 etiam
591 3085 805 3141 feminis
837 3093 895 3139 ut
919 3083 1207 3152 intelligas,
1240 3080 1362 3135 andi
1394 3095 1501 3147 quo
1527 3088 1681 3147 pacto
1704 3078 1886 3132 multis

271 3182 328 3234 in
364 3179 497 3234 locis
525 3186 582 3233 et
616 3176 682 3232 ad
731 3176 850 3231 illas
877 3184 933 3231 et
960 3174 1029 3230 de
1066 3172 1176 3228 illis
1205 3171 1480 3241 Scriptura
1512 3170 1674 3224 verba
1705 3169 1882 3233 faciat,

269 3285 453 3341 neque
478 3273 655 3324 minus
676 3267 745 3322 ad
770 3266 889 3321 illas
914 3280 1073 3339 quam
1102 3265 1169 3318 ad
1193 3263 1357 3317 viros.
1387 3261 1520 3317 Cum
1544 3261 1685 3315 enim
1714 3260 1885 3315 dixis-

269 3372 361 3416 ενι
400 3361 616 3425 Paulus,
663 3357 857 3412 Mulier
898 3367 1067 3411 autem
1116 3355 1321 3409 seducta
1367 3355 1421 3407 in
1470 3352 1889 3423 prantaricatione

269 3455 397 3522 fuit,
428 3452 648 3521 adjecit,
683 3450 985 3505 Saluabitur
1014 3457 1187 3500 autem
1216 3463 1306 3515 per
1338 3445 1562 3513 filiorum
1602 3444 1888 3514 generatio-

272 3564 401 3602 nem
431 3544 508 3618 (1.
540 3543 673 3598 Tim.
702 3542 757 3599 2.
792 3542 879 3597 14.
914 3540 1025 3612 15).
1056 3539 1210 3607 Quod
1252 3548 1431 3593 autem
1461 3538 1557 3603 ait,
1591 3542 1728 3591 hanc
1758 3552 1888 3590 sen-

274 3639 499 3693 tentiam
527 3635 690 3691 habet
722 3652 734 3689 :
770 3633 936 3689 Doles
975 3632 1118 3704 quod
1151 3642 1202 3687 te
1230 3632 1422 3686 mulier
1452 3632 1624 3701 prima
1662 3630 1714 3684 in
1762 3644 1887 3699 par-

277 3741 366 3783 tus
393 3728 610 3784 dolores
638 3728 981 3796 laboresque,
1010 3741 1073 3780 ac
1098 3726 1309 3795 longam
1347 3725 1482 3778 uteri
1531 3723 1887 3793 gestationem

275 3820 609 3889 coniecerit?
663 3821 733 3873 At
792 3827 846 3871 tu
906 3818 1015 3873 noli
1066 3831 1390 3872 succensere
1446 3834 1458 3868 :
1518 3831 1691 3885 neque
1743 3817 1887 3870 enim

279 3921 433 3967 tanto
457 3911 656 3966 damno
685 3920 906 3980 propter
930 3909 1146 3965 dolores
1174 3920 1357 3978 partus
1378 3918 1432 3963 et
1458 3907 1669 3963 labores
1698 3907 1889 3962 all'ecta
1943 3946 1953 3960 .

277 4019 362 4067 es,
390 4015 649 4073 quantum
678 4010 943 4073 qtttcstum
988 3999 1139 4065 facis,
1172 4001 1215 4055 si
1246 3999 1402 4065 velis,
1450 4000 1579 4055 dum
1624 4000 1887 4055 bonorum

276 4112 505 4166 operum
546 4095 888 4150 occasionem
938 4110 1004 4149 ex
1047 4103 1189 4149 recta
1237 4093 1528 4148 liberorutn
1569 4092 1891 4147 educatione

278 4191 471 4245 sumis.
515 4189 616 4256 Qui
650 4190 795 4243 enim
843 4188 951 4241 nati
991 4196 1119 4241 sunt
1170 4186 1343 4249 liberi,
1392 4185 1437 4239 si
1479 4186 1889 4239 convenientem

283 4283 484 4337 fuerint
514 4282 718 4334 cultum
750 4280 914 4344 nacti,
942 4294 1006 4333 ac
1033 4288 1120 4332 tua
1146 4292 1273 4331 cura
1307 4276 1504 4331 fuerint
1528 4276 1596 4329 ad
1639 4276 1890 4330 virtutem

281 4372 576 4434 informati,
610 4371 831 4425 multam
871 4371 966 4425 tibi
1009 4369 1233 4423 otii-rent
1280 4370 1619 4422 occasionem
1666 4368 1889 4432 salutis;

280 4481 343 4517 ac
372 4475 570 4535 praeter
600 4463 813 4533 propria
842 4463 979 4517 bona
1013 4476 1176 4533 opera
1207 4460 1429 4515 nmltam
1456 4461 1528 4514 ob
1556 4460 1793 4515 studium
1838 4462 1890 4515 in

282 4560 385 4611 ista
414 4556 669 4611 collatum
712 4556 938 4622 recipies
969 4552 1295 4607 mercedem.

360 4650 409 4702 ι.
454 4652 632 4717 Atque
667 4655 726 4700 ut
764 4644 942 4699 discas
985 4661 1091 4699 non
1134 4653 1343 4713 partum
1384 4653 1611 4698 matrem
1650 4645 1889 4709 cftieerc,

282 4754 458 4811 neque
485 4738 791 4802 mercedem
822 4738 944 4791 lmic
970 4752 1090 4791 esse
1123 4737 1200 4790 rei
1228 4737 1579 4806 prepositam,
1609 4737 1733 4792 alibi
1761 4754 1895 4808 quo—

286 4849 395 4898 que
419 4830 631 4884 viduam
658 4829 938 4898 alloquens
967 4828 1167 4883 l’aulus
1195 4829 1264 4882 ita
1296 4829 1433 4882 dixit
1461 4846 1475 4884 :
1507 4828 1571 4883 Si
1601 4829 1735 4897 ﬁlios
1763 4832 1893 4883 eda-

276 4922 412 4977 cavit
442 4922 523 4992 (l.
561 4920 694 4974 Tim.
726 4922 780 4977 5.
820 4921 912 4983 10)
949 4939 962 4975 :
998 4914 1171 4990 neque
1206 4922 1360 4987 dixit,
1401 4922 1455 4976 Si
1493 4920 1632 4975 ﬁlios
1662 4924 1889 4992 peperit,

282 5014 400 5079 sed,
434 5014 497 5069 Si
525 5014 661 5084 ﬁlios
683 5015 932 5068 educavit.
964 5014 1095 5067 Nam
1128 5015 1257 5068 illud
1278 5015 1494 5085 quidem
1528 5026 1755 5082 notarat,
1792 5016 1839 5069 h-
1864 5033 1893 5072 c

283 5122 415 5162 vero
436 5107 588 5160 liberi
615 5116 697 5161 est
723 5107 949 5160 arbitrii.
970 5107 1257 5176 Propterea
1286 5122 1405 5160 cmn
1428 5106 1513 5162 hic
1540 5108 1702 5162 etiam
1725 5108 1892 5163 dixis-

283 5209 385 5261 set,
435 5198 734 5253 Saluabitur
773 5214 863 5267 per
902 5197 1128 5265 ﬁliorum
1162 5200 1558 5269 generationem,
1593 5215 1765 5270 neque
1807 5200 1891 5255 hic

286 5290 544 5353 substitit,
577 5288 673 5344 sed
702 5304 825 5342 cum
867 5289 1158 5344 ostendere
1201 5291 1363 5345 vellet
1402 5307 1509 5346 non
1559 5292 1757 5347 liberos
1796 5310 1893 5363 gr-

286 5388 492 5449 nuisse,
521 5383 618 5438 sed
650 5394 799 5438 recte
825 5383 1024 5437 liberos
1051 5384 1333 5449 educasse,
1381 5387 1483 5438 hoc
1515 5385 1672 5440 nobis
1699 5387 1893 5442 all'errc

285 5475 615 5541 mercedem,
642 5474 878 5544 adjecit:
918 5475 980 5529 Si
1022 5476 1391 5542 permanserint
1438 5477 1491 5530 in
1518 5478 1621 5545 [ide
1643 5523 1655 5543 ,
1688 5489 1734 5533 et
1765 5480 1892 5533 dile-

282 5569 475 5633 ctione,
496 5578 542 5620 et
568 5569 971 5636 sanctiﬁcatione
993 5586 1109 5622 cum
1135 5570 1405 5624 sobrietate
1430 5572 1505 5640 (1.
1533 5570 1666 5626 Tim.
1689 5572 1745 5627 2.
1776 5574 1889 5645 15).

284 5664 525 5728 Quorum
548 5662 835 5718 verbormn
859 5662 945 5717 hic
971 5676 1164 5718 sensus
1184 5672 1265 5719 est
1288 5677 1303 5715 :
1329 5664 1479 5720 Tunc
1501 5666 1722 5723 multam
1747 5684 1891 5724 mer-

281 5754 476 5810 cedem
502 5755 756 5826 accipies,
788 5756 833 5808 si
859 5755 950 5824 qui
980 5755 1244 5824 procreati
1288 5766 1415 5811 sunt
1459 5757 1610 5814 liberi
1643 5775 1893 5830 perman-

284 5847 453 5899 serint
486 5846 537 5898 in
581 5845 706 5910 lidc,
748 5854 801 5899 ct
832 5844 1122 5899 dilectione
1153 5856 1205 5901 et
1235 5847 1680 5907 sanctificatione.
1711 5847 1767 5909 Si
1798 5851 1896 5924 igi-

1592 379 1677 434 DE
1720 376 1904 434 ΑΝΝΑ
1946 373 2180 431 SERMO
2218 373 2263 430 Ι.

3492 377 3598 432 653

1984 498 2072 542 tur
2114 486 2180 542 ad
2212 487 2327 542 iure
2364 501 2459 543 eos
2501 487 2715 551 incitos,
2757 488 2801 541 si
2838 484 3159 555 admoneas,
3201 487 3247 543 si
3291 487 3510 552 doceas,
3554 491 3598 541 si

1979 583 2209 638 consilio
2229 582 2408 653 juvcs,
2437 582 2508 637 ob
2536 581 2673 636 hanc
2699 596 2885 637 curam
2914 581 3081 637 multa
3129 579 3225 635 tibi
3256 578 3397 651 apud
3430 580 3598 635 Deum

1983 688 2195 728 merces
2223 672 2327 728 erit
2349 673 2663 728 constituta.

2059 764 2265 818 Mulieri
2285 765 2507 818 maxime
2533 763 2764 818 convenit
2784 763 3019 816 educatio
3052 762 3362 829 liberorum;
3386 762 3598 817 historia

1983 854 2148 908 Amne
2176 853 2351 907 matris
2397 853 2697 917 Samuelis;
2738 854 2977 907 sterilitas
3015 864 3263 922 quantum
3292 855 3502 907 malum.
3526 882 3601 896 ~—

1982 947 2061 1001 Ne
2085 946 2247 1017 igitur
2275 946 2510 1000 alienum
2542 961 2569 999 a
2600 962 2662 1001 se
2697 946 2955 1001 mn'it-res
2984 946 3335 1010 arbitrentur,
3366 946 3410 1001 si
3432 954 3491 1001 et
3519 946 3599 999 fe-

1985 1038 2249 1091 minarum
2292 1046 2348 1091 et
2401 1036 2630 1091 marimn
2672 1050 2856 1090 curam
2898 1046 3106 1105 gerant.
3157 1036 3272 1090 Non
3316 1037 3461 1090 enim
3516 1036 3603 1090 hie

1983 1143 2172 1182 sexum
2200 1126 2445 1181 distinxit
2482 1132 2643 1193 Deus,
2668 1126 2764 1182 sed
2794 1134 2850 1181 et
2877 1127 2987 1181 illic
3012 1127 3333 1195 simpliciter
3359 1127 3514 1189 dixit.
3539 1127 3601 1181 Si
3627 1194 3629 1196 η

1986 1222 2121 1288 ﬁlios
2151 1220 2418 1284 educavit;
2439 1228 2494 1273 et
2521 1220 2625 1284 hic,
2659 1219 2720 1273 Si
2742 1221 3111 1290 permanserint
3145 1221 3195 1273 in
3240 1221 3366 1288 fide,
3396 1228 3443 1273 et
3474 1220 3602 1273 dile-

1983 1313 2168 1377 ctione,
2203 1322 2250 1364 et
2291 1312 2719 1378 sanctiﬁcatione.
2762 1310 2945 1381 Itaque
2987 1312 3269 1382 utriusque
3297 1312 3514 1383 generis
3543 1313 3604 1366 li-

1986 1406 2237 1459 berorum
2269 1404 2611 1473 suscipienda
2655 1404 2813 1457 nobis
2854 1414 2941 1459 est
2965 1420 3115 1470 cura,
3147 1416 3404 1475 tantoque
3433 1405 3605 1474 magis

1988 1496 2323 1563 mulieribus,
2355 1507 2557 1565 quanto
2598 1496 2798 1566 schius
2828 1496 2975 1551 domi
3006 1497 3267 1553 resident.
3296 1496 3430 1552 Nam
3459 1496 3607 1551 viros

1985 1589 2199 1659 quidem
2233 1589 2718 1658 peregrinationes,
2750 1604 2813 1643 ac
2839 1590 2935 1642 fori
2981 1590 3395 1655 sollicitudines,
3427 1599 3481 1644 et
3509 1603 3605 1643 ne-

1986 1682 2125 1750 gotia
2159 1680 2399 1734 civitatis
2445 1695 2591 1749 smpe
2621 1680 2965 1734 distrahunt:
2996 1680 3188 1734 mulier
3214 1690 3395 1736 autem
3422 1680 3492 1735 ab
3521 1680 3606 1733 bis

1986 1772 2130 1825 curis
2159 1772 2550 1826 immunitatem
2585 1772 2773 1827 sortita
2805 1771 3011 1827 facilius
3035 1774 3250 1842 poterit,
3288 1787 3411 1828 eum
3456 1782 3609 1827 tanto

1989 1865 2193 1919 fruatur
2235 1866 2366 1926 otio,
2426 1865 2716 1921 liberorum
2764 1882 2947 1921 curam
2989 1881 3197 1937 gerere.
3235 1867 3307 1921 Ita
3340 1866 3607 1922 faciebant

1986 1959 2219 2028 antiqua:
2251 1959 2541 2013 mulieres:
2578 1976 2682 2012 non
2708 1960 2852 2015 enim
2874 1978 2905 2014 a
2932 1961 3061 2014 viris
3090 1962 3289 2023 solum,
3315 1962 3407 2016 sed
3437 1962 3600 2016 etiam

1989 2067 2017 2103 a
2053 2051 2368 2106 mulierilms
2398 2051 2500 2107 hoc
2530 2052 2849 2121 postulatur,
2885 2062 2942 2107 ut
2962 2067 3110 2114 suos.
3136 2053 3375 2123 inquam,
3407 2052 3611 2108 liberos

1987 2153 2200 2209 enrent,
2233 2154 2393 2213 atque
2422 2144 2488 2197 ad
2518 2144 2916 2215 philosophiam
2941 2145 3060 2199 illos
3092 2146 3331 2201 incitent.
3364 2146 3516 2213 Quod
3552 2155 3609 2200 nt

1991 2250 2173 2289 verum
2198 2249 2319 2289 esse
2340 2244 2574 2299 constet,
2602 2244 2842 2291 veterem
2866 2236 3021 2292 vobis
3048 2238 3325 2292 historiam
3353 2238 3607 2293 narralw.

1989 2328 2115 2382 Fuit
2140 2328 2279 2397 apud
2309 2328 2531 2384 Judacos
2561 2330 2716 2384 Anna
2756 2330 2951 2385 mulier
2989 2330 3258 2400 qutedam.
3293 2331 3420 2386 ΙΙωο
3449 2333 3605 2387 Anna

1990 2422 2159 2475 nmlto
2191 2432 2435 2491 tempore
2474 2424 2760 2478 sterilitate
2786 2423 3070 2490 laboravit,
3104 2423 3356 2494 quodque
3395 2425 3613 2494 gravius

1991 2512 2109 2578 fuit,
2157 2514 2276 2582 ejus
2328 2514 2519 2568 :rmula
2568 2515 2862 2593 multprnm
2913 2514 3204 2569 liberorum
3252 2525 3424 2571 mater
3469 2526 3607 2570 emt.

1989 2607 2150 2661 Scitis
2170 2619 2347 2661 autem
2380 2621 2538 2675 qnam
2569 2617 2758 2661 natura
2805 2624 2899 2661 sua
2938 2618 2993 2664 et
3020 2624 3117 2678 per
3143 2608 3375 2678 st-ipsam
3408 2624 3495 2663 res
3524 2610 3610 2663 illa

1992 2697 2305 2752 mulieribus
2332 2698 2403 2751 sit
2435 2699 2821 2753 intolerabilis:
2846 2715 2968 2755 cum
3009 2714 3140 2754 vero
3181 2699 3381 2755 liberos
3408 2699 3614 2754 habens

1990 2791 2198 2845 accedit
2220 2793 2436 2857 aemula,
2472 2794 2642 2846 multo
2670 2794 2725 2845 lit
2753 2792 3003 2861 gravior:
3028 2792 3295 2862 siquidem
3325 2808 3391 2846 ex
3415 2792 3612 2846 mulie-

1992 2883 2069 2936 ris
2100 2881 2240 2936 illius
2270 2883 2629 2952 prosperitate
2662 2882 2855 2936 ntelms
2881 2882 3245 2937 calamitatem
3272 2897 3425 2937 suam
3454 2882 3613 2937 intel-

1994 2972 2137 3043 ligit;
2183 2974 2320 3027 sit-ut
2361 2983 2414 3027 et
2443 2974 2535 3043 qui
2564 2984 2809 3028 extrema
2856 2985 3177 3042 premuntur
3205 2982 3465 3043 egi-state,
3500 2984 3612 3028 tmn

1992 3060 2174 3116 dolent
2215 3062 2413 3129 acrius,
2456 3079 2577 3117 cum
2621 3062 2819 3116 divites
2851 3062 2956 3117 illis
2989 3064 3041 3117 in
3069 3074 3305 3117 mentem
3338 3063 3607 3120 venerint.

1993 3155 2178 3226 Neque
2203 3171 2332 3210 vero
2356 3156 2729 3210 calamitosum
2774 3156 2876 3210 hoc
2922 3166 3128 3211 tantum
3171 3156 3287 3220 fuit,
3320 3158 3461 3228 quod
3496 3157 3611 3212 Ιιςιιε

1996 3247 2191 3302 liberos
2219 3264 2322 3301 non
2352 3248 2595 3314 haberet,
2622 3248 2708 3301 illa
2739 3248 2980 3314 haberet,
3017 3248 3111 3304 sed
3142 3248 3289 3319 quod
3309 3250 3501 3317 aemula
3528 3266 3613 3305 es-

1994 3348 2311 3409 set:neqne
2348 3339 2493 3409 quod
2532 3341 2722 3394 aemula
2765 3349 2971 3394 tantum
3016 3350 3182 3405 esset,
3213 3357 3402 3396 verum
3451 3343 3613 3397 etiam

1995 3430 2136 3500 quod
2167 3431 2337 3500 ipsam
2370 3430 2437 3484 ad
2466 3431 2797 3486 iracundiam
2825 3442 3164 3503 provocaret,
3196 3448 3261 3488 eo
3288 3434 3431 3505 quod
3463 3436 3610 3490 illam

1996 3532 2301 3592 sperneret.
2334 3524 2475 3579 Dens
2501 3533 2682 3578 autem
2715 3539 2840 3578 cum
2872 3525 2975 3579 hoc
3022 3536 3292 3590 cerneret,
3327 3529 3612 3593 tolerabat,

1996 3626 2051 3669 ct
2082 3614 2204 3669 Non
2234 3616 2374 3669 dedit
2406 3617 2453 3670 ei
2484 3613 2755 3679 Dominus,
2792 3618 2985 3687 inqttit,
3011 3618 3178 3685 ﬁlium
3209 3622 3488 3673 secundum
3512 3623 3613 3673 tri-

1998 3710 2303 3763 bulationem
2348 3711 2459 3778 ejus
2495 3719 2542 3761 et
2584 3712 2861 3762 secundum
2896 3710 3152 3764 tristitiam
3183 3713 3370 3767 animm
3395 3713 3504 3781 eius
3533 3714 3612 3784 (1.

2002 3804 2127 3874 Reg.
2166 3806 2215 3857 1.
2251 3803 2329 3871 6).
2372 3801 2510 3868 Quid
2563 3812 2667 3866 est,
2711 3803 3005 3857 Secundum
3046 3804 3430 3860 tribulationem
3463 3808 3616 3876 ejus.‘

2002 3896 2110 3949 Ι)ἰυί
2155 3911 2258 3948 non
2309 3904 2509 3963 potest,
2546 3896 2736 3964 inquit,
2780 3911 2905 3949 cum
2947 3896 3217 3952 videntem
3266 3898 3409 3953 illam
3458 3916 3613 3969 a-qno

1998 3989 2177 4041 animo
2220 3987 2578 4041 calamitatem
2634 3990 2806 4053 ferre,
2841 3988 3148 4045 cohibuisse
3199 4001 3406 4058 [artum
3456 3990 3609 4061 ejus;

1998 4080 2243 4149 quamvis
2269 4094 2387 4133 eam
2418 4078 2668 4143 cruciari,
2698 4079 2905 4144 dolere,
2929 4080 3090 4150 afﬂigi
3128 4081 3357 4146 videret,
3407 4098 3610 4137 πυρετος

2000 4187 2113 4225 rem
2147 4180 2326 4225 tamen
2356 4173 2473 4240 ejus
2499 4188 2604 4224 non
2633 4171 2906 4237 discu5sit,
2938 4182 2993 4226 ut
3020 4173 3195 4242 majus
3220 4173 3415 4242 aliquid
3448 4177 3609 4228 moli-

2002 4274 2171 4317 retur.
2196 4261 2322 4316 Haec
2351 4278 2417 4316 ne
2450 4272 2720 4332 tamquam
2751 4263 2893 4317 aliud
2923 4273 3148 4333 agentes
3186 4265 3490 4332 audiamus,
3517 4268 3612 4322 sed

2002 4355 2291 4409 maximam
2323 4353 2716 4425 philosophiam
2742 4355 2865 4409 hinc
2891 4354 3222 4423 discamus‘,
3249 4368 3303 4411 et
3322 4359 3366 4413 si
3399 4361 3617 4428 quando

2003 4447 2055 4500 in
2086 4446 2285 4500 malum
2328 4446 2545 4515 aliquod
2599 4446 2970 4511 inciderimns,
3003 4447 3128 4502 licet
3153 4450 3456 4512 doleamus.
3491 4454 3614 4508 licet

2002 4538 2377 4601 lamentemnr,
2409 4537 2532 4591 licet
2565 4537 2901 4592 intolerabile
2930 4538 3083 4594 nobis
3116 4543 3311 4594 malum
3346 4542 3612 4609 videatur,

2002 4645 2070 4684 ne
2098 4645 2473 4699 properemus.
2506 4644 2605 4684 nec
2636 4630 2817 4683 animo
2848 4631 3216 4694 concidamus,
3242 4634 3336 4687 sed
3370 4635 3464 4689 Dei
3492 4651 3617 4706 pro-

2002 4722 2290 4776 videntiam
2340 4732 2740 4791 exspectemus.
2798 4722 2891 4777 Ille
2942 4738 3173 4793 namque
3226 4726 3391 4794 probe
3443 4730 3617 4797 novit,

2000 4812 2215 4882 quando
2247 4812 2373 4866 illud
2416 4812 2814 4867 discutiendum
2845 4815 2938 4878 sit,
2984 4816 3126 4884 quod
3158 4818 3429 4872 tristitiam
3460 4821 3617 4875 nobis

2003 4905 2138 4973 parit
2161 4919 2176 4957 ε
2197 4904 2340 4973 quod
2369 4913 2421 4957 et
2449 4905 2533 4958 isti
2556 4905 2796 4975 contigit.
2824 4905 2939 4959 Non
2970 4909 3111 4959 enim
3132 4910 3274 4978 quod
3302 4910 3470 4979 ipsam
3489 4914 3615 4967 odio

2004 5006 2453 5065 prosequeretur,
2507 5006 2599 5050 aut
2649 5009 3033 5065 aversaretur,
3084 5001 3224 5055 Dens
3270 5006 3619 5062 concluserut

2004 5089 2213 5143 vulvam
2236 5089 2371 5157 ejus,
2398 5088 2490 5143 sed
2520 5098 2579 5142 ιιι
2600 5090 2741 5143 fores
2765 5090 2920 5144 nobis
2947 5092 3299 5161 philosophia:
3324 5108 3614 5164 reserarat,

2001 5198 2104 5251 qua
2139 5181 2363 5250 praedita
2390 5181 2585 5235 mulier
2614 5181 2733 5246 fuit,
2757 5185 2985 5252 ejusque
3015 5185 3136 5239 lidei
3166 5187 3380 5241 divitias
3399 5194 3623 5259 conspi-

2001 5290 2271 5337 cerctnns,
2312 5289 2375 5328 ac
2402 5275 2721 5329 nobiliorem
2756 5277 2899 5330 illam
2934 5278 3059 5333 hinc
3090 5280 3159 5333 ab
3186 5296 3253 5335 eo
3284 5280 3449 5338 fuisse
3490 5290 3618 5338 red-

2002 5370 2166 5422 ditam
2194 5382 2667 5437 cognosceremus.
2700 5369 2838 5423 Audi
2879 5386 3011 5426 vero
3038 5374 3197 5427 etiam
3228 5389 3348 5444 qua:
3376 5391 3618 5447 sequun-

2003 5471 2108 5513 tur.
2144 5460 2205 5512 Et
2234 5461 2307 5512 sic
2332 5460 2567 5528 faciebat,
2603 5461 2795 5531 inquit,
2829 5463 3043 5533 singulis
3072 5467 3222 5520 annis
3245 5485 3277 5520 a
3304 5471 3465 5523 multo
3488 5482 3616 5523 tem-

2003 5570 2144 5623 pore,
2174 5569 2287 5606 cum
2318 5554 2608 5607 ascenderet
2636 5554 2748 5623 ipsa
2774 5555 2827 5609 in
2857 5556 3068 5610 domum
3093 5559 3318 5612 Domini.
3347 5560 3414 5615 Et
3436 5562 3614 5615 triste-

2000 5645 2168 5711 batnr,
2200 5654 2246 5699 et
2297 5646 2548 5715 plorabat,
2594 5656 2641 5700 et
2679 5663 2779 5701 non
2823 5648 3119 5703 comedebat
3159 5652 3238 5721 (1.
3292 5650 3420 5723 Reg.
3461 5656 3511 5710 1.
3535 5656 3612 5724 7).

2386 5812 2439 5853 ct
2458 5810 2598 5867 tteg..
2613 5804 2702 5856 sed
2720 5801 2801 5854 ltic
2817 5805 3085 5857 nutrimen:
3106 5807 3497 5872 philosophentur
3514 5809 3623 5871 phi-
