4178 6330
605 430 711 484 659

604 550 849 594 Inu-nsus
876 539 1049 601 dolor,
1076 537 1320 590 diuturna
1366 534 1648 603 a‘gritutlo,
1699 546 1804 584 non
1850 530 1957 583 duo
2008 538 2182 581 tresve

602 632 740 696 dies,
772 647 869 684 nec
894 628 1095 698 viginti,
1122 641 1221 681 nec
1248 635 1483 686 centum,
1512 638 1611 695 nec
1635 621 1800 688 mille,
1824 634 1924 675 nec
1952 619 2033 674 bis
2066 619 2193 671 toti-

604 725 765 778 dcm:
796 721 972 774 multis
992 720 1146 772 annis
1159 718 1374 772 dolebat
1394 717 1604 780 mulier,
1627 724 1679 769 et
1704 711 2068 773 cruciabatur;
2092 716 2193 763 hoc

604 814 746 868 enim
772 822 851 867 cst
883 811 1029 870 ilfud.
1062 808 1105 863 Α
1132 809 1289 863 multo
1320 819 1540 877 tempore
1567 806 1641 875 (a)
1663 824 1675 860 :
1700 814 2067 859 verumtamen
2089 819 2191 854 non

607 906 947 973 impatienter
974 903 1114 967 tulit,
1156 917 1329 969 neque
1357 899 1612 968 temporis
1643 894 1917 966 longitudo
1954 892 2192 961 tbiloso-

605 999 781 1066 phiam
809 999 925 1063 ejus
949 996 1240 1063 supcravit,
1271 1007 1441 1058 neque
1464 991 1655 1060 probra
1681 998 1733 1041 et
1759 985 1997 1040 convicia
2028 985 2195 1051 ip~ius

606 1089 833 1146 teniulm.
881 1087 973 1140 sed
1023 1084 1209 1138 orabat
1258 1081 1469 1134 assidue
1518 1095 1579 1131 ac
1624 1077 1960 1146 supplicabat
1998 1094 2009 1129 :
2054 1074 2194 1141 quod

604 1181 856 1233 munibus
893 1178 1062 1245 majus
1091 1186 1193 1238 e~t,
1239 1174 1460 1241 ejusque
1509 1172 1840 1240 potissimum
1870 1182 1994 1236 erga
2030 1168 2194 1220 lieum

604 1287 841 1325 amorem
866 1269 1081 1330 indicat,
1114 1283 1217 1319 non
1248 1263 1566 1333 simpliciter
1589 1264 1730 1314 lumc
1758 1263 1926 1328 ipsum
1954 1260 2199 1311 obtinere

607 1365 771 1417 ltlintn
811 1361 1045 1429 Optabat,
1092 1358 1185 1413 sed
1220 1358 1329 1411 Deo
1369 1355 1600 1409 fructum
1629 1353 1831 1413 dicare,
1861 1364 2020 1420 atque
2063 1349 2195 1401 uteri

603 1457 684 1510 Sui
707 1454 967 1525 primitias
989 1453 1201 1511 olli-rrc,
1234 1465 1295 1504 ac
1327 1450 1595 1519 praeclara:
1637 1445 1791 1498 istius
1831 1442 2198 1512 promissionis

603 1545 908 1601 memedcut
933 1544 1155 1598 referre.
1180 1540 1332 1597 Unde
1355 1540 1404 1593 id
1426 1536 1671 1592 constat?
1698 1535 1773 1588 Ex
1799 1534 1859 1588 iis
1888 1532 2063 1585 verbis
2079 1529 2198 1601 quté

604 1649 919 1709 sequuntur.
969 1637 1127 1691 Scitis
1183 1634 1363 1702 utique
1409 1643 1598 1684 omnes
1638 1628 1951 1681 mulirribns
1983 1636 2199 1695 propter

603 1733 749 1785 viros
795 1725 1178 1783 intolerandam
1226 1738 1345 1777 esse
1376 1722 1733 1775 sterilitatem.
1762 1720 1895 1773 Sunt
1928 1720 2071 1772 enim
2102 1718 2197 1771 bo-

605 1823 777 1876 mines
808 1820 1016 1887 plurimi
1044 1828 1148 1872 tatn
1180 1817 1465 1880 immanes,
1500 1823 1557 1867 ut
1585 1812 1899 1866 mulieribus
1925 1812 2053 1865 vitio
2075 1826 2196 1863 vcr-

605 1925 737 1979 taut,
785 1914 827 1965 si
872 1913 1005 1966 forte
1051 1926 1155 1964 non
1202 1909 1429 1978 pariant,
1466 1922 1566 1960 nec
1596 1906 1773 1958 sciunt
1814 1902 1917 1957 hoc
1954 1903 2198 1973 pariendi

603 2006 799 2058 donum
826 2002 894 2056 de
920 2002 1066 2056 ca'lis
1095 2010 1255 2069 atque
1281 2015 1310 2053 a
1344 1996 1678 2068 providentia
1725 1995 1903 2049 divina
1935 1997 2195 2065 originem

605 2094 842 2153 trahere.
874 2108 937 2146 ac
963 2106 1137 2159 neque
1168 2100 1410 2142 naturam
1439 2087 1696 2149 mulieris,
1731 2100 1902 2154 neque
1942 2100 2199 2154 congres-

606 2202 746 2246 sum,
790 2199 962 2252 neque
990 2182 1131 2237 aliud
1156 2180 1445 2251 quidquam
1489 2180 1554 2233 ad
1598 2178 1700 2233 hoc
1728 2193 1821 2247 per
1847 2194 1906 2231 se
1931 2174 2198 2231 subicere.

612 2278 991 2331 Verumtamen
1017 2274 1261 2344 quamvis
1292 2274 1465 2327 sciant
1490 2272 1758 2325 inunerito
1779 2284 1837 2324 se
1864 2271 1992 2322 vitio
2022 2279 2196 2322 verte-

606 2385 687 2434 rc,
716 2368 1037 2435 exprobrant
1069 2375 1124 2419 et
1149 2372 1463 2419 aversantur
1492 2377 1754 2431 persa'pe,
1786 2377 1958 2432 neque
1990 2361 2197 2414 illarum

605 2460 878 2514 consortio
906 2458 1257 2511 delectantur.

610 2546 637 2565 ⁹
678 2553 732 2606 5.
778 2550 1066 2604 Videamus
1096 2564 1244 2618 ergo,
1288 2562 1413 2600 num
1463 2545 1586 2599 huic
1628 2544 1839 2599 mulieri
1882 2542 1984 2598 boc
2026 2544 2198 2613 ipsum

604 2643 878 2698 acciderit.
914 2641 1044 2695 Nam
1092 2642 1135 2694 si
1163 2640 1469 2707 despectant
1497 2637 1711 2707 quidem
1745 2637 1910 2700 illam,
1954 2647 2198 2690 content-

606 2749 750 2805 ptam
769 2744 821 2789 ct
840 2734 1176 2791 contumeliis
1193 2730 1434 2785 all‘ectam
1453 2730 1668 2791 videris,
1688 2744 1858 2797 neque
1874 2727 2042 2798 gratia
2060 2726 2200 2796 apud

608 2828 857 2881 maritum
889 2827 1084 2888 valere,
1113 2824 1201 2893 qui
1232 2838 1331 2876 nec
1354 2822 1455 2877 ulla
1485 2822 1651 2889 ipsam
1672 2820 2085 2875 bencvobntiac
2108 2838 2205 2873 ιιιιο

610 2922 906 2989 plrctatur,
960 2916 1159 2972 idcirco
1203 2915 1342 2967 illam
1392 2913 1556 2967 tilium
1604 2920 1889 2980 exoptasse
1935 2909 2203 2981 conjicere

606 3010 827 3081 poteris,
856 3017 912 3061 ut
940 3008 1105 3060 multa
1140 3005 1325 3059 liducia
1352 3013 1406 3058 et
1432 3003 1679 3057 libertate
1705 3002 1983 3071 gauderet,
2006 3016 2069 3056 ac
2087 3002 2201 3056 viro

606 3100 811 3168 gratior
856 3098 1026 3152 lieret.
1054 3096 1148 3151 Sin
1180 3104 1355 3148 autem
1397 3093 1728 3148 contrarium
1755 3092 2200 3159 deprehenderis,

608 3203 835 3257 eamque
879 3186 1166 3257 gratiorem
1200 3185 1285 3237 illa
1336 3183 1520 3249 fuisse,
1568 3199 1687 3252 qtue
1719 3184 1914 3241 liberos
1953 3183 2204 3252 habebat,

610 3279 750 3347 quod
781 3293 899 3332 eam
927 3278 1008 3330 vir
1033 3293 1163 3330 suus
1198 3276 1384 3344 majori
1419 3275 1787 3328 benevolentia
1819 3274 2206 3343 complectere-

611 3382 718 3435 tur,
752 3370 874 3422 binc
893 3377 1115 3437 apparet
1136 3381 1239 3419 non
1262 3366 1333 3418 ob
1355 3367 1641 3417 lnnmmum
1669 3366 1899 3433 aliquem
1929 3364 2201 3431 allectum,

610 3476 783 3531 neque
809 3471 864 3514 ut
896 3462 1065 3513 virum
1113 3457 1216 3512 sibi
1260 3458 1428 3525 magis
1467 3456 1799 3519 eoitciliart-t,
1847 3473 1963 3509 eam
1992 3467 2206 3526 optasse

610 3552 825 3607 liberos.
876 3549 971 3602 sed
1015 3548 1084 3602 ob
1128 3562 1247 3601 eam
1292 3562 1530 3607 causam,
1560 3562 1717 3615 quam
1747 3546 2001 3600 diximus.
2054 3546 2205 3601 Unde

610 3644 768 3711 igitur
797 3640 898 3694 boc
928 3638 1123 3709 liquet?
1153 3637 1287 3691 Audi
1319 3636 1422 3690 hoc
1447 3637 1713 3691 dicentem
1746 3648 2041 3693 auctorem.
2088 3638 2204 3693 Non

606 3734 751 3787 enim
800 3732 900 3785 hoc
948 3740 1147 3784 temere
1181 3728 1374 3798 posuit,
1426 3727 1519 3782 sed
1567 3736 1625 3781 nt
1670 3728 1909 3784 mulieris
1956 3731 2203 3784 virtutem

611 3839 895 3895 agnoscas.
919 3822 1055 3891 Quid
1084 3837 1213 3891 ergo
1237 3822 1403 3891 inquit
1422 3821 1545 3875 ille?
1568 3819 1818 3889 Diligebat
1844 3824 1977 3875 enim
2008 3824 2208 3875 Annam

613 3917 811 3968 Iilcaua
837 3931 987 3984 super
1017 3912 1347 3965 Plteaamtam
1371 3912 1445 3981 (l.
1478 3910 1605 3980 Reg.
1641 3912 1690 3965 1.
1720 3913 1796 3981 5).
1821 3911 2021 3966 Deinde
2050 3928 2209 3979 porto

612 4024 734 4061 cum
768 4006 908 4060 illam
939 4003 1146 4058 videret
1174 4018 1278 4057 non
1300 4000 1604 4066 comedere,
1628 4000 1721 4054 sed
1747 4001 1975 4068 plorare,
2005 4003 2205 4071 inquit:

617 4098 754 4165 Quid
782 4108 853 4151 est
884 4096 992 4160 tibi,
1024 4095 1144 4163 quia
1176 4092 1386 4162 ploras?
1422 4102 1469 4144 et
1510 4107 1601 4143 cur
1635 4107 1735 4143 non
1760 4090 2017 4144 comedis?
2044 4101 2092 4144 et
2120 4108 2211 4145 cur

612 4188 835 4242 rerberat
866 4198 912 4239 ts
939 4204 1026 4240 cur
1052 4195 1191 4237 tuum
1208 4184 1233 4236 ?
1259 4197 1423 4236 nouae
1448 4181 1606 4234 bonus
1634 4197 1723 4250 ego
1755 4182 1843 4234 tibi
1864 4197 2014 4248 super
2039 4181 2207 4234 decem

616 4279 749 4347 filios
779 4276 936 4346 (Ibid.
961 4293 1007 4328 υ.
1033 4274 1127 4343 8)?
1163 4272 1320 4327 Vides
1347 4288 1509 4340 quam
1542 4271 1618 4323 illi
1645 4271 1924 4325 devinctus
1952 4273 2127 4325 esset?
2154 4281 2209 4326 et

614 4373 729 4437 cjtts
756 4385 913 4424 causa
946 4367 1120 4437 potius
1148 4364 1385 4429 dolebat,
1435 4379 1541 4417 non
1584 4364 1725 4433 quod
1764 4364 1945 4417 liberis
1974 4375 2205 4427 careret,

617 4462 709 4517 sed
734 4460 873 4531 quod
907 4460 1111 4513 tristem
1142 4457 1287 4511 illam
1314 4466 1366 4512 et
1390 4470 1621 4510 llKBl'Ot‘e
1647 4453 1945 4510 coiifectam
1971 4456 2211 4509 videret?

620 4553 735 4607 Non
785 4562 962 4604 tamen
1014 4549 1302 4618 persuasit,
1351 4556 1407 4599 ut
1450 4546 1719 4599 tristitiam
1752 4545 2060 4599 discuteret.
2094 4546 2208 4600 Non

618 4646 762 4699 enim
795 4650 1010 4711 propter
1041 4640 1187 4693 illum
1220 4640 1385 4692 lilitun
1417 4638 1711 4706 quaerebat,
1761 4636 1852 4689 sed
1888 4647 1943 4689 ut
1978 4638 2208 4706 aliquem

624 4737 735 4791 Deo
764 4735 990 4790 fructum
1024 4732 1321 4785 exhiberet.
1355 4730 1421 4783 Et
1447 4732 1686 4792 surrexit,
1722 4731 1913 4799 inquit,
1948 4742 2209 4801 postquam

619 4827 718 4894 ipsi
748 4825 1066 4879 comederunt
1100 4824 1151 4875 iu
1183 4823 1405 4885 Sclom‘,
1441 4833 1485 4873 et
1514 4822 1761 4886 biberant,
1791 4833 1837 4875 et
1882 4824 2011 4875 stetit
2040 4840 2210 4875 corum

623 4920 842 4976 Domino
873 4914 1033 4985 (Ibid.
1068 4932 1115 4968 r.
1141 4913 1217 4981 9).
1252 4914 1363 4966 Non
1409 4912 1525 4966 sine
1556 4927 1714 4964 causa
1748 4913 1948 4965 dictum
1988 4922 2070 4965 est
2114 4913 2213 4967 hoc

620 5027 854 5080 quoque,
883 5007 1156 5074 Postquam
1182 5005 1523 5067 comederunt,
1555 5014 1600 5054 ct
1627 5001 1851 5054 biberunt
1870 5018 1888 5052 :
1917 5003 2008 5056 sed
2044 5013 2098 5057 tl
2132 5004 2213 5055 in-

623 5104 848 5170 telligas,
880 5098 1019 5168 quod
1051 5096 1138 5149 alii
1162 5094 1522 5164 voluptatibus
1544 5104 1590 5147 ct
1625 5095 1737 5145 otio
1766 5104 1976 5162 tempus
2008 5094 2215 5161 inque..-

623 5196 776 5254 dunt,
813 5190 937 5244 illud
990 5204 1107 5243 cam
1153 5188 1398 5255 precibus
1452 5201 1513 5237 ac
1562 5186 1811 5252 lacryutis
1866 5185 2210 5252 impendisse,

623 5286 762 5355 quod
806 5284 980 5336 sobria
1016 5280 1297 5350 plurimmn
1330 5293 1391 5330 ac
1419 5277 1642 5345 vigilans
1671 5284 1829 5329 esset.
1860 5274 1923 5328 Et
1964 5277 2096 5329 stetit
2122 5293 2210 5330 co-

621 5399 729 5437 ram
760 5379 1083 5432 Dominam
1118 5372 1232 5427 Heli
1280 5374 1533 5430 sacerdos.
1583 5372 1771 5438 inquit,
1817 5372 2019 5423 sedebat
2062 5387 2212 5438 super
2296 5378 2299 5380 ’

623 5473 798 5526 ullam
829 5471 879 5523 iit
906 5467 1160 5521 liminibus
1187 5465 1358 5532 teutpli
1394 5462 1622 5514 Domini.
1654 5461 1729 5514 Ne
1762 5461 1861 5515 hoc
1890 5462 2101 5530 quidem
2135 5474 2213 5516 tc-

623 5582 770 5621 mcre
816 5565 1041 5633 positum
1085 5570 1190 5619 cst,
1228 5558 1343 5611 IIeli
1372 5558 1607 5610 sacerdos
1648 5554 1844 5608 sedebat
1874 5555 1925 5608 iu
1955 5557 2211 5610 liminibus

688 5743 701 5770 ι
740 5738 899 5793 silem,
927 5745 1041 5797 Reg.
1071 5732 1273 5783 etColb.
1301 5743 1441 5779 unus.

688 5813 917 5864 tul'ita-r,
956 5826 981 5851 tt
1028 5814 1179 5853 multo
1220 5813 1429 5862 tempore
1460 5802 1581 5864 (fit?

874 5872 1037 5920 inlato;
1084 5866 1168 5913 ald
1195 5868 1460 5914 (ἶωιιιιιιιιιιι
1500 5863 1699 5910 habent.

1704 5804 1882 5849 τίεν-κδ.
1923 5817 2050 5860 gustu
2081 5838 2091 5861 ,
2117 5800 2206 5847 ilc-

625 5879 759 5916 erant
793 5868 840 5914 ιιι

1349 425 1405 481 S.
1445 420 1725 479 JOANNIS
1760 414 2229 475 ιξιιιιινεθετυιιι
2271 412 2590 468 ABClllEP.
2630 409 3171 467 CONSTANTI'NOP.

3808 411 3915 466 uto

2306 526 2475 592 tempti
2498 524 2706 576 Domini
2718 538 2736 586 ;
2764 522 2856 578 sed
2878 530 2935 578 ut
2952 523 3133 577 fervor
3155 538 3205 577 ιιι
3215 521 3397 578 ulieris
3422 521 3755 577 ostendatur.
3777 522 3913 578 Nam

2303 628 2359 668 ut
2379 630 2522 683 sa-pe
2549 615 2703 669 vidua
2728 614 2921 669 mulier
2940 615 3139 669 auxilio
3164 615 3415 670 destituta
3444 629 3509 669 ac
3526 614 3761 677 deserta,
3779 632 3916 671 con-

2304 708 2538 761 tumeliis
2565 720 2631 760 ac
2656 706 2818 761 variis
2849 706 3058 776 injuriis
3095 706 3309 772 alfecta,
3338 723 3460 761 cum
3499 706 3637 762 forte
3662 707 3916 763 imminet

2305 795 2651 866 Imperatoris
2668 797 2948 862 adventus,
2977 798 3321 864 satellitibus,
3345 800 3607 868 clypeatis
3624 798 3915 866 militibus,

2303 889 2592 957 equitibus,
2625 888 2839 960 alioque
2865 889 3035 944 multo
3063 888 3329 945 famulitio
3361 891 3726 961 pra-cedente,
3750 890 3917 946 mini-

2304 996 2391 1035 tue
2418 990 2671 1046 terretur,
2702 997 2875 1050 neque
2901 991 3126 1052 patrono
3157 981 3379 1051 indiget,
3412 982 3507 1037 sed
3554 997 3747 1039 omnes
3792 982 3915 1037 illos

2306 1087 2657 1140 perrumpens
2688 1073 2854 1126 multa
2884 1086 3005 1126 cum
3034 1071 3225 1126 fiducia
3260 1072 3641 1141 Imperatorem
3681 1072 3913 1144 alloqui-

2305 1174 2392 1219 tur
2417 1181 2676 1234 suamque
2702 1168 3060 1220 calamitatem
3085 1166 3351 1236 deplorat,
3378 1167 3444 1221 ad
3471 1168 3588 1233 ejus
3615 1168 3916 1237 alloquium

2302 1259 2369 1311 ab
2398 1260 2509 1328 ipsa
2550 1259 2872 1313 necessitate
2899 1260 3163 1315 deducta:
3195 1261 3274 1315 sic
3317 1261 3570 1314 nimirum
3609 1270 3664 1314 ιιι
3710 1261 3917 1315 mulier

2305 1351 2401 1403 ista
2436 1366 2540 1403 non
2586 1352 2824 1417 erubuit,
2857 1368 3031 1421 neque
3067 1352 3214 1406 illam
3256 1352 3446 1423 puduit
3477 1355 3705 1409 sedente
3732 1368 3917 1407 sacer-

2305 1439 2431 1493 dote
2465 1457 2559 1510 per
2607 1445 2837 1510 seips-aui
2889 1453 3094 1510 petere,
3142 1458 3207 1498 ac
3251 1446 3419 1498 multa
3461 1461 3584 1499 cum
3616 1444 3815 1499 ﬁducia
3846 1444 3914 1498 ad

2305 1532 2688 1599 Imperatorem
2719 1535 3000 1599 accedere,
3030 1535 3126 1589 sed
3160 1536 3385 1604 impulsa
3424 1536 3718 1602 desiderio,
3751 1546 3918 1607 atque

2307 1627 2357 1676 in
2389 1626 2579 1677 c:e|nm
2612 1635 2790 1679 mente
2820 1626 3096 1686 subvecta.
3128 1636 3396 1695 tamquam
3430 1629 3601 1697 ipsum
3622 1639 3917 1684 cwutuere-

2310 1722 2394 1767 tnr
2419 1715 2607 1778 Deum,
2644 1718 2711 1769 ita
2734 1732 2855 1769 cum
2884 1732 3098 1771 summo
3122 1718 3266 1773 illum
3296 1717 3506 1773 fervore
3526 1719 3837 1788 compellab
3855 1731 3915 1776 ιι.

2304 1805 2441 1873 Quid
2468 1822 2514 1858 v.
2537 1822 2597 1861 ro
2624 1808 2731 1860 ait?
2756 1808 2867 1861 lmo
2894 1824 3022 1862 vero
3051 1809 3255 1863 nullum
3275 1811 3494 1865 verbum
3524 1813 3673 1882 prius
3690 1813 3914 1878 ctnittil,

2306 1898 2399 1951 sed
2430 1898 2649 1951 lletumn
2684 1900 2959 1967 prmmittit
2988 1901 3289 1965 exordium,
3318 1913 3371 1955 et
3400 1902 3605 1955 ealidos
3642 1904 3917 1974 lacrynia-

2306 2002 2422 2039 rum
2456 1987 2599 2039 rivos
2629 1987 2870 2041 rll'uudit.
2921 1990 2984 2043 lit
3023 1991 3183 2052 sicut.
3227 2006 3351 2045 cum
3392 1993 3591 2046 imbres
3628 1994 3913 2055 decidunt.

2308 2079 2464 2132 tellus
2493 2080 2603 2147 ipsa
2636 2080 2820 2134 durior
2848 2081 3065 2150 irrigata
3086 2092 3142 2136 ct
3168 2083 3405 2137 emollita
3436 2086 3582 2153 seips
3603 2102 3671 2139 ςιιι
3702 2085 3918 2140 lat-ilius

2308 2170 2373 2222 ad
2408 2170 2779 2238 producendus
2806 2171 2985 2237 fruges
3014 2174 3233 2239 excitat,
3266 2175 3345 2229 sic
3379 2177 3539 2229 etiam
3575 2176 3628 2229 in
3668 2176 3770 2231 bac
3795 2194 3920 2230 tnu-

2309 2261 2439 2315 liere
2468 2263 2712 2333 contigit.
2760 2262 3036 2332 Siquidem
3079 2274 3349 2336 tamquam
3391 2269 3459 2321 ab
3504 2269 3766 2323 imbribus
3791 2274 3913 2340 qui-

2309 2353 2531 2408 busdam
2563 2372 2591 2408 a
2616 2358 2865 2428 laet-ymis
2886 2359 3124 2412 emoilita
3154 2361 3330 2426 vulva,
3352 2372 3407 2415 et
3428 2363 3613 2417 dolore
3650 2365 3915 2418 calefacta

2305 2447 2470 2514 C(Bpil
2495 2447 2558 2499 ad
2602 2450 2912 2515 prmclaram
2961 2449 3098 2504 banc
3143 2450 3432 2505 liberorum
3481 2455 3915 2523 procreationem

2306 2538 2548 2593 excitari.
2584 2540 2879 2594 Audiamus
2908 2552 3089 2596 autem
3126 2543 3238 2611 ipsa
3289 2545 3473 2608 verba,
3523 2546 3919 2615 pulchramque

2309 2630 2462 2683 istam
2493 2632 2954 2701 supplicitioncm.
2995 2634 3234 2697 I’Ioraus,
3265 2636 3454 2707 inquit,
3480 2640 3715 2707 ploravit,
3749 2650 3794 2693 et
3822 2654 3921 2692 vo-

2310 2733 2415 2777 tum
2442 2726 2570 2778 vovit
2590 2725 2810 2782 Domino
2837 2728 3028 2792 dicens,
3057 2731 3261 2784 Aponi
3277 2745 3473 2785 DOIINB
3500 2731 3630 2786 ELoi
3658 2734 3921 2787 SMMOTB

2312 2817 2388 2888 (l.
2424 2816 2549 2886 Reg.
2586 2820 2632 2873 l.
2668 2819 2751 2873 10.
2784 2818 2894 2889 ll).
2925 2819 3225 2875 'l‘remenda
3255 2824 3415 2876 verba
3447 2833 3498 2877 et
3533 2823 3769 2878 horroris
3795 2825 3920 2894 ple-

2310 2922 2406 2971 na;
2440 2918 2689 2978 recteque
2721 2910 2917 2965 factum
2949 2921 3033 2964 est
3057 2927 3087 2963 a
3122 2913 3404 2982 scriptore,
3434 2930 3555 2967 cum
3587 2917 3637 2969 in
3669 2927 3919 2971 nostrain

2310 3002 2543 3072 linguam
2574 3018 2634 3057 ea
2682 3020 2786 3057 non
2820 3005 3121 3060 transtulit:
3149 3022 3322 3075 neque
3366 3008 3508 3061 cnim
3556 3009 3767 3078 propria
3822 3026 3922 3064 re-

2311 3102 2454 3147 tenta
2501 3095 2698 3148 virtute
2736 3095 2787 3147 in
2826 3094 3073 3150 Gnarum
3116 3096 3203 3149 illa
3246 3113 3553 3153 sermonem
3591 3108 3925 3156 convertere

2310 3186 2592 3254 potuisset.
2624 3186 2733 3241 Nec
2762 3202 2868 3241 uno
2914 3188 3060 3240 illum
3088 3189 3353 3242 vocabulo
3380 3189 3573 3244 mulier
3598 3190 3923 3260 appellavit,

2312 3276 2405 3330 sed
2442 3276 2683 3345 pluribus
2711 3294 2829 3348 quze
2860 3278 2937 3331 illi
2975 3279 3297 3342 tribuuntur,
3331 3290 3389 3333 ut
3429 3297 3663 3336 amorem
3688 3297 3814 3352 erga
3853 3283 3927 3336 il-

2310 3366 2420 3421 lmn
2452 3383 2630 3432 suum,
2655 3376 2710 3423 et
2732 3369 3011 3424 ardentem
3037 3371 3286 3424 allectum
3318 3370 3641 3426 ostenderet.
3682 3371 3747 3425 Et
3772 3374 3927 3427 sicut

2311 3462 2398 3529 qui
2438 3460 2647 3514 libellos
2678 3461 2947 3530 supplices
2972 3460 3278 3517 offerendos
3308 3462 3617 3532 Imperatori
3646 3465 3923 3524 scribunt.

2311 3565 2416 3603 non
2450 3566 2612 3604 unmu
2644 3552 2885 3606 inserunt
2915 3568 3131 3618 nomen,
3161 3554 3257 3607 sed
3286 3554 3771 3624 Triumpbatorcm,
3806 3559 3930 3611 Au-

2308 3652 2545 3710 gustum.
2590 3642 2995 3713 Imperatorem,
3028 3656 3083 3699 et
3126 3647 3227 3699 alia
3262 3648 3426 3701 multa
3454 3648 3764 3701 sublimiora
3801 3651 3930 3703 istis

2310 3751 2431 3788 cum
2460 3735 2783 3797 addiderint,
2814 3746 2924 3788 tum
2952 3739 3166 3789 dennnn
3194 3753 3319 3791 suas
3341 3754 3526 3807 preces
3555 3738 3785 3793 ochrunt
3812 3744 3930 3797 :s’c

2311 3839 2365 3884 et
2395 3831 2490 3883 ista
2519 3844 2640 3882 cum
2666 3828 2901 3883 libellum
2926 3828 3210 3897 quemdam
3232 3830 3525 3901 supplicem
3543 3830 3759 3886 oﬂ'erret
3787 3834 3926 3896 μοι),

2313 3923 2480 3977 multa
2524 3922 2574 3975 in
2623 3921 2845 3976 exordio
2893 3921 3300 3992 supplicationis
3343 3939 3455 3977 sua:
3500 3923 3707 3977 nomina
3746 3928 3927 3992 ponit,

2312 4029 2433 4069 cum
2462 4022 2519 4067 ut
2544 4012 2817 4075 allectum,
2853 4024 2909 4067 ut
2937 4023 3061 4067 ante
3091 4015 3223 4079 dixi,
3255 4016 3551 4083 proprium,
3585 4025 3692 4068 tum
3733 4027 3799 4071 ut
3828 4018 3929 4069 bo-

2315 4122 2500 4163 uoretn
2552 4106 2770 4172 indicet,
2814 4122 2923 4175 quo
2970 4108 3314 4175 prosequitur
3355 4123 3479 4160 eum
3511 4111 3595 4161 cui
3624 4108 3921 4178 supplicat.

2315 4200 2605 4253 Enimvero
2628 4212 2813 4267 preces
2837 4199 2979 4267 ipsas
3004 4199 3018 4228 ¹
3046 4196 3268 4251 dictavit
3289 4198 3445 4251 dolor
3466 4216 3479 4251 :
3504 4210 3838 4271 quapropter
3870 4214 3927 4256 et

2313 4291 2597 4347 confestim
2623 4291 2869 4345 exaudita
2901 4300 3006 4356 est,
3034 4306 3153 4344 cuin
3179 4290 3297 4344 illas
3315 4291 3603 4346 admodum
3629 4293 3877 4361 pl‘tttlt'ltl-
3900 4311 3929 4349 r

2314 4382 2639 4451 scripsisset.
2670 4382 2828 4435 Tales
2856 4382 3053 4450 quippe
3096 4392 3243 4444 sunt,
3290 4398 3410 4449 qua:
3444 4398 3509 4435 ex
3540 4383 3703 4436 animi
3730 4383 3928 4439 dolore

2316 4474 2615 4528 funduntur
2642 4475 2931 4526 orationes.
2963 4471 3097 4526 Nam
3141 4487 3238 4542 pro
3258 4472 3441 4526 cliarL't
3471 4472 3569 4527 fuit
3600 4489 3750 4529 meus
3776 4478 3925 4543 ejus,

2319 4582 2415 4636 pro
2440 4567 2647 4619 calamo
2671 4568 2867 4634 lingua,
2902 4566 3133 4635 Iacryma
3167 4580 3265 4633 pro
3292 4575 3628 4619 atramento:
3660 4582 3820 4636 quam
3855 4570 3928 4621 ob

2315 4674 2530 4713 (:uuSaItt
2558 4659 2624 4712 ad
2655 4660 2795 4712 hunc
2824 4674 2989 4726 iis-pie
3019 4657 3161 4711 diem
3188 4657 3305 4727 ejus
3328 4652 3649 4729 supplicatio
3673 4675 3929 4729 perman-

2314 4751 2403 4805 sit.
2438 4749 2755 4805 ladelcbllcs
2783 4750 2979 4819 quippe
3020 4748 3150 4803 liunt
3177 4750 3439 4818 ejusmodi
3464 4750 3654 4817 litcnc,
3683 4767 3801 4821 qua:
3827 4753 3929 4807 illo

2318 4844 2496 4895 tincta:
2532 4842 2725 4894 fuerint
2752 4850 3071 4894 atramento.
3101 4845 3275 4909 Atque
3304 4839 3585 4894 exordium
3615 4842 3833 4909 quidem
3864 4844 3927 4897 li-

2320 4933 2440 4985 belli
2466 4933 2720 5000 supplieis
2748 4933 2849 4984 tale
2872 4930 2998 4993 fuit;
3024 4948 3140 4999 qua:
3163 4947 3291 4985 vero
3309 4941 3625 5001 sequuntur,
3644 4939 3927 5005 quamam?

2320 5026 2382 5079 Si
2425 5025 2695 5095 respiciens
2742 5024 3041 5091 respexeris,
3083 5022 3274 5092 inquit,
3321 5041 3472 5094 super
3518 5025 3927 5080 humiliationem

2318 5117 2518 5170 ancillae
2542 5128 2641 5169 tua'
2657 5117 2673 5184 (
2688 5118 2730 5167 ι.
2763 5116 2891 5186 Reg.
2916 5116 2965 5168 1.
2996 5114 3101 5185 ll).
3126 5115 3362 5169 Necdum
3386 5118 3671 5185 quidquam
3689 5121 3926 5187 accepit,

2319 5221 2371 5261 et
2401 5226 2427 5260 ιι
2459 5208 2813 5277 promissione
2843 5208 3101 5259 orationis
3124 5205 3275 5258 duxit
3301 5207 3600 5260 exet-dium.
3644 5207 3925 5263 Remunco

2320 5313 2468 5354 ratur
2513 5302 2700 5366 Deum,
2747 5316 2865 5353 cum
2917 5299 3178 5351 niltildum
3227 5301 3472 5354 inanibus
3518 5310 3719 5356 teneat.
3769 5303 3925 5357 Adeo

2320 5392 2577 5455 fervebat,
2609 5400 2663 5444 et
2692 5391 2755 5441 ad
2791 5393 2890 5442 luit:
2936 5391 3110 5458 potius
3151 5407 3309 5459 quam
3351 5392 3417 5443 ad
3466 5392 3592 5444 illud
3623 5394 3923 5462 aspirabat,

2319 5484 2542 5553 ideoque
2572 5482 2672 5536 sibi
2706 5482 2871 5534 lilium
2904 5482 3014 5535 dari
3043 5486 3381 5550 precabatur.
3428 5483 3489 5536 Si
3525 5484 3791 5552 respiciens
3836 5502 3923 5537 rc-

2316 5576 2537 5645 δρέπει-ὗε
2566 5589 2719 5642 super
2748 5574 3149 5625 luuuitiatimicm
3178 5574 3382 5627 ancilla:
3413 5584 3533 5627 tua'.
3569 5576 3765 5644 lluplici
3794 5575 3923 5643 jure

2317 5672 2477 5736 nitor,
2508 5668 2697 5736 inquit,
2731 5667 3022 5729 servitutis,
3046 5678 3098 5720 et
3126 5667 3465 5721 calamitatis.
3504 5668 3565 5721 I-It
3585 5669 3651 5722 da
3672 5670 3795 5721 milii
3827 5688 3925 5721 ml-

2380 5851 2394 5876 '
2430 5849 2579 5904 f.olb..
2608 5847 2693 5895 has
2713 5857 2897 5905 νιέίιέι
2928 5847 3063 5895 ειδις
3091 5849 3237 5895 etiam
3273 5852 3387 5906 tit-5.
