4178 6330
218 476 311 532 αι
1576 453 1665 510 DE
1707 452 1891 512 ANNA
1918 450 2152 509 SERMO
2190 452 2231 510 ι.

222 568 353 621 ςὶιιίισ
373 573 473 618 tua
495 577 666 616 mm
692 558 821 615 viri;
852 556 983 609 dabo
1003 551 1136 608 illud
1162 550 1338 604 datum
1367 562 1538 602 coram
1576 554 1643 599 te.
1673 546 1814 614 Quid

220 665 316 721 est,
346 655 528 711 Coram
564 662 614 707 te
656 648 877 704 datum?
920 644 1230 702 Dedititiunt
1274 651 1332 696 et
1370 640 1530 711 plane
1574 650 1814 691 servum.

221 748 366 804 Omni
396 751 661 815 potestate
684 757 770 796 me
794 738 1010 795 abdico.
1040 736 1275 791 Eatenus
1296 733 1439 788 enim
1471 739 1678 785 tantum
1699 728 1814 782 ﬁeri

223 847 380 895 mater
402 834 585 905 cupio,
617 843 882 904 quatenus
902 845 931 884 a
963 843 1052 883 me
1084 827 1225 881 [ilius
1249 824 1411 880 ducat
1443 822 1675 888 initium,
1701 832 1813 874 tum

220 929 464 999 deinceps
489 942 613 983 meo
640 929 759 996 jure
789 923 946 986 cedo.
978 937 1041 977 ac
1072 934 1257 976 rursus
1282 918 1333 974 ei
1360 916 1631 973 renuntio.

282 1022 334 1079 6.
374 1025 453 1078 Ac
481 1021 605 1077 vide
632 1017 871 1075 mulieris
896 1017 1167 1087 pietatem.
1196 1011 1311 1066 Non
1342 1010 1498 1073 dixit,
1524 1008 1580 1065 Si
1601 1007 1816 1063 dederis

219 1115 339 1170 mihi
363 1125 491 1180 tres,
516 1113 652 1169 duos
677 1112 768 1167 tibi
790 1111 891 1164 do:
918 1110 1000 1163 sin
1026 1115 1207 1162 autem
1228 1105 1384 1169 duos,
1408 1119 1573 1158 unum
1592 1102 1661 1157 do
1683 1102 1773 1156 tibi
1797 1119 1809 1154 :

218 1209 326 1275 sed,
357 1208 413 1262 Si
440 1221 607 1261 unum
630 1204 803 1259 solum
830 1201 1067 1267 dederis,
1099 1209 1266 1254 totum
1301 1198 1393 1252 tibi
1417 1195 1647 1252 fructum
1680 1212 1813 1250 con-

218 1315 381 1357 accro.
411 1298 477 1353 Et
506 1300 681 1352 vinum
712 1306 758 1350 et
784 1312 934 1350 omne
960 1293 1097 1359 quod
1127 1292 1379 1345 inebriare
1407 1300 1565 1359 potest
1598 1306 1697 1341 non
1736 1287 1813 1340 bi—

216 1395 306 1448 bet.
334 1391 581 1449 Nondum
612 1390 777 1443 filium
807 1387 1034 1455 accepit,
1078 1394 1133 1440 et
1157 1385 1265 1452 jam
1302 1382 1613 1451 prephetam
1646 1380 1812 1434 infor-

218 1494 335 1549 mat.
364 1499 425 1539 ac
448 1483 519 1537 de
548 1482 691 1536 illius
717 1479 1037 1535 educatione
1066 1478 1225 1531 verba
1258 1476 1400 1534 facit.
1433 1482 1485 1528 et
1530 1488 1650 1528 cum
1702 1471 1812 1525 Dco

217 1587 415 1646 pactum
450 1576 567 1630 iuit.
596 1573 642 1629 Ο
667 1571 1044 1628 confidentiam
1078 1569 1344 1624 mulieris!
1393 1569 1528 1636 Quia
1563 1584 1667 1620 non
1698 1575 1809 1619 tum

216 1668 515 1739 persolvere
544 1676 769 1736 poterat,
793 1663 935 1735 quod
958 1656 1535 1731 nondumaccepisset,
1560 1675 1589 1713 a
1617 1660 1812 1715 futuris

213 1768 473 1830 sampmm
508 1756 735 1829 pretium
769 1755 1045 1826 persolvit.
1075 1753 1141 1808 Et
1167 1750 1623 1824 quemadmodum
1666 1765 1812 1821 saepe

214 1852 352 1907 multi
382 1850 635 1921 agricolae
677 1862 886 1903 summa
931 1846 1105 1917 pressi
1155 1852 1414 1915 egestate,
1448 1858 1568 1898 cum
1602 1851 1810 1896 tantum

213 1943 443 2013 pecunia:
487 1957 595 1997 non
639 1948 907 2009 suppetat,
950 1948 1008 1993 ut
1039 1938 1261 1991 vitulum
1300 1935 1507 2005 possint
1532 1943 1622 1988 aut
1650 1950 1808 1989 ovem

212 2046 403 2097 cinere,
436 2033 537 2088 hac
564 2032 875 2088 conditione
900 2046 935 2084 a
964 2029 1200 2084 dominis
1226 2043 1286 2083 ea
1309 2028 1579 2097 accipiunt
1604 2027 1810 2081 anima-

212 2126 297 2193 lia.
320 2133 376 2181 ut
398 2124 681 2181 semissem
705 2122 973 2178 fructuum
1002 2120 1251 2185 reddant,
1284 2134 1449 2189 seque
1478 2120 1710 2189 pretium
1739 2134 1806 2173 ex

212 2215 395 2274 fumris
419 2216 708 2271 deductum
742 2213 1003 2270 fructibus
1044 2212 1413 2283 persoluturos
1443 2210 1762 2281 promittunt
1791 2229 1804 2264 :

211 2310 284 2364 sic
305 2308 464 2365 etiam
487 2308 612 2372 ista,
632 2306 715 2362 vel
743 2307 919 2377 potius
941 2304 1115 2374 majus
1130 2304 1382 2375 quiddam
1403 2302 1669 2372 praestitit.
1690 2301 1808 2357 Non

209 2402 343 2463 enim
374 2416 435 2455 ea
466 2398 798 2465 conditione,
849 2408 906 2453 ut
948 2397 1232 2453 semissem
1277 2395 1545 2449 fructuum
1592 2394 1802 2458 reddat,

212 2492 370 2560 lilium
401 2494 616 2564 accipit,
664 2492 759 2548 sed
808 2501 865 2547 ut
909 2501 1077 2546 totum
1122 2490 1196 2545 illi
1226 2489 1420 2544 deinde
1451 2489 1717 2555 restituat,
1753 2497 1807 2544 et

206 2582 463 2647 fruguum
495 2585 615 2641 loco
637 2582 729 2639 lilii
750 2582 1122 2639 educationem
1154 2580 1401 2651 accipiat.
1433 2580 1803 2636 Sufﬁcieutem

204 2677 340 2741 enim
370 2694 493 2735 esse
521 2677 826 2734 mercedem
867 2675 1222 2743 existimavit,
1252 2684 1309 2730 ut
1337 2674 1549 2730 labores
1579 2689 1706 2730 suos
1753 2677 1803 2729 in

209 2773 295 2829 Dei
316 2772 624 2830 sacerdotis
666 2770 1040 2826 educationem
1072 2767 1428 2838 impenderet.
1466 2766 1532 2821 Et
1560 2768 1731 2821 vinum
1756 2776 1804 2818 et

205 2880 343 2929 eam
365 2865 505 2937 quod
529 2865 741 2920 inebriat
778 2880 879 2919 non
925 2863 1074 2929 bibet,
1109 2862 1300 2933 inquit.
1333 2860 1448 2916 Non
1477 2860 1548 2915 illi
1577 2861 1722 2923 venit
1751 2862 1802 2915 in

204 2964 432 3022 tuentem
465 2958 582 3013 haec
629 2956 770 3027 apud
800 2972 859 3011 se
884 2955 1101 3011 dicere:
1127 2954 1266 3023 Quid
1297 2969 1425 3008 vero
1458 2955 1568 3021 liet,
1599 2952 1645 3009 si
1674 2953 1803 3009 dum

203 3060 349 3107 tener
377 3060 460 3105 est
505 3048 701 3116 infans,
734 3064 887 3119 aqua:
917 3056 1045 3118 potu
1076 3046 1193 3115 ejus
1245 3044 1495 3100 valetudo
1537 3044 1805 3099 laedatur?

201 3144 321 3217 quid
362 3145 407 3199 si
440 3148 493 3203 in
524 3143 769 3199 morbum
803 3141 1035 3197 incidat?
1063 3140 1188 3211 quid
1217 3140 1260 3195 si
1289 3138 1437 3210 gravi
1469 3137 1660 3193 morbo
1702 3153 1812 3213 op-.

203 3253 413 3309 presms
460 3237 758 3293 moriatur?
803 3236 909 3292 Sed
955 3252 1075 3291 cum
1114 3234 1403 3305 cogitasset
1440 3249 1587 3300 eum,
1626 3248 1655 3287 a
1696 3248 1804 3303 quo

201 3332 371 3389 fuerat
412 3331 594 3396 datus,
625 3343 784 3400 posse
817 3327 960 3383 illius
987 3342 1203 3397 quoque
1232 3324 1447 3381 sanitati
1494 3324 1799 3395 providere,

200 3426 265 3479 ab
291 3424 418 3495 ipsis
446 3422 785 3481 incunabulis
812 3432 867 3477 et
910 3429 1096 3492 partus
1125 3418 1437 3475 secundinis
1463 3418 1515 3475 in
1542 3420 1804 3475 sanctita-

201 3526 302 3572 tem
340 3514 489 3574 illum
539 3515 767 3583 invexit,
809 3514 1027 3584 Deoque
1076 3528 1190 3567 rem
1222 3520 1389 3567 totam
1420 3510 1714 3580 commisit,
1748 3518 1804 3567 et

198 3618 316 3665 ante
344 3616 558 3678 prtum
586 3605 1023 3663 sanctiﬁcabatur
1059 3604 1177 3675 ejus
1220 3612 1405 3659 uterus
1445 3604 1497 3658 in
1528 3619 1633 3673 qun
1672 3619 1800 3675 pro-

200 3699 351 3767 pheta
378 3699 714 3769 gestabatur,
736 3707 792 3754 et
818 3697 1076 3753 sacerdos
1097 3696 1529 3765 concipiebatur,
1556 3706 1611 3751 et
1632 3697 1801 3751 dona-

200 3790 330 3845 rium
374 3789 673 3854 ferebatur,
720 3788 1023 3853 donarium,
1057 3788 1297 3858 inquam,
1328 3787 1643 3841 animatum.
1676 3786 1801 3842 ideo

198 3880 391 3937 diutius
428 3896 551 3936 eam
587 3894 821 3936 mmrorc
850 3879 1039 3934 conﬁci
1073 3878 1417 3951 permittebat
1470 3879 1629 3946 Deus,
1680 3878 1801 3934 ideo

197 3972 340 4029 tarde
368 3971 561 4035 dabat,
602 3982 658 4027 ut
704 3988 825 4028 eam
859 3972 975 4043 ipso
1006 3986 1204 4043 genere
1234 3979 1420 4042 partus
1451 3970 1799 4026 illustriorem

196 4065 457 4133 redderet,
487 4080 547 4125 ut
579 4066 972 4137 philosophiam
1014 4067 1132 4136 ejus
1162 4066 1435 4135 animique
1467 4064 1798 4119 moderatio-

194 4173 310 4214 nem
338 4157 677 4215 ostenderet.
708 4157 841 4212 Nam
870 4158 921 4211 in
953 4158 1200 4213 oratione
1219 4172 1328 4212 non
1358 4156 1607 4211 meminit
1633 4172 1801 4211 mmu-

195 4249 276 4316 Ite,
299 4264 407 4306 non
427 4251 548 4321 ejus
567 4249 809 4306 convicia
838 4249 1174 4316 memoravit,
1206 4264 1312 4303 non
1336 4250 1387 4303 in
1414 4248 1648 4305 medium
1675 4262 1801 4317 pro-

195 4340 307 4396 tulit
344 4342 464 4412 ejus
492 4341 805 4411 opprobria,
843 4358 948 4396 non
991 4341 1145 4405 dixit,
1174 4340 1450 4396 Ulciscere
1481 4355 1567 4397 me
1598 4340 1667 4395 de
1692 4341 1794 4394 im-

194 4433 351 4502 proba
399 4443 458 4489 et
499 4435 725 4490 scelesta
775 4434 860 4488 illa
907 4434 1151 4499 muliere,
1198 4433 1339 4504 quod
1383 4434 1565 4489 multa:
1598 4434 1796 4489 iaciunt
1834 4462 1839 4465 >

195 4525 607 4581 muliereszsed
658 4541 834 4597 neque
885 4526 1203 4596 prohrornm
1255 4525 1571 4590 recordata,
1618 4526 1687 4581 de
1733 4527 1798 4581 iis

194 4624 391 4672 tantum
418 4633 541 4689 qua:
563 4617 664 4673 sibi
693 4617 983 4690 proderant
1012 4634 1199 4688 preces
1220 4617 1499 4675 offerebat.
1530 4618 1601 4673 Ita
1630 4619 1713 4675 fac
1741 4630 1797 4675 tu

192 4726 417 4782 quoque,
466 4711 538 4765 mi
583 4710 769 4779 homo,
815 4727 1045 4783 cumque
1076 4712 1273 4768 videris
1302 4713 1578 4768 inimicum
1609 4711 1798 4769 dolore

192 4804 536 4868 efﬁcientem.
571 4805 623 4860 in
652 4821 775 4860 eum
805 4806 1023 4877 quidem
1050 4807 1256 4862 nullum
1285 4807 1531 4877 asperius
1572 4808 1793 4863 verbum

194 4895 387 4961 initus,
420 4913 599 4967 neque
636 4897 777 4953 male
816 4913 944 4969 erga
986 4908 1039 4954 te
1082 4897 1279 4953 allecto
1324 4899 1793 4969 impreceris:sed

195 4985 484 5058 ingressus,
516 5004 580 5044 ac
609 4984 761 5043 flexis
785 4989 1030 5061 genibus,
1056 4990 1299 5061 fusisque
1321 4992 1593 5062 lacrymis,
1626 4993 1793 5048 Deum

194 5092 429 5149 precare,
454 5089 511 5134 ut
535 5080 807 5136 tristitiam
834 5082 1086 5137 discutiat
1105 5082 1454 5153 doloremque
1472 5084 1790 5155 restinguat;

189 5172 329 5240 quod
356 5171 472 5230 hac
501 5186 718 5243 quoque
744 5174 937 5230 mulier
967 5174 1111 5238 fecit,
1158 5190 1259 5230 nec
1305 5176 1632 5232 mediocrem
1679 5178 1795 5233 fru-

194 5268 333 5316 ctum
356 5277 427 5317 ex
461 5260 679 5318 inimica
708 5264 944 5337 collegit.
999 5267 1090 5321 Illa
1136 5268 1279 5323 enim
1313 5267 1380 5323 ad
1409 5268 1553 5324 hunc
1582 5280 1793 5340 partum

194 5350 409 5410 infantis
437 5354 793 5411 obtinendum
837 5357 1092 5427 opitulata
1136 5368 1240 5415 est.
1270 5358 1388 5427 Quo
1429 5369 1587 5431 pacto
1630 5361 1680 5416 id
1713 5361 1795 5417 fa-

195 5456 333 5502 stum
359 5448 449 5509 sit.
479 5463 581 5518 ego
609 5447 803 5504 dicam.
824 5449 959 5517 Quia
988 5452 1274 5522 opprobria
1302 5452 1553 5522 jactarat,
1578 5453 1795 5510 afﬂixe-

197 5544 301 5602 rat,
319 5540 691 5610 majoremque
717 5540 963 5599 dolorem
985 5542 1315 5610 reddiderat,
1334 5560 1362 5597 a
1386 5545 1572 5601 dolore
1594 5546 1794 5604 arden.

203 5630 304 5688 tier
320 5631 415 5687 fuit
455 5634 653 5698 oratio,
702 5633 869 5691 Deum
901 5651 1031 5691 vero
1070 5637 1145 5691 illi
1186 5638 1514 5703 conciliavit,
1546 5649 1706 5709 atque
1737 5649 1797 5694 ut

198 5728 503 5798 impetraret
532 5725 733 5793 elfecit,
765 5727 952 5798 sicque
995 5728 1213 5785 Samuel
1259 5738 1345 5785 est
1390 5740 1546 5799 partu
1590 5731 1789 5787 editus.

199 5817 374 5888 Itaque
398 5820 445 5875 si
475 5819 665 5890 vigiles
692 5821 881 5887 simus,
915 5836 1022 5877 non
1069 5822 1233 5878 modo
1272 5822 1405 5878 nihil
1452 5838 1551 5878 nos
1598 5824 1796 5880 ltedere

192 5916 430 5979 poterunt
462 5912 685 5973 in’ntici.
714 5910 813 5969 sed
834 5919 889 5970 et
916 5913 1205 5985 plurimum
1236 5915 1553 5986 proderunt,
1584 5915 1710 5971 dum
1737 5917 1789 5972 in

3436 442 3544 501 (362

1929 543 2186 598 omnibus
2207 556 2309 598 nos
2330 540 2701 613 diligentiores
2726 538 2985 606 efﬁcient,
3008 546 3211 595 tantum
3235 552 3305 594 ne
3324 551 3551 611 propter

1927 634 2234 691 molestiam
2258 648 2323 689 ac
2348 633 2616 701 dolorem,
2648 649 2813 706 quem
2841 633 3001 689 nobis
3033 633 3275 699 inurunt,
3308 632 3378 687 ad
3408 647 3542 689 eon-

1926 726 2061 784 vicia
2089 726 2397 798 probraque
2424 742 2522 783 nos
2542 726 2716 797 abripi
2745 727 3010 792 sinamus,
3033 724 3127 781 sed
3144 724 3213 781 ad
3234 740 3423 796 preces
3445 739 3545 782 nos

1928 821 2105 891 potius
2134 829 2534 877 convertemus.

1995 914 2083 969 Ea:
2124 915 2328 969 nomine
2355 913 2616 970 Samuelis
2642 914 2961 968 occasionem
2985 913 3168 975 arripit
3194 913 3259 969 de
3278 912 3550 967 educatio-

1924 1022 1987 1060 ne
2033 1006 2306 1060 liberorum
2358 1003 2616 1075 loquendi.
2655 1032 2730 1045 —-
2769 1003 3060 1075 Postquam
3106 1013 3287 1059 autem
3336 1003 3547 1074 peperit

1924 1099 2115 1171 illium,
2134 1099 2346 1155 vocavit
2365 1097 2513 1153 illum
2531 1097 2857 1163 Samuelem,
2878 1096 2983 1152 hoc
2997 1108 3099 1163 est,
3123 1096 3324 1153 Audiet
3349 1096 3540 1152 Deum.

1920 1191 2053 1247 Nam
2082 1192 2335 1262 quoniam
2364 1206 2431 1245 ex
2461 1205 2547 1257 eo,
2577 1189 2721 1261 quod
2750 1188 2997 1245 exaudita
3024 1188 3207 1253 fuerit,
3238 1197 3293 1244 et
3318 1203 3541 1259 precum

1920 1301 2084 1357 Opera
2106 1286 2279 1355 ipsum
2300 1285 2528 1352 accepit,
2558 1298 2667 1338 non
2688 1282 2949 1338 benelicio
2978 1291 3203 1346 natum,
3223 1280 3542 1337 memoriam

1919 1388 2157 1449 quaestus
2182 1378 2325 1431 illius
2354 1383 2631 1446 tamquam
2673 1376 2725 1429 in
2754 1382 2903 1428 aenea
2942 1374 3169 1444 quadam
3208 1375 3460 1428 columna
3489 1372 3542 1429 in

1919 1469 2277 1539 appellatione
2310 1468 2515 1538 pueruli
2540 1467 2707 1522 voluit
2734 1480 2856 1521 esse
2883 1465 3140 1521 delixam.
3167 1464 3353 1537 Neque
3382 1465 3541 1532 dixit,

1926 1562 2187 1617 Vocemus
2213 1577 2336 1615 eum
2378 1561 2595 1615 nomine
2627 1559 2794 1628 patris
2823 1558 2925 1621 sui,
2963 1556 3046 1613 vel
3077 1556 3250 1626 patrui
3272 1597 3285 1618 ,
3314 1557 3396 1612 vel
3429 1557 3539 1625 avi,

1920 1654 2003 1709 vel
2034 1654 2222 1723 proavi
2250 1672 2261 1706 :
2290 1650 2406 1718 sed,
2439 1652 2533 1707 Ille
2564 1651 2698 1720 ipse,
2724 1650 2813 1719 qui
2839 1649 2990 1704 dedit
3018 1664 3163 1713 eum,
3202 1648 3375 1718 inquit
3399 1689 3414 1715 ,
3443 1663 3541 1718 ap-

1919 1747 2209 1818 pellatione
2230 1744 2438 1815 pueruli
2470 1744 2784 1797 honoretur.
2817 1742 2965 1796 lianc
2987 1739 3311 1795 azmulamini
3345 1740 3542 1796 mulie-

1916 1854 2027 1905 res,
2064 1838 2206 1892 hanc
2234 1837 2510 1892 imitemur
2537 1835 2656 1901 viri,
2685 1842 2995 1904 tantamque
3024 1832 3315 1888 liberarunt
3349 1848 3537 1887 curam

1916 1946 2189 2002 geramus,
2224 1929 2295 1984 ita
2329 1938 2484 1984 natos
2510 1927 2825 1993 educemus,
2858 1942 2983 1982 cum
3016 1927 3069 1982 in
3097 1926 3218 1983 aliis
3245 1926 3535 1992 onmibus,

1918 2033 2030 2078 tum
2057 2022 2291 2077 maxime
2319 2021 2372 2076 in
2393 2022 2657 2077 castitate.
2693 2019 2837 2075 Nihil
2860 2020 3005 2075 enim
3034 2018 3171 2074 adeo
3196 2019 3532 2075 contenden-

1915 2116 2045 2170 dum
2085 2124 2141 2170 et
2168 2112 2465 2169 curandum
2497 2122 2577 2168 est
2603 2154 2619 2180 ,
2651 2128 2810 2184 quam
2840 2120 2900 2167 ut
2920 2111 3149 2181 juvenes
3178 2114 3310 2166 casti
3344 2113 3450 2167 sint
3481 2123 3537 2167 et

1915 2206 2116 2277 pudici.
2170 2205 2297 2261 Hmc
2342 2206 2487 2260 enim
2533 2204 2768 2259 maxime
2812 2203 3075 2274 :egritndo
3118 2204 3191 2259 illi
3219 2205 3364 2259 mtati
3410 2221 3532 2258 tuo-

1916 2300 2127 2355 lestiam
2172 2298 2427 2355 exhibet:
2453 2307 2505 2352 et
2533 2296 2676 2368 quod
2723 2297 2774 2351 in
2809 2296 3044 2352 lucernis
3077 2296 3320 2367 agimus,
3354 2296 3457 2352 hoc
3483 2308 3539 2353 et

1912 2409 2038 2467 erga
2068 2395 2265 2450 liberos
2292 2393 2664 2449 observemus.
2696 2389 2856 2447 Certe
2893 2406 3038 2460 saepe
3064 2390 3315 2446 ancillam
3342 2390 3537 2453 adma-

1914 2504 2125 2558 nemus,
2159 2504 2280 2561 quae
2309 2488 2585 2544 lucernam
2613 2484 2879 2551 accendit,
2914 2500 2980 2540 ne
3014 2485 3064 2538 in
3093 2499 3219 2539 eum
3250 2483 3425 2539 locum
3456 2484 3541 2539 lu-

1912 2598 2129 2639 cernam
2183 2580 2474 2636 transferat
2503 2622 2518 2647 ,
2547 2579 2598 2635 in
2632 2593 2739 2648 quo
2782 2577 2979 2648 stipula
3022 2576 3294 2633 ftenumve
3334 2575 3534 2642 fuerit,

1913 2686 2006 2731 aut
2049 2673 2252 2746 aliquid
2280 2671 2585 2744 hujusmodi
2607 2714 2621 2737 ,
2659 2687 2725 2727 ne
2753 2671 2892 2727 forte
2922 2670 3081 2725 nobis
3107 2670 3291 2726 insciis
3321 2669 3539 2726 excidat

1912 2770 2147 2827 scintilla
2174 2768 2459 2840 quaepiam,
2481 2776 2537 2824 et
2560 2766 2843 2822 materiam
2872 2766 3015 2822 illam
3046 2766 3344 2837 corripiens
3366 2775 3536 2822 totam

1912 2864 2129 2919 domum
2154 2860 2405 2916 incendat
2423 2879 2435 2915 :
2453 2860 2699 2915 eamdem
2722 2875 2936 2931 quoque
2958 2860 3376 2916 sollicitudinem
3404 2877 3532 2932 erga

1912 2959 2112 3015 liberos
2139 2957 2549 3029 impendamus,
2578 2971 2754 3028 neque
2777 2957 2956 3012 vultus
2977 2970 3167 3013 eorum
3201 2957 3325 3015 illuc
3353 2959 3537 3015 tradu-

1909 3067 2116 3117 camus,
2147 3053 2234 3108 ubi
2266 3052 2480 3107 lasciva:
2506 3062 2633 3107 sunt
2661 3051 2875 3107 famula:
2895 3095 2910 3118 ,
2934 3052 3025 3108 ubi
3056 3052 3348 3110 luxuriosa:
3378 3056 3533 3124 puel—

1913 3146 1979 3201 lae
2002 3187 2018 3213 ,
2052 3146 2138 3200 ubi
2167 3145 2472 3216 petulantes
2501 3144 2711 3199 ancillae
2733 3186 2747 3210 ,
2783 3143 2879 3200 sed
2908 3144 3194 3214 jubeamus
3231 3162 3296 3202 ac
3325 3146 3536 3203 denun-

1912 3240 2111 3296 tietnus
2134 3240 2260 3306 illis,
2292 3239 2337 3294 si
2364 3238 2501 3295 forte
2528 3240 2649 3294 talis
2678 3240 2832 3295 nobis
2853 3241 2923 3295 sit
2954 3239 3173 3304 famula,
3202 3253 3299 3295 seu
3332 3241 3531 3308 vicina,

1910 3332 2023 3386 sive
2045 3331 2248 3401 quzevis
2278 3330 2565 3400 ejusmodi,
2602 3338 2658 3385 ut
2684 3346 2859 3402 neque
2886 3331 2938 3385 in
2967 3340 3338 3402 conSpectum,
3360 3348 3535 3404 neque

1908 3422 1964 3478 in
1992 3421 2260 3477 sermonis
2276 3436 2624 3492 congressum
2647 3436 2770 3476 cum
2795 3422 3085 3491 juvenibus
3106 3422 3307 3487 veniat,
3333 3439 3402 3479 ne
3428 3439 3534 3494 qna

1911 3512 2038 3569 inde
2075 3512 2308 3567 scintilla
2338 3512 2597 3568 excitlens
2628 3521 2792 3569 totam
2824 3514 3032 3585 pueruli
3062 3516 3296 3570 animam
3341 3516 3532 3571 incen-

1909 3604 2021 3671 dat,
2042 3614 2095 3660 et
2126 3604 2526 3675 irreparabilem
2551 3606 2625 3660 illi
2648 3606 3011 3662 calamitatem
3044 3607 3317 3677 importet.
3347 3609 3535 3680 Neque

1908 3712 2039 3753 vero
2087 3706 2293 3752 tantum
2324 3712 2355 3751 a
2395 3698 2722 3767 spectaculis
2746 3740 2760 3763 ,
2793 3698 2891 3754 sed
2919 3699 3081 3754 etiam
3125 3716 3156 3753 a
3188 3701 3444 3756 mollibus
3467 3717 3535 3758 ac

1909 3788 2185 3844 dissolutis
2210 3788 2495 3843 cantilenis
2520 3788 2886 3855 abducamus,
2916 3805 2984 3844 ne
3015 3789 3098 3845 his
3126 3805 3317 3847 eorum
3348 3790 3535 3848 anima

1908 3880 2222 3947 fascinetur;
2256 3894 2432 3950 neque
2462 3880 2579 3935 illos
2607 3880 2672 3935 ad
2706 3880 2912 3935 theatra
2945 3879 3297 3948 deducamus,
3331 3899 3431 3938 nec
3462 3885 3527 3939 ad

1907 3971 2153 4029 convivia
2176 3981 2229 4026 et
2256 3972 2702 4043 competitiones,
2731 3971 2827 4027 sed
2854 3972 3065 4028 cautius
3094 3989 3255 4044 quam
3287 3976 3528 4031 conclavi

1908 4064 2103 4120 abditae
2134 4065 2366 4135 virgines
2388 4107 2402 4127 .
2432 4064 2804 4119 custodiantur
2847 4080 2877 4118 a
2923 4066 3079 4121 nobis
3108 4067 3356 4135 juvenes.
3388 4068 3531 4123 Nihil

1907 4164 2119 4210 mtatcm
2147 4154 2289 4209 illam
2316 4154 2452 4209 adeo
2474 4156 2612 4209 solet
2632 4169 2897 4209 exornare
2921 4170 2985 4211 ac
3008 4156 3277 4226 pudicitia:
3300 4172 3529 4227 eo:ona,

1908 4258 1962 4304 et
1991 4249 2035 4303 si
2067 4249 2187 4318 quis
2226 4248 2295 4302 ab
2338 4248 2486 4302 omni
2532 4246 2747 4303 lascivia
2798 4262 2965 4317 purus
2992 4249 3058 4302 ad
3088 4249 3399 4321 conjugium
3434 4268 3533 4307 vc-

1906 4343 2039 4397 niat.
2083 4340 2175 4396 Sic
2213 4349 2267 4395 et
2296 4340 2552 4395 mulieres
2582 4340 2689 4393 illis
2736 4341 2865 4395 [ient
2891 4341 3152 4396 amabiles
3172 4383 3184 4404 .
3219 4357 3343 4397 cum
3372 4353 3531 4399 antea

1908 4434 2052 4489 nulla
2081 4448 2139 4488 se
2181 4431 2539 4487 fornicatione
2577 4432 2921 4495 exercuerit,
2945 4440 3039 4487 aut
3064 4443 3320 4505 corrupta
3366 4434 3532 4492 fuerit

1906 4526 2103 4593 anima,
2134 4540 2256 4579 cum
2281 4539 2401 4579 eam
2429 4524 2600 4578 solam
2630 4524 2910 4579 mulierem
2944 4532 3126 4580 notam
3165 4524 3414 4582 habuerit
3434 4528 3533 4598 ju-

1906 4618 2078 4683 venis,
2112 4633 2234 4687 quaa
2261 4616 2362 4672 sibi
2391 4614 2554 4671 fuerit
2575 4615 2777 4685 nuptiis
2806 4616 3078 4685 copulata.
3109 4616 3201 4673 Sic
3229 4625 3285 4671 et
3328 4618 3529 4674 arden-

1907 4711 2073 4765 tiores
2098 4723 2333 4774 amores,
2361 4716 2417 4763 et
2436 4706 2703 4763 sincerior
2732 4706 3108 4763 benevolentia
3129 4750 3144 4775 ,
3176 4710 3256 4764 sic
3285 4711 3523 4767 amicitia

1909 4805 1967 4857 lit
1990 4802 2364 4858 vehementior
2389 4842 2403 4866 ,
2433 4815 2557 4855 cum
2588 4798 2656 4854 ad
2685 4799 2901 4870 nuptias
2924 4800 3155 4870 juvenes
3204 4817 3328 4856 cum
3380 4812 3526 4858 tanta

1904 4896 2154 4951 cautione
2181 4896 2537 4964 perrexerint.
2564 4892 2694 4948 Nam
2713 4909 2857 4949 nunc
2881 4894 3098 4964 quidem
3128 4911 3247 4965 quae
3265 4906 3527 4966 geruntur

1904 5006 2011 5047 non
2064 4992 2263 5062 nuptiae
2305 4998 2433 5045 sunt
2454 5032 2469 5057 ,
2500 4988 2596 5045 sed
2639 5003 2789 5043 mera
2821 4990 3113 5061 negotiatio
3159 4989 3401 5060 pecuni-.e
3427 5032 3443 5057 ,
3473 5002 3527 5046 et

1905 5085 2243 5156 canponatio.
2270 5083 2403 5139 Cum
2429 5082 2572 5139 enim
2602 5091 2729 5138 ante
2753 5082 3061 5154 conjugiutu
3089 5092 3379 5153 corruptus
3406 5083 3526 5141 fue-

1906 5180 1978 5232 rit
1996 5178 2241 5247 juvenis,
2270 5186 2324 5232 et
2351 5183 2474 5247 post
2502 5175 2813 5247 coujugium
2846 5191 3033 5232 rursus
3057 5176 3112 5232 itt
3143 5177 3369 5232 alteram
3401 5193 3524 5233 mu-

1906 5270 2095 5325 lierem
2123 5269 2311 5325 oculos
2340 5283 2469 5325 suos
2497 5268 2863 5337 converterit,
2891 5268 3042 5339 quid,
3073 5283 3281 5339 quaso,
3303 5270 3528 5341 prodest

1905 5362 2388 5435 conjugiutnilmo
2432 5371 2544 5420 tum
2586 5361 2760 5431 majus
2804 5360 3125 5433 supplicium
3171 5360 3442 5427 debetur,
3474 5374 3529 5419 ct

1907 5456 2186 5526 indignum
2228 5463 2311 5511 est
2340 5454 2494 5511 venia
2530 5463 2811 5526 peccatum
2833 5492 2853 5520 ,
2884 5469 3008 5508 cum
3054 5454 3197 5510 intus
3249 5454 3527 5512 residente

1907 5563 2076 5604 uxore
2125 5549 2362 5617 seipsum
2417 5549 2761 5603 meretricum
2826 5561 3120 5616 congressu
3178 5544 3430 5617 polluat,
3472 5559 3529 5603 et

1906 5640 2228 5695 adulterium
2275 5640 2599 5695 committat.
2626 5637 2835 5709 Quippe
2870 5653 3039 5694 uxore
3082 5638 3284 5708 ducta,
3310 5643 3526 5696 tametsi

1908 5728 2163 5786 meretrix
2191 5738 2275 5785 est
2297 5772 2313 5797 ,
2342 5745 2462 5801 qua
2489 5745 2549 5786 se
2593 5730 2772 5785 mariti
2815 5744 3113 5801 congressu
3156 5732 3527 5788 contaminat.

1905 5822 2235 5878 adulterium
2261 5831 2346 5878 est
2375 5820 2505 5878 illud
2531 5820 2760 5877 facinus.
2785 5820 2912 5877 Haac
2938 5830 3117 5877 autem
3144 5821 3256 5891 jam
3288 5821 3441 5886 ﬁunt,
3477 5827 3533 5873 et

1908 5915 2203 5972 contractis
2248 5916 2447 5987 nuptiis
2495 5914 2561 5971 ad
2607 5912 2861 5970 mulieres
2902 5914 3221 5971 meretrices
3264 5919 3527 5983 currunt,
