  <div class='ocr_page' id='page_1' title='image "/cluster/home/n/w/nwhite01/storage/ocr_20150623/54/pst.000005712533/273.png"; bbox 0 0 4178 6330; ppageno 0'>
   <div class='ocr_carea' id='block_1_1' title="bbox 627 467 738 523">
    <p class='ocr_par' dir='ltr' id='par_1_1' title="bbox 627 467 738 523">
     <span class='ocr_line' id='line_1_1' title="bbox 627 467 738 523; baseline 0.018 -2"><span class='ocrx_word' id='word_1_1' title='bbox 627 467 738 523; x_wconf 72' lang='grc' dir='ltr'><strong>ωδ</strong></span> 
     </span>
    </p>
   </div>
   <div class='ocr_carea' id='block_1_2' title="bbox 631 557 2202 651">
    <p class='ocr_par' dir='ltr' id='par_1_2' title="bbox 631 557 2202 651">
     <span class='ocr_line' id='line_1_2' title="bbox 631 557 2202 651; baseline -0.017 -16"><span class='ocrx_word' id='word_1_2' title='bbox 631 579 882 651; x_wconf 73' lang='lat' dir='ltr'><strong>quituiam</strong></span> <span class='ocrx_word' id='word_1_3' title='bbox 908 585 1031 630; x_wconf 88' lang='lat' dir='ltr'><strong>ante</strong></span> <span class='ocrx_word' id='word_1_4' title='bbox 1059 571 1269 642; x_wconf 92' lang='lat' dir='ltr'><strong>nuptias</strong></span> <span class='ocrx_word' id='word_1_5' title='bbox 1294 570 1592 625; x_wconf 73' lang='lat' dir='ltr'><strong>castitatem</strong></span> <span class='ocrx_word' id='word_1_6' title='bbox 1619 579 1833 622; x_wconf 89' lang='lat' dir='ltr'><strong>servare</strong></span> <span class='ocrx_word' id='word_1_7' title='bbox 1859 575 1966 616; x_wconf 91' lang='lat' dir='ltr'><strong>non</strong></span> <span class='ocrx_word' id='word_1_8' title='bbox 2013 557 2202 613; x_wconf 86' lang='lat' dir='ltr'><strong>didice-</strong></span> 
     </span>
    </p>
   </div>
   <div class='ocr_carea' id='block_1_3' title="bbox 631 649 2213 734">
    <p class='ocr_par' dir='ltr' id='par_1_3' title="bbox 631 649 2213 734">
     <span class='ocr_line' id='line_1_3' title="bbox 631 649 2213 734; baseline -0.015 -10"><span class='ocrx_word' id='word_1_9' title='bbox 631 649 774 725; x_wconf 83' lang='lat' dir='ltr'><strong>runt.</strong></span> <span class='ocrx_word' id='word_1_10' title='bbox 802 667 933 722; x_wconf 87' lang='lat' dir='ltr'><strong>lliuc</strong></span> <span class='ocrx_word' id='word_1_11' title='bbox 960 677 1147 734; x_wconf 68' lang='lat' dir='ltr'><strong>pugna:</strong></span> <span class='ocrx_word' id='word_1_12' title='bbox 1170 704 1185 731; x_wconf 95' lang='lat'><strong>,</strong></span> <span class='ocrx_word' id='word_1_13' title='bbox 1214 659 1496 716; x_wconf 87' lang='lat' dir='ltr'><strong>maledicta</strong></span> <span class='ocrx_word' id='word_1_14' title='bbox 1516 700 1530 724; x_wconf 97' lang='lat'><strong>,</strong></span> <span class='ocrx_word' id='word_1_15' title='bbox 1557 657 1837 712; x_wconf 89' lang='lat' dir='ltr'><strong>domorum</strong></span> <span class='ocrx_word' id='word_1_16' title='bbox 1867 649 2175 707; x_wconf 88' lang='lat' dir='ltr'><strong>eversiones</strong></span> <span class='ocrx_word' id='word_1_17' title='bbox 2199 687 2213 711; x_wconf 93' lang='lat'><strong>,</strong></span> 
     </span>
    </p>
   </div>
   <div class='ocr_carea' id='block_1_4' title="bbox 632 737 2219 828">
    <p class='ocr_par' dir='ltr' id='par_1_4' title="bbox 632 737 2219 828">
     <span class='ocr_line' id='line_1_4' title="bbox 632 737 2219 828; baseline -0.015 -14"><span class='ocrx_word' id='word_1_18' title='bbox 632 772 686 814; x_wconf 91' lang='lat' dir='ltr'><strong>et</strong></span> <span class='ocrx_word' id='word_1_19' title='bbox 711 752 1178 828; x_wconf 84' lang='lat' dir='ltr'><strong>quotidiana&#39;bclla</strong></span> <span class='ocrx_word' id='word_1_20' title='bbox 1206 770 1220 808; x_wconf 89' lang='lat'><strong>:</strong></span> <span class='ocrx_word' id='word_1_21' title='bbox 1245 751 1368 806; x_wconf 92' lang='lat' dir='ltr'><strong>hinc</strong></span> <span class='ocrx_word' id='word_1_22' title='bbox 1389 749 1445 804; x_wconf 87' lang='lat' dir='ltr'><strong>ﬁt</strong></span> <span class='ocrx_word' id='word_1_23' title='bbox 1469 758 1527 804; x_wconf 92' lang='lat' dir='ltr'><strong>ut</strong></span> <span class='ocrx_word' id='word_1_24' title='bbox 1553 762 1676 816; x_wconf 84' lang='lat' dir='ltr'><strong>erga</strong></span> <span class='ocrx_word' id='word_1_25' title='bbox 1707 757 1926 798; x_wconf 78' lang='lat' dir='ltr'><strong>uxorem</strong></span> <span class='ocrx_word' id='word_1_26' title='bbox 1947 753 2098 795; x_wconf 85' lang='lat' dir='ltr'><strong>amor</strong></span> <span class='ocrx_word' id='word_1_27' title='bbox 2117 737 2219 792; x_wconf 89' lang='lat' dir='ltr'><strong>dif-</strong></span> 
     </span>
    </p>
   </div>
   <div class='ocr_carea' id='block_1_5' title="bbox 633 832 2218 910">
    <p class='ocr_par' dir='ltr' id='par_1_5' title="bbox 633 832 2218 910">
     <span class='ocr_line' id='line_1_5' title="bbox 633 832 2218 910; baseline -0.013 -6"><span class='ocrx_word' id='word_1_28' title='bbox 633 850 762 904; x_wconf 83' lang='lat' dir='ltr'><strong>fluat</strong></span> <span class='ocrx_word' id='word_1_29' title='bbox 797 857 851 901; x_wconf 82' lang='lat' dir='ltr'><strong>et</strong></span> <span class='ocrx_word' id='word_1_30' title='bbox 894 852 1223 909; x_wconf 82' lang='lat' dir='ltr'><strong>marcescat,</strong></span> <span class='ocrx_word' id='word_1_31' title='bbox 1252 857 1372 897; x_wconf 89' lang='lat' dir='ltr'><strong>cum</strong></span> <span class='ocrx_word' id='word_1_32' title='bbox 1414 837 1744 910; x_wconf 79' lang='lat' dir='ltr'><strong>lupanarium</strong></span> <span class='ocrx_word' id='word_1_33' title='bbox 1791 832 2218 904; x_wconf 80' lang='lat' dir='ltr'><strong>frequentatione</strong></span> 
     </span>
    </p>
   </div>
   <div class='ocr_carea' id='block_1_6' title="bbox 633 925 2221 1004">
    <p class='ocr_par' dir='ltr' id='par_1_6' title="bbox 633 925 2221 1004">
     <span class='ocr_line' id='line_1_6' title="bbox 633 925 2221 1004; baseline -0.012 -11"><span class='ocrx_word' id='word_1_34' title='bbox 633 939 975 993; x_wconf 65' lang='lat' dir='ltr'><strong>dissolvatur.</strong></span> <span class='ocrx_word' id='word_1_35' title='bbox 993 934 1144 1004; x_wconf 87' lang='lat' dir='ltr'><strong>Quod</strong></span> <span class='ocrx_word' id='word_1_36' title='bbox 1161 935 1205 989; x_wconf 87' lang='lat' dir='ltr'><strong>si</strong></span> <span class='ocrx_word' id='word_1_37' title='bbox 1220 932 1514 988; x_wconf 79' lang='lat' dir='ltr'><strong>castitatem</strong></span> <span class='ocrx_word' id='word_1_38' title='bbox 1535 940 1749 983; x_wconf 86' lang='lat' dir='ltr'><strong>servare</strong></span> <span class='ocrx_word' id='word_1_39' title='bbox 1766 925 1956 988; x_wconf 88' lang='lat' dir='ltr'><strong>discat,</strong></span> <span class='ocrx_word' id='word_1_40' title='bbox 1983 936 2096 993; x_wconf 70' lang='lat' dir='ltr'><strong>pne</strong></span> <span class='ocrx_word' id='word_1_41' title='bbox 2116 935 2221 975; x_wconf 71' lang='lat' dir='ltr'><strong>cte-</strong></span> 
     </span>
    </p>
   </div>
   <div class='ocr_carea' id='block_1_7' title="bbox 632 1011 2217 1095">
    <p class='ocr_par' dir='ltr' id='par_1_7' title="bbox 632 1011 2217 1095">
     <span class='ocr_line' id='line_1_7' title="bbox 632 1011 2217 1095; baseline -0.014 -8"><span class='ocrx_word' id='word_1_42' title='bbox 632 1033 763 1087; x_wconf 89' lang='lat' dir='ltr'><strong>teris</strong></span> <span class='ocrx_word' id='word_1_43' title='bbox 790 1030 1041 1086; x_wconf 90' lang='lat' dir='ltr'><strong>omnibus</strong></span> <span class='ocrx_word' id='word_1_44' title='bbox 1056 1023 1405 1095; x_wconf 80' lang='lat' dir='ltr'><strong>expetendam</strong></span> <span class='ocrx_word' id='word_1_45' title='bbox 1427 1034 1646 1076; x_wconf 80' lang='lat' dir='ltr'><strong>uxorem</strong></span> <span class='ocrx_word' id='word_1_46' title='bbox 1678 1031 1829 1073; x_wconf 90' lang='lat' dir='ltr'><strong>suam</strong></span> <span class='ocrx_word' id='word_1_47' title='bbox 1850 1011 2217 1079; x_wconf 77' lang='lat' dir='ltr'><strong>arbitrabitur,</strong></span> 
     </span>
    </p>
   </div>
   <div class='ocr_carea' id='block_1_8' title="bbox 631 1108 2221 1180">
    <p class='ocr_par' dir='ltr' id='par_1_8' title="bbox 631 1108 2221 1180">
     <span class='ocr_line' id='line_1_8' title="bbox 631 1108 2221 1180; baseline -0.016 0"><span class='ocrx_word' id='word_1_48' title='bbox 631 1125 795 1180; x_wconf 78' lang='lat' dir='ltr'><strong>multa</strong></span> <span class='ocrx_word' id='word_1_49' title='bbox 812 1122 950 1175; x_wconf 85' lang='lat' dir='ltr'><strong>illam</strong></span> <span class='ocrx_word' id='word_1_50' title='bbox 973 1131 1092 1173; x_wconf 92' lang='lat' dir='ltr'><strong>cum</strong></span> <span class='ocrx_word' id='word_1_51' title='bbox 1112 1112 1476 1170; x_wconf 80' lang='lat' dir='ltr'><strong>benevolentia</strong></span> <span class='ocrx_word' id='word_1_52' title='bbox 1494 1108 1852 1173; x_wconf 85' lang='lat' dir='ltr'><strong>contuebitur,</strong></span> <span class='ocrx_word' id='word_1_53' title='bbox 1871 1115 2221 1176; x_wconf 78' lang='lat' dir='ltr'><strong>magnamque</strong></span> 
     </span>
    </p>
   </div>
   <div class='ocr_carea' id='block_1_9' title="bbox 633 1195 2222 1269">
    <p class='ocr_par' dir='ltr' id='par_1_9' title="bbox 633 1195 2222 1269">
     <span class='ocr_line' id='line_1_9' title="bbox 633 1195 2222 1269; baseline -0.015 1"><span class='ocrx_word' id='word_1_54' title='bbox 633 1229 756 1269; x_wconf 79' lang='lat' dir='ltr'><strong>eum</strong></span> <span class='ocrx_word' id='word_1_55' title='bbox 801 1211 888 1265; x_wconf 92' lang='lat' dir='ltr'><strong>illa</strong></span> <span class='ocrx_word' id='word_1_56' title='bbox 933 1207 1270 1263; x_wconf 86' lang='lat' dir='ltr'><strong>concordiam</strong></span> <span class='ocrx_word' id='word_1_57' title='bbox 1296 1202 1634 1260; x_wconf 77' lang='lat' dir='ltr'><strong>conservabit</strong></span> <span class='ocrx_word' id='word_1_58' title='bbox 1660 1220 1672 1256; x_wconf 92' lang='lat'><strong>:</strong></span> <span class='ocrx_word' id='word_1_59' title='bbox 1703 1201 1748 1255; x_wconf 88' lang='lat' dir='ltr'><strong>si</strong></span> <span class='ocrx_word' id='word_1_60' title='bbox 1777 1213 1905 1254; x_wconf 87' lang='lat' dir='ltr'><strong>vero</strong></span> <span class='ocrx_word' id='word_1_61' title='bbox 1929 1212 2030 1267; x_wconf 79' lang='lat' dir='ltr'><strong>pax</strong></span> <span class='ocrx_word' id='word_1_62' title='bbox 2065 1195 2222 1249; x_wconf 89' lang='lat' dir='ltr'><strong>fuerit</strong></span> 
     </span>
    </p>
   </div>
   <div class='ocr_carea' id='block_1_10' title="bbox 631 1287 2218 1364">
    <p class='ocr_par' dir='ltr' id='par_1_10' title="bbox 631 1287 2218 1364">
     <span class='ocr_line' id='line_1_10' title="bbox 631 1287 2218 1364; baseline -0.014 -4"><span class='ocrx_word' id='word_1_63' title='bbox 631 1314 684 1360; x_wconf 89' lang='lat' dir='ltr'><strong>et</strong></span> <span class='ocrx_word' id='word_1_64' title='bbox 705 1300 1010 1364; x_wconf 88' lang='lat' dir='ltr'><strong>concordia,</strong></span> <span class='ocrx_word' id='word_1_65' title='bbox 1037 1299 1214 1354; x_wconf 87' lang='lat' dir='ltr'><strong>omnia</strong></span> <span class='ocrx_word' id='word_1_66' title='bbox 1245 1297 1380 1351; x_wconf 88' lang='lat' dir='ltr'><strong>bona</strong></span> <span class='ocrx_word' id='word_1_67' title='bbox 1407 1295 1459 1349; x_wconf 92' lang='lat' dir='ltr'><strong>iu</strong></span> <span class='ocrx_word' id='word_1_68' title='bbox 1490 1294 1708 1348; x_wconf 89' lang='lat' dir='ltr'><strong>domum</strong></span> <span class='ocrx_word' id='word_1_69' title='bbox 1737 1291 1878 1346; x_wconf 88' lang='lat' dir='ltr'><strong>illam</strong></span> <span class='ocrx_word' id='word_1_70' title='bbox 1906 1287 2218 1344; x_wconf 79' lang='lat' dir='ltr'><strong>introibun&#39;.</strong></span> 
     </span>
    </p>
   </div>
   <div class='ocr_carea' id='block_1_11' title="bbox 635 1373 2217 1463">
    <p class='ocr_par' dir='ltr' id='par_1_11' title="bbox 635 1373 2217 1463">
     <span class='ocr_line' id='line_1_11' title="bbox 635 1373 2217 1463; baseline -0.015 -14"><span class='ocrx_word' id='word_1_71' title='bbox 635 1395 700 1450; x_wconf 75' lang='lat' dir='ltr'><strong>Ut</strong></span> <span class='ocrx_word' id='word_1_72' title='bbox 725 1394 882 1463; x_wconf 91' lang='lat' dir='ltr'><strong>igitur</strong></span> <span class='ocrx_word' id='word_1_73' title='bbox 901 1401 956 1445; x_wconf 88' lang='lat' dir='ltr'><strong>et</strong></span> <span class='ocrx_word' id='word_1_74' title='bbox 982 1405 1068 1443; x_wconf 87' lang='lat' dir='ltr'><strong>res</strong></span> <span class='ocrx_word' id='word_1_75' title='bbox 1100 1387 1255 1458; x_wconf 85' lang='lat' dir='ltr'><strong>hujus</strong></span> <span class='ocrx_word' id='word_1_76' title='bbox 1273 1373 1392 1441; x_wconf 65' lang='lat' dir='ltr'><strong>vitae</strong></span> <span class='ocrx_word' id='word_1_77' title='bbox 1419 1392 1562 1439; x_wconf 89' lang='lat' dir='ltr'><strong>recte</strong></span> <span class='ocrx_word' id='word_1_78' title='bbox 1586 1398 1613 1434; x_wconf 92' lang='lat' dir='ltr'><strong>a</strong></span> <span class='ocrx_word' id='word_1_79' title='bbox 1642 1382 1795 1436; x_wconf 60' lang='lat' dir='ltr'><strong>nabis</strong></span> <span class='ocrx_word' id='word_1_80' title='bbox 1823 1380 2217 1446; x_wconf 70' lang='lat' dir='ltr'><strong>dispensentur.</strong></span> 
     </span>
    </p>
   </div>
   <div class='ocr_carea' id='block_1_12' title="bbox 633 1465 2222 1549">
    <p class='ocr_par' dir='ltr' id='par_1_12' title="bbox 633 1465 2222 1549">
     <span class='ocr_line' id='line_1_12' title="bbox 633 1465 2222 1549; baseline -0.015 -8"><span class='ocrx_word' id='word_1_81' title='bbox 633 1495 690 1541; x_wconf 87' lang='lat' dir='ltr'><strong>et</strong></span> <span class='ocrx_word' id='word_1_82' title='bbox 735 1500 857 1540; x_wconf 90' lang='lat' dir='ltr'><strong>cum</strong></span> <span class='ocrx_word' id='word_1_83' title='bbox 894 1482 997 1536; x_wconf 83' lang='lat' dir='ltr'><strong>illis</strong></span> <span class='ocrx_word' id='word_1_84' title='bbox 1035 1493 1256 1549; x_wconf 87' lang='lat' dir='ltr'><strong>reguuut</strong></span> <span class='ocrx_word' id='word_1_85' title='bbox 1304 1477 1555 1530; x_wconf 73' lang='lat' dir='ltr'><strong>cmlorum</strong></span> <span class='ocrx_word' id='word_1_86' title='bbox 1605 1483 1993 1538; x_wconf 86' lang='lat' dir='ltr'><strong>consequamur</strong></span> <span class='ocrx_word' id='word_1_87' title='bbox 2015 1505 2030 1529; x_wconf 95' lang='lat'><strong>,</strong></span> <span class='ocrx_word' id='word_1_88' title='bbox 2066 1465 2222 1534; x_wconf 83' lang='lat' dir='ltr'><strong>hujus</strong></span> 
     </span>
    </p>
   </div>
   <div class='ocr_carea' id='block_1_13' title="bbox 632 1559 2223 1647">
    <p class='ocr_par' dir='ltr' id='par_1_13' title="bbox 632 1559 2223 1647">
     <span class='ocr_line' id='line_1_13' title="bbox 632 1559 2223 1647; baseline -0.016 -15"><span class='ocrx_word' id='word_1_89' title='bbox 632 1576 902 1647; x_wconf 65' lang='lat' dir='ltr'><strong>praecipue</strong></span> <span class='ocrx_word' id='word_1_90' title='bbox 925 1569 1160 1626; x_wconf 87' lang='lat' dir='ltr'><strong>mandati</strong></span> <span class='ocrx_word' id='word_1_91' title='bbox 1183 1565 1352 1639; x_wconf 87' lang='lat' dir='ltr'><strong>gratia</strong></span> <span class='ocrx_word' id='word_1_92' title='bbox 1381 1573 1435 1620; x_wconf 93' lang='lat' dir='ltr'><strong>et</strong></span> <span class='ocrx_word' id='word_1_93' title='bbox 1463 1573 1700 1621; x_wconf 88' lang='lat' dir='ltr'><strong>nostrum</strong></span> <span class='ocrx_word' id='word_1_94' title='bbox 1726 1567 1783 1616; x_wconf 91' lang='lat' dir='ltr'><strong>et</strong></span> <span class='ocrx_word' id='word_1_95' title='bbox 1809 1559 2095 1614; x_wconf 87' lang='lat' dir='ltr'><strong>liberorum</strong></span> <span class='ocrx_word' id='word_1_96' title='bbox 2128 1570 2223 1608; x_wconf 89' lang='lat' dir='ltr'><strong>cu-</strong></span> 
     </span>
    </p>
   </div>
   <div class='ocr_carea' id='block_1_14' title="bbox 635 1646 2225 1738">
    <p class='ocr_par' dir='ltr' id='par_1_14' title="bbox 635 1646 2225 1738">
     <span class='ocr_line' id='line_1_14' title="bbox 635 1646 2225 1738; baseline -0.014 -15"><span class='ocrx_word' id='word_1_97' title='bbox 635 1646 747 1723; x_wconf 78' lang='lat' dir='ltr'><strong>iam</strong></span> <span class='ocrx_word' id='word_1_98' title='bbox 765 1678 1032 1738; x_wconf 78' lang='lat' dir='ltr'><strong>geramus,</strong></span> <span class='ocrx_word' id='word_1_99' title='bbox 1057 1677 1122 1717; x_wconf 89' lang='lat' dir='ltr'><strong>ne</strong></span> <span class='ocrx_word' id='word_1_100' title='bbox 1141 1657 1369 1715; x_wconf 77' lang='lat' dir='ltr'><strong>sordidis</strong></span> <span class='ocrx_word' id='word_1_101' title='bbox 1389 1654 1721 1712; x_wconf 74' lang='lat' dir='ltr'><strong>vestimentis</strong></span> <span class='ocrx_word' id='word_1_102' title='bbox 1742 1651 1906 1705; x_wconf 92' lang='lat' dir='ltr'><strong>induti</strong></span> <span class='ocrx_word' id='word_1_103' title='bbox 1938 1649 1990 1702; x_wconf 88' lang='lat' dir='ltr'><strong>in</strong></span> <span class='ocrx_word' id='word_1_104' title='bbox 2014 1646 2225 1716; x_wconf 82' lang='lat' dir='ltr'><strong>nuptias</strong></span> 
     </span>
    </p>
   </div>
   <div class='ocr_carea' id='block_1_15' title="bbox 635 1737 2225 1827">
    <p class='ocr_par' dir='ltr' id='par_1_15' title="bbox 635 1737 2225 1827">
     <span class='ocr_line' id='line_1_15' title="bbox 635 1737 2225 1827; baseline -0.016 -15"><span class='ocrx_word' id='word_1_105' title='bbox 635 1759 756 1812; x_wconf 82' lang='lat' dir='ltr'><strong>illas</strong></span> <span class='ocrx_word' id='word_1_106' title='bbox 784 1737 1106 1827; x_wconf 84' lang='lat' dir='ltr'><strong>spirituales</strong></span> <span class='ocrx_word' id='word_1_107' title='bbox 1147 1754 1408 1805; x_wconf 88' lang='lat' dir='ltr'><strong>intremus</strong></span> <span class='ocrx_word' id='word_1_108' title='bbox 1433 1789 1448 1813; x_wconf 95' lang='lat'><strong>,</strong></span> <span class='ocrx_word' id='word_1_109' title='bbox 1475 1745 1569 1802; x_wconf 84' lang='lat' dir='ltr'><strong>sed</strong></span> <span class='ocrx_word' id='word_1_110' title='bbox 1598 1758 1720 1800; x_wconf 89' lang='lat' dir='ltr'><strong>cum</strong></span> <span class='ocrx_word' id='word_1_111' title='bbox 1753 1740 1942 1796; x_wconf 89' lang='lat' dir='ltr'><strong>ﬁducia</strong></span> <span class='ocrx_word' id='word_1_112' title='bbox 1985 1737 2225 1791; x_wconf 79' lang='lat' dir='ltr'><strong>fruamur</strong></span> 
     </span>
    </p>
   </div>
   <div class='ocr_carea' id='block_1_16' title="bbox 641 1828 2224 1916">
    <p class='ocr_par' dir='ltr' id='par_1_16' title="bbox 641 1828 2224 1916">
     <span class='ocr_line' id='line_1_16' title="bbox 641 1828 2224 1916; baseline -0.015 -12"><span class='ocrx_word' id='word_1_113' title='bbox 641 1850 843 1904; x_wconf 87' lang='lat' dir='ltr'><strong>honore</strong></span> <span class='ocrx_word' id='word_1_114' title='bbox 866 1887 882 1914; x_wconf 95' lang='lat'><strong>,</strong></span> <span class='ocrx_word' id='word_1_115' title='bbox 913 1843 1005 1916; x_wconf 89' lang='lat' dir='ltr'><strong>qui</strong></span> <span class='ocrx_word' id='word_1_116' title='bbox 1029 1841 1202 1913; x_wconf 81' lang='lat' dir='ltr'><strong>dignis</strong></span> <span class='ocrx_word' id='word_1_117' title='bbox 1226 1848 1309 1896; x_wconf 88' lang='lat' dir='ltr'><strong>est</strong></span> <span class='ocrx_word' id='word_1_118' title='bbox 1335 1839 1441 1893; x_wconf 92' lang='lat' dir='ltr'><strong>illic</strong></span> <span class='ocrx_word' id='word_1_119' title='bbox 1469 1843 1771 1891; x_wconf 82' lang='lat' dir='ltr'><strong>reservatus</strong></span> <span class='ocrx_word' id='word_1_120' title='bbox 1796 1850 1810 1885; x_wconf 92' lang='lat'>:</span> <span class='ocrx_word' id='word_1_121' title='bbox 1838 1844 1996 1900; x_wconf 86' lang='lat' dir='ltr'><strong>quem</strong></span> <span class='ocrx_word' id='word_1_122' title='bbox 2024 1828 2224 1882; x_wconf 80' lang='lat' dir='ltr'><strong>utinam</strong></span> 
     </span>
    </p>
   </div>
   <div class='ocr_carea' id='block_1_17' title="bbox 637 1917 2228 2004">
    <p class='ocr_par' dir='ltr' id='par_1_17' title="bbox 637 1917 2228 2004">
     <span class='ocr_line' id='line_1_17' title="bbox 637 1917 2228 2004; baseline -0.016 -10"><span class='ocrx_word' id='word_1_123' title='bbox 637 1951 827 1995; x_wconf 87' lang='lat' dir='ltr'><strong>omnes</strong></span> <span class='ocrx_word' id='word_1_124' title='bbox 853 1947 1202 2004; x_wconf 85' lang='lat' dir='ltr'><strong>assequamur</strong></span> <span class='ocrx_word' id='word_1_125' title='bbox 1221 1974 1236 1996; x_wconf 96' lang='lat'><strong>,</strong></span> <span class='ocrx_word' id='word_1_126' title='bbox 1264 1929 1429 2001; x_wconf 87' lang='lat' dir='ltr'><strong>gratia</strong></span> <span class='ocrx_word' id='word_1_127' title='bbox 1459 1936 1514 1982; x_wconf 91' lang='lat' dir='ltr'><strong>et</strong></span> <span class='ocrx_word' id='word_1_128' title='bbox 1541 1924 1865 1993; x_wconf 74' lang='lat' dir='ltr'><strong>benignitate</strong></span> <span class='ocrx_word' id='word_1_129' title='bbox 1896 1917 2103 1973; x_wconf 88' lang='lat' dir='ltr'><strong>Domini</strong></span> <span class='ocrx_word' id='word_1_130' title='bbox 2130 1930 2228 1970; x_wconf 87' lang='lat' dir='ltr'><strong>no-</strong></span> 
     </span>
    </p>
   </div>
   <div class='ocr_carea' id='block_1_18' title="bbox 639 2007 2222 2093">
    <p class='ocr_par' dir='ltr' id='par_1_18' title="bbox 639 2007 2222 2093">
     <span class='ocr_line' id='line_1_18' title="bbox 639 2007 2222 2093; baseline -0.018 -7"><span class='ocrx_word' id='word_1_131' title='bbox 639 2029 738 2086; x_wconf 91' lang='lat' dir='ltr'><strong>stri</strong></span> <span class='ocrx_word' id='word_1_132' title='bbox 773 2030 896 2084; x_wconf 79' lang='lat' dir='ltr'><strong>Jesu</strong></span> <span class='ocrx_word' id='word_1_133' title='bbox 925 2025 1158 2090; x_wconf 84' lang='lat' dir='ltr'><strong>Christi,</strong></span> <span class='ocrx_word' id='word_1_134' title='bbox 1179 2036 1275 2093; x_wconf 91' lang='lat' dir='ltr'><strong>per</strong></span> <span class='ocrx_word' id='word_1_135' title='bbox 1302 2033 1459 2091; x_wconf 85' lang='lat' dir='ltr'><strong>quem</strong></span> <span class='ocrx_word' id='word_1_136' title='bbox 1486 2026 1539 2071; x_wconf 91' lang='lat' dir='ltr'><strong>ct</strong></span> <span class='ocrx_word' id='word_1_137' title='bbox 1563 2030 1682 2071; x_wconf 91' lang='lat' dir='ltr'><strong>cum</strong></span> <span class='ocrx_word' id='word_1_138' title='bbox 1713 2026 1818 2082; x_wconf 92' lang='lat' dir='ltr'><strong>quo</strong></span> <span class='ocrx_word' id='word_1_139' title='bbox 1849 2009 1989 2066; x_wconf 86' lang='lat' dir='ltr'><strong>Patri</strong></span> <span class='ocrx_word' id='word_1_140' title='bbox 2018 2007 2222 2078; x_wconf 84' lang='lat' dir='ltr'><strong>gloria,</strong></span> 
     </span>
    </p>
   </div>
   <div class='ocr_carea' id='block_1_19' title="bbox 642 2105 2230 2186">
    <p class='ocr_par' dir='ltr' id='par_1_19' title="bbox 642 2105 2230 2186">
     <span class='ocr_line' id='line_1_19' title="bbox 642 2105 2230 2186; baseline -0.016 -9"><span class='ocrx_word' id='word_1_141' title='bbox 642 2124 846 2185; x_wconf 83' lang='lat' dir='ltr'><strong>honor,</strong></span> <span class='ocrx_word' id='word_1_142' title='bbox 875 2117 1154 2186; x_wconf 90' lang='lat' dir='ltr'><strong>imperium</strong></span> <span class='ocrx_word' id='word_1_143' title='bbox 1177 2154 1191 2180; x_wconf 95' lang='lat'><strong>,</strong></span> <span class='ocrx_word' id='word_1_144' title='bbox 1221 2125 1324 2166; x_wconf 89' lang='lat' dir='ltr'><strong>una</strong></span> <span class='ocrx_word' id='word_1_145' title='bbox 1350 2124 1469 2164; x_wconf 92' lang='lat' dir='ltr'><strong>cum</strong></span> <span class='ocrx_word' id='word_1_146' title='bbox 1502 2107 1704 2176; x_wconf 85' lang='lat' dir='ltr'><strong>Spiritu</strong></span> <span class='ocrx_word' id='word_1_147' title='bbox 1746 2109 1929 2158; x_wconf 88' lang='lat' dir='ltr'><strong>sancto</strong></span> <span class='ocrx_word' id='word_1_148' title='bbox 1950 2141 1967 2166; x_wconf 94' lang='lat'><strong>,</strong></span> <span class='ocrx_word' id='word_1_149' title='bbox 2009 2112 2150 2154; x_wconf 91' lang='lat' dir='ltr'><strong>nunc</strong></span> <span class='ocrx_word' id='word_1_150' title='bbox 2175 2105 2230 2152; x_wconf 90' lang='lat' dir='ltr'><strong>et</strong></span> 
     </span>
    </p>
   </div>
   <div class='ocr_carea' id='block_1_20' title="bbox 643 2198 1846 2283">
    <p class='ocr_par' dir='ltr' id='par_1_20' title="bbox 643 2198 1846 2283">
     <span class='ocr_line' id='line_1_20' title="bbox 643 2198 1846 2283; baseline -0.017 -14"><span class='ocrx_word' id='word_1_151' title='bbox 643 2226 876 2283; x_wconf 78' lang='lat' dir='ltr'><strong>semper,</strong></span> <span class='ocrx_word' id='word_1_152' title='bbox 907 2219 960 2265; x_wconf 92' lang='lat' dir='ltr'><strong>et</strong></span> <span class='ocrx_word' id='word_1_153' title='bbox 985 2209 1038 2262; x_wconf 92' lang='lat' dir='ltr'><strong>in</strong></span> <span class='ocrx_word' id='word_1_154' title='bbox 1069 2205 1258 2261; x_wconf 71' lang='lat' dir='ltr'><strong>srccula</strong></span> <span class='ocrx_word' id='word_1_155' title='bbox 1290 2201 1627 2259; x_wconf 74' lang='lat' dir='ltr'><strong>sucularum.</strong></span> <span class='ocrx_word' id='word_1_156' title='bbox 1657 2198 1846 2252; x_wconf 86' lang='lat' dir='ltr'><strong>Amen.</strong></span> 
     </span>
    </p>
   </div>
   <div class='ocr_carea' id='block_1_21' title="bbox 1279 2329 1600 2390">
    <p class='ocr_par' dir='ltr' id='par_1_21' title="bbox 1279 2329 1600 2390">
     <span class='ocr_line' id='line_1_21' title="bbox 1279 2329 1600 2390; baseline -0.019 0"><span class='ocrx_word' id='word_1_157' title='bbox 1279 2331 1507 2390; x_wconf 73' lang='lat' dir='ltr'><strong>SERMO</strong></span> <span class='ocrx_word' id='word_1_158' title='bbox 1538 2329 1600 2385; x_wconf 87' lang='grc' dir='ltr'>ιι.</span> 
     </span>
    </p>
   </div>
   <div class='ocr_carea' id='block_1_22' title="bbox 645 2432 2228 2523">
    <p class='ocr_par' dir='ltr' id='par_1_22' title="bbox 645 2432 2228 2523">
     <span class='ocr_line' id='line_1_22' title="bbox 645 2432 2228 2523; baseline -0.015 -13"><span class='ocrx_word' id='word_1_159' title='bbox 645 2452 724 2510; x_wconf 82' lang='lat' dir='ltr'><strong>De</strong></span> <span class='ocrx_word' id='word_1_160' title='bbox 741 2452 843 2523; x_wconf 74' lang='lat' dir='ltr'><strong>ﬁde</strong></span> <span class='ocrx_word' id='word_1_161' title='bbox 865 2451 1041 2514; x_wconf 70' lang='lat' dir='ltr'><strong>Anna,</strong></span> <span class='ocrx_word' id='word_1_162' title='bbox 1068 2447 1228 2518; x_wconf 76' lang='lat' dir='ltr'><strong>deque</strong></span> <span class='ocrx_word' id='word_1_163' title='bbox 1246 2442 1592 2516; x_wconf 78' lang='lat' dir='ltr'><strong>philosOphia,</strong></span> <span class='ocrx_word' id='word_1_164' title='bbox 1620 2441 1716 2494; x_wconf 82' lang='lat' dir='ltr'><strong>hoc</strong></span> <span class='ocrx_word' id='word_1_165' title='bbox 1742 2446 1834 2503; x_wconf 86' lang='lat' dir='ltr'><strong>est,</strong></span> <span class='ocrx_word' id='word_1_166' title='bbox 1867 2435 2025 2490; x_wconf 84' lang='lat' dir='ltr'><strong>animi</strong></span> <span class='ocrx_word' id='word_1_167' title='bbox 2052 2432 2228 2488; x_wconf 72' lang='lat' dir='ltr'><strong>mod&#39;e-</strong></span> 
     </span>
    </p>
   </div>
   <div class='ocr_carea' id='block_1_23' title="bbox 713 2524 2232 2607">
    <p class='ocr_par' dir='ltr' id='par_1_23' title="bbox 713 2524 2232 2607">
     <span class='ocr_line' id='line_1_23' title="bbox 713 2524 2232 2607; baseline -0.015 -7"><span class='ocrx_word' id='word_1_168' title='bbox 713 2545 908 2600; x_wconf 81' lang='lat' dir='ltr'><strong>ratione</strong></span> <span class='ocrx_word' id='word_1_169' title='bbox 929 2584 945 2607; x_wconf 97' lang='lat'><strong>,</strong></span> <span class='ocrx_word' id='word_1_170' title='bbox 964 2551 1013 2595; x_wconf 89' lang='lat' dir='ltr'><strong>et</strong></span> <span class='ocrx_word' id='word_1_171' title='bbox 1039 2539 1281 2594; x_wconf 75' lang='lat' dir='ltr'><strong>modestia</strong></span> <span class='ocrx_word' id='word_1_172' title='bbox 1318 2537 1477 2606; x_wconf 83' lang='lat' dir='ltr'><strong>ipsius</strong></span> <span class='ocrx_word' id='word_1_173' title='bbox 1501 2577 1515 2600; x_wconf 93' lang='lat'><strong>,</strong></span> <span class='ocrx_word' id='word_1_174' title='bbox 1546 2540 1591 2587; x_wconf 85' lang='lat' dir='ltr'><strong>et</strong></span> <span class='ocrx_word' id='word_1_175' title='bbox 1626 2533 1688 2585; x_wconf 86' lang='lat' dir='ltr'><strong>de</strong></span> <span class='ocrx_word' id='word_1_176' title='bbox 1730 2531 1918 2585; x_wconf 83' lang='lat' dir='ltr'><strong>honore</strong></span> <span class='ocrx_word' id='word_1_177' title='bbox 1959 2524 2232 2598; x_wconf 78' lang='lat' dir='ltr'><strong>deferendo</strong></span> 
     </span>
    </p>
   </div>
   <div class='ocr_carea' id='block_1_24' title="bbox 713 2615 2234 2702">
    <p class='ocr_par' dir='ltr' id='par_1_24' title="bbox 713 2615 2234 2702">
     <span class='ocr_line' id='line_1_24' title="bbox 713 2615 2234 2702; baseline -0.016 -9"><span class='ocrx_word' id='word_1_178' title='bbox 713 2635 1075 2700; x_wconf 70' lang='lat' dir='ltr'><strong>sacerdotibus;</strong></span> <span class='ocrx_word' id='word_1_179' title='bbox 1090 2643 1133 2686; x_wconf 83' lang='lat' dir='ltr'><strong>et</strong></span> <span class='ocrx_word' id='word_1_180' title='bbox 1159 2620 1292 2702; x_wconf 84' lang='lat' dir='ltr'><strong>quod</strong></span> <span class='ocrx_word' id='word_1_181' title='bbox 1314 2639 1420 2683; x_wconf 86' lang='lat' dir='ltr'><strong>tum</strong></span> <span class='ocrx_word' id='word_1_182' title='bbox 1444 2627 1496 2680; x_wconf 86' lang='lat' dir='ltr'><strong>in</strong></span> <span class='ocrx_word' id='word_1_183' title='bbox 1519 2625 1682 2688; x_wconf 85' lang='lat' dir='ltr'><strong>initio,</strong></span> <span class='ocrx_word' id='word_1_184' title='bbox 1703 2633 1809 2678; x_wconf 85' lang='lat' dir='ltr'><strong>tum</strong></span> <span class='ocrx_word' id='word_1_185' title='bbox 1833 2623 1888 2675; x_wconf 86' lang='lat' dir='ltr'><strong>in</strong></span> <span class='ocrx_word' id='word_1_186' title='bbox 1911 2620 2012 2689; x_wconf 83' lang='lat' dir='ltr'><strong>[ine</strong></span> <span class='ocrx_word' id='word_1_187' title='bbox 2031 2615 2234 2689; x_wconf 84' lang='lat' dir='ltr'><strong>prandii</strong></span> 
     </span>
    </p>
   </div>
   <div class='ocr_carea' id='block_1_25' title="bbox 717 2724 1083 2784">
    <p class='ocr_par' dir='ltr' id='par_1_25' title="bbox 717 2724 1083 2784">
     <span class='ocr_line' id='line_1_25' title="bbox 717 2724 1083 2784; baseline -0.025 0"><span class='ocrx_word' id='word_1_188' title='bbox 717 2728 784 2784; x_wconf 75' lang='lat' dir='ltr'><strong>sit</strong></span> <span class='ocrx_word' id='word_1_189' title='bbox 811 2724 1083 2781; x_wconf 78' lang='lat' dir='ltr'><strong>orandum.</strong></span> 
     </span>
    </p>
   </div>
   <div class='ocr_carea' id='block_1_26' title="bbox 720 2819 2234 2910">
    <p class='ocr_par' dir='ltr' id='par_1_26' title="bbox 720 2819 2234 2910">
     <span class='ocr_line' id='line_1_26' title="bbox 720 2819 2234 2910; baseline -0.015 -16"><span class='ocrx_word' id='word_1_190' title='bbox 720 2844 771 2895; x_wconf 78' lang='lat' dir='ltr'><strong>l.</strong></span> <span class='ocrx_word' id='word_1_191' title='bbox 809 2837 1043 2910; x_wconf 63' lang='lat' dir='ltr'><strong>Eﬁcacia</strong></span> <span class='ocrx_word' id='word_1_192' title='bbox 1073 2833 1317 2890; x_wconf 83' lang='lat' dir='ltr'><strong>orationis</strong></span> <span class='ocrx_word' id='word_1_193' title='bbox 1341 2828 1574 2900; x_wconf 72' lang='lat' dir='ltr'><strong>exemplo</strong></span> <span class='ocrx_word' id='word_1_194' title='bbox 1603 2828 1765 2881; x_wconf 72' lang='lat' dir='ltr'><strong>Anna</strong></span> <span class='ocrx_word' id='word_1_195' title='bbox 1786 2823 2058 2896; x_wconf 77' lang='lat' dir='ltr'><strong>probatur;</strong></span> <span class='ocrx_word' id='word_1_196' title='bbox 2085 2819 2234 2873; x_wconf 81' lang='lat' dir='ltr'><strong>Anna</strong></span> 
     </span>
    </p>
   </div>
   <div class='ocr_carea' id='block_1_27' title="bbox 648 2916 2234 2996">
    <p class='ocr_par' dir='ltr' id='par_1_27' title="bbox 648 2916 2234 2996">
     <span class='ocr_line' id='line_1_27' title="bbox 648 2916 2234 2996; baseline -0.015 -10"><span class='ocrx_word' id='word_1_197' title='bbox 648 2931 800 2987; x_wconf 81' lang='lat' dir='ltr'><strong>simul</strong></span> <span class='ocrx_word' id='word_1_198' title='bbox 827 2938 985 2982; x_wconf 69' lang='lat' dir='ltr'><strong>taeter</strong></span> <span class='ocrx_word' id='word_1_199' title='bbox 1009 2935 1054 2982; x_wconf 86' lang='lat' dir='ltr'><strong>et</strong></span> <span class='ocrx_word' id='word_1_200' title='bbox 1079 2934 1238 2996; x_wconf 81' lang='lat' dir='ltr'><strong>pater.</strong></span> <span class='ocrx_word' id='word_1_201' title='bbox 1266 2952 1339 2965; x_wconf 94' lang='lat'><strong>—</strong></span> <span class='ocrx_word' id='word_1_202' title='bbox 1364 2920 1505 2980; x_wconf 83' lang='lat' dir='ltr'><strong>Nihil</strong></span> <span class='ocrx_word' id='word_1_203' title='bbox 1539 2916 1826 2989; x_wconf 83' lang='lat' dir='ltr'><strong>precationi</strong></span> <span class='ocrx_word' id='word_1_204' title='bbox 1860 2929 1954 2984; x_wconf 89' lang='lat' dir='ltr'><strong>par</strong></span> <span class='ocrx_word' id='word_1_205' title='bbox 1999 2919 2114 2974; x_wconf 88' lang='lat' dir='ltr'><strong>est,</strong></span> <span class='ocrx_word' id='word_1_206' title='bbox 2145 2924 2234 2965; x_wconf 85' lang='lat' dir='ltr'><strong>ca-</strong></span> 
     </span>
    </p>
   </div>
   <div class='ocr_carea' id='block_1_28' title="bbox 653 3003 2236 3089">
    <p class='ocr_par' dir='ltr' id='par_1_28' title="bbox 653 3003 2236 3089">
     <span class='ocr_line' id='line_1_28' title="bbox 653 3003 2236 3089; baseline -0.014 -11"><span class='ocrx_word' id='word_1_207' title='bbox 653 3021 1083 3089; x_wconf 64' lang='lat' dir='ltr'><strong>rissiutirneque</strong></span> <span class='ocrx_word' id='word_1_208' title='bbox 1126 3015 1413 3086; x_wconf 89' lang='lat' dir='ltr'><strong>quidquam</strong></span> <span class='ocrx_word' id='word_1_209' title='bbox 1462 3010 1567 3066; x_wconf 86' lang='lat' dir='ltr'><strong>ﬁde</strong></span> <span class='ocrx_word' id='word_1_210' title='bbox 1611 3007 1901 3079; x_wconf 87' lang='lat' dir='ltr'><strong>potentius.</strong></span> <span class='ocrx_word' id='word_1_211' title='bbox 1938 3003 2236 3072; x_wconf 85' lang='lat' dir='ltr'><strong>Utrumque</strong></span> 
     </span>
    </p>
   </div>
   <div class='ocr_carea' id='block_1_29' title="bbox 653 3094 2238 3182">
    <p class='ocr_par' dir='ltr' id='par_1_29' title="bbox 653 3094 2238 3182">
     <span class='ocr_line' id='line_1_29' title="bbox 653 3094 2238 3182; baseline -0.014 -13"><span class='ocrx_word' id='word_1_212' title='bbox 653 3114 809 3169; x_wconf 85' lang='lat' dir='ltr'><strong>nobis</strong></span> <span class='ocrx_word' id='word_1_213' title='bbox 837 3126 1006 3182; x_wconf 90' lang='lat' dir='ltr'><strong>nuper</strong></span> <span class='ocrx_word' id='word_1_214' title='bbox 1028 3106 1318 3165; x_wconf 79' lang='lat' dir='ltr'><strong>declaravit</strong></span> <span class='ocrx_word' id='word_1_215' title='bbox 1347 3107 1498 3160; x_wconf 84' lang='lat' dir='ltr'><strong>Anna</strong></span> <span class='ocrx_word' id='word_1_216' title='bbox 1525 3117 1686 3158; x_wconf 89' lang='lat' dir='ltr'><strong>:eum</strong></span> <span class='ocrx_word' id='word_1_217' title='bbox 1720 3100 1803 3154; x_wconf 92' lang='lat' dir='ltr'><strong>his</strong></span> <span class='ocrx_word' id='word_1_218' title='bbox 1831 3097 1972 3154; x_wconf 90' lang='lat' dir='ltr'><strong>enim</strong></span> <span class='ocrx_word' id='word_1_219' title='bbox 2001 3094 2238 3151; x_wconf 88' lang='lat' dir='ltr'><strong>muneri-</strong></span> 
     </span>
    </p>
   </div>
   <div class='ocr_carea' id='block_1_30' title="bbox 651 3185 2233 3264">
    <p class='ocr_par' dir='ltr' id='par_1_30' title="bbox 651 3185 2233 3264">
     <span class='ocr_line' id='line_1_30' title="bbox 651 3185 2233 3264; baseline -0.016 0"><span class='ocrx_word' id='word_1_220' title='bbox 651 3208 751 3263; x_wconf 82' lang='lat' dir='ltr'><strong>bus</strong></span> <span class='ocrx_word' id='word_1_221' title='bbox 793 3203 1054 3260; x_wconf 86' lang='lat' dir='ltr'><strong>accedens</strong></span> <span class='ocrx_word' id='word_1_222' title='bbox 1091 3200 1158 3256; x_wconf 90' lang='lat' dir='ltr'><strong>ad</strong></span> <span class='ocrx_word' id='word_1_223' title='bbox 1194 3199 1361 3253; x_wconf 90' lang='lat' dir='ltr'><strong>Deum</strong></span> <span class='ocrx_word' id='word_1_224' title='bbox 1386 3238 1402 3264; x_wconf 93' lang='lat'><strong>,</strong></span> <span class='ocrx_word' id='word_1_225' title='bbox 1436 3195 1615 3250; x_wconf 89' lang='lat' dir='ltr'><strong>omnia</strong></span> <span class='ocrx_word' id='word_1_226' title='bbox 1660 3208 1782 3263; x_wconf 62' lang='lat' dir='ltr'><strong>quae</strong></span> <span class='ocrx_word' id='word_1_227' title='bbox 1828 3189 1998 3245; x_wconf 92' lang='lat' dir='ltr'><strong>voluit</strong></span> <span class='ocrx_word' id='word_1_228' title='bbox 2036 3185 2233 3243; x_wconf 80' lang='lat' dir='ltr'><strong>effecit.</strong></span> 
     </span>
    </p>
   </div>
   <div class='ocr_carea' id='block_1_31' title="bbox 649 3280 2233 3370">
    <p class='ocr_par' dir='ltr' id='par_1_31' title="bbox 649 3280 2233 3370">
     <span class='ocr_line' id='line_1_31' title="bbox 649 3280 2233 3370; baseline -0.016 -15"><span class='ocrx_word' id='word_1_229' title='bbox 649 3297 922 3370; x_wconf 85' lang='lat' dir='ltr'><strong>Siquidem</strong></span> <span class='ocrx_word' id='word_1_230' title='bbox 963 3305 1016 3349; x_wconf 93' lang='lat' dir='ltr'><strong>ct</strong></span> <span class='ocrx_word' id='word_1_231' title='bbox 1060 3301 1306 3346; x_wconf 88' lang='lat' dir='ltr'><strong>naturam</strong></span> <span class='ocrx_word' id='word_1_232' title='bbox 1349 3287 1584 3344; x_wconf 75' lang='lat' dir='ltr'><strong>sterilem</strong></span> <span class='ocrx_word' id='word_1_233' title='bbox 1636 3283 1914 3347; x_wconf 77' lang='lat' dir='ltr'><strong>correxit,</strong></span> <span class='ocrx_word' id='word_1_234' title='bbox 1944 3291 1999 3336; x_wconf 90' lang='lat' dir='ltr'><strong>et</strong></span> <span class='ocrx_word' id='word_1_235' title='bbox 2024 3280 2233 3333; x_wconf 79' lang='lat' dir='ltr'><strong>vulvam</strong></span> 
     </span>
    </p>
   </div>
   <div class='ocr_carea' id='block_1_32' title="bbox 653 3371 2240 3465">
    <p class='ocr_par' dir='ltr' id='par_1_32' title="bbox 653 3371 2240 3465">
     <span class='ocr_line' id='line_1_32' title="bbox 653 3371 2240 3465; baseline -0.014 -18"><span class='ocrx_word' id='word_1_236' title='bbox 653 3406 774 3465; x_wconf 75' lang='lat' dir='ltr'><strong>qua:</strong></span> <span class='ocrx_word' id='word_1_237' title='bbox 816 3398 932 3445; x_wconf 86' lang='lat' dir='ltr'><strong>erat</strong></span> <span class='ocrx_word' id='word_1_238' title='bbox 956 3385 1208 3443; x_wconf 85' lang='lat' dir='ltr'><strong>conclusa</strong></span> <span class='ocrx_word' id='word_1_239' title='bbox 1235 3382 1444 3452; x_wconf 84' lang='lat' dir='ltr'><strong>aperuit</strong></span> <span class='ocrx_word' id='word_1_240' title='bbox 1473 3423 1487 3446; x_wconf 90' lang='lat'><strong>,</strong></span> <span class='ocrx_word' id='word_1_241' title='bbox 1513 3388 1566 3433; x_wconf 90' lang='lat' dir='ltr'><strong>et</strong></span> <span class='ocrx_word' id='word_1_242' title='bbox 1608 3377 1860 3448; x_wconf 89' lang='lat' dir='ltr'><strong>probrum</strong></span> <span class='ocrx_word' id='word_1_243' title='bbox 1899 3371 2157 3436; x_wconf 89' lang='lat' dir='ltr'><strong>sustulit,</strong></span> <span class='ocrx_word' id='word_1_244' title='bbox 2185 3377 2240 3424; x_wconf 91' lang='lat' dir='ltr'><strong>et</strong></span> 
     </span>
    </p>
   </div>
   <div class='ocr_carea' id='block_1_33' title="bbox 653 3463 2242 3542">
    <p class='ocr_par' dir='ltr' id='par_1_33' title="bbox 653 3463 2242 3542">
     <span class='ocr_line' id='line_1_33' title="bbox 653 3463 2242 3542; baseline -0.016 0"><span class='ocrx_word' id='word_1_245' title='bbox 653 3463 892 3542; x_wconf 81' lang='lat' dir='ltr'><strong>convicia</strong></span> <span class='ocrx_word' id='word_1_246' title='bbox 917 3477 1124 3534; x_wconf 71' lang='lat' dir='ltr'><strong>aemulas</strong></span> <span class='ocrx_word' id='word_1_247' title='bbox 1160 3472 1443 3538; x_wconf 88' lang='lat' dir='ltr'><strong>dissolvit,</strong></span> <span class='ocrx_word' id='word_1_248' title='bbox 1475 3485 1636 3541; x_wconf 84' lang='lat' dir='ltr'><strong>seque</strong></span> <span class='ocrx_word' id='word_1_249' title='bbox 1674 3468 1843 3538; x_wconf 84' lang='lat' dir='ltr'><strong>ipsam</strong></span> <span class='ocrx_word' id='word_1_250' title='bbox 1883 3463 1951 3518; x_wconf 90' lang='lat' dir='ltr'><strong>ad</strong></span> <span class='ocrx_word' id='word_1_251' title='bbox 1995 3475 2242 3534; x_wconf 85' lang='lat' dir='ltr'><strong>magnam</strong></span> 
     </span>
    </p>
   </div>
   <div class='ocr_carea' id='block_1_34' title="bbox 654 3553 2240 3636">
    <p class='ocr_par' dir='ltr' id='par_1_34' title="bbox 654 3553 2240 3636">
     <span class='ocr_line' id='line_1_34' title="bbox 654 3553 2240 3636; baseline -0.018 -1"><span class='ocrx_word' id='word_1_252' title='bbox 654 3575 886 3634; x_wconf 86' lang='lat' dir='ltr'><strong>restituit</strong></span> <span class='ocrx_word' id='word_1_253' title='bbox 931 3571 1174 3627; x_wconf 88' lang='lat' dir='ltr'><strong>ﬁduciam</strong></span> <span class='ocrx_word' id='word_1_254' title='bbox 1199 3609 1216 3636; x_wconf 94' lang='lat'><strong>,</strong></span> <span class='ocrx_word' id='word_1_255' title='bbox 1245 3565 1368 3622; x_wconf 85' lang='lat' dir='ltr'><strong>duin</strong></span> <span class='ocrx_word' id='word_1_256' title='bbox 1406 3579 1439 3620; x_wconf 91' lang='lat' dir='ltr'><strong>e</strong></span> <span class='ocrx_word' id='word_1_257' title='bbox 1483 3572 1634 3632; x_wconf 88' lang='lat' dir='ltr'><strong>petra</strong></span> <span class='ocrx_word' id='word_1_258' title='bbox 1687 3553 1996 3629; x_wconf 87' lang='lat' dir='ltr'><strong>infrugifera</strong></span> <span class='ocrx_word' id='word_1_259' title='bbox 2039 3554 2240 3626; x_wconf 88' lang='lat' dir='ltr'><strong>spicam</strong></span> 
     </span>
    </p>
   </div>
   <div class='ocr_carea' id='block_1_35' title="bbox 658 3646 2238 3725">
    <p class='ocr_par' dir='ltr' id='par_1_35' title="bbox 658 3646 2238 3725">
     <span class='ocr_line' id='line_1_35' title="bbox 658 3646 2238 3725; baseline -0.017 0"><span class='ocrx_word' id='word_1_260' title='bbox 658 3666 880 3725; x_wconf 81' lang='lat' dir='ltr'><strong>inessuit</strong></span> <span class='ocrx_word' id='word_1_261' title='bbox 902 3670 1224 3719; x_wconf 90' lang='lat' dir='ltr'><strong>comantem.</strong></span> <span class='ocrx_word' id='word_1_262' title='bbox 1254 3656 1452 3713; x_wconf 86' lang='lat' dir='ltr'><strong>Omnes</strong></span> <span class='ocrx_word' id='word_1_263' title='bbox 1477 3653 1698 3709; x_wconf 85' lang='lat' dir='ltr'><strong>audistis</strong></span> <span class='ocrx_word' id='word_1_264' title='bbox 1724 3647 1992 3720; x_wconf 86' lang='lat' dir='ltr'><strong>quomodo</strong></span> <span class='ocrx_word' id='word_1_265' title='bbox 2017 3646 2238 3710; x_wconf 83' lang='lat' dir='ltr'><strong>ﬂeverit,</strong></span> 
     </span>
    </p>
   </div>
   <div class='ocr_carea' id='block_1_36' title="bbox 657 3735 2242 3829">
    <p class='ocr_par' dir='ltr' id='par_1_36' title="bbox 657 3735 2242 3829">
     <span class='ocr_line' id='line_1_36' title="bbox 657 3735 2242 3829; baseline -0.016 -15"><span class='ocrx_word' id='word_1_266' title='bbox 657 3755 922 3829; x_wconf 89' lang='lat' dir='ltr'><strong>quomodo</strong></span> <span class='ocrx_word' id='word_1_267' title='bbox 966 3759 1176 3822; x_wconf 85' lang='lat' dir='ltr'><strong>precata</strong></span> <span class='ocrx_word' id='word_1_268' title='bbox 1223 3748 1330 3811; x_wconf 86' lang='lat' dir='ltr'><strong>sit,</strong></span> <span class='ocrx_word' id='word_1_269' title='bbox 1370 3742 1639 3815; x_wconf 88' lang='lat' dir='ltr'><strong>quomodo</strong></span> <span class='ocrx_word' id='word_1_270' title='bbox 1680 3739 1848 3795; x_wconf 88' lang='lat' dir='ltr'><strong>orarit</strong></span> <span class='ocrx_word' id='word_1_271' title='bbox 1881 3745 1937 3792; x_wconf 92' lang='lat' dir='ltr'><strong>et</strong></span> <span class='ocrx_word' id='word_1_272' title='bbox 1974 3735 2242 3792; x_wconf 72' lang='lat' dir='ltr'><strong>exorarit:</strong></span> 
     </span>
    </p>
   </div>
   <div class='ocr_carea' id='block_1_37' title="bbox 660 3826 2244 3917">
    <p class='ocr_par' dir='ltr' id='par_1_37' title="bbox 660 3826 2244 3917">
     <span class='ocr_line' id='line_1_37' title="bbox 660 3826 2244 3917; baseline -0.018 -11"><span class='ocrx_word' id='word_1_273' title='bbox 660 3826 924 3917; x_wconf 81' lang='lat' dir='ltr'><strong>concepit,</strong></span> <span class='ocrx_word' id='word_1_274' title='bbox 955 3842 1183 3914; x_wconf 90' lang='lat' dir='ltr'><strong>peperit,</strong></span> <span class='ocrx_word' id='word_1_275' title='bbox 1210 3838 1457 3894; x_wconf 90' lang='lat' dir='ltr'><strong>educavit</strong></span> <span class='ocrx_word' id='word_1_276' title='bbox 1474 3843 1528 3890; x_wconf 89' lang='lat' dir='ltr'><strong>et</strong></span> <span class='ocrx_word' id='word_1_277' title='bbox 1556 3829 1891 3888; x_wconf 79' lang='lat' dir='ltr'><strong>consecravit</strong></span> <span class='ocrx_word' id='word_1_278' title='bbox 1916 3826 2244 3883; x_wconf 88' lang='lat' dir='ltr'><strong>Samuelem.</strong></span> 
     </span>
    </p>
   </div>
   <div class='ocr_carea' id='block_1_38' title="bbox 664 3914 2249 4008">
    <p class='ocr_par' dir='ltr' id='par_1_38' title="bbox 664 3914 2249 4008">
     <span class='ocr_line' id='line_1_38' title="bbox 664 3914 2249 4008; baseline -0.018 -13"><span class='ocrx_word' id='word_1_279' title='bbox 664 3914 845 4008; x_wconf 79' lang='lat' dir='ltr'><strong>Itaque</strong></span> <span class='ocrx_word' id='word_1_280' title='bbox 873 3949 979 3990; x_wconf 91' lang='lat' dir='ltr'><strong>non</strong></span> <span class='ocrx_word' id='word_1_281' title='bbox 1003 3929 1261 3986; x_wconf 86' lang='lat' dir='ltr'><strong>aberrarit</strong></span> <span class='ocrx_word' id='word_1_282' title='bbox 1287 3967 1302 3990; x_wconf 91' lang='lat'><strong><em>.</em></strong></span> <span class='ocrx_word' id='word_1_283' title='bbox 1331 3926 1418 3996; x_wconf 91' lang='lat' dir='ltr'><strong>qui</strong></span> <span class='ocrx_word' id='word_1_284' title='bbox 1450 3925 1588 3978; x_wconf 81' lang='lat' dir='ltr'><strong>hanc</strong></span> <span class='ocrx_word' id='word_1_285' title='bbox 1609 3921 1889 3976; x_wconf 89' lang='lat' dir='ltr'><strong>mulierem</strong></span> <span class='ocrx_word' id='word_1_286' title='bbox 1915 3916 2064 3987; x_wconf 86' lang='lat' dir='ltr'><strong>pueri</strong></span> <span class='ocrx_word' id='word_1_287' title='bbox 2091 3914 2249 3969; x_wconf 89' lang='lat' dir='ltr'><strong>simul</strong></span> 
     </span>
    </p>
   </div>
   <div class='ocr_carea' id='block_1_39' title="bbox 660 4005 2251 4090">
    <p class='ocr_par' dir='ltr' id='par_1_39' title="bbox 660 4005 2251 4090">
     <span class='ocr_line' id='line_1_39' title="bbox 660 4005 2251 4090; baseline -0.018 -3"><span class='ocrx_word' id='word_1_288' title='bbox 660 4039 716 4087; x_wconf 91' lang='lat' dir='ltr'><strong>et</strong></span> <span class='ocrx_word' id='word_1_289' title='bbox 741 4005 963 4084; x_wconf 81' lang='lat' dir='ltr'><strong>matrem</strong></span> <span class='ocrx_word' id='word_1_290' title='bbox 992 4032 1049 4078; x_wconf 91' lang='lat' dir='ltr'><strong>et</strong></span> <span class='ocrx_word' id='word_1_291' title='bbox 1078 4028 1280 4090; x_wconf 81' lang='lat' dir='ltr'><strong>patrem</strong></span> <span class='ocrx_word' id='word_1_292' title='bbox 1307 4015 1610 4089; x_wconf 59' lang='lat' dir='ltr'><strong>appellarit:</strong></span> <span class='ocrx_word' id='word_1_293' title='bbox 1638 4013 1968 4081; x_wconf 82' lang='lat' dir='ltr'><strong>Quamquam</strong></span> <span class='ocrx_word' id='word_1_294' title='bbox 1994 4008 2137 4062; x_wconf 88' lang='lat' dir='ltr'><strong>enim</strong></span> <span class='ocrx_word' id='word_1_295' title='bbox 2168 4005 2251 4060; x_wconf 93' lang='lat' dir='ltr'><strong>vir</strong></span> 
     </span>
    </p>
   </div>
   <div class='ocr_carea' id='block_1_40' title="bbox 663 4096 2252 4178">
    <p class='ocr_par' dir='ltr' id='par_1_40' title="bbox 663 4096 2252 4178">
     <span class='ocr_line' id='line_1_40' title="bbox 663 4096 2252 4178; baseline -0.016 -3"><span class='ocrx_word' id='word_1_296' title='bbox 663 4119 938 4176; x_wconf 86' lang='lat' dir='ltr'><strong>addiderat</strong></span> <span class='ocrx_word' id='word_1_297' title='bbox 979 4127 1197 4174; x_wconf 80' lang='lat' dir='ltr'><strong>semen,</strong></span> <span class='ocrx_word' id='word_1_298' title='bbox 1228 4111 1385 4178; x_wconf 86' lang='lat' dir='ltr'><strong>hujus</strong></span> <span class='ocrx_word' id='word_1_299' title='bbox 1428 4118 1601 4160; x_wconf 87' lang='lat' dir='ltr'><strong>tamen</strong></span> <span class='ocrx_word' id='word_1_300' title='bbox 1649 4101 1882 4172; x_wconf 89' lang='lat' dir='ltr'><strong>precatio</strong></span> <span class='ocrx_word' id='word_1_301' title='bbox 1919 4100 2026 4154; x_wconf 85' lang='lat' dir='ltr'><strong>vim</strong></span> <span class='ocrx_word' id='word_1_302' title='bbox 2069 4096 2252 4153; x_wconf 83' lang='lat' dir='ltr'><strong>efﬁca-</strong></span> 
     </span>
    </p>
   </div>
   <div class='ocr_carea' id='block_1_41' title="bbox 568 4188 2253 4277">
    <p class='ocr_par' dir='ltr' id='par_1_41' title="bbox 568 4188 2253 4277">
     <span class='ocr_line' id='line_1_41' title="bbox 568 4188 2253 4277; baseline -0.016 -9"><span class='ocrx_word' id='word_1_303' title='bbox 568 4274 570 4277; x_wconf 44' lang='grc'><em>,</em></span> <span class='ocrx_word' id='word_1_304' title='bbox 665 4213 906 4276; x_wconf 85' lang='lat' dir='ltr'><strong>eiamque</strong></span> <span class='ocrx_word' id='word_1_305' title='bbox 929 4203 1115 4260; x_wconf 88' lang='lat' dir='ltr'><strong>semini</strong></span> <span class='ocrx_word' id='word_1_306' title='bbox 1149 4200 1374 4270; x_wconf 64' lang='lat' dir='ltr'><strong>praebuit</strong></span> <span class='ocrx_word' id='word_1_307' title='bbox 1393 4238 1408 4264; x_wconf 97' lang='lat'><strong>,</strong></span> <span class='ocrx_word' id='word_1_308' title='bbox 1434 4197 1715 4265; x_wconf 74' lang='lat' dir='ltr'><strong>effecitque</strong></span> <span class='ocrx_word' id='word_1_309' title='bbox 1738 4201 1799 4247; x_wconf 92' lang='lat' dir='ltr'><strong>ut</strong></span> <span class='ocrx_word' id='word_1_310' title='bbox 1823 4190 2040 4248; x_wconf 83' lang='lat' dir='ltr'><strong>Samuel</strong></span> <span class='ocrx_word' id='word_1_311' title='bbox 2085 4188 2253 4243; x_wconf 80' lang='lat' dir='ltr'><strong>hone-</strong></span> 
     </span>
    </p>
   </div>
   <div class='ocr_carea' id='block_1_42' title="bbox 667 4281 2252 4357">
    <p class='ocr_par' dir='ltr' id='par_1_42' title="bbox 667 4281 2252 4357">
     <span class='ocr_line' id='line_1_42' title="bbox 667 4281 2252 4357; baseline -0.016 0"><span class='ocrx_word' id='word_1_312' title='bbox 667 4300 922 4357; x_wconf 84' lang='lat' dir='ltr'><strong>stioribus</strong></span> <span class='ocrx_word' id='word_1_313' title='bbox 960 4293 1195 4349; x_wconf 80' lang='lat' dir='ltr'><strong>exordiis</strong></span> <span class='ocrx_word' id='word_1_314' title='bbox 1237 4296 1564 4343; x_wconf 88' lang='lat' dir='ltr'><strong>nasceretur.</strong></span> <span class='ocrx_word' id='word_1_315' title='bbox 1603 4284 1788 4352; x_wconf 80' lang='lat' dir='ltr'><strong>Neque</strong></span> <span class='ocrx_word' id='word_1_316' title='bbox 1828 4282 1972 4337; x_wconf 89' lang='lat' dir='ltr'><strong>enim</strong></span> <span class='ocrx_word' id='word_1_317' title='bbox 2019 4281 2158 4334; x_wconf 91' lang='lat' dir='ltr'><strong>sicut</strong></span> <span class='ocrx_word' id='word_1_318' title='bbox 2200 4281 2252 4333; x_wconf 90' lang='lat' dir='ltr'><strong>in</strong></span> 
     </span>
    </p>
   </div>
   <div class='ocr_carea' id='block_1_43' title="bbox 665 4378 2255 4448">
    <p class='ocr_par' dir='ltr' id='par_1_43' title="bbox 665 4378 2255 4448">
     <span class='ocr_line' id='line_1_43' title="bbox 665 4378 2255 4448; baseline -0.016 -1"><span class='ocrx_word' id='word_1_319' title='bbox 665 4390 874 4448; x_wconf 63' lang='lat' dir='ltr'><strong>castoris</strong></span> <span class='ocrx_word' id='word_1_320' title='bbox 941 4382 1246 4440; x_wconf 87' lang='lat' dir='ltr'><strong>hominibus</strong></span> <span class='ocrx_word' id='word_1_321' title='bbox 1300 4393 1519 4435; x_wconf 86' lang='lat' dir='ltr'><strong>somnus</strong></span> <span class='ocrx_word' id='word_1_322' title='bbox 1571 4384 1627 4431; x_wconf 89' lang='lat' dir='ltr'><strong>et</strong></span> <span class='ocrx_word' id='word_1_323' title='bbox 1683 4386 2003 4444; x_wconf 87' lang='lat' dir='ltr'><strong>congressus</strong></span> <span class='ocrx_word' id='word_1_324' title='bbox 2052 4378 2255 4424; x_wconf 91' lang='lat' dir='ltr'><strong>tantum</strong></span> 
     </span>
    </p>
   </div>
   <div class='ocr_carea' id='block_1_44' title="bbox 667 4459 2262 4555">
    <p class='ocr_par' dir='ltr' id='par_1_44' title="bbox 667 4459 2262 4555">
     <span class='ocr_line' id='line_1_44' title="bbox 667 4459 2262 4555; baseline -0.017 -17"><span class='ocrx_word' id='word_1_325' title='bbox 667 4487 944 4555; x_wconf 83' lang='lat' dir='ltr'><strong>parentum</strong></span> <span class='ocrx_word' id='word_1_326' title='bbox 967 4517 983 4542; x_wconf 94' lang='lat'><strong>,</strong></span> <span class='ocrx_word' id='word_1_327' title='bbox 1020 4487 1204 4530; x_wconf 86' lang='lat' dir='ltr'><strong>verum</strong></span> <span class='ocrx_word' id='word_1_328' title='bbox 1263 4483 1448 4540; x_wconf 88' lang='lat' dir='ltr'><strong>preces</strong></span> <span class='ocrx_word' id='word_1_329' title='bbox 1470 4508 1486 4532; x_wconf 95' lang='lat'><strong>,</strong></span> <span class='ocrx_word' id='word_1_330' title='bbox 1519 4466 1770 4536; x_wconf 68' lang='lat' dir='ltr'><strong>lacrymre</strong></span> <span class='ocrx_word' id='word_1_331' title='bbox 1790 4503 1805 4528; x_wconf 93' lang='lat'><strong>,</strong></span> <span class='ocrx_word' id='word_1_332' title='bbox 1854 4461 2092 4530; x_wconf 88' lang='lat' dir='ltr'><strong>ﬁdesque</strong></span> <span class='ocrx_word' id='word_1_333' title='bbox 2147 4459 2262 4513; x_wconf 83' lang='lat' dir='ltr'><strong>fuc-</strong></span> 
     </span>
    </p>
   </div>
   <div class='ocr_carea' id='block_1_45' title="bbox 669 4550 2262 4638">
    <p class='ocr_par' dir='ltr' id='par_1_45' title="bbox 669 4550 2262 4638">
     <span class='ocr_line' id='line_1_45' title="bbox 669 4550 2262 4638; baseline -0.016 -9"><span class='ocrx_word' id='word_1_334' title='bbox 669 4550 794 4629; x_wconf 77' lang='lat' dir='ltr'><strong>runt</strong></span> <span class='ocrx_word' id='word_1_335' title='bbox 838 4568 995 4638; x_wconf 81' lang='lat' dir='ltr'><strong>hujus</strong></span> <span class='ocrx_word' id='word_1_336' title='bbox 1020 4561 1377 4637; x_wconf 71' lang='lat' dir='ltr'><strong>generationis</strong></span> <span class='ocrx_word' id='word_1_337' title='bbox 1417 4556 1673 4629; x_wconf 89' lang='lat' dir='ltr'><strong>principia</strong></span> <span class='ocrx_word' id='word_1_338' title='bbox 1695 4597 1711 4624; x_wconf 94' lang='lat'><strong>,</strong></span> <span class='ocrx_word' id='word_1_339' title='bbox 1738 4567 1910 4625; x_wconf 85' lang='lat' dir='ltr'><strong>eoque</strong></span> <span class='ocrx_word' id='word_1_340' title='bbox 1947 4552 2158 4607; x_wconf 62' lang='lat' dir='ltr'><strong>casteria</strong></span> <span class='ocrx_word' id='word_1_341' title='bbox 2192 4550 2262 4605; x_wconf 91' lang='lat' dir='ltr'><strong>it-</strong></span> 
     </span>
    </p>
   </div>
   <div class='ocr_carea' id='block_1_46' title="bbox 673 4641 2262 4719">
    <p class='ocr_par' dir='ltr' id='par_1_46' title="bbox 673 4641 2262 4719">
     <span class='ocr_line' id='line_1_46' title="bbox 673 4641 2262 4719; baseline -0.015 -1"><span class='ocrx_word' id='word_1_342' title='bbox 673 4663 973 4718; x_wconf 86' lang='lat' dir='ltr'><strong>lustrioretn</strong></span> <span class='ocrx_word' id='word_1_343' title='bbox 1017 4655 1204 4711; x_wconf 86' lang='lat' dir='ltr'><strong>habuit</strong></span> <span class='ocrx_word' id='word_1_344' title='bbox 1241 4661 1416 4706; x_wconf 90' lang='lat' dir='ltr'><strong>ortum</strong></span> <span class='ocrx_word' id='word_1_345' title='bbox 1474 4647 1731 4719; x_wconf 82' lang='lat' dir='ltr'><strong>propheta</strong></span> <span class='ocrx_word' id='word_1_346' title='bbox 1755 4686 1771 4712; x_wconf 96' lang='lat'><strong>,</strong></span> <span class='ocrx_word' id='word_1_347' title='bbox 1815 4653 2033 4715; x_wconf 86' lang='lat' dir='ltr'><strong>propter</strong></span> <span class='ocrx_word' id='word_1_348' title='bbox 2075 4641 2262 4696; x_wconf 86' lang='lat' dir='ltr'><strong>matris</strong></span> 
     </span>
    </p>
   </div>
   <div class='ocr_carea' id='block_1_47' title="bbox 677 4731 2258 4808">
    <p class='ocr_par' dir='ltr' id='par_1_47' title="bbox 677 4731 2258 4808">
     <span class='ocr_line' id='line_1_47' title="bbox 677 4731 2258 4808; baseline -0.016 0"><span class='ocrx_word' id='word_1_349' title='bbox 677 4745 838 4808; x_wconf 85' lang='lat' dir='ltr'><strong>ﬁdem</strong></span> <span class='ocrx_word' id='word_1_350' title='bbox 877 4758 1049 4803; x_wconf 83' lang='lat' dir='ltr'><strong>natus.</strong></span> <span class='ocrx_word' id='word_1_351' title='bbox 1077 4744 1203 4798; x_wconf 86' lang='lat' dir='ltr'><strong>Ideo</strong></span> <span class='ocrx_word' id='word_1_352' title='bbox 1245 4740 1311 4796; x_wconf 88' lang='lat' dir='ltr'><strong>de</strong></span> <span class='ocrx_word' id='word_1_353' title='bbox 1338 4739 1438 4794; x_wconf 90' lang='lat' dir='ltr'><strong>hac</strong></span> <span class='ocrx_word' id='word_1_354' title='bbox 1463 4739 1686 4792; x_wconf 87' lang='lat' dir='ltr'><strong>muliere</strong></span> <span class='ocrx_word' id='word_1_355' title='bbox 1720 4735 1841 4805; x_wconf 85' lang='lat' dir='ltr'><strong>jure</strong></span> <span class='ocrx_word' id='word_1_356' title='bbox 1870 4733 1989 4804; x_wconf 91' lang='lat' dir='ltr'><strong>quis</strong></span> <span class='ocrx_word' id='word_1_357' title='bbox 2023 4731 2216 4786; x_wconf 77' lang='lat' dir='ltr'><strong>dixerit</strong></span> <span class='ocrx_word' id='word_1_358' title='bbox 2246 4747 2258 4781; x_wconf 93' lang='lat'>:</span> 
     </span>
    </p>
   </div>
   <div class='ocr_carea' id='block_1_48' title="bbox 678 4821 2259 4911">
    <p class='ocr_par' dir='ltr' id='par_1_48' title="bbox 678 4821 2259 4911">
     <span class='ocr_line' id='line_1_48' title="bbox 678 4821 2259 4911; baseline -0.015 -13"><span class='ocrx_word' id='word_1_359' title='bbox 678 4843 777 4911; x_wconf 81' lang='lat' dir='ltr'><strong>Qui</strong></span> <span class='ocrx_word' id='word_1_360' title='bbox 801 4839 1050 4896; x_wconf 85' lang='lat' dir='ltr'><strong>seminant</strong></span> <span class='ocrx_word' id='word_1_361' title='bbox 1074 4836 1127 4889; x_wconf 88' lang='lat' dir='ltr'><strong>in</strong></span> <span class='ocrx_word' id='word_1_362' title='bbox 1157 4831 1414 4902; x_wconf 78' lang='lat' dir='ltr'><strong>lacrymis,</strong></span> <span class='ocrx_word' id='word_1_363' title='bbox 1440 4830 1493 4882; x_wconf 82' lang='lat' dir='ltr'><strong>in</strong></span> <span class='ocrx_word' id='word_1_364' title='bbox 1518 4827 1854 4882; x_wconf 67' lang='lat' dir='ltr'><strong>exsultatione</strong></span> <span class='ocrx_word' id='word_1_365' title='bbox 1876 4833 2056 4878; x_wconf 84' lang='lat' dir='ltr'><strong>metent</strong></span> <span class='ocrx_word' id='word_1_366' title='bbox 2085 4821 2259 4892; x_wconf 82' lang='lat' dir='ltr'><strong>(Psal.</strong></span> 
     </span>
    </p>
   </div>
   <div class='ocr_carea' id='block_1_49' title="bbox 677 4912 2266 5000">
    <p class='ocr_par' dir='ltr' id='par_1_49' title="bbox 677 4912 2266 5000">
     <span class='ocr_line' id='line_1_49' title="bbox 677 4912 2266 5000; baseline -0.014 -10"><span class='ocrx_word' id='word_1_367' title='bbox 677 4935 803 4990; x_wconf 70' lang='grc'><strong>125.</strong></span> <span class='ocrx_word' id='word_1_368' title='bbox 825 4932 905 5000; x_wconf 85' lang='grc'><strong>5).</strong></span> <span class='ocrx_word' id='word_1_369' title='bbox 937 4928 1084 4983; x_wconf 85' lang='lat' dir='ltr'><strong>lianc</strong></span> <span class='ocrx_word' id='word_1_370' title='bbox 1120 4923 1433 4979; x_wconf 68' lang='lat' dir='ltr'><strong>aemulemur</strong></span> <span class='ocrx_word' id='word_1_371' title='bbox 1468 4919 1589 4983; x_wconf 90' lang='lat' dir='ltr'><strong>viri,</strong></span> <span class='ocrx_word' id='word_1_372' title='bbox 1624 4918 1763 4972; x_wconf 89' lang='lat' dir='ltr'><strong>hanc</strong></span> <span class='ocrx_word' id='word_1_373' title='bbox 1803 4916 2077 4970; x_wconf 86' lang='lat' dir='ltr'><strong>imitentur</strong></span> <span class='ocrx_word' id='word_1_374' title='bbox 2110 4912 2266 4968; x_wconf 84' lang='lat' dir='ltr'><strong>femi-</strong></span> 
     </span>
    </p>
   </div>
   <div class='ocr_carea' id='block_1_50' title="bbox 682 5002 2270 5084">
    <p class='ocr_par' dir='ltr' id='par_1_50' title="bbox 682 5002 2270 5084">
     <span class='ocr_line' id='line_1_50' title="bbox 682 5002 2270 5084; baseline -0.015 -4"><span class='ocrx_word' id='word_1_375' title='bbox 682 5039 807 5080; x_wconf 72' lang='lat' dir='ltr'><strong>nrc:</strong></span> <span class='ocrx_word' id='word_1_376' title='bbox 839 5035 960 5075; x_wconf 89' lang='lat' dir='ltr'><strong>nam</strong></span> <span class='ocrx_word' id='word_1_377' title='bbox 1005 5017 1280 5084; x_wconf 80' lang='lat' dir='ltr'><strong>utriusque</strong></span> <span class='ocrx_word' id='word_1_378' title='bbox 1319 5026 1479 5066; x_wconf 80' lang='lat' dir='ltr'><strong>sexus</strong></span> <span class='ocrx_word' id='word_1_379' title='bbox 1505 5008 1757 5080; x_wconf 88' lang='lat' dir='ltr'><strong>magistra</strong></span> <span class='ocrx_word' id='word_1_380' title='bbox 1787 5015 1870 5063; x_wconf 88' lang='lat' dir='ltr'><strong>est</strong></span> <span class='ocrx_word' id='word_1_381' title='bbox 1897 5002 2109 5060; x_wconf 88' lang='lat' dir='ltr'><strong>mulier.</strong></span> <span class='ocrx_word' id='word_1_382' title='bbox 2139 5002 2270 5070; x_wconf 76' lang='lat' dir='ltr'><strong>Qua:</strong></span> 
     </span>
    </p>
   </div>
   <div class='ocr_carea' id='block_1_51' title="bbox 681 5095 2271 5174">
    <p class='ocr_par' dir='ltr' id='par_1_51' title="bbox 681 5095 2271 5174">
     <span class='ocr_line' id='line_1_51' title="bbox 681 5095 2271 5174; baseline -0.014 -1"><span class='ocrx_word' id='word_1_383' title='bbox 681 5114 894 5173; x_wconf 86' lang='lat' dir='ltr'><strong>steriles</strong></span> <span class='ocrx_word' id='word_1_384' title='bbox 937 5120 1062 5165; x_wconf 89' lang='lat' dir='ltr'><strong>sunt</strong></span> <span class='ocrx_word' id='word_1_385' title='bbox 1086 5150 1102 5173; x_wconf 97' lang='lat'><strong>,</strong></span> <span class='ocrx_word' id='word_1_386' title='bbox 1139 5122 1207 5162; x_wconf 90' lang='lat' dir='ltr'><strong>ne</strong></span> <span class='ocrx_word' id='word_1_387' title='bbox 1251 5105 1573 5174; x_wconf 89' lang='lat' dir='ltr'><strong>desperent:</strong></span> <span class='ocrx_word' id='word_1_388' title='bbox 1600 5116 1718 5171; x_wconf 65' lang='lat' dir='ltr'><strong>quae</strong></span> <span class='ocrx_word' id='word_1_389' title='bbox 1756 5107 1953 5155; x_wconf 86' lang='lat' dir='ltr'><strong>matres</strong></span> <span class='ocrx_word' id='word_1_390' title='bbox 1991 5106 2153 5162; x_wconf 92' lang='lat' dir='ltr'><strong>sunt,</strong></span> <span class='ocrx_word' id='word_1_391' title='bbox 2192 5095 2271 5150; x_wconf 88' lang='lat' dir='ltr'><strong>sic</strong></span> 
     </span>
    </p>
   </div>
   <div class='ocr_carea' id='block_1_52' title="bbox 684 5189 2271 5263">
    <p class='ocr_par' dir='ltr' id='par_1_52' title="bbox 684 5189 2271 5263">
     <span class='ocr_line' id='line_1_52' title="bbox 684 5189 2271 5263; baseline -0.012 -3"><span class='ocrx_word' id='word_1_392' title='bbox 684 5209 910 5263; x_wconf 67' lang='lat' dir='ltr'><strong>educent</strong></span> <span class='ocrx_word' id='word_1_393' title='bbox 956 5211 1108 5256; x_wconf 85' lang='lat' dir='ltr'><strong>natos</strong></span> <span class='ocrx_word' id='word_1_394' title='bbox 1153 5199 1287 5253; x_wconf 89' lang='lat' dir='ltr'><strong>liber</strong></span> <span class='ocrx_word' id='word_1_395' title='bbox 1310 5194 1511 5258; x_wconf 56' lang='lat' dir='ltr'><strong>is;scd</strong></span> <span class='ocrx_word' id='word_1_396' title='bbox 1559 5209 1744 5248; x_wconf 86' lang='lat' dir='ltr'><strong>omnes</strong></span> <span class='ocrx_word' id='word_1_397' title='bbox 1790 5191 1947 5246; x_wconf 88' lang='lat' dir='ltr'><strong>simul</strong></span> <span class='ocrx_word' id='word_1_398' title='bbox 1998 5189 2271 5244; x_wconf 86' lang='lat' dir='ltr'><strong>imitemur</strong></span> 
     </span>
    </p>
   </div>
   <div class='ocr_carea' id='block_1_53' title="bbox 685 5279 2272 5364">
    <p class='ocr_par' dir='ltr' id='par_1_53' title="bbox 685 5279 2272 5364">
     <span class='ocr_line' id='line_1_53' title="bbox 685 5279 2272 5364; baseline -0.014 -8"><span class='ocrx_word' id='word_1_399' title='bbox 685 5297 923 5356; x_wconf 86' lang='lat' dir='ltr'><strong>mulieris</strong></span> <span class='ocrx_word' id='word_1_400' title='bbox 938 5289 1344 5364; x_wconf 61' lang='lat' dir='ltr'><strong>philosophiam,</strong></span> <span class='ocrx_word' id='word_1_401' title='bbox 1364 5301 1519 5356; x_wconf 87' lang='lat' dir='ltr'><strong>quam</strong></span> <span class='ocrx_word' id='word_1_402' title='bbox 1537 5285 1718 5339; x_wconf 89' lang='lat' dir='ltr'><strong>habuit</strong></span> <span class='ocrx_word' id='word_1_403' title='bbox 1733 5293 1855 5338; x_wconf 89' lang='lat' dir='ltr'><strong>ante</strong></span> <span class='ocrx_word' id='word_1_404' title='bbox 1871 5290 2103 5352; x_wconf 88' lang='lat' dir='ltr'><strong>partum,</strong></span> <span class='ocrx_word' id='word_1_405' title='bbox 2115 5279 2272 5334; x_wconf 89' lang='lat' dir='ltr'><strong>ﬁdem</strong></span> 
     </span>
    </p>
   </div>
   <div class='ocr_carea' id='block_1_54' title="bbox 687 5369 2278 5459">
    <p class='ocr_par' dir='ltr' id='par_1_54' title="bbox 687 5369 2278 5459">
     <span class='ocr_line' id='line_1_54' title="bbox 687 5369 2278 5459; baseline -0.013 -16"><span class='ocrx_word' id='word_1_406' title='bbox 687 5402 846 5459; x_wconf 89' lang='lat' dir='ltr'><strong>quam</strong></span> <span class='ocrx_word' id='word_1_407' title='bbox 902 5381 1085 5438; x_wconf 85' lang='lat' dir='ltr'><strong>habuit</strong></span> <span class='ocrx_word' id='word_1_408' title='bbox 1137 5385 1188 5433; x_wconf 93' lang='lat' dir='ltr'><strong>in</strong></span> <span class='ocrx_word' id='word_1_409' title='bbox 1238 5387 1390 5447; x_wconf 87' lang='lat' dir='ltr'><strong>partu</strong></span> <span class='ocrx_word' id='word_1_410' title='bbox 1431 5417 1444 5438; x_wconf 83' lang='lat'><strong>,</strong></span> <span class='ocrx_word' id='word_1_411' title='bbox 1496 5374 1833 5443; x_wconf 88' lang='lat' dir='ltr'><strong>studiumque</strong></span> <span class='ocrx_word' id='word_1_412' title='bbox 1886 5371 2028 5442; x_wconf 87' lang='lat' dir='ltr'><strong>quod</strong></span> <span class='ocrx_word' id='word_1_413' title='bbox 2093 5369 2278 5424; x_wconf 86' lang='lat' dir='ltr'><strong>habuit</strong></span> 
     </span>
    </p>
   </div>
   <div class='ocr_carea' id='block_1_55' title="bbox 693 5462 2275 5552">
    <p class='ocr_par' dir='ltr' id='par_1_55' title="bbox 693 5462 2275 5552">
     <span class='ocr_line' id='line_1_55' title="bbox 693 5462 2275 5552; baseline -0.013 -19"><span class='ocrx_word' id='word_1_414' title='bbox 693 5488 812 5552; x_wconf 76' lang='lat' dir='ltr'><strong>post</strong></span> <span class='ocrx_word' id='word_1_415' title='bbox 849 5486 1076 5547; x_wconf 89' lang='lat' dir='ltr'><strong>partum.</strong></span> <span class='ocrx_word' id='word_1_416' title='bbox 1104 5469 1242 5538; x_wconf 80' lang='lat' dir='ltr'><strong>Quid</strong></span> <span class='ocrx_word' id='word_1_417' title='bbox 1268 5470 1408 5525; x_wconf 89' lang='lat' dir='ltr'><strong>enim</strong></span> <span class='ocrx_word' id='word_1_418' title='bbox 1444 5482 1563 5521; x_wconf 88' lang='lat' dir='ltr'><strong>esse</strong></span> <span class='ocrx_word' id='word_1_419' title='bbox 1603 5467 1767 5534; x_wconf 70' lang='lat' dir='ltr'><strong>pes-sit</strong></span> <span class='ocrx_word' id='word_1_420' title='bbox 1792 5465 1879 5517; x_wconf 89' lang='lat' dir='ltr'><strong>illa</strong></span> <span class='ocrx_word' id='word_1_421' title='bbox 1910 5462 2131 5517; x_wconf 90' lang='lat' dir='ltr'><strong>muliere</strong></span> <span class='ocrx_word' id='word_1_422' title='bbox 2159 5475 2275 5514; x_wconf 85' lang='lat' dir='ltr'><strong>ma-</strong></span> 
     </span>
    </p>
   </div>
   <div class='ocr_carea' id='block_1_56' title="bbox 690 5549 2282 5644">
    <p class='ocr_par' dir='ltr' id='par_1_56' title="bbox 690 5549 2282 5644">
     <span class='ocr_line' id='line_1_56' title="bbox 690 5549 2282 5644; baseline -0.013 -18"><span class='ocrx_word' id='word_1_423' title='bbox 690 5549 774 5644; x_wconf 73' lang='lat' dir='ltr'><strong>gis</strong></span> <span class='ocrx_word' id='word_1_424' title='bbox 835 5564 1256 5638; x_wconf 75' lang='lat' dir='ltr'><strong>philosOpliicum</strong></span> <span class='ocrx_word' id='word_1_425' title='bbox 1284 5601 1299 5626; x_wconf 92' lang='lat'><strong>,</strong></span> <span class='ocrx_word' id='word_1_426' title='bbox 1348 5573 1468 5629; x_wconf 64' lang='lat' dir='ltr'><strong>quae</strong></span> <span class='ocrx_word' id='word_1_427' title='bbox 1510 5555 1867 5611; x_wconf 81' lang='lat' dir='ltr'><strong>calamitatem</strong></span> <span class='ocrx_word' id='word_1_428' title='bbox 1909 5551 2043 5606; x_wconf 86' lang='lat' dir='ltr'><strong>adeo</strong></span> <span class='ocrx_word' id='word_1_429' title='bbox 2088 5549 2282 5605; x_wconf 83' lang='lat' dir='ltr'><strong>intole-</strong></span> 
     </span>
    </p>
   </div>
   <div class='ocr_carea' id='block_1_57' title="bbox 694 5641 2279 5728">
    <p class='ocr_par' dir='ltr' id='par_1_57' title="bbox 694 5641 2279 5728">
     <span class='ocr_line' id='line_1_57' title="bbox 694 5641 2279 5728; baseline -0.014 -11"><span class='ocrx_word' id='word_1_430' title='bbox 694 5641 915 5717; x_wconf 73' lang='lat' dir='ltr'><strong>rabilem</strong></span> <span class='ocrx_word' id='word_1_431' title='bbox 957 5652 1163 5728; x_wconf 88' lang='lat' dir='ltr'><strong>placide</strong></span> <span class='ocrx_word' id='word_1_432' title='bbox 1212 5650 1521 5718; x_wconf 80' lang='lat' dir='ltr'><strong>fortiterque</strong></span> <span class='ocrx_word' id='word_1_433' title='bbox 1553 5646 1705 5710; x_wconf 91' lang='lat' dir='ltr'><strong>tulit,</strong></span> <span class='ocrx_word' id='word_1_434' title='bbox 1740 5659 1838 5698; x_wconf 90' lang='lat' dir='ltr'><strong>nec</strong></span> <span class='ocrx_word' id='word_1_435' title='bbox 1873 5643 2015 5712; x_wconf 90' lang='lat' dir='ltr'><strong>prius</strong></span> <span class='ocrx_word' id='word_1_436' title='bbox 2043 5641 2279 5705; x_wconf 88' lang='lat' dir='ltr'><strong>destitit,</strong></span> 
     </span>
    </p>
   </div>
   <div class='ocr_carea' id='block_1_58' title="bbox 696 5731 2281 5806">
    <p class='ocr_par' dir='ltr' id='par_1_58' title="bbox 696 5731 2281 5806">
     <span class='ocr_line' id='line_1_58' title="bbox 696 5731 2281 5806; baseline -0.014 0"><span class='ocrx_word' id='word_1_437' title='bbox 696 5751 868 5806; x_wconf 87' lang='lat' dir='ltr'><strong>donec</strong></span> <span class='ocrx_word' id='word_1_438' title='bbox 905 5761 1022 5803; x_wconf 90' lang='lat' dir='ltr'><strong>eam</strong></span> <span class='ocrx_word' id='word_1_439' title='bbox 1050 5742 1350 5801; x_wconf 88' lang='lat' dir='ltr'><strong>molestiam</strong></span> <span class='ocrx_word' id='word_1_440' title='bbox 1381 5738 1650 5798; x_wconf 86' lang='lat' dir='ltr'><strong>discussit,</strong></span> <span class='ocrx_word' id='word_1_441' title='bbox 1679 5735 1912 5803; x_wconf 85' lang='lat' dir='ltr'><strong>malique</strong></span> <span class='ocrx_word' id='word_1_442' title='bbox 1945 5731 2102 5786; x_wconf 86' lang='lat' dir='ltr'><strong>ﬁnem</strong></span> <span class='ocrx_word' id='word_1_443' title='bbox 2128 5745 2281 5800; x_wconf 85' lang='lat' dir='ltr'><strong>repe-</strong></span> 
     </span>
    </p>
   </div>
   <div class='ocr_carea' id='block_1_59' title="bbox 699 5821 2281 5904">
    <p class='ocr_par' dir='ltr' id='par_1_59' title="bbox 699 5821 2281 5904">
     <span class='ocr_line' id='line_1_59' title="bbox 699 5821 2281 5904; baseline -0.015 -7"><span class='ocrx_word' id='word_1_444' title='bbox 699 5842 806 5904; x_wconf 85' lang='lat' dir='ltr'><strong>rit.</strong></span> <span class='ocrx_word' id='word_1_445' title='bbox 836 5847 950 5893; x_wconf 89' lang='lat' dir='ltr'><strong>tum</strong></span> <span class='ocrx_word' id='word_1_446' title='bbox 999 5833 1401 5895; x_wconf 88' lang='lat' dir='ltr'><strong>admirandum,</strong></span> <span class='ocrx_word' id='word_1_447' title='bbox 1445 5839 1556 5883; x_wconf 90' lang='lat' dir='ltr'><strong>tum</strong></span> <span class='ocrx_word' id='word_1_448' title='bbox 1609 5823 2013 5888; x_wconf 76' lang='lat' dir='ltr'><strong>incredibilem,</strong></span> <span class='ocrx_word' id='word_1_449' title='bbox 2050 5821 2194 5876; x_wconf 88' lang='lat' dir='ltr'><strong>nullo</strong></span> <span class='ocrx_word' id='word_1_450' title='bbox 2249 5834 2281 5872; x_wconf 92' lang='lat' dir='ltr'><strong>e</strong></span> 
     </span>
    </p>
   </div>
   <div class='ocr_carea' id='block_1_60' title="bbox 1292 434 3104 513">
    <p class='ocr_par' dir='ltr' id='par_1_60' title="bbox 1292 434 3104 513">
     <span class='ocr_line' id='line_1_60' title="bbox 1292 434 3104 513; baseline -0.011 0"><span class='ocrx_word' id='word_1_451' title='bbox 1292 457 1348 513; x_wconf 91' lang='lat' dir='ltr'><strong>S.</strong></span> <span class='ocrx_word' id='word_1_452' title='bbox 1387 453 1667 513; x_wconf 78' lang='lat' dir='ltr'><strong>JOANNIS</strong></span> <span class='ocrx_word' id='word_1_453' title='bbox 1704 444 2178 510; x_wconf 71' lang='lat' dir='ltr'><strong>CHRYSOSTOMI</strong></span> <span class='ocrx_word' id='word_1_454' title='bbox 2222 441 2536 498; x_wconf 79' lang='lat' dir='ltr'><strong>ARCHIEP.</strong></span> <span class='ocrx_word' id='word_1_455' title='bbox 2567 434 3104 498; x_wconf 62' lang='lat' dir='ltr'><strong>CONSTANTINOP.</strong></span> 
     </span>
    </p>
   </div>
   <div class='ocr_carea' id='block_1_61' title="bbox 3821 436 3925 493">
    <p class='ocr_par' dir='ltr' id='par_1_61' title="bbox 3821 436 3925 493">
     <span class='ocr_line' id='line_1_61' title="bbox 3821 436 3925 493; baseline -0.019 0"><span class='ocrx_word' id='word_1_456' title='bbox 3821 436 3925 493; x_wconf 66' lang='lat' dir='ltr'><strong>GM</strong></span> 
     </span>
    </p>
   </div>
   <div class='ocr_carea' id='block_1_62' title="bbox 2331 543 3929 621">
    <p class='ocr_par' dir='ltr' id='par_1_62' title="bbox 2331 543 3929 621">
     <span class='ocr_line' id='line_1_62' title="bbox 2331 543 3929 621; baseline -0.005 -12"><span class='ocrx_word' id='word_1_457' title='bbox 2331 555 2559 609; x_wconf 88' lang='lat' dir='ltr'><strong>terrenis</strong></span> <span class='ocrx_word' id='word_1_458' title='bbox 2585 553 2754 608; x_wconf 88' lang='lat' dir='ltr'><strong>accito</strong></span> <span class='ocrx_word' id='word_1_459' title='bbox 2781 551 3027 621; x_wconf 76' lang='lat' dir='ltr'><strong>adiutore</strong></span> <span class='ocrx_word' id='word_1_460' title='bbox 3055 559 3109 605; x_wconf 93' lang='lat' dir='ltr'><strong>et</strong></span> <span class='ocrx_word' id='word_1_461' title='bbox 3136 545 3499 618; x_wconf 72' lang='lat' dir='ltr'><strong>opitulatura?</strong></span> <span class='ocrx_word' id='word_1_462' title='bbox 3526 543 3759 601; x_wconf 83' lang='lat' dir='ltr'><strong>Noverat</strong></span> <span class='ocrx_word' id='word_1_463' title='bbox 3783 548 3929 601; x_wconf 87' lang='lat' dir='ltr'><strong>enim</strong></span> 
     </span>
    </p>
   </div>
   <div class='ocr_carea' id='block_1_63' title="bbox 2328 637 3931 710">
    <p class='ocr_par' dir='ltr' id='par_1_63' title="bbox 2328 637 3931 710">
     <span class='ocr_line' id='line_1_63' title="bbox 2328 637 3931 710; baseline -0.006 -12"><span class='ocrx_word' id='word_1_464' title='bbox 2328 646 2710 700; x_wconf 87' lang='lat' dir='ltr'><strong>humanitatem</strong></span> <span class='ocrx_word' id='word_1_465' title='bbox 2743 642 2972 706; x_wconf 88' lang='lat' dir='ltr'><strong>Domini,</strong></span> <span class='ocrx_word' id='word_1_466' title='bbox 2998 653 3169 710; x_wconf 90' lang='lat' dir='ltr'><strong>eoque</strong></span> <span class='ocrx_word' id='word_1_467' title='bbox 3198 638 3310 693; x_wconf 88' lang='lat' dir='ltr'><strong>sola</strong></span> <span class='ocrx_word' id='word_1_468' title='bbox 3338 639 3489 692; x_wconf 91' lang='lat' dir='ltr'><strong>illum</strong></span> <span class='ocrx_word' id='word_1_469' title='bbox 3515 637 3668 702; x_wconf 88' lang='lat' dir='ltr'><strong>adiit,</strong></span> <span class='ocrx_word' id='word_1_470' title='bbox 3696 646 3755 691; x_wconf 86' lang='lat' dir='ltr'><strong>et</strong></span> <span class='ocrx_word' id='word_1_471' title='bbox 3775 638 3931 704; x_wconf 85' lang='lat' dir='ltr'><strong>quid-</strong></span> 
     </span>
    </p>
   </div>
   <div class='ocr_carea' id='block_1_64' title="bbox 2326 729 3932 808">
    <p class='ocr_par' dir='ltr' id='par_1_64' title="bbox 2326 729 3932 808">
     <span class='ocr_line' id='line_1_64' title="bbox 2326 729 3932 808; baseline -0.006 -17"><span class='ocrx_word' id='word_1_472' title='bbox 2326 739 2441 808; x_wconf 91' lang='lat' dir='ltr'><strong>quit</strong></span> <span class='ocrx_word' id='word_1_473' title='bbox 2456 738 2621 793; x_wconf 73' lang='lat' dir='ltr'><strong>voluit</strong></span> <span class='ocrx_word' id='word_1_474' title='bbox 2637 735 2954 806; x_wconf 81' lang='lat' dir='ltr'><strong>impetravit.</strong></span> <span class='ocrx_word' id='word_1_475' title='bbox 2976 732 3159 802; x_wconf 86' lang='lat' dir='ltr'><strong>Neque</strong></span> <span class='ocrx_word' id='word_1_476' title='bbox 3173 730 3317 786; x_wconf 90' lang='lat' dir='ltr'><strong>enim</strong></span> <span class='ocrx_word' id='word_1_477' title='bbox 3335 730 3629 784; x_wconf 87' lang='lat' dir='ltr'><strong>humanum</strong></span> <span class='ocrx_word' id='word_1_478' title='bbox 3645 729 3932 794; x_wconf 79' lang='lat' dir='ltr'><strong>auxilium,</strong></span> 
     </span>
    </p>
   </div>
   <div class='ocr_carea' id='block_1_65' title="bbox 2326 822 3935 899">
    <p class='ocr_par' dir='ltr' id='par_1_65' title="bbox 2326 822 3935 899">
     <span class='ocr_line' id='line_1_65' title="bbox 2326 822 3935 899; baseline -0.007 -15"><span class='ocrx_word' id='word_1_479' title='bbox 2326 829 2422 884; x_wconf 84' lang='lat' dir='ltr'><strong>sed</strong></span> <span class='ocrx_word' id='word_1_480' title='bbox 2451 829 2687 883; x_wconf 82' lang='lat' dir='ltr'><strong>divinam</strong></span> <span class='ocrx_word' id='word_1_481' title='bbox 2712 827 2938 899; x_wconf 88' lang='lat' dir='ltr'><strong>gratiam</strong></span> <span class='ocrx_word' id='word_1_482' title='bbox 2963 823 3269 894; x_wconf 88' lang='lat' dir='ltr'><strong>requirebat</strong></span> <span class='ocrx_word' id='word_1_483' title='bbox 3299 822 3441 876; x_wconf 89' lang='lat' dir='ltr'><strong>illius</strong></span> <span class='ocrx_word' id='word_1_484' title='bbox 3467 822 3700 876; x_wconf 69' lang='lat' dir='ltr'><strong>tristitia:</strong></span> <span class='ocrx_word' id='word_1_485' title='bbox 3738 835 3935 875; x_wconf 83' lang='lat' dir='ltr'><strong>corre-</strong></span> 
     </span>
    </p>
   </div>
   <div class='ocr_carea' id='block_1_66' title="bbox 2325 913 3934 982">
    <p class='ocr_par' dir='ltr' id='par_1_66' title="bbox 2325 913 3934 982">
     <span class='ocr_line' id='line_1_66' title="bbox 2325 913 3934 982; baseline -0.006 -5"><span class='ocrx_word' id='word_1_486' title='bbox 2325 924 2434 977; x_wconf 91' lang='lat' dir='ltr'><strong>ctio</strong></span> <span class='ocrx_word' id='word_1_487' title='bbox 2457 939 2469 973; x_wconf 90' lang='lat'><strong>:</strong></span> <span class='ocrx_word' id='word_1_488' title='bbox 2492 935 2553 975; x_wconf 87' lang='lat' dir='ltr'><strong>ea</strong></span> <span class='ocrx_word' id='word_1_489' title='bbox 2571 920 2718 975; x_wconf 91' lang='lat' dir='ltr'><strong>enim</strong></span> <span class='ocrx_word' id='word_1_490' title='bbox 2749 933 2855 974; x_wconf 93' lang='lat' dir='ltr'><strong>non</strong></span> <span class='ocrx_word' id='word_1_491' title='bbox 2886 916 3204 974; x_wconf 87' lang='lat' dir='ltr'><strong>nascebatur</strong></span> <span class='ocrx_word' id='word_1_492' title='bbox 3230 929 3296 969; x_wconf 81' lang='lat' dir='ltr'><strong>ex</strong></span> <span class='ocrx_word' id='word_1_493' title='bbox 3319 913 3529 982; x_wconf 88' lang='lat' dir='ltr'><strong>jactura</strong></span> <span class='ocrx_word' id='word_1_494' title='bbox 3554 913 3934 982; x_wconf 82' lang='lat' dir='ltr'><strong>pecuniarum.</strong></span> 
     </span>
    </p>
   </div>
   <div class='ocr_carea' id='block_1_67' title="bbox 2328 1005 3936 1080">
    <p class='ocr_par' dir='ltr' id='par_1_67' title="bbox 2328 1005 3936 1080">
     <span class='ocr_line' id='line_1_67' title="bbox 2328 1005 3936 1080; baseline -0.005 -15"><span class='ocrx_word' id='word_1_495' title='bbox 2328 1023 2382 1065; x_wconf 89' lang='grc' dir='ltr'><strong>ιιι</strong></span> <span class='ocrx_word' id='word_1_496' title='bbox 2434 1010 2624 1080; x_wconf 90' lang='lat' dir='ltr'><strong>aliquis</strong></span> <span class='ocrx_word' id='word_1_497' title='bbox 2662 1009 2826 1063; x_wconf 89' lang='lat' dir='ltr'><strong>allato</strong></span> <span class='ocrx_word' id='word_1_498' title='bbox 2866 1022 3002 1062; x_wconf 89' lang='lat' dir='ltr'><strong>auro</strong></span> <span class='ocrx_word' id='word_1_499' title='bbox 3043 1005 3273 1061; x_wconf 87' lang='lat' dir='ltr'><strong>dilueret</strong></span> <span class='ocrx_word' id='word_1_500' title='bbox 3317 1017 3577 1074; x_wconf 85' lang='lat' dir='ltr'><strong>angorem</strong></span> <span class='ocrx_word' id='word_1_501' title='bbox 3603 1019 3621 1058; x_wconf 85' lang='lat'><strong>:</strong></span> <span class='ocrx_word' id='word_1_502' title='bbox 3646 1017 3825 1072; x_wconf 79' lang='lat' dir='ltr'><strong>neque</strong></span> <span class='ocrx_word' id='word_1_503' title='bbox 3863 1017 3936 1057; x_wconf 73' lang='lat' dir='ltr'><strong>ex</strong></span> 
     </span>
    </p>
   </div>
   <div class='ocr_carea' id='block_1_68' title="bbox 2326 1092 3937 1170">
    <p class='ocr_par' dir='ltr' id='par_1_68' title="bbox 2326 1092 3937 1170">
     <span class='ocr_line' id='line_1_68' title="bbox 2326 1092 3937 1170; baseline -0.006 -14"><span class='ocrx_word' id='word_1_504' title='bbox 2326 1101 2548 1156; x_wconf 84' lang='lat' dir='ltr'><strong>adversa</strong></span> <span class='ocrx_word' id='word_1_505' title='bbox 2575 1099 2817 1170; x_wconf 84' lang='lat' dir='ltr'><strong>corporis</strong></span> <span class='ocrx_word' id='word_1_506' title='bbox 2846 1097 3150 1151; x_wconf 81' lang='lat' dir='ltr'><strong>valetudine</strong></span> <span class='ocrx_word' id='word_1_507' title='bbox 3171 1138 3184 1161; x_wconf 89' lang='lat'><strong>,</strong></span> <span class='ocrx_word' id='word_1_508' title='bbox 3213 1102 3270 1148; x_wconf 91' lang='lat' dir='ltr'><strong>nt</strong></span> <span class='ocrx_word' id='word_1_509' title='bbox 3296 1095 3485 1148; x_wconf 83' lang='lat' dir='ltr'><strong>accitis</strong></span> <span class='ocrx_word' id='word_1_510' title='bbox 3526 1092 3750 1149; x_wconf 83' lang='lat' dir='ltr'><strong>medicis</strong></span> <span class='ocrx_word' id='word_1_511' title='bbox 3779 1106 3937 1147; x_wconf 46' lang='lat' dir='ltr'><strong>mora</strong></span> 
     </span>
    </p>
   </div>
   <div class='ocr_carea' id='block_1_69' title="bbox 2331 1183 3935 1258">
    <p class='ocr_par' dir='ltr' id='par_1_69' title="bbox 2331 1183 3935 1258">
     <span class='ocr_line' id='line_1_69' title="bbox 2331 1183 3935 1258; baseline -0.004 -13"><span class='ocrx_word' id='word_1_512' title='bbox 2331 1193 2456 1245; x_wconf 91' lang='lat' dir='ltr'><strong>bum</strong></span> <span class='ocrx_word' id='word_1_513' title='bbox 2485 1200 2666 1258; x_wconf 87' lang='lat' dir='ltr'><strong>posset</strong></span> <span class='ocrx_word' id='word_1_514' title='bbox 2696 1190 2930 1258; x_wconf 82' lang='lat' dir='ltr'><strong>abigere.</strong></span> <span class='ocrx_word' id='word_1_515' title='bbox 2966 1187 3165 1241; x_wconf 88' lang='lat' dir='ltr'><strong>Natura</strong></span> <span class='ocrx_word' id='word_1_516' title='bbox 3193 1194 3310 1240; x_wconf 90' lang='lat' dir='ltr'><strong>erat</strong></span> <span class='ocrx_word' id='word_1_517' title='bbox 3335 1186 3476 1239; x_wconf 89' lang='lat' dir='ltr'><strong>male</strong></span> <span class='ocrx_word' id='word_1_518' title='bbox 3503 1183 3693 1238; x_wconf 81' lang='lat' dir='ltr'><strong>affecta</strong></span> <span class='ocrx_word' id='word_1_519' title='bbox 3721 1225 3736 1250; x_wconf 93' lang='lat'><strong>,</strong></span> <span class='ocrx_word' id='word_1_520' title='bbox 3765 1183 3935 1238; x_wconf 67' lang='lat' dir='ltr'><strong>caele-</strong></span> 
     </span>
    </p>
   </div>
   <div class='ocr_carea' id='block_1_70' title="bbox 2327 1276 3940 1348">
    <p class='ocr_par' dir='ltr' id='par_1_70' title="bbox 2327 1276 3940 1348">
     <span class='ocr_line' id='line_1_70' title="bbox 2327 1276 3940 1348; baseline -0.004 -12"><span class='ocrx_word' id='word_1_521' title='bbox 2327 1294 2465 1336; x_wconf 80' lang='lat' dir='ltr'><strong>stem</strong></span> <span class='ocrx_word' id='word_1_522' title='bbox 2504 1296 2722 1336; x_wconf 91' lang='lat' dir='ltr'><strong>manum</strong></span> <span class='ocrx_word' id='word_1_523' title='bbox 2763 1279 3097 1335; x_wconf 87' lang='lat' dir='ltr'><strong>desiderans.</strong></span> <span class='ocrx_word' id='word_1_524' title='bbox 3151 1278 3337 1348; x_wconf 86' lang='lat' dir='ltr'><strong>quue</strong></span> <span class='ocrx_word' id='word_1_525' title='bbox 3378 1291 3509 1331; x_wconf 86' lang='lat' dir='ltr'><strong>sane</strong></span> <span class='ocrx_word' id='word_1_526' title='bbox 3548 1276 3940 1347; x_wconf 70' lang='lat' dir='ltr'><strong>praetermissis</strong></span> 
     </span>
    </p>
   </div>
   <div class='ocr_carea' id='block_1_71' title="bbox 2328 1367 3942 1438">
    <p class='ocr_par' dir='ltr' id='par_1_71' title="bbox 2328 1367 3942 1438">
     <span class='ocr_line' id='line_1_71' title="bbox 2328 1367 3942 1438; baseline -0.003 -10"><span class='ocrx_word' id='word_1_527' title='bbox 2328 1375 2578 1429; x_wconf 76' lang='lat' dir='ltr'><strong>erunibus</strong></span> <span class='ocrx_word' id='word_1_528' title='bbox 2601 1373 2851 1437; x_wconf 88' lang='lat' dir='ltr'><strong>terrenis,</strong></span> <span class='ocrx_word' id='word_1_529' title='bbox 2883 1372 2948 1426; x_wconf 85' lang='lat' dir='ltr'><strong>ad</strong></span> <span class='ocrx_word' id='word_1_530' title='bbox 2983 1379 3188 1426; x_wconf 73' lang='lat' dir='ltr'><strong>natura:</strong></span> <span class='ocrx_word' id='word_1_531' title='bbox 3221 1370 3506 1425; x_wconf 88' lang='lat' dir='ltr'><strong>Dominttm</strong></span> <span class='ocrx_word' id='word_1_532' title='bbox 3529 1367 3798 1438; x_wconf 88' lang='lat' dir='ltr'><strong>confugit,</strong></span> <span class='ocrx_word' id='word_1_533' title='bbox 3832 1382 3942 1423; x_wconf 81' lang='lat' dir='ltr'><strong>nec</strong></span> 
     </span>
    </p>
   </div>
   <div class='ocr_carea' id='block_1_72' title="bbox 2332 1459 3944 1537">
    <p class='ocr_par' dir='ltr' id='par_1_72' title="bbox 2332 1459 3944 1537">
     <span class='ocr_line' id='line_1_72' title="bbox 2332 1459 3944 1537; baseline -0.003 -18"><span class='ocrx_word' id='word_1_534' title='bbox 2332 1470 2476 1537; x_wconf 74' lang='lat' dir='ltr'><strong>prius</strong></span> <span class='ocrx_word' id='word_1_535' title='bbox 2503 1468 2725 1532; x_wconf 83' lang='lat' dir='ltr'><strong>destitit,</strong></span> <span class='ocrx_word' id='word_1_536' title='bbox 2757 1482 2918 1535; x_wconf 91' lang='lat' dir='ltr'><strong>quam</strong></span> <span class='ocrx_word' id='word_1_537' title='bbox 2949 1466 3100 1519; x_wconf 87' lang='lat' dir='ltr'><strong>illum</strong></span> <span class='ocrx_word' id='word_1_538' title='bbox 3125 1472 3396 1528; x_wconf 76' lang='lat' dir='ltr'><strong>exorarct,</strong></span> <span class='ocrx_word' id='word_1_539' title='bbox 3431 1471 3487 1519; x_wconf 91' lang='grc' dir='ltr'><strong>ιιι</strong></span> <span class='ocrx_word' id='word_1_540' title='bbox 3511 1462 3804 1517; x_wconf 86' lang='lat' dir='ltr'><strong>orbitatem</strong></span> <span class='ocrx_word' id='word_1_541' title='bbox 3835 1459 3944 1516; x_wconf 87' lang='lat' dir='ltr'><strong>tol—</strong></span> 
     </span>
    </p>
   </div>
   <div class='ocr_carea' id='block_1_73' title="bbox 2332 1554 3938 1628">
    <p class='ocr_par' dir='ltr' id='par_1_73' title="bbox 2332 1554 3938 1628">
     <span class='ocr_line' id='line_1_73' title="bbox 2332 1554 3938 1628; baseline -0.006 -13"><span class='ocrx_word' id='word_1_542' title='bbox 2332 1561 2484 1625; x_wconf 82' lang='lat' dir='ltr'><strong>leret,</strong></span> <span class='ocrx_word' id='word_1_543' title='bbox 2514 1575 2577 1614; x_wconf 92' lang='lat' dir='ltr'><strong>ac</strong></span> <span class='ocrx_word' id='word_1_544' title='bbox 2596 1560 2811 1614; x_wconf 89' lang='lat' dir='ltr'><strong>vulvam</strong></span> <span class='ocrx_word' id='word_1_545' title='bbox 2835 1559 3089 1628; x_wconf 86' lang='lat' dir='ltr'><strong>aperiret,</strong></span> <span class='ocrx_word' id='word_1_546' title='bbox 3109 1571 3247 1626; x_wconf 90' lang='lat' dir='ltr'><strong>eque</strong></span> <span class='ocrx_word' id='word_1_547' title='bbox 3266 1555 3433 1610; x_wconf 88' lang='lat' dir='ltr'><strong>sterili</strong></span> <span class='ocrx_word' id='word_1_548' title='bbox 3458 1554 3659 1611; x_wconf 87' lang='lat' dir='ltr'><strong>faceret</strong></span> <span class='ocrx_word' id='word_1_549' title='bbox 3681 1563 3938 1608; x_wconf 85' lang='lat' dir='ltr'><strong>matrem.</strong></span> 
     </span>
    </p>
   </div>
   <div class='ocr_carea' id='block_1_74' title="bbox 2333 1644 3940 1731">
    <p class='ocr_par' dir='ltr' id='par_1_74' title="bbox 2333 1644 3940 1731">
     <span class='ocr_line' id='line_1_74' title="bbox 2333 1644 3940 1731; baseline -0.005 -25"><span class='ocrx_word' id='word_1_550' title='bbox 2333 1652 2511 1731; x_wconf 79' lang='lat' dir='ltr'><strong>Itaque</strong></span> <span class='ocrx_word' id='word_1_551' title='bbox 2535 1654 2686 1706; x_wconf 87' lang='lat' dir='ltr'><strong>beata</strong></span> <span class='ocrx_word' id='word_1_552' title='bbox 2714 1659 2796 1704; x_wconf 88' lang='lat' dir='ltr'><strong>est</strong></span> <span class='ocrx_word' id='word_1_553' title='bbox 2821 1658 2877 1704; x_wconf 85' lang='lat' dir='ltr'><strong>et</strong></span> <span class='ocrx_word' id='word_1_554' title='bbox 2903 1649 2974 1704; x_wconf 90' lang='lat' dir='ltr'><strong>ob</strong></span> <span class='ocrx_word' id='word_1_555' title='bbox 3003 1649 3123 1714; x_wconf 90' lang='lat' dir='ltr'><strong>hoc,</strong></span> <span class='ocrx_word' id='word_1_556' title='bbox 3156 1662 3261 1702; x_wconf 91' lang='lat' dir='ltr'><strong>non</strong></span> <span class='ocrx_word' id='word_1_557' title='bbox 3292 1647 3434 1717; x_wconf 91' lang='lat' dir='ltr'><strong>quod</strong></span> <span class='ocrx_word' id='word_1_558' title='bbox 3460 1655 3635 1701; x_wconf 90' lang='lat' dir='ltr'><strong>mater</strong></span> <span class='ocrx_word' id='word_1_559' title='bbox 3659 1644 3799 1701; x_wconf 85' lang='lat' dir='ltr'><strong>facta</strong></span> <span class='ocrx_word' id='word_1_560' title='bbox 3825 1647 3896 1700; x_wconf 85' lang='lat' dir='ltr'><strong>sit</strong></span> <span class='ocrx_word' id='word_1_561' title='bbox 3920 1685 3940 1708; x_wconf 90' lang='lat'><strong>,</strong></span> 
     </span>
    </p>
   </div>
   <div class='ocr_carea' id='block_1_75' title="bbox 2330 1737 3944 1813">
    <p class='ocr_par' dir='ltr' id='par_1_75' title="bbox 2330 1737 3944 1813">
     <span class='ocr_line' id='line_1_75' title="bbox 2330 1737 3944 1813; baseline -0.005 -15"><span class='ocrx_word' id='word_1_562' title='bbox 2330 1743 2424 1798; x_wconf 90' lang='lat' dir='ltr'><strong>sed</strong></span> <span class='ocrx_word' id='word_1_563' title='bbox 2454 1743 2619 1813; x_wconf 86' lang='lat' dir='ltr'><strong>quod,</strong></span> <span class='ocrx_word' id='word_1_564' title='bbox 2641 1757 2765 1797; x_wconf 82' lang='lat' dir='ltr'><strong>cum</strong></span> <span class='ocrx_word' id='word_1_565' title='bbox 2793 1757 2897 1794; x_wconf 90' lang='lat' dir='ltr'><strong>non</strong></span> <span class='ocrx_word' id='word_1_566' title='bbox 2925 1749 3088 1801; x_wconf 86' lang='lat' dir='ltr'><strong>esset,</strong></span> <span class='ocrx_word' id='word_1_567' title='bbox 3115 1739 3249 1793; x_wconf 89' lang='lat' dir='ltr'><strong>facta</strong></span> <span class='ocrx_word' id='word_1_568' title='bbox 3278 1740 3366 1793; x_wconf 88' lang='lat' dir='ltr'><strong>sit.</strong></span> <span class='ocrx_word' id='word_1_569' title='bbox 3393 1737 3668 1808; x_wconf 79' lang='lat' dir='ltr'><strong>Siquidem</strong></span> <span class='ocrx_word' id='word_1_570' title='bbox 3694 1737 3825 1792; x_wconf 90' lang='lat' dir='ltr'><strong>illud</strong></span> <span class='ocrx_word' id='word_1_571' title='bbox 3853 1748 3944 1792; x_wconf 78' lang='lat' dir='ltr'><strong>est</strong></span> 
     </span>
    </p>
   </div>
   <div class='ocr_carea' id='block_1_76' title="bbox 2332 1828 3944 1896">
    <p class='ocr_par' dir='ltr' id='par_1_76' title="bbox 2332 1828 3944 1896">
     <span class='ocr_line' id='line_1_76' title="bbox 2332 1828 3944 1896; baseline -0.004 -6"><span class='ocrx_word' id='word_1_572' title='bbox 2332 1843 2536 1890; x_wconf 76' lang='lat' dir='ltr'><strong>natura:</strong></span> <span class='ocrx_word' id='word_1_573' title='bbox 2559 1848 2843 1888; x_wconf 89' lang='lat' dir='ltr'><strong>commune</strong></span> <span class='ocrx_word' id='word_1_574' title='bbox 2865 1874 2878 1896; x_wconf 95' lang='lat'><strong>,</strong></span> <span class='ocrx_word' id='word_1_575' title='bbox 2912 1831 3015 1887; x_wconf 88' lang='lat' dir='ltr'><strong>huc</strong></span> <span class='ocrx_word' id='word_1_576' title='bbox 3044 1841 3225 1884; x_wconf 86' lang='lat' dir='ltr'><strong>autem</strong></span> <span class='ocrx_word' id='word_1_577' title='bbox 3261 1839 3378 1885; x_wconf 87' lang='lat' dir='ltr'><strong>erat</strong></span> <span class='ocrx_word' id='word_1_578' title='bbox 3414 1829 3672 1884; x_wconf 82' lang='lat' dir='ltr'><strong>eximium</strong></span> <span class='ocrx_word' id='word_1_579' title='bbox 3717 1828 3944 1884; x_wconf 65' lang='lat' dir='ltr'><strong>femina</strong></span> 
     </span>
    </p>
   </div>
   <div class='ocr_carea' id='block_1_77' title="bbox 2332 1919 3938 1994">
    <p class='ocr_par' dir='ltr' id='par_1_77' title="bbox 2332 1919 3938 1994">
     <span class='ocr_line' id='line_1_77' title="bbox 2332 1919 3938 1994; baseline -0.006 -13"><span class='ocrx_word' id='word_1_580' title='bbox 2332 1927 2584 1981; x_wconf 91' lang='lat' dir='ltr'><strong>meritum</strong></span> <span class='ocrx_word' id='word_1_581' title='bbox 2640 1925 2798 1980; x_wconf 89' lang='lat' dir='ltr'><strong>Beata</strong></span> <span class='ocrx_word' id='word_1_582' title='bbox 2826 1923 3043 1994; x_wconf 91' lang='lat' dir='ltr'><strong>quidem</strong></span> <span class='ocrx_word' id='word_1_583' title='bbox 3075 1923 3233 1991; x_wconf 83' lang='lat' dir='ltr'><strong>igitur</strong></span> <span class='ocrx_word' id='word_1_584' title='bbox 3260 1930 3316 1975; x_wconf 89' lang='lat' dir='ltr'><strong>et</strong></span> <span class='ocrx_word' id='word_1_585' title='bbox 3345 1929 3562 1990; x_wconf 88' lang='lat' dir='ltr'><strong>propter</strong></span> <span class='ocrx_word' id='word_1_586' title='bbox 3593 1920 3748 1973; x_wconf 80' lang='lat' dir='ltr'><strong>nixus</strong></span> <span class='ocrx_word' id='word_1_587' title='bbox 3774 1919 3938 1983; x_wconf 85' lang='lat' dir='ltr'><strong>illos,</strong></span> 
     </span>
    </p>
   </div>
   <div class='ocr_carea' id='block_1_78' title="bbox 2335 2008 3947 2084">
    <p class='ocr_par' dir='ltr' id='par_1_78' title="bbox 2335 2008 3947 2084">
     <span class='ocr_line' id='line_1_78' title="bbox 2335 2008 3947 2084; baseline -0.006 -13"><span class='ocrx_word' id='word_1_588' title='bbox 2335 2017 2682 2071; x_wconf 77' lang='lat' dir='ltr'><strong>nihilominus</strong></span> <span class='ocrx_word' id='word_1_589' title='bbox 2709 2024 2884 2069; x_wconf 87' lang='lat' dir='ltr'><strong>tamen</strong></span> <span class='ocrx_word' id='word_1_590' title='bbox 2915 2013 3066 2068; x_wconf 86' lang='lat' dir='ltr'><strong>beata</strong></span> <span class='ocrx_word' id='word_1_591' title='bbox 3096 2019 3316 2080; x_wconf 88' lang='lat' dir='ltr'><strong>propter</strong></span> <span class='ocrx_word' id='word_1_592' title='bbox 3339 2009 3518 2064; x_wconf 90' lang='lat' dir='ltr'><strong>omnia</strong></span> <span class='ocrx_word' id='word_1_593' title='bbox 3547 2008 3633 2063; x_wconf 92' lang='lat' dir='ltr'><strong>illa</strong></span> <span class='ocrx_word' id='word_1_594' title='bbox 3660 2023 3782 2084; x_wconf 59' lang='lat' dir='ltr'><strong>qua:</strong></span> <span class='ocrx_word' id='word_1_595' title='bbox 3815 2022 3947 2078; x_wconf 83' lang='lat' dir='ltr'><strong>par-</strong></span> 
     </span>
    </p>
   </div>
   <div class='ocr_carea' id='block_1_79' title="bbox 2336 2101 3948 2176">
    <p class='ocr_par' dir='ltr' id='par_1_79' title="bbox 2336 2101 3948 2176">
     <span class='ocr_line' id='line_1_79' title="bbox 2336 2101 3948 2176; baseline -0.004 -13"><span class='ocrx_word' id='word_1_596' title='bbox 2336 2118 2450 2164; x_wconf 91' lang='lat' dir='ltr'><strong>tum</strong></span> <span class='ocrx_word' id='word_1_597' title='bbox 2482 2115 2890 2176; x_wconf 72' lang='lat' dir='ltr'><strong>prmcesseruut.</strong></span> <span class='ocrx_word' id='word_1_598' title='bbox 2921 2104 3081 2159; x_wconf 73' lang='lat' dir='ltr'><strong>Scitis</strong></span> <span class='ocrx_word' id='word_1_599' title='bbox 3106 2103 3251 2158; x_wconf 88' lang='lat' dir='ltr'><strong>enim</strong></span> <span class='ocrx_word' id='word_1_600' title='bbox 3288 2101 3531 2172; x_wconf 87' lang='lat' dir='ltr'><strong>profecto</strong></span> <span class='ocrx_word' id='word_1_601' title='bbox 3559 2117 3749 2157; x_wconf 87' lang='lat' dir='ltr'><strong>omnes</strong></span> <span class='ocrx_word' id='word_1_602' title='bbox 3771 2142 3788 2163; x_wconf 90' lang='lat'><strong>.</strong></span> <span class='ocrx_word' id='word_1_603' title='bbox 3823 2103 3948 2159; x_wconf 78' lang='lat' dir='ltr'><strong>sive</strong></span> 
     </span>
    </p>
   </div>
   <div class='ocr_carea' id='block_1_80' title="bbox 2336 2192 3946 2264">
    <p class='ocr_par' dir='ltr' id='par_1_80' title="bbox 2336 2192 3946 2264">
     <span class='ocr_line' id='line_1_80' title="bbox 2336 2192 3946 2264; baseline -0.002 -12"><span class='ocrx_word' id='word_1_604' title='bbox 2336 2198 2625 2261; x_wconf 85' lang='lat' dir='ltr'><strong>mulieres,</strong></span> <span class='ocrx_word' id='word_1_605' title='bbox 2654 2197 2767 2251; x_wconf 88' lang='lat' dir='ltr'><strong>sive</strong></span> <span class='ocrx_word' id='word_1_606' title='bbox 2815 2195 2953 2262; x_wconf 90' lang='lat' dir='ltr'><strong>viri,</strong></span> <span class='ocrx_word' id='word_1_607' title='bbox 2979 2193 3112 2249; x_wconf 88' lang='lat' dir='ltr'><strong>nihil</strong></span> <span class='ocrx_word' id='word_1_608' title='bbox 3153 2194 3373 2264; x_wconf 82' lang='lat' dir='ltr'><strong>gravius</strong></span> <span class='ocrx_word' id='word_1_609' title='bbox 3414 2203 3508 2247; x_wconf 89' lang='lat' dir='ltr'><strong>aut</strong></span> <span class='ocrx_word' id='word_1_610' title='bbox 3547 2192 3946 2248; x_wconf 85' lang='lat' dir='ltr'><strong>intolerabilius</strong></span> 
     </span>
    </p>
   </div>
   <div class='ocr_carea' id='block_1_81' title="bbox 2334 2280 3948 2358">
    <p class='ocr_par' dir='ltr' id='par_1_81' title="bbox 2334 2280 3948 2358">
     <span class='ocr_line' id='line_1_81' title="bbox 2334 2280 3948 2358; baseline -0.005 -13"><span class='ocrx_word' id='word_1_611' title='bbox 2334 2289 2580 2346; x_wconf 76' lang='lat' dir='ltr'><strong>accidere</strong></span> <span class='ocrx_word' id='word_1_612' title='bbox 2608 2302 2764 2358; x_wconf 86' lang='lat' dir='ltr'><strong>posse</strong></span> <span class='ocrx_word' id='word_1_613' title='bbox 2795 2287 3006 2342; x_wconf 69' lang='lat' dir='ltr'><strong>feminte</strong></span> <span class='ocrx_word' id='word_1_614' title='bbox 3025 2327 3040 2352; x_wconf 94' lang='lat'><strong>,</strong></span> <span class='ocrx_word' id='word_1_615' title='bbox 3063 2299 3222 2356; x_wconf 90' lang='lat' dir='ltr'><strong>quam</strong></span> <span class='ocrx_word' id='word_1_616' title='bbox 3261 2293 3318 2338; x_wconf 93' lang='lat' dir='ltr'><strong>ut</strong></span> <span class='ocrx_word' id='word_1_617' title='bbox 3353 2284 3535 2338; x_wconf 88' lang='lat' dir='ltr'><strong>liberis</strong></span> <span class='ocrx_word' id='word_1_618' title='bbox 3558 2293 3773 2347; x_wconf 84' lang='lat' dir='ltr'><strong>careat;</strong></span> <span class='ocrx_word' id='word_1_619' title='bbox 3801 2280 3948 2337; x_wconf 89' lang='lat' dir='ltr'><strong>adeo</strong></span> 
     </span>
    </p>
   </div>
   <div class='ocr_carea' id='block_1_82' title="bbox 2337 2373 3945 2448">
    <p class='ocr_par' dir='ltr' id='par_1_82' title="bbox 2337 2373 3945 2448">
     <span class='ocr_line' id='line_1_82' title="bbox 2337 2373 3945 2448; baseline -0.005 -14"><span class='ocrx_word' id='word_1_620' title='bbox 2337 2391 2394 2434; x_wconf 88' lang='lat' dir='ltr'><strong>ut</strong></span> <span class='ocrx_word' id='word_1_621' title='bbox 2417 2381 2460 2434; x_wconf 91' lang='lat' dir='ltr'><strong>si</strong></span> <span class='ocrx_word' id='word_1_622' title='bbox 2487 2379 2634 2434; x_wconf 78' lang='lat' dir='ltr'><strong>mille</strong></span> <span class='ocrx_word' id='word_1_623' title='bbox 2657 2378 3101 2448; x_wconf 83' lang='lat' dir='ltr'><strong>pr05peritatibus</strong></span> <span class='ocrx_word' id='word_1_624' title='bbox 3126 2375 3323 2445; x_wconf 86' lang='lat' dir='ltr'><strong>alioqui</strong></span> <span class='ocrx_word' id='word_1_625' title='bbox 3346 2373 3574 2439; x_wconf 89' lang='lat' dir='ltr'><strong>fruatur,</strong></span> <span class='ocrx_word' id='word_1_626' title='bbox 3595 2373 3844 2427; x_wconf 86' lang='lat' dir='ltr'><strong>dolorem</strong></span> <span class='ocrx_word' id='word_1_627' title='bbox 3871 2387 3945 2427; x_wconf 74' lang='lat' dir='ltr'><strong>ex</strong></span> 
     </span>
    </p>
   </div>
   <div class='ocr_carea' id='block_1_83' title="bbox 2336 2463 3950 2538">
    <p class='ocr_par' dir='ltr' id='par_1_83' title="bbox 2336 2463 3950 2538">
     <span class='ocr_line' id='line_1_83' title="bbox 2336 2463 3950 2538; baseline -0.006 -11"><span class='ocrx_word' id='word_1_628' title='bbox 2336 2473 2441 2527; x_wconf 88' lang='lat' dir='ltr'><strong>hoc</strong></span> <span class='ocrx_word' id='word_1_629' title='bbox 2467 2473 2691 2527; x_wconf 88' lang='lat' dir='ltr'><strong>vulnere</strong></span> <span class='ocrx_word' id='word_1_630' title='bbox 2717 2478 2899 2525; x_wconf 89' lang='lat' dir='ltr'><strong>natum</strong></span> <span class='ocrx_word' id='word_1_631' title='bbox 2930 2483 3220 2538; x_wconf 89' lang='lat' dir='ltr'><strong>numquam</strong></span> <span class='ocrx_word' id='word_1_632' title='bbox 3252 2482 3317 2522; x_wconf 78' lang='lat' dir='ltr'><strong>cx</strong></span> <span class='ocrx_word' id='word_1_633' title='bbox 3347 2467 3528 2520; x_wconf 91' lang='lat' dir='ltr'><strong>animo</strong></span> <span class='ocrx_word' id='word_1_634' title='bbox 3551 2464 3727 2519; x_wconf 87' lang='lat' dir='ltr'><strong>valeat</strong></span> <span class='ocrx_word' id='word_1_635' title='bbox 3751 2463 3950 2534; x_wconf 83' lang='lat' dir='ltr'><strong>depcl-</strong></span> 
     </span>
    </p>
   </div>
   <div class='ocr_carea' id='block_1_84' title="bbox 2338 2554 3948 2631">
    <p class='ocr_par' dir='ltr' id='par_1_84' title="bbox 2338 2554 3948 2631">
     <span class='ocr_line' id='line_1_84' title="bbox 2338 2554 3948 2631; baseline -0.006 -13"><span class='ocrx_word' id='word_1_636' title='bbox 2338 2562 2470 2619; x_wconf 85' lang='lat' dir='ltr'><strong>lere.</strong></span> <span class='ocrx_word' id='word_1_637' title='bbox 2500 2561 2653 2631; x_wconf 86' lang='lat' dir='ltr'><strong>Quod</strong></span> <span class='ocrx_word' id='word_1_638' title='bbox 2681 2562 2725 2616; x_wconf 87' lang='lat' dir='ltr'><strong>si</strong></span> <span class='ocrx_word' id='word_1_639' title='bbox 2760 2560 2812 2615; x_wconf 85' lang='lat' dir='ltr'><strong>id</strong></span> <span class='ocrx_word' id='word_1_640' title='bbox 2841 2574 2983 2615; x_wconf 88' lang='lat' dir='ltr'><strong>nunc</strong></span> <span class='ocrx_word' id='word_1_641' title='bbox 3008 2559 3142 2614; x_wconf 91' lang='lat' dir='ltr'><strong>adeo</strong></span> <span class='ocrx_word' id='word_1_642' title='bbox 3167 2565 3253 2614; x_wconf 86' lang='lat' dir='ltr'><strong>est</strong></span> <span class='ocrx_word' id='word_1_643' title='bbox 3282 2554 3693 2619; x_wconf 75' lang='lat' dir='ltr'><strong>intolerandum,</strong></span> <span class='ocrx_word' id='word_1_644' title='bbox 3719 2569 3849 2609; x_wconf 88' lang='lat' dir='ltr'><strong>cum</strong></span> <span class='ocrx_word' id='word_1_645' title='bbox 3875 2554 3948 2609; x_wconf 86' lang='lat' dir='ltr'><strong>ad</strong></span> 
     </span>
    </p>
   </div>
   <div class='ocr_carea' id='block_1_85' title="bbox 2340 2645 3950 2724">
    <p class='ocr_par' dir='ltr' id='par_1_85' title="bbox 2340 2645 3950 2724">
     <span class='ocr_line' id='line_1_85' title="bbox 2340 2645 3950 2724; baseline -0.006 -14"><span class='ocrx_word' id='word_1_646' title='bbox 2340 2654 2601 2723; x_wconf 87' lang='lat' dir='ltr'><strong>majorem</strong></span> <span class='ocrx_word' id='word_1_647' title='bbox 2628 2651 3020 2724; x_wconf 85' lang='lat' dir='ltr'><strong>philosophiam</strong></span> <span class='ocrx_word' id='word_1_648' title='bbox 3045 2649 3220 2705; x_wconf 89' lang='lat' dir='ltr'><strong>vocati</strong></span> <span class='ocrx_word' id='word_1_649' title='bbox 3247 2661 3455 2713; x_wconf 87' lang='lat' dir='ltr'><strong>sumus,</strong></span> <span class='ocrx_word' id='word_1_650' title='bbox 3483 2661 3714 2715; x_wconf 91' lang='lat' dir='ltr'><strong>cumque</strong></span> <span class='ocrx_word' id='word_1_651' title='bbox 3739 2645 3808 2699; x_wconf 90' lang='lat' dir='ltr'><strong>ad</strong></span> <span class='ocrx_word' id='word_1_652' title='bbox 3835 2658 3950 2700; x_wconf 71' lang='lat' dir='ltr'><strong>ca:—</strong></span> 
     </span>
    </p>
   </div>
   <div class='ocr_carea' id='block_1_86' title="bbox 2337 2740 3951 2811">
    <p class='ocr_par' dir='ltr' id='par_1_86' title="bbox 2337 2740 3951 2811">
     <span class='ocr_line' id='line_1_86' title="bbox 2337 2740 3951 2811; baseline -0.007 -7"><span class='ocrx_word' id='word_1_653' title='bbox 2337 2750 2451 2804; x_wconf 93' lang='lat' dir='ltr'><strong>lum</strong></span> <span class='ocrx_word' id='word_1_654' title='bbox 2474 2746 2814 2802; x_wconf 86' lang='lat' dir='ltr'><strong>tendentibus</strong></span> <span class='ocrx_word' id='word_1_655' title='bbox 2843 2744 3021 2800; x_wconf 91' lang='lat' dir='ltr'><strong>nullus</strong></span> <span class='ocrx_word' id='word_1_656' title='bbox 3050 2752 3134 2799; x_wconf 86' lang='lat' dir='ltr'><strong>est</strong></span> <span class='ocrx_word' id='word_1_657' title='bbox 3163 2757 3343 2797; x_wconf 85' lang='lat' dir='ltr'><strong>rerum</strong></span> <span class='ocrx_word' id='word_1_658' title='bbox 3378 2740 3722 2811; x_wconf 59' lang='lat' dir='ltr'><strong>prarsentium</strong></span> <span class='ocrx_word' id='word_1_659' title='bbox 3751 2754 3951 2809; x_wconf 67' lang='lat' dir='ltr'><strong>res-pc.</strong></span> 
     </span>
    </p>
   </div>
   <div class='ocr_carea' id='block_1_87' title="bbox 2337 2828 3954 2904">
    <p class='ocr_par' dir='ltr' id='par_1_87' title="bbox 2337 2828 3954 2904">
     <span class='ocr_line' id='line_1_87' title="bbox 2337 2828 3954 2904; baseline -0.008 -9"><span class='ocrx_word' id='word_1_660' title='bbox 2337 2845 2482 2904; x_wconf 82' lang='lat' dir='ltr'><strong>ctus,</strong></span> <span class='ocrx_word' id='word_1_661' title='bbox 2508 2835 2603 2891; x_wconf 89' lang='lat' dir='ltr'><strong>sed</strong></span> <span class='ocrx_word' id='word_1_662' title='bbox 2630 2834 2698 2889; x_wconf 90' lang='lat' dir='ltr'><strong>ad</strong></span> <span class='ocrx_word' id='word_1_663' title='bbox 2724 2835 2951 2890; x_wconf 87' lang='lat' dir='ltr'><strong>alteram</strong></span> <span class='ocrx_word' id='word_1_664' title='bbox 2975 2833 3146 2889; x_wconf 82' lang='lat' dir='ltr'><strong>vitam</strong></span> <span class='ocrx_word' id='word_1_665' title='bbox 3168 2831 3516 2896; x_wconf 88' lang='lat' dir='ltr'><strong>adornamur,</strong></span> <span class='ocrx_word' id='word_1_666' title='bbox 3547 2843 3775 2897; x_wconf 88' lang='lat' dir='ltr'><strong>cumque</strong></span> <span class='ocrx_word' id='word_1_667' title='bbox 3802 2828 3954 2883; x_wconf 82' lang='lat' dir='ltr'><strong>mul-</strong></span> 
     </span>
    </p>
   </div>
   <div class='ocr_carea' id='block_1_88' title="bbox 2340 2917 3952 2994">
    <p class='ocr_par' dir='ltr' id='par_1_88' title="bbox 2340 2917 3952 2994">
     <span class='ocr_line' id='line_1_88' title="bbox 2340 2917 3952 2994; baseline -0.008 -11"><span class='ocrx_word' id='word_1_668' title='bbox 2340 2926 2411 2984; x_wconf 89' lang='lat' dir='ltr'><strong>tis</strong></span> <span class='ocrx_word' id='word_1_669' title='bbox 2451 2926 2699 2982; x_wconf 87' lang='lat' dir='ltr'><strong>laudibus</strong></span> <span class='ocrx_word' id='word_1_670' title='bbox 2725 2923 2949 2979; x_wconf 78' lang='lat' dir='ltr'><strong>eﬂ‘ertur</strong></span> <span class='ocrx_word' id='word_1_671' title='bbox 2979 2922 3256 2994; x_wconf 80' lang='lat' dir='ltr'><strong>virginitas</strong></span> <span class='ocrx_word' id='word_1_672' title='bbox 3283 2922 3493 2991; x_wconf 88' lang='lat' dir='ltr'><strong>:cogita</strong></span> <span class='ocrx_word' id='word_1_673' title='bbox 3523 2930 3734 2991; x_wconf 73' lang='lat' dir='ltr'><strong>quanta:</strong></span> <span class='ocrx_word' id='word_1_674' title='bbox 3761 2917 3952 2975; x_wconf 83' lang='lat' dir='ltr'><strong>infeli-</strong></span> 
     </span>
    </p>
   </div>
   <div class='ocr_carea' id='block_1_89' title="bbox 2341 3009 3955 3077">
    <p class='ocr_par' dir='ltr' id='par_1_89' title="bbox 2341 3009 3955 3077">
     <span class='ocr_line' id='line_1_89' title="bbox 2341 3009 3955 3077; baseline -0.007 -2"><span class='ocrx_word' id='word_1_675' title='bbox 2341 3019 2519 3076; x_wconf 85' lang='lat' dir='ltr'><strong>citatis</strong></span> <span class='ocrx_word' id='word_1_676' title='bbox 2561 3034 2624 3074; x_wconf 93' lang='lat' dir='ltr'><strong>ea</strong></span> <span class='ocrx_word' id='word_1_677' title='bbox 2660 3035 2747 3073; x_wconf 88' lang='lat' dir='ltr'><strong>res</strong></span> <span class='ocrx_word' id='word_1_678' title='bbox 2789 3017 2899 3071; x_wconf 86' lang='lat' dir='ltr'><strong>visa</strong></span> <span class='ocrx_word' id='word_1_679' title='bbox 2941 3025 3051 3071; x_wconf 89' lang='lat' dir='ltr'><strong>tum</strong></span> <span class='ocrx_word' id='word_1_680' title='bbox 3101 3015 3281 3077; x_wconf 87' lang='lat' dir='ltr'><strong>fuerit,</strong></span> <span class='ocrx_word' id='word_1_681' title='bbox 3313 3027 3438 3068; x_wconf 67' lang='lat' dir='ltr'><strong>cum</strong></span> <span class='ocrx_word' id='word_1_682' title='bbox 3462 3011 3765 3067; x_wconf 74' lang='lat' dir='ltr'><strong>futurorum</strong></span> <span class='ocrx_word' id='word_1_683' title='bbox 3792 3009 3955 3065; x_wconf 76' lang='lat' dir='ltr'><strong>nulla</strong></span> 
     </span>
    </p>
   </div>
   <div class='ocr_carea' id='block_1_90' title="bbox 2340 3100 3960 3180">
    <p class='ocr_par' dir='ltr' id='par_1_90' title="bbox 2340 3100 3960 3180">
     <span class='ocr_line' id='line_1_90' title="bbox 2340 3100 3960 3180; baseline -0.007 -13"><span class='ocrx_word' id='word_1_684' title='bbox 2340 3119 2488 3167; x_wconf 88' lang='lat' dir='ltr'><strong>esset</strong></span> <span class='ocrx_word' id='word_1_685' title='bbox 2510 3124 2660 3180; x_wconf 87' lang='lat' dir='ltr'><strong>spes,</strong></span> <span class='ocrx_word' id='word_1_686' title='bbox 2689 3123 2752 3163; x_wconf 84' lang='lat' dir='ltr'><strong>ac</strong></span> <span class='ocrx_word' id='word_1_687' title='bbox 2791 3123 2860 3162; x_wconf 91' lang='lat' dir='ltr'><strong>ne</strong></span> <span class='ocrx_word' id='word_1_688' title='bbox 2880 3106 3131 3176; x_wconf 85' lang='lat' dir='ltr'><strong>cogitatio</strong></span> <span class='ocrx_word' id='word_1_689' title='bbox 3155 3104 3370 3175; x_wconf 86' lang='lat' dir='ltr'><strong>quidem</strong></span> <span class='ocrx_word' id='word_1_690' title='bbox 3388 3103 3664 3159; x_wconf 85' lang='lat' dir='ltr'><strong>veteribus</strong></span> <span class='ocrx_word' id='word_1_691' title='bbox 3682 3101 3822 3168; x_wconf 87' lang='lat' dir='ltr'><strong>illis,</strong></span> <span class='ocrx_word' id='word_1_692' title='bbox 3850 3100 3960 3156; x_wconf 84' lang='lat' dir='ltr'><strong>sed</strong></span> 
     </span>
    </p>
   </div>
   <div class='ocr_carea' id='block_1_91' title="bbox 2327 3191 3961 3275">
    <p class='ocr_par' dir='ltr' id='par_1_91' title="bbox 2327 3191 3961 3275">
     <span class='ocr_line' id='line_1_91' title="bbox 2327 3191 3961 3275; baseline -0.007 -18"><span class='ocrx_word' id='word_1_693' title='bbox 2327 3195 2523 3257; x_wconf 79' lang='lat' dir='ltr'><strong>omnia</strong></span> <span class='ocrx_word' id='word_1_694' title='bbox 2552 3201 2742 3253; x_wconf 83' lang='lat' dir='ltr'><strong>tierent</strong></span> <span class='ocrx_word' id='word_1_695' title='bbox 2768 3212 2948 3252; x_wconf 83' lang='lat' dir='ltr'><strong>rerum</strong></span> <span class='ocrx_word' id='word_1_696' title='bbox 2977 3195 3323 3275; x_wconf 58' lang='grc' dir='ltr'>ιιηιτειιιιιὶειιιι</span> <span class='ocrx_word' id='word_1_697' title='bbox 3348 3195 3519 3265; x_wconf 84' lang='lat' dir='ltr'><strong>gratia</strong></span> <span class='ocrx_word' id='word_1_698' title='bbox 3545 3211 3558 3246; x_wconf 90' lang='lat'><strong>:</strong></span> <span class='ocrx_word' id='word_1_699' title='bbox 3582 3207 3703 3248; x_wconf 90' lang='lat' dir='ltr'><strong>cum</strong></span> <span class='ocrx_word' id='word_1_700' title='bbox 3725 3191 3777 3247; x_wconf 87' lang='lat' dir='ltr'><strong>id</strong></span> <span class='ocrx_word' id='word_1_701' title='bbox 3805 3200 3961 3247; x_wconf 85' lang='lat' dir='ltr'><strong>tem-</strong></span> 
     </span>
    </p>
   </div>
   <div class='ocr_carea' id='block_1_92' title="bbox 2347 3284 3966 3364">
    <p class='ocr_par' dir='ltr' id='par_1_92' title="bbox 2347 3284 3966 3364">
     <span class='ocr_line' id='line_1_92' title="bbox 2347 3284 3966 3364; baseline -0.004 -18"><span class='ocrx_word' id='word_1_702' title='bbox 2347 3294 2493 3364; x_wconf 88' lang='lat' dir='ltr'><strong>poris</strong></span> <span class='ocrx_word' id='word_1_703' title='bbox 2531 3290 2770 3346; x_wconf 87' lang='lat' dir='ltr'><strong>sterilem</strong></span> <span class='ocrx_word' id='word_1_704' title='bbox 2806 3299 2859 3344; x_wconf 90' lang='lat' dir='ltr'><strong>et</strong></span> <span class='ocrx_word' id='word_1_705' title='bbox 2891 3289 3077 3343; x_wconf 85' lang='lat' dir='ltr'><strong>orbam</strong></span> <span class='ocrx_word' id='word_1_706' title='bbox 3123 3301 3247 3341; x_wconf 84' lang='lat' dir='ltr'><strong>esse</strong></span> <span class='ocrx_word' id='word_1_707' title='bbox 3283 3285 3557 3352; x_wconf 80' lang='lat' dir='ltr'><strong>feminam,</strong></span> <span class='ocrx_word' id='word_1_708' title='bbox 3584 3284 3966 3340; x_wconf 85' lang='lat' dir='ltr'><strong>damnationis</strong></span> 
     </span>
    </p>
   </div>
   <div class='ocr_carea' id='block_1_93' title="bbox 2346 3376 3966 3450">
    <p class='ocr_par' dir='ltr' id='par_1_93' title="bbox 2346 3376 3966 3450">
     <span class='ocr_line' id='line_1_93' title="bbox 2346 3376 3966 3450; baseline -0.006 -8"><span class='ocrx_word' id='word_1_709' title='bbox 2346 3395 2530 3442; x_wconf 86' lang='lat' dir='ltr'><strong>notam</strong></span> <span class='ocrx_word' id='word_1_710' title='bbox 2555 3383 2741 3439; x_wconf 85' lang='lat' dir='ltr'><strong>ferret.</strong></span> <span class='ocrx_word' id='word_1_711' title='bbox 2772 3381 2941 3437; x_wconf 85' lang='lat' dir='ltr'><strong>Nemo</strong></span> <span class='ocrx_word' id='word_1_712' title='bbox 2969 3380 3139 3450; x_wconf 86' lang='lat' dir='ltr'><strong>possit</strong></span> <span class='ocrx_word' id='word_1_713' title='bbox 3168 3379 3347 3448; x_wconf 89' lang='lat' dir='ltr'><strong>eloqui</strong></span> <span class='ocrx_word' id='word_1_714' title='bbox 3373 3417 3389 3444; x_wconf 92' lang='lat'><strong>,</strong></span> <span class='ocrx_word' id='word_1_715' title='bbox 3417 3393 3520 3433; x_wconf 87' lang='lat' dir='ltr'><strong>nec</strong></span> <span class='ocrx_word' id='word_1_716' title='bbox 3550 3376 3664 3431; x_wconf 90' lang='lat' dir='ltr'><strong>ullo</strong></span> <span class='ocrx_word' id='word_1_717' title='bbox 3693 3390 3966 3432; x_wconf 79' lang='lat' dir='ltr'><strong>scmone</strong></span> 
     </span>
    </p>
   </div>
   <div class='ocr_carea' id='block_1_94' title="bbox 2345 3467 3970 3546">
    <p class='ocr_par' dir='ltr' id='par_1_94' title="bbox 2345 3467 3970 3546">
     <span class='ocr_line' id='line_1_94' title="bbox 2345 3467 3970 3546; baseline -0.006 -14"><span class='ocrx_word' id='word_1_718' title='bbox 2345 3475 2602 3546; x_wconf 84' lang='lat' dir='ltr'><strong>consequi</strong></span> <span class='ocrx_word' id='word_1_719' title='bbox 2623 3473 2826 3529; x_wconf 89' lang='lat' dir='ltr'><strong>doloris</strong></span> <span class='ocrx_word' id='word_1_720' title='bbox 2847 3469 3272 3542; x_wconf 88' lang='lat' dir='ltr'><strong>magnitudinem</strong></span> <span class='ocrx_word' id='word_1_721' title='bbox 3287 3485 3352 3524; x_wconf 83' lang='lat' dir='ltr'><strong>ex</strong></span> <span class='ocrx_word' id='word_1_722' title='bbox 3377 3469 3479 3524; x_wconf 87' lang='lat' dir='ltr'><strong>hoc</strong></span> <span class='ocrx_word' id='word_1_723' title='bbox 3493 3468 3713 3524; x_wconf 89' lang='lat' dir='ltr'><strong>vulnere</strong></span> <span class='ocrx_word' id='word_1_724' title='bbox 3733 3467 3970 3522; x_wconf 84' lang='lat' dir='ltr'><strong>venien-</strong></span> 
     </span>
    </p>
   </div>
   <div class='ocr_carea' id='block_1_95' title="bbox 2349 3560 3968 3632">
    <p class='ocr_par' dir='ltr' id='par_1_95' title="bbox 2349 3560 3968 3632">
     <span class='ocr_line' id='line_1_95' title="bbox 2349 3560 3968 3632; baseline -0.007 -7"><span class='ocrx_word' id='word_1_725' title='bbox 2349 3570 2439 3625; x_wconf 87' lang='lat' dir='ltr'><strong>tis.</strong></span> <span class='ocrx_word' id='word_1_726' title='bbox 2468 3568 2659 3624; x_wconf 86' lang='lat' dir='ltr'><strong>Testes</strong></span> <span class='ocrx_word' id='word_1_727' title='bbox 2701 3580 2832 3621; x_wconf 88' lang='lat' dir='ltr'><strong>vero</strong></span> <span class='ocrx_word' id='word_1_728' title='bbox 2878 3572 3005 3618; x_wconf 91' lang='lat' dir='ltr'><strong>sunt</strong></span> <span class='ocrx_word' id='word_1_729' title='bbox 3054 3562 3271 3617; x_wconf 74' lang='lat' dir='ltr'><strong>femina:</strong></span> <span class='ocrx_word' id='word_1_730' title='bbox 3293 3601 3309 3626; x_wconf 94' lang='lat'><strong>,</strong></span> <span class='ocrx_word' id='word_1_731' title='bbox 3337 3576 3457 3632; x_wconf 66' lang='lat' dir='ltr'><strong>qua!</strong></span> <span class='ocrx_word' id='word_1_732' title='bbox 3493 3575 3618 3616; x_wconf 87' lang='lat' dir='ltr'><strong>cum</strong></span> <span class='ocrx_word' id='word_1_733' title='bbox 3658 3560 3712 3614; x_wconf 93' lang='lat' dir='ltr'><strong>in</strong></span> <span class='ocrx_word' id='word_1_734' title='bbox 3737 3560 3968 3614; x_wconf 67' lang='lat' dir='ltr'><strong>casteria</strong></span> 
     </span>
    </p>
   </div>
   <div class='ocr_carea' id='block_1_96' title="bbox 2349 3649 3970 3725">
    <p class='ocr_par' dir='ltr' id='par_1_96' title="bbox 2349 3649 3970 3725">
     <span class='ocr_line' id='line_1_96' title="bbox 2349 3649 3970 3725; baseline -0.009 -6"><span class='ocrx_word' id='word_1_735' title='bbox 2349 3675 2562 3719; x_wconf 90' lang='lat' dir='ltr'><strong>omnem</strong></span> <span class='ocrx_word' id='word_1_736' title='bbox 2583 3655 2926 3714; x_wconf 74' lang='lat' dir='ltr'><strong>exhibuerint</strong></span> <span class='ocrx_word' id='word_1_737' title='bbox 2951 3653 3350 3725; x_wconf 86' lang='lat' dir='ltr'><strong>philosophiam</strong></span> <span class='ocrx_word' id='word_1_738' title='bbox 3368 3694 3383 3720; x_wconf 92' lang='lat'><strong>,</strong></span> <span class='ocrx_word' id='word_1_739' title='bbox 3412 3650 3553 3706; x_wconf 89' lang='lat' dir='ltr'><strong>hanc</strong></span> <span class='ocrx_word' id='word_1_740' title='bbox 3583 3649 3970 3706; x_wconf 81' lang='lat' dir='ltr'><strong>infelicitatem</strong></span> 
     </span>
    </p>
   </div>
   <div class='ocr_carea' id='block_1_97' title="bbox 2352 3734 3972 3820">
    <p class='ocr_par' dir='ltr' id='par_1_97' title="bbox 2352 3734 3972 3820">
     <span class='ocr_line' id='line_1_97' title="bbox 2352 3734 3972 3820; baseline -0.007 -13"><span class='ocrx_word' id='word_1_741' title='bbox 2352 3767 2461 3807; x_wconf 88' lang='lat' dir='ltr'><strong>non</strong></span> <span class='ocrx_word' id='word_1_742' title='bbox 2509 3749 2845 3820; x_wconf 88' lang='lat' dir='ltr'><strong>pertulerunt</strong></span> <span class='ocrx_word' id='word_1_743' title='bbox 2891 3760 3047 3817; x_wconf 75' lang='lat' dir='ltr'><strong>teque</strong></span> <span class='ocrx_word' id='word_1_744' title='bbox 3085 3744 3268 3799; x_wconf 90' lang='lat' dir='ltr'><strong>animo</strong></span> <span class='ocrx_word' id='word_1_745' title='bbox 3293 3757 3309 3807; x_wconf 91' lang='lat'><strong>;</strong></span> <span class='ocrx_word' id='word_1_746' title='bbox 3335 3741 3431 3798; x_wconf 84' lang='lat' dir='ltr'><strong>sed</strong></span> <span class='ocrx_word' id='word_1_747' title='bbox 3457 3734 3701 3820; x_wconf 73' lang='lat' dir='ltr'><strong>quazdath</strong></span> <span class='ocrx_word' id='word_1_748' title='bbox 3742 3741 3972 3796; x_wconf 79' lang='lat' dir='ltr'><strong>maritis</strong></span> 
     </span>
    </p>
   </div>
   <div class='ocr_carea' id='block_1_98' title="bbox 2353 3830 3974 3911">
    <p class='ocr_par' dir='ltr' id='par_1_98' title="bbox 2353 3830 3974 3911">
     <span class='ocr_line' id='line_1_98' title="bbox 2353 3830 3974 3911; baseline -0.007 -16"><span class='ocrx_word' id='word_1_749' title='bbox 2353 3841 2646 3911; x_wconf 75' lang='lat' dir='ltr'><strong>indignata:</strong></span> <span class='ocrx_word' id='word_1_750' title='bbox 2677 3846 2831 3904; x_wconf 90' lang='lat' dir='ltr'><strong>sunt,</strong></span> <span class='ocrx_word' id='word_1_751' title='bbox 2864 3837 2984 3892; x_wconf 72' lang='lat' dir='ltr'><strong>alia:</strong></span> <span class='ocrx_word' id='word_1_752' title='bbox 3011 3835 3112 3890; x_wconf 88' lang='lat' dir='ltr'><strong>sibi</strong></span> <span class='ocrx_word' id='word_1_753' title='bbox 3138 3835 3307 3890; x_wconf 90' lang='lat' dir='ltr'><strong>vitam</strong></span> <span class='ocrx_word' id='word_1_754' title='bbox 3329 3832 3642 3903; x_wconf 85' lang='lat' dir='ltr'><strong>judicarunt</strong></span> <span class='ocrx_word' id='word_1_755' title='bbox 3665 3845 3783 3886; x_wconf 83' lang='lat' dir='ltr'><strong>esse</strong></span> <span class='ocrx_word' id='word_1_756' title='bbox 3807 3830 3974 3902; x_wconf 73' lang='lat' dir='ltr'><strong>inju—</strong></span> 
     </span>
    </p>
   </div>
   <div class='ocr_carea' id='block_1_99' title="bbox 2354 3920 3973 3988">
    <p class='ocr_par' dir='ltr' id='par_1_99' title="bbox 2354 3920 3973 3988">
     <span class='ocr_line' id='line_1_99' title="bbox 2354 3920 3973 3988; baseline -0.006 0"><span class='ocrx_word' id='word_1_757' title='bbox 2354 3931 2605 3988; x_wconf 89' lang='lat' dir='ltr'><strong>cundam.</strong></span> <span class='ocrx_word' id='word_1_758' title='bbox 2654 3929 2804 3985; x_wconf 83' lang='lat' dir='ltr'><strong>lianc</strong></span> <span class='ocrx_word' id='word_1_759' title='bbox 2839 3943 2969 3983; x_wconf 88' lang='lat' dir='ltr'><strong>vero</strong></span> <span class='ocrx_word' id='word_1_760' title='bbox 3008 3926 3265 3982; x_wconf 89' lang='lat' dir='ltr'><strong>feminam</strong></span> <span class='ocrx_word' id='word_1_761' title='bbox 3315 3937 3422 3978; x_wconf 90' lang='lat' dir='ltr'><strong>non</strong></span> <span class='ocrx_word' id='word_1_762' title='bbox 3453 3923 3697 3977; x_wconf 80' lang='lat' dir='ltr'><strong>anxietas</strong></span> <span class='ocrx_word' id='word_1_763' title='bbox 3729 3920 3903 3976; x_wconf 87' lang='lat' dir='ltr'><strong>modo</strong></span> <span class='ocrx_word' id='word_1_764' title='bbox 3931 3937 3973 3978; x_wconf 68' lang='grc' dir='ltr'><em>α</em></span> 
     </span>
    </p>
   </div>
   <div class='ocr_carea' id='block_1_100' title="bbox 2356 4011 3974 4090">
    <p class='ocr_par' dir='ltr' id='par_1_100' title="bbox 2356 4011 3974 4090">
     <span class='ocr_line' id='line_1_100' title="bbox 2356 4011 3974 4090; baseline -0.012 -12"><span class='ocrx_word' id='word_1_765' title='bbox 2356 4023 2640 4090; x_wconf 85' lang='lat' dir='ltr'><strong>sterilitate</strong></span> <span class='ocrx_word' id='word_1_766' title='bbox 2670 4019 2992 4090; x_wconf 91' lang='lat' dir='ltr'><strong>proveniens</strong></span> <span class='ocrx_word' id='word_1_767' title='bbox 3010 4060 3025 4083; x_wconf 95' lang='lat'><strong>,</strong></span> <span class='ocrx_word' id='word_1_768' title='bbox 3049 4032 3241 4072; x_wconf 88' lang='lat' dir='ltr'><strong>verum</strong></span> <span class='ocrx_word' id='word_1_769' title='bbox 3265 4023 3320 4071; x_wconf 86' lang='lat' dir='ltr'><strong>et</strong></span> <span class='ocrx_word' id='word_1_770' title='bbox 3347 4013 3492 4069; x_wconf 89' lang='lat' dir='ltr'><strong>aliud</strong></span> <span class='ocrx_word' id='word_1_771' title='bbox 3522 4011 3774 4083; x_wconf 87' lang='lat' dir='ltr'><strong>quiddam</strong></span> <span class='ocrx_word' id='word_1_772' title='bbox 3799 4012 3974 4069; x_wconf 77' lang='lat' dir='ltr'><strong>obai-</strong></span> 
     </span>
    </p>
   </div>
   <div class='ocr_carea' id='block_1_101' title="bbox 2358 4103 3977 4179">
    <p class='ocr_par' dir='ltr' id='par_1_101' title="bbox 2358 4103 3977 4179">
     <span class='ocr_line' id='line_1_101' title="bbox 2358 4103 3977 4179; baseline -0.007 -11"><span class='ocrx_word' id='word_1_773' title='bbox 2358 4114 2520 4169; x_wconf 82' lang='lat' dir='ltr'><strong>debat</strong></span> <span class='ocrx_word' id='word_1_774' title='bbox 2568 4113 2799 4179; x_wconf 90' lang='lat' dir='ltr'><strong>malum,</strong></span> <span class='ocrx_word' id='word_1_775' title='bbox 2831 4110 2910 4165; x_wconf 90' lang='lat' dir='ltr'><strong>ira</strong></span> <span class='ocrx_word' id='word_1_776' title='bbox 2962 4108 3213 4164; x_wconf 66' lang='lat' dir='ltr'><strong>videlicet</strong></span> <span class='ocrx_word' id='word_1_777' title='bbox 3254 4114 3474 4177; x_wconf 71' lang='lat' dir='ltr'><strong>propter</strong></span> <span class='ocrx_word' id='word_1_778' title='bbox 3514 4103 3723 4160; x_wconf 65' lang='lat' dir='ltr'><strong>aemula:</strong></span> <span class='ocrx_word' id='word_1_779' title='bbox 3764 4117 3977 4174; x_wconf 70' lang='lat' dir='ltr'><strong>oppr-0-</strong></span> 
     </span>
    </p>
   </div>
   <div class='ocr_carea' id='block_1_102' title="bbox 2356 4198 3978 4260">
    <p class='ocr_par' dir='ltr' id='par_1_102' title="bbox 2356 4198 3978 4260">
     <span class='ocr_line' id='line_1_102' title="bbox 2356 4198 3978 4260; baseline -0.005 0"><span class='ocrx_word' id='word_1_780' title='bbox 2356 4205 2496 4260; x_wconf 87' lang='lat' dir='ltr'><strong>bria.</strong></span> <span class='ocrx_word' id='word_1_781' title='bbox 2523 4205 2591 4258; x_wconf 85' lang='lat' dir='ltr'><strong>Et</strong></span> <span class='ocrx_word' id='word_1_782' title='bbox 2629 4203 2767 4258; x_wconf 85' lang='lat' dir='ltr'><strong>sicut</strong></span> <span class='ocrx_word' id='word_1_783' title='bbox 2795 4201 2968 4256; x_wconf 87' lang='lat' dir='ltr'><strong>ventis</strong></span> <span class='ocrx_word' id='word_1_784' title='bbox 3012 4215 3079 4254; x_wconf 79' lang='lat' dir='ltr'><strong>ex</strong></span> <span class='ocrx_word' id='word_1_785' title='bbox 3116 4198 3344 4254; x_wconf 87' lang='lat' dir='ltr'><strong>adverso</strong></span> <span class='ocrx_word' id='word_1_786' title='bbox 3391 4198 3535 4252; x_wconf 90' lang='lat' dir='ltr'><strong>inter</strong></span> <span class='ocrx_word' id='word_1_787' title='bbox 3577 4210 3698 4252; x_wconf 83' lang='lat' dir='ltr'><strong>sese</strong></span> <span class='ocrx_word' id='word_1_788' title='bbox 3736 4209 3978 4252; x_wconf 74' lang='lat' dir='ltr'><strong>concur-</strong></span> 
     </span>
    </p>
   </div>
   <div class='ocr_carea' id='block_1_103' title="bbox 2360 4287 3976 4361">
    <p class='ocr_par' dir='ltr' id='par_1_103' title="bbox 2360 4287 3976 4361">
     <span class='ocr_line' id='line_1_103' title="bbox 2360 4287 3976 4361; baseline -0.004 -10"><span class='ocrx_word' id='word_1_789' title='bbox 2360 4296 2634 4360; x_wconf 89' lang='lat' dir='ltr'><strong>rentibus,</strong></span> <span class='ocrx_word' id='word_1_790' title='bbox 2683 4291 3023 4361; x_wconf 88' lang='lat' dir='ltr'><strong>mediamque</strong></span> <span class='ocrx_word' id='word_1_791' title='bbox 3067 4290 3356 4360; x_wconf 85' lang='lat' dir='ltr'><strong>scapham,</strong></span> <span class='ocrx_word' id='word_1_792' title='bbox 3409 4289 3537 4344; x_wconf 87' lang='lat' dir='ltr'><strong>dum</strong></span> <span class='ocrx_word' id='word_1_793' title='bbox 3587 4289 3726 4343; x_wconf 88' lang='lat' dir='ltr'><strong>inter</strong></span> <span class='ocrx_word' id='word_1_794' title='bbox 3765 4303 3826 4344; x_wconf 85' lang='lat' dir='ltr'><strong>se</strong></span> <span class='ocrx_word' id='word_1_795' title='bbox 3865 4287 3976 4344; x_wconf 83' lang='lat' dir='ltr'><strong>de-</strong></span> 
     </span>
    </p>
   </div>
   <div class='ocr_carea' id='block_1_104' title="bbox 2363 4379 3976 4458">
    <p class='ocr_par' dir='ltr' id='par_1_104' title="bbox 2363 4379 3976 4458">
     <span class='ocr_line' id='line_1_104' title="bbox 2363 4379 3976 4458; baseline -0.004 -15"><span class='ocrx_word' id='word_1_796' title='bbox 2363 4394 2600 4458; x_wconf 88' lang='lat' dir='ltr'><strong>pugnant</strong></span> <span class='ocrx_word' id='word_1_797' title='bbox 2619 4426 2632 4447; x_wconf 92' lang='lat'><em>.</em></span> <span class='ocrx_word' id='word_1_798' title='bbox 2660 4382 3072 4454; x_wconf 87' lang='lat' dir='ltr'><strong>corripientibus</strong></span> <span class='ocrx_word' id='word_1_799' title='bbox 3091 4421 3108 4446; x_wconf 90' lang='lat'><strong>,</strong></span> <span class='ocrx_word' id='word_1_800' title='bbox 3147 4395 3211 4436; x_wconf 89' lang='lat' dir='ltr'><strong>ac</strong></span> <span class='ocrx_word' id='word_1_801' title='bbox 3239 4381 3419 4435; x_wconf 89' lang='lat' dir='ltr'><strong>multis</strong></span> <span class='ocrx_word' id='word_1_802' title='bbox 3442 4379 3692 4436; x_wconf 80' lang='lat' dir='ltr'><strong>ﬂuctibus</strong></span> <span class='ocrx_word' id='word_1_803' title='bbox 3719 4382 3915 4450; x_wconf 88' lang='lat' dir='ltr'><strong>partim</strong></span> <span class='ocrx_word' id='word_1_804' title='bbox 3940 4395 3976 4436; x_wconf 91' lang='lat' dir='ltr'><strong>a</strong></span> 
     </span>
    </p>
   </div>
   <div class='ocr_carea' id='block_1_105' title="bbox 2366 4471 3982 4568">
    <p class='ocr_par' dir='ltr' id='par_1_105' title="bbox 2366 4471 3982 4568">
     <span class='ocr_line' id='line_1_105' title="bbox 2366 4471 3982 4568; baseline -0.004 -34"><span class='ocrx_word' id='word_1_805' title='bbox 2366 4494 2562 4550; x_wconf 90' lang='lat' dir='ltr'><strong>prora,</strong></span> <span class='ocrx_word' id='word_1_806' title='bbox 2605 4476 2797 4546; x_wconf 90' lang='lat' dir='ltr'><strong>partim</strong></span> <span class='ocrx_word' id='word_1_807' title='bbox 2821 4488 2888 4568; x_wconf 46' lang='lat' dir='ltr'><strong>‘a</strong></span> <span class='ocrx_word' id='word_1_808' title='bbox 2941 4473 3101 4542; x_wconf 85' lang='lat' dir='ltr'><strong>puppi</strong></span> <span class='ocrx_word' id='word_1_809' title='bbox 3160 4471 3595 4542; x_wconf 79' lang='lat' dir='ltr'><strong>insurgentibus,</strong></span> <span class='ocrx_word' id='word_1_810' title='bbox 3639 4471 3982 4541; x_wconf 77' lang='lat' dir='ltr'><strong>gubernator</strong></span> 
     </span>
    </p>
   </div>
   <div class='ocr_carea' id='block_1_106' title="bbox 2365 4561 3979 4633">
    <p class='ocr_par' dir='ltr' id='par_1_106' title="bbox 2365 4561 3979 4633">
     <span class='ocr_line' id='line_1_106' title="bbox 2365 4561 3979 4633; baseline -0.004 -9"><span class='ocrx_word' id='word_1_811' title='bbox 2365 4569 2518 4624; x_wconf 90' lang='lat' dir='ltr'><strong>clavo</strong></span> <span class='ocrx_word' id='word_1_812' title='bbox 2548 4566 2792 4621; x_wconf 86' lang='lat' dir='ltr'><strong>assidens</strong></span> <span class='ocrx_word' id='word_1_813' title='bbox 2827 4561 3008 4620; x_wconf 75' lang='lat' dir='ltr'><strong>servat</strong></span> <span class='ocrx_word' id='word_1_814' title='bbox 3033 4564 3213 4618; x_wconf 85' lang='lat' dir='ltr'><strong>navim</strong></span> <span class='ocrx_word' id='word_1_815' title='bbox 3239 4604 3254 4629; x_wconf 91' lang='lat'><strong>,</strong></span> <span class='ocrx_word' id='word_1_816' title='bbox 3283 4561 3549 4617; x_wconf 89' lang='lat' dir='ltr'><strong>undarum</strong></span> <span class='ocrx_word' id='word_1_817' title='bbox 3591 4561 3836 4617; x_wconf 87' lang='lat' dir='ltr'><strong>incursus</strong></span> <span class='ocrx_word' id='word_1_818' title='bbox 3865 4578 3979 4633; x_wconf 87' lang='lat' dir='ltr'><strong>gu-</strong></span> 
     </span>
    </p>
   </div>
   <div class='ocr_carea' id='block_1_107' title="bbox 2367 4654 3980 4728">
    <p class='ocr_par' dir='ltr' id='par_1_107' title="bbox 2367 4654 3980 4728">
     <span class='ocr_line' id='line_1_107' title="bbox 2367 4654 3980 4728; baseline -0.004 -12"><span class='ocrx_word' id='word_1_819' title='bbox 2367 4659 2625 4717; x_wconf 80' lang='lat' dir='ltr'><strong>bernandi</strong></span> <span class='ocrx_word' id='word_1_820' title='bbox 2673 4657 2953 4728; x_wconf 88' lang='lat' dir='ltr'><strong>prudentia</strong></span> <span class='ocrx_word' id='word_1_821' title='bbox 3003 4655 3284 4726; x_wconf 89' lang='lat' dir='ltr'><strong>depcllens</strong></span> <span class='ocrx_word' id='word_1_822' title='bbox 3330 4670 3345 4707; x_wconf 74' lang='grc' dir='ltr'><strong>ε</strong></span> <span class='ocrx_word' id='word_1_823' title='bbox 3389 4654 3468 4709; x_wconf 89' lang='lat' dir='ltr'><strong>sic</strong></span> <span class='ocrx_word' id='word_1_824' title='bbox 3519 4663 3575 4708; x_wconf 90' lang='lat' dir='ltr'><strong>et</strong></span> <span class='ocrx_word' id='word_1_825' title='bbox 3618 4654 3814 4707; x_wconf 89' lang='lat' dir='ltr'><strong>mulier</strong></span> <span class='ocrx_word' id='word_1_826' title='bbox 3856 4665 3980 4710; x_wconf 90' lang='lat' dir='ltr'><strong>tum</strong></span> 
     </span>
    </p>
   </div>
   <div class='ocr_carea' id='block_1_108' title="bbox 2368 4743 3985 4821">
    <p class='ocr_par' dir='ltr' id='par_1_108' title="bbox 2368 4743 3985 4821">
     <span class='ocr_line' id='line_1_108' title="bbox 2368 4743 3985 4821; baseline -0.007 -15"><span class='ocrx_word' id='word_1_827' title='bbox 2368 4753 2483 4821; x_wconf 55' lang='lat' dir='ltr'><strong>illi,</strong></span> <span class='ocrx_word' id='word_1_828' title='bbox 2507 4766 2630 4819; x_wconf 83' lang='lat' dir='ltr'><strong>cum</strong></span> <span class='ocrx_word' id='word_1_829' title='bbox 2675 4750 2752 4803; x_wconf 91' lang='lat' dir='ltr'><strong>ira</strong></span> <span class='ocrx_word' id='word_1_830' title='bbox 2802 4756 2857 4802; x_wconf 89' lang='lat' dir='ltr'><strong>et</strong></span> <span class='ocrx_word' id='word_1_831' title='bbox 2899 4761 3066 4816; x_wconf 88' lang='lat' dir='ltr'><strong>angor</strong></span> <span class='ocrx_word' id='word_1_832' title='bbox 3104 4760 3203 4801; x_wconf 87' lang='lat' dir='ltr'><strong>ceu</strong></span> <span class='ocrx_word' id='word_1_833' title='bbox 3249 4743 3390 4798; x_wconf 81' lang='lat' dir='ltr'><strong>venti</strong></span> <span class='ocrx_word' id='word_1_834' title='bbox 3437 4743 3489 4797; x_wconf 90' lang='lat' dir='ltr'><strong>in</strong></span> <span class='ocrx_word' id='word_1_835' title='bbox 3525 4744 3766 4797; x_wconf 80' lang='lat' dir='ltr'><strong>animum</strong></span> <span class='ocrx_word' id='word_1_836' title='bbox 3809 4745 3985 4813; x_wconf 77' lang='lat' dir='ltr'><strong>ipsius</strong></span> 
     </span>
    </p>
   </div>
   <div class='ocr_carea' id='block_1_109' title="bbox 2371 4832 3988 4909">
    <p class='ocr_par' dir='ltr' id='par_1_109' title="bbox 2371 4832 3988 4909">
     <span class='ocr_line' id='line_1_109' title="bbox 2371 4832 3988 4909; baseline -0.005 -13"><span class='ocrx_word' id='word_1_837' title='bbox 2371 4841 2605 4898; x_wconf 85' lang='lat' dir='ltr'><strong>facerent</strong></span> <span class='ocrx_word' id='word_1_838' title='bbox 2629 4841 2909 4909; x_wconf 89' lang='lat' dir='ltr'><strong>impetum,</strong></span> <span class='ocrx_word' id='word_1_839' title='bbox 2939 4838 3201 4892; x_wconf 89' lang='lat' dir='ltr'><strong>rationem</strong></span> <span class='ocrx_word' id='word_1_840' title='bbox 3237 4835 3379 4890; x_wconf 89' lang='lat' dir='ltr'><strong>illius</strong></span> <span class='ocrx_word' id='word_1_841' title='bbox 3399 4832 3808 4905; x_wconf 82' lang='lat' dir='ltr'><strong>perturbantes,</strong></span> <span class='ocrx_word' id='word_1_842' title='bbox 3841 4838 3988 4888; x_wconf 79' lang='lat' dir='ltr'><strong>nmi—</strong></span> 
     </span>
    </p>
   </div>
   <div class='ocr_carea' id='block_1_110' title="bbox 2377 4926 3985 5003">
    <p class='ocr_par' dir='ltr' id='par_1_110' title="bbox 2377 4926 3985 5003">
     <span class='ocr_line' id='line_1_110' title="bbox 2377 4926 3985 5003; baseline -0.006 -15"><span class='ocrx_word' id='word_1_843' title='bbox 2377 4945 2565 5003; x_wconf 90' lang='lat' dir='ltr'><strong>tosque</strong></span> <span class='ocrx_word' id='word_1_844' title='bbox 2612 4933 2804 4985; x_wconf 86' lang='lat' dir='ltr'><strong>fluctus</strong></span> <span class='ocrx_word' id='word_1_845' title='bbox 2842 4930 3178 4992; x_wconf 83' lang='lat' dir='ltr'><strong>excitarent,</strong></span> <span class='ocrx_word' id='word_1_846' title='bbox 3211 4942 3318 4981; x_wconf 90' lang='lat' dir='ltr'><strong>non</strong></span> <span class='ocrx_word' id='word_1_847' title='bbox 3359 4927 3471 4996; x_wconf 88' lang='lat' dir='ltr'><strong>jam</strong></span> <span class='ocrx_word' id='word_1_848' title='bbox 3509 4926 3728 4980; x_wconf 91' lang='lat' dir='ltr'><strong>biduum</strong></span> <span class='ocrx_word' id='word_1_849' title='bbox 3760 4935 3854 4981; x_wconf 91' lang='lat' dir='ltr'><strong>aut</strong></span> <span class='ocrx_word' id='word_1_850' title='bbox 3884 4929 3985 4980; x_wconf 59' lang='lat' dir='ltr'><strong>tri.</strong></span> 
     </span>
    </p>
   </div>
   <div class='ocr_carea' id='block_1_111' title="bbox 2375 5016 3984 5090">
    <p class='ocr_par' dir='ltr' id='par_1_111' title="bbox 2375 5016 3984 5090">
     <span class='ocr_line' id='line_1_111' title="bbox 2375 5016 3984 5090; baseline -0.002 -12"><span class='ocrx_word' id='word_1_851' title='bbox 2375 5023 2578 5089; x_wconf 89' lang='lat' dir='ltr'><strong>duum,</strong></span> <span class='ocrx_word' id='word_1_852' title='bbox 2621 5031 2712 5076; x_wconf 91' lang='lat' dir='ltr'><strong>aut</strong></span> <span class='ocrx_word' id='word_1_853' title='bbox 2759 5021 2875 5076; x_wconf 90' lang='lat' dir='ltr'><strong>dies</strong></span> <span class='ocrx_word' id='word_1_854' title='bbox 2918 5019 3148 5089; x_wconf 77' lang='lat' dir='ltr'><strong>viginti,</strong></span> <span class='ocrx_word' id='word_1_855' title='bbox 3192 5016 3286 5073; x_wconf 87' lang='lat' dir='ltr'><strong>sed</strong></span> <span class='ocrx_word' id='word_1_856' title='bbox 3325 5028 3378 5072; x_wconf 87' lang='lat' dir='ltr'><strong>et</strong></span> <span class='ocrx_word' id='word_1_857' title='bbox 3419 5027 3558 5072; x_wconf 90' lang='lat' dir='ltr'><strong>totos</strong></span> <span class='ocrx_word' id='word_1_858' title='bbox 3597 5032 3770 5071; x_wconf 89' lang='lat' dir='ltr'><strong>annos</strong></span> <span class='ocrx_word' id='word_1_859' title='bbox 3800 5017 3820 5090; x_wconf 95' lang='lat'>(</span> <span class='ocrx_word' id='word_1_860' title='bbox 3855 5035 3984 5074; x_wconf 75' lang='lat' dir='ltr'><strong>nam</strong></span> 
     </span>
    </p>
   </div>
   <div class='ocr_carea' id='block_1_112' title="bbox 2379 5108 3986 5180">
    <p class='ocr_par' dir='ltr' id='par_1_112' title="bbox 2379 5108 3986 5180">
     <span class='ocr_line' id='line_1_112' title="bbox 2379 5108 3986 5180; baseline -0.002 -12"><span class='ocrx_word' id='word_1_861' title='bbox 2379 5115 2521 5180; x_wconf 91' lang='lat' dir='ltr'><strong>hoc,</strong></span> <span class='ocrx_word' id='word_1_862' title='bbox 2572 5123 2631 5169; x_wconf 86' lang='lat' dir='ltr'><strong>ut</strong></span> <span class='ocrx_word' id='word_1_863' title='bbox 2677 5113 2752 5168; x_wconf 87' lang='lat' dir='ltr'><strong>ait</strong></span> <span class='ocrx_word' id='word_1_864' title='bbox 2790 5110 3064 5180; x_wconf 88' lang='lat' dir='ltr'><strong>Scriptura</strong></span> <span class='ocrx_word' id='word_1_865' title='bbox 3091 5151 3104 5175; x_wconf 96' lang='lat'><strong>,</strong></span> <span class='ocrx_word' id='word_1_866' title='bbox 3152 5109 3322 5164; x_wconf 88' lang='lat' dir='ltr'><strong>multo</strong></span> <span class='ocrx_word' id='word_1_867' title='bbox 3367 5117 3612 5178; x_wconf 89' lang='lat' dir='ltr'><strong>tempore</strong></span> <span class='ocrx_word' id='word_1_868' title='bbox 3652 5108 3851 5163; x_wconf 82' lang='lat' dir='ltr'><strong>factum</strong></span> <span class='ocrx_word' id='word_1_869' title='bbox 3901 5120 3986 5180; x_wconf 70' lang='lat' dir='ltr'><strong>est</strong></span> 
     </span>
    </p>
   </div>
   <div class='ocr_carea' id='block_1_113' title="bbox 2382 5176 3995 5280">
    <p class='ocr_par' dir='ltr' id='par_1_113' title="bbox 2382 5176 3995 5280">
     <span class='ocr_line' id='line_1_113' title="bbox 2382 5176 3995 5280; baseline -0.002 -20"><span class='ocrx_word' id='word_1_870' title='bbox 2382 5205 2457 5280; x_wconf 73' lang='grc' dir='ltr'><strong>μ.</strong></span> <span class='ocrx_word' id='word_1_871' title='bbox 2493 5176 2622 5276; x_wconf 66' lang='lat' dir='ltr'><strong>Reg.</strong></span> <span class='ocrx_word' id='word_1_872' title='bbox 2673 5205 2725 5259; x_wconf 79' lang='lat' dir='ltr'><strong>l.</strong></span> <span class='ocrx_word' id='word_1_873' title='bbox 2778 5203 2860 5274; x_wconf 80' lang='grc' dir='ltr'><strong>η)</strong></span> <span class='ocrx_word' id='word_1_874' title='bbox 2909 5176 3117 5256; x_wconf 77' lang='lat' dir='ltr'><strong>fortiter</strong></span> <span class='ocrx_word' id='word_1_875' title='bbox 3160 5200 3377 5280; x_wconf 75' lang='lat' dir='ltr'><strong>pertulit</strong></span> <span class='ocrx_word' id='word_1_876' title='bbox 3422 5176 3835 5268; x_wconf 76' lang='lat' dir='ltr'><strong>tempestatem,</strong></span> <span class='ocrx_word' id='word_1_877' title='bbox 3885 5176 3995 5256; x_wconf 62' lang='lat' dir='ltr'><strong>nec</strong></span> 
     </span>
    </p>
   </div>
   <div class='ocr_carea' id='block_1_114' title="bbox 2381 5271 3986 5367">
    <p class='ocr_par' dir='ltr' id='par_1_114' title="bbox 2381 5271 3986 5367">
     <span class='ocr_line' id='line_1_114' title="bbox 2381 5271 3986 5367; baseline -0.003 -18"><span class='ocrx_word' id='word_1_878' title='bbox 2381 5271 2536 5367; x_wconf 69' lang='lat' dir='ltr'><strong>passa</strong></span> <span class='ocrx_word' id='word_1_879' title='bbox 2570 5271 2656 5352; x_wconf 75' lang='lat' dir='ltr'><strong>est</strong></span> <span class='ocrx_word' id='word_1_880' title='bbox 2698 5271 2960 5350; x_wconf 80' lang='lat' dir='ltr'><strong>rationem</strong></span> <span class='ocrx_word' id='word_1_881' title='bbox 3001 5291 3261 5360; x_wconf 86' lang='lat' dir='ltr'><strong>demergi.</strong></span> <span class='ocrx_word' id='word_1_882' title='bbox 3308 5271 3584 5360; x_wconf 58' lang='lat' dir='ltr'><strong>Siquidem</strong></span> <span class='ocrx_word' id='word_1_883' title='bbox 3629 5288 3723 5343; x_wconf 87' lang='lat' dir='ltr'><strong>Dei</strong></span> <span class='ocrx_word' id='word_1_884' title='bbox 3771 5288 3941 5344; x_wconf 89' lang='lat' dir='ltr'><strong>timor</strong></span> <span class='ocrx_word' id='word_1_885' title='bbox 3969 5333 3986 5356; x_wconf 88' lang='lat'><strong>,</strong></span> 
     </span>
    </p>
   </div>
   <div class='ocr_carea' id='block_1_115' title="bbox 2384 5377 3988 5458">
    <p class='ocr_par' dir='ltr' id='par_1_115' title="bbox 2384 5377 3988 5458">
     <span class='ocr_line' id='line_1_115' title="bbox 2384 5377 3988 5458; baseline -0.005 -17"><span class='ocrx_word' id='word_1_886' title='bbox 2384 5399 2649 5458; x_wconf 88' lang='lat' dir='ltr'><strong>tamquam</strong></span> <span class='ocrx_word' id='word_1_887' title='bbox 2680 5385 2966 5439; x_wconf 86' lang='lat' dir='ltr'><strong>nauclerus</strong></span> <span class='ocrx_word' id='word_1_888' title='bbox 2989 5380 3365 5452; x_wconf 84' lang='lat' dir='ltr'><strong>gubernaculis</strong></span> <span class='ocrx_word' id='word_1_889' title='bbox 3402 5377 3680 5443; x_wconf 85' lang='lat' dir='ltr'><strong>assidens,</strong></span> <span class='ocrx_word' id='word_1_890' title='bbox 3713 5381 3988 5448; x_wconf 81' lang='lat' dir='ltr'><strong>persuasit</strong></span> 
     </span>
    </p>
   </div>
   <div class='ocr_carea' id='block_1_116' title="bbox 2385 5470 3989 5550">
    <p class='ocr_par' dir='ltr' id='par_1_116' title="bbox 2385 5470 3989 5550">
     <span class='ocr_line' id='line_1_116' title="bbox 2385 5470 3989 5550; baseline -0.006 -14"><span class='ocrx_word' id='word_1_891' title='bbox 2385 5493 2503 5536; x_wconf 86' lang='lat' dir='ltr'><strong>eam</strong></span> <span class='ocrx_word' id='word_1_892' title='bbox 2533 5485 2908 5550; x_wconf 87' lang='lat' dir='ltr'><strong>tempestatem</strong></span> <span class='ocrx_word' id='word_1_893' title='bbox 2951 5489 3147 5544; x_wconf 87' lang='lat' dir='ltr'><strong>magno</strong></span> <span class='ocrx_word' id='word_1_894' title='bbox 3181 5473 3366 5527; x_wconf 89' lang='lat' dir='ltr'><strong>animo</strong></span> <span class='ocrx_word' id='word_1_895' title='bbox 3403 5470 3780 5541; x_wconf 86' lang='lat' dir='ltr'><strong>perferendam</strong></span> <span class='ocrx_word' id='word_1_896' title='bbox 3822 5487 3989 5537; x_wconf 77' lang='lat' dir='ltr'><strong>esse;</strong></span> 
     </span>
    </p>
   </div>
   <div class='ocr_carea' id='block_1_117' title="bbox 2389 5561 3994 5638">
    <p class='ocr_par' dir='ltr' id='par_1_117' title="bbox 2389 5561 3994 5638">
     <span class='ocr_line' id='line_1_117' title="bbox 2389 5561 3994 5638; baseline -0.006 -14"><span class='ocrx_word' id='word_1_897' title='bbox 2389 5585 2489 5624; x_wconf 88' lang='lat' dir='ltr'><strong>nec</strong></span> <span class='ocrx_word' id='word_1_898' title='bbox 2541 5569 2687 5638; x_wconf 89' lang='lat' dir='ltr'><strong>prius</strong></span> <span class='ocrx_word' id='word_1_899' title='bbox 2729 5565 2936 5621; x_wconf 86' lang='lat' dir='ltr'><strong>destitit</strong></span> <span class='ocrx_word' id='word_1_900' title='bbox 2964 5573 3200 5620; x_wconf 84' lang='lat' dir='ltr'><strong>mentem</strong></span> <span class='ocrx_word' id='word_1_901' title='bbox 3249 5561 3397 5615; x_wconf 90' lang='lat' dir='ltr'><strong>illius</strong></span> <span class='ocrx_word' id='word_1_902' title='bbox 3431 5561 3742 5632; x_wconf 80' lang='lat' dir='ltr'><strong>gubernare</strong></span> <span class='ocrx_word' id='word_1_903' title='bbox 3765 5603 3777 5622; x_wconf 92' lang='lat'><strong>,</strong></span> <span class='ocrx_word' id='word_1_904' title='bbox 3814 5561 3994 5616; x_wconf 87' lang='lat' dir='ltr'><strong>donec</strong></span> 
     </span>
    </p>
   </div>
   <div class='ocr_carea' id='block_1_118' title="bbox 2391 5653 3993 5728">
    <p class='ocr_par' dir='ltr' id='par_1_118' title="bbox 2391 5653 3993 5728">
     <span class='ocr_line' id='line_1_118' title="bbox 2391 5653 3993 5728; baseline -0.003 -15"><span class='ocrx_word' id='word_1_905' title='bbox 2391 5660 2443 5714; x_wconf 88' lang='lat' dir='ltr'><strong>in</strong></span> <span class='ocrx_word' id='word_1_906' title='bbox 2474 5656 2818 5728; x_wconf 83' lang='lat' dir='ltr'><strong>tranquillum</strong></span> <span class='ocrx_word' id='word_1_907' title='bbox 2863 5653 3156 5710; x_wconf 88' lang='lat' dir='ltr'><strong>adduceret</strong></span> <span class='ocrx_word' id='word_1_908' title='bbox 3194 5661 3409 5724; x_wconf 88' lang='lat' dir='ltr'><strong>portum</strong></span> <span class='ocrx_word' id='word_1_909' title='bbox 3450 5666 3638 5706; x_wconf 85' lang='lat' dir='ltr'><strong>navem</strong></span> <span class='ocrx_word' id='word_1_910' title='bbox 3675 5668 3842 5708; x_wconf 84' lang='lat' dir='ltr'><strong>onere</strong></span> <span class='ocrx_word' id='word_1_911' title='bbox 3873 5654 3993 5721; x_wconf 88' lang='lat' dir='ltr'><strong>ple-</strong></span> 
     </span>
    </p>
   </div>
   <div class='ocr_carea' id='block_1_119' title="bbox 2393 5741 3993 5815">
    <p class='ocr_par' dir='ltr' id='par_1_119' title="bbox 2393 5741 3993 5815">
     <span class='ocr_line' id='line_1_119' title="bbox 2393 5741 3993 5815; baseline -0.003 -11"><span class='ocrx_word' id='word_1_912' title='bbox 2393 5765 2539 5814; x_wconf 89' lang='lat' dir='ltr'><strong>nam,</strong></span> <span class='ocrx_word' id='word_1_913' title='bbox 2565 5749 2667 5804; x_wconf 89' lang='lat' dir='ltr'><strong>hoc</strong></span> <span class='ocrx_word' id='word_1_914' title='bbox 2685 5755 2786 5812; x_wconf 90' lang='lat' dir='ltr'><strong>est,</strong></span> <span class='ocrx_word' id='word_1_915' title='bbox 2811 5755 3020 5801; x_wconf 89' lang='lat' dir='ltr'><strong>uterum</strong></span> <span class='ocrx_word' id='word_1_916' title='bbox 3043 5744 3276 5815; x_wconf 88' lang='lat' dir='ltr'><strong>pretioso</strong></span> <span class='ocrx_word' id='word_1_917' title='bbox 3303 5741 3556 5797; x_wconf 82' lang='lat' dir='ltr'><strong>thesauro</strong></span> <span class='ocrx_word' id='word_1_918' title='bbox 3589 5755 3868 5799; x_wconf 87' lang='lat' dir='ltr'><strong>onustum.</strong></span> <span class='ocrx_word' id='word_1_919' title='bbox 3889 5743 3993 5800; x_wconf 81' lang='lat' dir='ltr'><strong>Ne-</strong></span> 
     </span>
    </p>
   </div>
   <div class='ocr_carea' id='block_1_120' title="bbox 2395 5833 3998 5912">
    <p class='ocr_par' dir='ltr' id='par_1_120' title="bbox 2395 5833 3998 5912">
     <span class='ocr_line' id='line_1_120' title="bbox 2395 5833 3998 5912; baseline -0.006 -19"><span class='ocrx_word' id='word_1_920' title='bbox 2395 5855 2499 5912; x_wconf 85' lang='lat' dir='ltr'><strong>que</strong></span> <span class='ocrx_word' id='word_1_921' title='bbox 2511 5841 2652 5895; x_wconf 90' lang='lat' dir='ltr'><strong>enim</strong></span> <span class='ocrx_word' id='word_1_922' title='bbox 2675 5855 2862 5893; x_wconf 86' lang='lat' dir='ltr'><strong>aurum</strong></span> <span class='ocrx_word' id='word_1_923' title='bbox 2888 5845 3235 5908; x_wconf 75' lang='lat' dir='ltr'><strong>argentumve</strong></span> <span class='ocrx_word' id='word_1_924' title='bbox 3261 5834 3524 5905; x_wconf 64' lang='lat' dir='ltr'><strong>portabat,</strong></span> <span class='ocrx_word' id='word_1_925' title='bbox 3549 5837 3644 5888; x_wconf 88' lang='lat' dir='ltr'><strong>se.l</strong></span> <span class='ocrx_word' id='word_1_926' title='bbox 3680 5833 3998 5906; x_wconf 81' lang='lat' dir='ltr'><strong>prephetam</strong></span> 
     </span>
    </p>
   </div>
  </div>
