4178 6330
247 379 356 438 Ρέδ

246 495 347 552 καὶ
394 490 533 565 μετά
566 492 744 565 γάμον
788 492 926 562 πρὸς
973 489 1073 555 τάς
1118 487 1531 561 ἐταιριζομένας
1579 491 1844 557 γυναῖκας

241 577 558 648 τρέχουσιν,
591 575 780 645 ἐπειδὴ
808 574 914 645 πρὸ
939 573 1034 628 τοῦ
1057 575 1238 644 γάμου
1269 575 1569 643 σωφρονεῖν
1598 573 1698 625 οὐκ
1722 574 1746 624 ὲ
1756 588 1850 642 με-

243 660 508 731 λέτησαν.
546 656 825 712 Ἐντεῦθεν
862 657 1055 728 μάχαι,
1097 656 1192 709 καὶ
1217 655 1501 727 λοιδορίαι,
1538 658 1631 710 καὶ
1658 656 1847 708 οἰκιῶν

242 742 579 812 ἀνατροπαὶ,
607 739 703 794 καὶ
724 739 1082 811 καθημερινοὶ
1112 739 1359 810 πόλεμον
1392 738 1640 792 ἐντεῦθεν
1659 742 1687 792 ὁ
1710 737 1848 809 πρὸς

239 825 348 894 τὴν
372 827 606 892 γυναῖκα
626 823 763 894 ἔρως
786 824 1017 894 ὑπορρεῖ
1043 823 1136 876 καὶ
1159 823 1504 895 μαραίνεται,
1524 821 1626 892 τῆς
1648 824 1705 875 ἐν
1735 824 1848 885 τοῖς

243 908 526 978 πορνείοις
545 907 758 976 ὁμιλίας
785 906 1088 978 ἐκλυούσης
1113 905 1296 960 αὐτόν.
1315 905 1403 968 Ὠς
1429 907 1523 959 ἐάν
1547 908 1848 975 σωφρονεῖν

245 989 422 1061 μάθῃ,
461 989 682 1043 πάντων
711 988 1094 1058 ποθεινοτέραν
1123 988 1222 1058 τὴν
1253 987 1418 1040 αὐτοῦ
1454 991 1688 1056 γυναῖκα
1708 989 1848 1058 ήγή-

244 1087 404 1125 σεται
426 1072 544 1134 ,καὶ
564 1071 702 1142 μετά
721 1071 922 1140 πολλῆς
943 1071 1114 1141 αὐτὴν
1141 1070 1330 1140 δψεται
1359 1070 1460 1140 τῆς
1493 1069 1725 1136 εὐνοίας,
1752 1071 1847 1124 καὶ

243 1154 455 1225 πολλὴν
476 1156 615 1226 πρὸς
641 1154 810 1225 αὐτὴν
838 1155 1069 1226 τηρήσει
1104 1152 1202 1224 τὴν
1229 1154 1507 1225 ὁμόνοιαν,
1540 1155 1764 1225 εἰρήνης
1790 1154 1847 1207 δὲ

240 1237 416 1310 οῦσης
467 1239 559 1291 καὶ
610 1237 884 1308 ὁμονοίας,
924 1240 1102 1290 πάντα
1147 1243 1226 1300 είς
1274 1238 1372 1309 τὴν
1413 1237 1593 1290 οίκίαν
1631 1237 1844 1306 ἐκείνην

242 1322 614 1376 εἰσελεύσεται
643 1322 712 1375 τὰ
739 1322 938 1391 ἀγαθά.
967 1323 1064 1374 ”ιν⁹
1096 1317 1189 1375 οῦν
1218 1323 1312 1374 xal
1338 1322 1404 1374 τὰ
1437 1319 1671 1374 ἐνταῦθα
1696 1319 1779 1391 [71
1801 1319 1845 1391 ﬁ]

239 1407 381 1475 ἡμῖν
425 1405 607 1469 καλῶς
647 1405 1024 1476 οἰκονομῆται.
1062 1405 1155 1458 καὶ
1192 1403 1566 1475 μετάλτούτων
1606 1404 1700 1457 καὶ
1744 1404 1845 1471 τῆς

242 1488 530 1558 βασιλείας
560 1488 668 1542 τῶν
691 1487 937 1559 οὐρανῶν
959 1489 1329 1558 ἐπιτύχωμεν,
1362 1489 1455 1542 καὶ
1486 1487 1643 1560 ήμῶν
1665 1487 1844 1541 αὐτῶν

241 1570 345 1624 καὶ
369 1571 478 1624 τῶν
510 1571 738 1624 παιδίων
772 1572 1116 1642 προνοῶμεν,
1141 1571 1345 1643 ταύτης
1386 1572 1572 1626 ἕνεκεν
1607 1571 1843 1641 μάλιστα

237 1654 346 1725 τῆς
364 1652 599 1724 ἐντολῆς,
625 1654 773 1717 ὅπως
803 1653 876 1724 μὴ
913 1655 1134 1724 ῥυπαρά
1162 1655 1498 1725 ἐνδεδυμένοι
1524 1655 1736 1725 ἱμάτια,
1763 1657 1844 1717 είς

237 1737 339 1791 τὸν
361 1736 726 1809 πνευματικὸν
749 1738 957 1790 ἐκεῖνον
979 1737 1311 1807 είσέλθωμεν
1332 1739 1530 1808 γάμον,
1548 1739 1686 1791 ἀλλά
1703 1737 1842 1808 μετά

241 1821 563 1892 παρρησίας
599 1819 800 1889 πολλῆς
843 1819 1242 1889 ἀπολαύσωμεν
1285 1820 1387 1890 τῆς
1417 1823 1536 1874 ἐκεῖ
1584 1821 1842 1891 κειμένης

240 1906 360 1968 τοῖς
385 1904 556 1969 ἀξίοις
583 1905 771 1976 τιμῆς·
800 1899 867 1975 ἦς
889 1905 1100 1972 γένοιτο
1123 1904 1334 1967 πάντας
1359 1907 1509 1975 ἡμᾶς
1538 1907 1839 1975 ἐπιτυχεῖν,

238 1986 428 2059 χάριτι
475 1987 569 2040 καὶ
611 1987 993 2060 φιλανθρωπίᾳ
1037 1987 1130 2041 τοῦ
1193 1989 1399 2059 Κυρίου
1448 1987 1608 2060 ήμῶν
1665 1986 1840 2059 Ἰησοῦ

239 2068 508 2140 Χριστοῦ,
543 2071 663 2142 μεθ’
687 2065 749 2126 οὐ
785 2073 960 2143 Πατρὶ
1003 2071 1149 2138 δόξα,
1183 2071 1338 2144 τιμὴ.
1377 2073 1601 2143 κράτος,
1639 2073 1737 2125 σὺν
1761 2071 1841 2142 τῷ

236 2153 386 2223 ἁγίῳ
430 2153 724 2225 Πνεύματι.
774 2155 872 2208 νῦν
919 2155 1012 2209 καὶ
1062 2155 1170 2222 ἀεὶ,
1217 2156 1312 2210 καὶ
1343 2157 1425 2220 είς
1462 2156 1589 2218 τοὺς
1635 2155 1840 2218 αίῶνας

237 2233 355 2291 τῶν
381 2236 615 2293 αἰώνων.
646 2237 842 2310 Ἀμήν.

883 2386 1106 2440 ΛΟΓΟΣ
1143 2387 1219 2441 B'.

238 2510 352 2575 Εις
373 2508 499 2584 Δτὴν
535 2511 746 2584 πίστιν
773 2511 878 2584 τῆς
915 2513 1167 2584 Ἀννης.
1202 2514 1301 2569 καί
1336 2516 1424 2581 είς
1452 2515 1569 2583 τὴν
1595 2518 1837 2584 φιλοσοο

311 2579 480 2659 φίαν,
501 2581 625 2659 ⁸καί
656 2585 767 2659 είς
791 2579 906 2659 τὴν
939 2579 1268 2659 ἐπιείξιειαν
1298 2579 1522 2659 αὐτῆς,
1557 2579 1660 2659 κ-ἰιί
1702 2588 1836 2659 περί

311 2651 426 2724 τῆς
462 2653 549 2724 εις
577 2651 719 2719 τοὺς
746 2655 944 2724 ιερέας
977 2654 1177 2724 τιμῆς,
1213 2656 1313 2709 καί
1344 2651 1530 2722 ειςήτό
1572 2656 1702 2710 δεῖν
1734 2651 1835 2711 καί

311 2720 690 2790 ἀρχομένους
723 2720 1000 2792 ἀρίστου,
1030 2720 1140 2779 καί
1168 2720 1473 2796 λήγων-τὰς
1521 2727 1832 2796 εὔχεσθαι.

313 2886 384 2935 α’.
408 2879 573 2935 Οὐδὲν
609 2882 716 2952 ἀρα
757 2881 871 2936 ἴσον
905 2883 1097 2954 εὐχῆς,
1115 2887 1412 2957 ἀγαπητοὶ,
1431 2887 1583 2942 οὐδὲν
1605 2889 1836 2954 πίστεως

242 2962 630 3035 δυνατώτερον.
662 2967 972 3036 ’Δμφότερα
995 2968 1197 3034 ἔδειξεν
1220 2972 1351 3040 ήμῖν
1371 2973 1405 3044 ή
1425 2974 1594 3024 Ἀννα
1621 2973 1833 3044 πρώηνο

244 3045 388 3117 με.τά
425 3047 531 3117 γάρ
564 3047 769 3102 τούτων
799 3051 1175 3119 προσελθοῦσα
1209 3053 1288 3124 τῷ
1321 3054 1441 3125 Θεῷ
1478 3054 1587 3108 τῶν
1623 3054 1834 3126 δώρων,

239 3130 422 3184 πάντα
461 3131 563 3185 ὅσα
597 3131 860 3202 ἠθέλησεν
890 3133 1077 3203 ήνυσε,
1111 3135 1204 3188 καὶ
1235 3135 1397 3205 φύσιν
1427 3137 1836 3210 πεπηρωμένην

236 3210 546 3282 διώρθωσε,
583 3215 677 3268 καὶ
711 3217 927 3287 μήτραν
953 3217 1348 3291 κεκλεισμένην
1374 3220 1600 3291 ἀνέῳξε,
1625 3222 1721 3276 καὶ
1746 3224 1834 3275 al-

239 3295 446 3367 σχύνην
468 3297 665 3361 ἀνεῖλε,
693 3299 788 3351 καὶ
809 3299 879 3353 τά
910 3300 1088 3372 ὀνείδη
1110 3303 1210 3372 τῆς
1233 3302 1522 3376 ἀντιζήλου
1547 3305 1832 3369 κατέλυσε,

237 3380 338 3433 καὶ
369 3380 507 3451 πρὸς
541 3383 858 3453 παρρησίαν
887 3385 1088 3457 ἑαυτὴν
1122 3386 1324 3458 πολλὴν
1364 3389 1736 3461 ἐπανήγαγεν,
1772 3393 1837 3444 ἐκ

239 3461 447 3533 πέτρας
480 3464 677 3532 ἀγόνου
709 3466 911 3536 στάχυν
940 3468 1195 3538 κομῶντα
1232 3471 1516 3541 θερίσασα.
1553 3474 1664 3527 Kal
1695 3475 1834 3527 nav-

234 3562 332 3608 τες
363 3546 656 3614 ἠκούσατε,
703 3549 819 3613 πῶς
860 3549 1085 3619 ηὔξατο,
1123 3552 1243 3616 πῶς
1275 3554 1469 3625 ᾔτησε,
1519 3557 1613 3609 καὶ
1647 3557 1834 3610 ἔπεισε

241 3631 340 3685 καὶ
361 3629 540 3695 ἔλαϐε,
574 3634 668 3684 καὶ
695 3632 847 3687 ἔτεκε
877 3636 972 3688 καὶ
997 3634 1194 3707 ἔθρεψε
1224 3637 1320 3690 καὶ
1347 3639 1581 3710 ἀνέθηκε
1614 3639 1706 3693 τὸν
1727 3642 1834 3692 Σα-

241 3715 438 3785 μουήλ.
478 3715 638 3767 Ὥστε
677 3717 779 3770 οὐκ
816 3718 881 3772 ἀν
916 3736 1001 3783 τις
1039 3721 1298 3791 ἁμάρτοι,
1333 3723 1544 3795 μητέρα
1569 3724 1706 3794 ὀμοῦ
1741 3727 1837 3780 καὶ

236 3797 457 3866 πατέρα
488 3797 584 3850 τοῦ
615 3799 829 3855 παιδίου
863 3801 962 3874 τὴν
998 3805 1234 3872 γυναῖκα
1256 3805 1466 3876 ταύτην
1501 3808 1830 3876 προσειπών.

237 3881 305 3936 El
339 3882 447 3953 7&9
483 3883 581 3936 κει)⁸
617 3885 645 3936 ὀ
676 3885 817 3956 ἀνὴρ
855 3885 1132 3958 ἔσπειρεν,
1159 3888 1294 3941 ἀλλά
1317 3889 1394 3959 τῷ
1424 3889 1702 3960 σπέρματι
1734 3893 1835 3962 τὴν

233 3965 466 4036 δύναμιν
491 3967 696 4040 ταύτης
723 3969 996 4042 παρέσχεν
1019 3975 1052 4042 ἡ
1078 3972 1234 4044 εὐχὴ,
1259 3974 1355 4026 καὶ
1381 3973 1714 4044 σεμνοτέρας
1738 3973 1832 4029 τοῦ

235 4049 496 4121 Σαμουὴλ
526 4051 625 4115 τάς
659 4053 835 4124 ἀρχὰς
859 4055 959 4125 τῆς
983 4057 1292 4127 γεννήσεως
1313 4056 1592 4128 ἐποίησεν.
1623 4058 1699 4111 Οὐ
1723 4058 1834 4131 7&9

230 4132 324 4202 δὴ,
354 4133 608 4206 καθάπερ
633 4136 725 4189 ἐπὶ
757 4137 868 4190 τῶν
897 4137 1120 4202 λοιπῶν,
1157 4139 1322 4202 ῦπνος
1354 4141 1448 4192 καὶ
1486 4140 1694 4195 σύνοδοι
1724 4142 1833 4196 τῶν

231 4219 658 4288 γεννησαμένων
716 4221 896 4291 μόνον,
947 4222 1061 4276 ἀλλ’
1106 4223 1284 4293 εὐχαὶ,
1330 4223 1426 4276 καὶ
1469 4224 1700 4296 δάκρυα,
1739 4229 1833 4282 καὶ

232 4302 421 4365 πίστις
465 4303 634 4373 ἀρχαὶ
684 4304 788 4373 τῆς
833 4307 1143 4378 γεννήσεως
1186 4307 1392 4378 ταύτης
1438 4310 1706 4378 ἐγένοντο,
1736 4313 1833 4366 καὶ

233 4384 571 4457 σεμνοτέρας
593 4385 704 4439 τῶν
736 4387 910 4443 ἀλλων
934 4390 1060 4460 ἔσχε
1082 4391 1181 4453 τὰς
1210 4390 1376 4459 γονὰς
1402 4393 1711 4464 προφήτης,
1743 4394 1831 4449 διὰ

229 4468 336 4539 τὴν
375 4470 556 4522 πίστιν
582 4469 683 4541 τῆς
712 4474 919 4543 μητρὸς
939 4473 1200 4543 γεγονώς.
1232 4475 1322 4528 Διὸ
1345 4475 1438 4529 καὶ
1468 4477 1596 4547 περὶ
1627 4477 1831 4550 ταύτης

231 4551 510 4622 εὐκαίρως
542 4552 608 4606 ἀν
646 4571 731 4618 τις
763 4555 905 4609 είποι
935 4557 1034 4627 τῆς
1057 4559 1335 4625 γυναικόςο
1380 4563 1444 4613 οι
1475 4562 1830 4630 σπείροντες

234 4633 642 4717 ἐῂδάκρυσιν,
666 4637 738 4691 ἐν
764 4639 1122 4707 ἀγαλλιάσει
1158 4641 1448 4710 θεριοῦσι.
1481 4645 1700 4714 Ταύτην
1729 4647 1830 4717 ζη-

238 4715 504 4788 λώσωμεν
530 4719 743 4792 ἄνδρες,
763 4721 966 4790 ταύτην
1012 4724 1403 4796 μιμησώμεθα,
1423 4731 1700 4796 γυναῖκες·
1736 4715 1828 4783 καὶ

230 4801 346 4872 γάρ
387 4801 650 4874 ἐκατέρου
693 4805 789 4858 τοῦ
825 4806 1014 4875 γένους
1053 4808 1373 4873 διδάσκαλός
1412 4811 1562 4864 ἐστιν
1593 4813 1626 4882 ή
1663 4813 1823 4884 γυνή.

232 4885 400 4939 Ὅσαι
441 4889 673 4959 στεῖραι,
724 4890 799 4960 μὴ
835 4891 1354 4963 ἀπαγορευέτωσαν·
1395 4893 1517 4946 ὅσαι
1565 4894 1822 4966 μητέρες,

229 4966 379 5024 οὕτω
423 4971 772 5041 τρεφέτωσαν
817 4975 1080 5045 τεχθέντα
1120 4977 1190 5029 τά
1232 4977 1445 5030 παιδίω
1479 4979 1576 5031 καὶ
1624 4979 1826 5045 πάντες

230 5052 566 5125 ζηλώσωμεν
589 5057 691 5127 τῆς
715 5059 971 5125 γυναικὸς
992 5060 1093 5132 τὴν
1122 5060 1439 5132 φιλοσοφίαν
1465 5063 1565 5136 τὴν
1597 5064 1706 5136 πρὸ
1725 5065 1822 5118 τοῦ

227 5136 416 5220 τόκου,
453 5137 551 5210 τὴν
587 5139 769 5220 πίστιν
793 5142 892 5214 τὴν
927 5145 985 5196 ἐν
1012 5143 1089 5215 τῷ
1120 5146 1287 5217 τόκῳ,
1319 5148 1419 5219 τὴν
1451 5147 1690 5220 σπουδὴν
1722 5149 1824 5220 τὴν

230 5218 377 5290 μετά
400 5219 490 5274 τὸν
518 5222 696 5277 τόκον.
722 5217 787 5278 Τί
813 5225 921 5297 γάρ
945 5225 1010 5280 ἂν
1040 5227 1250 5295 γένοιτο
1271 5217 1383 5300 τῆς
1397 5217 1657 5298 γυναικδς
1681 5217 1825 5286 ἐκεί-

226 5319 336 5388 νης
382 5302 838 5378 φιλοσοφώτερον,
888 5311 922 5380 ἡ
987 5312 1278 5383 συμφορὰν
1329 5312 1502 5377 οὕτως
1547 5317 1822 5388 ἀφόρητον

226 5385 422 5456 πράως
451 5389 653 5460 ήνεγκε
682 5392 777 5446 καὶ
808 5394 1094 5460 γενναίως,
1123 5397 1214 5450 καὶ
1243 5398 1344 5451 οὐκ
1374 5399 1586 5470 ἀπέστη
1621 5385 1818 5471 πρότε-

229 5485 347 5557 ραν,
383 5471 494 5557 ιως-
521 5473 678 5530 ἐλυσε
707 5477 771 5530 τὸ
794 5477 986 5542 δεινὸν.
1021 5481 1117 5534 καὶ
1145 5480 1241 5534 τοῦ
1284 5482 1458 5536 κακοῦ
1486 5483 1660 5554 πέρας
1692 5480 1820 5557 εὗρε

224 5551 542 5634 θαυμαστὸν
575 5559 672 5613 καὶ
709 5562 1032 5634 παράδοξον,
1070 5563 1261 5619 οὐδένα
1299 5567 1546 5620 κάτωθεν
1564 5551 1820 5624 ’λαϐοῦσα

222 5633 517 5722 σύμμαχον
547 5642 641 5696 καὶ
675 5643 901 5716 βοηθόν;
942 5647 1052 5700 Καὶ
1084 5645 1194 5719 γάρ
1218 5648 1335 5719 ᾔδει
1361 5648 1459 5722 τήν
1487 5649 1583 5703 τοῦ
1614 5651 1819 5706 Δεσπό-

221 5734 319 5804 fw
341 5721 777 5796 φιλανθρωπίαν⁹
811 5728 962 5800 [712]
987 5729 1068 5782 διὸ
1097 5733 1193 5784 καὶ
1223 5731 1362 5802 μόνη
1403 5733 1698 5804 προσῆλθε,
1723 5739 1817 5791 καὶ

222 5801 417 5866 ἤνυσεν
447 5807 591 5882 ὅπερ
611 5807 894 5877 ἠθέλησεν.
925 5814 1000 5867 Οὐ
1023 5814 1131 5885 7&9
1154 5801 1501 5889 ἀνθρωπίνης
1533 5801 1806 5889 βοηθείας,

1571 372 1658 427 DE
1697 370 1879 428 ANNA
1926 369 2161 427 δεξιΜο
2191 369 2261 426 ll.

3442 362 3547 420 GH

1951 486 2088 541 ἀλλὰ
2122 486 2222 557 τῆς
2261 486 2412 550 θείας
2445 486 2616 540 ἐδεῖτο
2640 486 2863 557 χάριτος
2901 485 2932 555 ὴ
2966 479 3252 553 διόρθωσις
3287 477 3384 550 τῆς
3411 476 3548 533 ἀθυ-

1950 577 2081 646 μίας
2111 577 2352 648 ἐκείνης’
2393 578 2488 630 καὶ
2517 575 2625 648 γὰρ
2664 576 2764 628 οὐκ
2809 575 2866 627 ἐν
2903 572 3078 644 ζημίᾳ
3123 563 3426 642 Χβῆμάτων
3454 561 3550 640 ἦν.

1947 663 2035 716 ἵνα
2063 681 2146 728 τις
2177 662 2417 733 ἐνεγκὼν
2455 662 2678 734 χρυσίον
2704 662 2844 734 λύσῃ
2893 659 2991 732 τὴν
3030 658 3292 729 ἀθυμίανο
3339 656 3442 711 οὐκ
3489 657 3551 710 ἐν

1947 752 2199 822 σώματος
2219 751 2522 823 ἀρρωστίᾳ,
2551 751 2636 804 ἵνα
2659 763 2684 791 α
2713 749 2915 821 ίατρῶν
2938 746 3301 819 παρακαλέσῃ
3326 745 3548 810 παῖδας,

1946 840 2038 893 καὶ
2067 839 2319 913 ἀπελάσῃ
2348 839 2408 893 τὸ
2441 839 2676 909 νόσημα.
2705 837 2873 900 Φύσις
2907 832 2976 908 ἦν
3021 837 3054 907 ή
3090 832 3549 905 ἐπηρεαζομένη.

1943 927 2042 998 τῆς
2079 927 2288 981 ἄνωθεν
2312 927 2540 997 δεομένη
2572 927 2777 997 χειρός.
2812 925 2904 978 Διὸ
2934 925 2998 995 δὴ
3031 925 3212 977 πάντα
3234 921 3303 975 τὰ
3329 923 3424 976 ἐπὶ
3445 921 3552 992 γῆς

1943 1018 2165 1086 ἀφεῖσα,
2194 1015 2332 1089 πρὸς
2363 1015 2454 1069 τὸν
2488 1032 2588 1084 της
2623 1015 2838 1083 φύσεως
2882 1009 3085 1084 έδραμε
3116 1011 3418 1080 Δεσπότην,
3455 1010 3553 1064 καὶ

1942 1106 2044 1158 οὐκ
2074 1105 2285 1176 ἀπέστη
2318 1104 2603 1175 πρότερον,
2632 1102 2738 1165 ἓως
2764 1101 2831 1156 ἂν
2859 1100 3024 1154 αὐτὸν
3043 1100 3230 1153 ἔπεισε
3260 1097 3424 1153 λῦσαι
3450 1097 3551 1168 τήν

1943 1192 2222 1257 ἀπαιδίαν,
2258 1195 2353 1246 καὶ
2387 1192 2485 1263 τὴν
2530 1193 2746 1264 μήτραν
2784 1191 3015 1256 ἀνοῖξαι,
3052 1189 3145 1242 καὶ
3175 1190 3400 1258 ποιήσαι
3437 1205 3540 1258 μη.
3631 1213 3633 1215 ι

1941 1282 2076 1352 τέρα
2124 1283 2224 1353 τὴν
2251 1285 2493 1354 στεῖραν.
2527 1281 2791 1352 Μακαρία
2825 1280 2924 1351 μὲν
2958 1275 3052 1334 οῦν
3097 1279 3194 1332 καὶ
3234 1277 3325 1330 διά
3361 1276 3546 1338 τοῦτο,

1942 1371 2039 1440 οὐχ
2091 1371 2173 1423 ὃτι
2225 1371 2408 1442 μήτηρ
2450 1370 2688 1438 ἐγένετο,
2734 1367 2850 1423 ἀλλ’
2881 1369 2964 1422 ὅτι
2996 1368 3098 1420 οὐκ
3135 1361 3272 1420 οὖσα
3307 1364 3548 1434 ἐγένετο.

1955 1456 2164 1508 Ἐκεῖνο
2202 1455 2302 1525 μὲν
2340 1454 2449 1524 γάρ
2475 1453 2652 1507 κοινὸν
2682 1454 2782 1524 τῆς
2807 1452 3046 1522 φύσεως,
3075 1451 3235 1504 τοῦτο
3257 1449 3312 1504 δὲ
3339 1449 3550 1521 ἐξαίρε-

1941 1560 2032 1596 τον
2079 1544 2178 1613 τῆς
2213 1542 2474 1612 γυναικὸς
2510 1537 2578 1612 ἦν
2614 1541 2966 1613 κατόρθωμα.
3017 1539 3282 1610 Μακαρία
3324 1537 3421 1608 μὲν
3452 1532 3549 1590 οὖν

1942 1628 2037 1682 καὶ
2071 1629 2160 1682 διὰ
2205 1630 2305 1692 τάς
2345 1629 2542 1692 ὠδῖνας
2584 1629 2822 1691 ἐκείνας,
2870 1627 3120 1698 μακαρία
3159 1626 3214 1680 δέ
3244 1627 3344 1696 οὐχ
3381 1621 3546 1698 ἦττον

1942 1719 2034 1770 καὶ
2054 1717 2144 1771 διὰ
2163 1718 2230 1771 τὰ
2263 1718 2368 1790 πρὸ
2389 1717 2498 1771 τῶν
2531 1718 2738 1770 ὠδίνων
2767 1716 3005 1770 ἅπαντα.
3049 1718 3192 1769 Ἰστε
3237 1714 3345 1787 γὰρ
3369 1715 3546 1786 δήπου

1942 1806 2167 1870 πάντες,
2207 1806 2300 1860 καὶ
2328 1806 2606 1873 γυναῖκες,
2641 1805 2733 1858 καὶ
2763 1803 2976 1875 ἄνδρες,
3012 1804 3091 1868 ὡς
3131 1803 3286 1856 οὐδὲν
3331 1803 3545 1874 ἀφορη-

1938 1895 2158 1966 τότερον
2197 1894 2453 1958 ἀπαιδίας
2497 1895 2717 1963 γυναικὶ
2761 1894 2958 1962 γένοιτ’
2997 1892 3083 1947 ἀν·
3115 1892 3254 1947 ἀλλά
3284 1890 3391 1944 κᾶν
3439 1908 3545 1962 μυ-

1943 1982 2123 2052 ριάκις
2155 1982 2182 2021 ιι
2208 1981 2457 2054 ἀπολαύῃ
2479 1981 2579 2051 τῆς
2613 1980 2935 2053 εὐημερίας,
2970 1979 3066 2052 τὴν
3098 1981 3162 2033 ἐκ
3193 1980 3290 2050 τῆς
3329 1978 3545 2051 πληγῆς

1937 2069 2140 2140 ταύτης
2181 2070 2374 2140 ὀδύνην
2405 2071 2765 2141 ὲγγινομένην
2804 2069 2943 2140 αὐτῇ
2991 2069 3092 2122 οὐκ
3131 2068 3198 2122 ἄν
3238 2084 3372 2122 ποτε
3403 2070 3544 2122 ἀπο-

1937 2158 2252 2232 κρούσαιτο.
2307 2159 2370 2212 Εί
2427 2158 2484 2211 δέ
2534 2159 2628 2214 νῦν
2684 2156 2858 2222 οὕτως
2905 2159 3206 2233 ἀφόρητον,
3265 2157 3356 2211 ὅτε
3406 2158 3546 2229 πρὸς

1940 2249 2166 2321 μείζονα
2195 2249 2514 2320 φιλοσοφίαν
2541 2248 2876 2320 ἐκλήθημεν,
2904 2249 3000 2301 καὶ
3025 2247 3161 2321 πρὸς
3191 2245 3283 2298 τὸν
3311 2244 3543 2316 οὐρανὸν

1935 2337 2218 2408 ὀδεύομεν,
2253 2339 2347 2392 καὶ
2376 2337 2534 2406 λόγος
2564 2339 2696 2409 ἡμῖν
2723 2337 2832 2391 τῶν
2861 2337 3146 2408 παρόντων
3173 2335 3373 2398 οὐδεὶς,
3402 2333 3544 2388 ἀλλά

1938 2427 2076 2498 πρὸς
2123 2426 2318 2499 ἑτέραν
2355 2426 2502 2497 ζωὴν
2545 2424 3107 2499 παρασκευαζόμεθα,
3153 2424 3248 2477 καὶ
3291 2421 3428 2476 πολύ
3480 2422 3543 2475 τὸ

1935 2515 2036 2585 τῆς
2061 2513 2363 2586 παρθενίας
2394 2513 2695 2585 ἐγκώμιον,
2720 2513 2975 2584 ἐννόησον
3005 2513 3192 2584 ήλίκον
3225 2511 3346 2565 τότε
3371 2510 3543 2564 κακὸν

1935 2602 1997 2656 τὸ
2027 2606 2263 2674 πρᾶγμα
2290 2602 2572 2674 ἐνομίζετο
2612 2599 2774 2669 εἶναι,
2808 2603 2899 2655 ὅτε
2937 2601 3045 2655 τῶν
3099 2599 3407 2671 μελλόντων
3444 2597 3544 2669 μὲν

1935 2692 2164 2762 οὐδεμία
2185 2709 2270 2756 τις
2291 2687 2358 2763 ἦν
2382 2692 2557 2756 ἐλπὶς,
2584 2692 2705 2745 οὐδέ
2729 2691 2907 2745 ἔννοια
2933 2693 3046 2753 τοῖς
3068 2689 3338 2752 παλαιοῖς,
3361 2687 3542 2743 πάντα

1934 2779 1992 2833 δὲ
2021 2781 2160 2852 ὑπὲρ
2177 2780 2285 2834 τῶν
2307 2781 2591 2850 παρόντων
2614 2779 2884 2852 ἔπραττον
2915 2779 3281 2850 πραγμάτων,
3305 2777 3401 2830 καὶ
3429 2775 3544 2845 ἀρά

1936 2885 2019 2926 τις
2045 2865 2112 2940 ἦν
2138 2869 2233 2922 καὶ
2254 2868 2518 2940 καταδίκη
2548 2869 2609 2921 τὸ
2639 2870 2857 2939 στεῖραν
2887 2863 3029 2921 εἶναι
3058 2867 3153 2921 καὶ
3179 2866 3394 2935 ἄγονον.
3424 2863 3542 2917 Οὐκ

1937 2957 2084 3010 ἐστιν
2116 2960 2314 3019 εἰπεῖν,
2351 2957 2473 3010 οὐδέ
2501 2960 2856 3030 παραστῆσαι
2888 2955 2967 3026 τῷ
3001 2956 3146 3027 λόγῳ
3182 2955 3281 3025 τὴν
3305 2953 3415 3008 ἀπὸ
3439 2951 3542 3022 τῆς

1939 3044 2152 3116 πληγῆς
2175 3045 2380 3114 ταύτης
2405 3044 2620 3115 ὀδύνην.
2651 3044 3008 3116 Μαρτυροῦσι
3037 3045 3095 3097 δέ
3118 3044 3396 3111 γυναῖκες,
3416 3043 3541 3100 ὅσαι

1937 3135 2118 3186 πᾶσαν
2166 3132 2267 3203 μὲν
2302 3131 2650 3197 ἐπεδείξαντο
2688 3131 3033 3202 φιλοσοφίαν,
3077 3130 3286 3201 ταύτην
3337 3130 3396 3182 δέ
3439 3130 3546 3199 τὴν

1933 3219 2275 3289 δυσκληρίαν
2324 3220 2425 3273 οὐκ
2454 3220 2713 3290 ήνεγκαν·
2746 3218 2860 3273 ἀλλ’
2893 3219 2951 3273 al
2989 3219 3089 3289 μὲν
3121 3217 3261 3289 πρὸς
3287 3217 3414 3281 τούς
3442 3216 3540 3270 ἄν·

1934 3308 2067 3380 δρας
2107 3309 2508 3379 ἐδυσχέραινον,
2547 3309 2604 3360 αί
2644 3308 2701 3360 δὲ
2728 3308 2819 3361 τὸν
2853 3306 2968 3377 βίον
2992 3307 3228 3361 ἀϐίωτον
3254 3301 3394 3359 εἶναι
3424 3303 3540 3359 ἐνό-

1938 3413 2124 3467 μισαν.
2156 3397 2266 3468 Τὴν
2310 3397 2368 3451 δέ
2405 3401 2645 3465 γυναῖκα
2679 3397 2884 3468 ταύτην
2925 3398 3027 3451 οὐκ
3064 3395 3275 3466 ἀθυμία
3306 3394 3466 3465 μόνον
3503 3395 3538 3465 ἡ

1933 3487 2020 3542 διὰ
2041 3489 2141 3560 τὴν
2165 3488 2477 3560 στείρωσιν,
2512 3489 2648 3543 ἁλλά
2671 3491 2766 3543 καὶ
2785 3490 2972 3561 ἕτερον
2994 3489 3310 3560 ἐπολιόρκει
3342 3486 3536 3550 πάθος,

1935 3579 2107 3652 θυμὸς
2157 3581 2246 3634 διὰ
2292 3580 2361 3634 τὰ
2398 3581 2576 3654 ὀνείδη
2629 3583 2728 3652 τῆς
2760 3582 3070 3651 ἀντιζήλου.
3125 3583 3236 3637 Kal
3284 3580 3541 3652 καθάπερ

1934 3674 2152 3745 ἀνέμων
2169 3673 2500 3738 ἀπεναντίας
2517 3674 2766 3748 ἀλλήλοις
2782 3676 3190 3747 ἐμπιπτόντων,
3215 3676 3310 3728 καὶ
3329 3674 3539 3743 σκάφος

1937 3763 2104 3834 μέσον
2135 3765 2191 3816 ἐν
2232 3767 2296 3836 τῇ
2328 3765 2465 3836 πρὸς
2502 3764 2765 3836 ἀλλήλους
2804 3765 3188 3819 ἀπολαϐόντων
3229 3765 3401 3838 μάχη,
3443 3766 3542 3820 καὶ

1935 3855 2104 3910 πολλὰ
2136 3857 2233 3926 μέν
2259 3857 2366 3909 ἀπὸ
2394 3857 2493 3928 τῆς
2527 3856 2806 3929 πρύμνης,
2843 3857 3013 3912 πολλά
3039 3858 3096 3910 δὲ
3128 3857 3237 3911 ἀπὸ
3260 3861 3361 3930 τῆς
3386 3856 3540 3930 πρώο

1935 3965 2035 4019 ρας
2070 3949 2392 4019 ἐγειρόντων
2439 3947 2508 4001 τὰ
2537 3948 2778 4020 κύματα,
2820 3952 2848 4002 ὀ
2895 3949 3242 4021 κυϐερνήτης
3295 3951 3389 4004 ἐπὶ
3426 3949 3538 4004 τῶν

1933 4041 2136 4095 οἰάκων
2173 4040 2480 4112 καθήμενος
2509 4039 2766 4106 διασώζει
2809 4041 2870 4093 τὸ
2903 4041 3132 4110 σκάφος,
3163 4040 3264 4104 τάς
3306 4042 3418 4095 τῶν
3449 4059 3540 4095 xu-

1936 4134 2125 4205 μάτων
2151 4133 2387 4204 ἐμϐολάς
2412 4137 2477 4204 τῇ
2498 4133 2600 4204 τῆς
2623 4135 2935 4204 ἐπιστήμης
2971 4135 3135 4205 σοφία
3168 4133 3537 4210 διακρουόμε·

1931 4243 2042 4291 νοςο
2069 4226 2213 4281 οὕτω
2239 4229 2333 4282 καὶ
2364 4229 2397 4300 ή
2431 4230 2569 4300 γυνὴ
2599 4229 2720 4282 τότε
2747 4228 2956 4299 ἐκείνη,
2991 4229 3247 4299 καθάπερ
3285 4231 3532 4300 πνευμάν

1931 4337 2039 4373 των
2073 4320 2353 4385 ἐναντίων,
2394 4320 2488 4373 τοῦ
2521 4319 2718 4392 θυμοῦ,
2757 4321 2978 4391 καὶτῆς
3008 4321 3268 4393 ἀθυμίας,
3312 4322 3391 4385 είς
3435 4321 3536 4395 τὴν

1929 4408 2111 4483 ψυχὴν
2149 4411 2320 4483 αὐτῆς
2350 4413 2726 4484 ἐμπεσόντων,
2757 4413 3002 4476 καὶτοὺς
3035 4412 3332 4483 λογισμοὺς
3360 4413 3536 4484 αὐτῆς

1930 4503 2353 4572 διακοπτόντων,
2383 4507 2478 4560 καὶ
2501 4505 2672 4560 πολλά
2697 4506 2765 4560 τά
2786 4505 3009 4578 κύματα
3039 4505 3386 4579 ἐγειρόντων,
3411 4506 3544 4577 οὐχὶ,

1928 4599 2043 4664 δύο,
2084 4599 2179 4653 καὶ
2206 4602 2374 4670 τρεῖς.
2404 4599 2498 4653 καὶ
2529 4601 2705 4653 εῖκοσι
2736 4600 2975 4672 ⁴ἡμέρας,
2998 4599 3115 4653 ἀλλ’
3137 4601 3225 4652 ἐπ’
3249 4601 3536 4665 ἐνιαυτοὺς

1928 4681 2256 4760 ὁλοκλήρους
2285 4689 2401 4761 (καὶ
2422 4691 2533 4760 γὰρ
2562 4690 2622 4756 ἐξ
2651 4690 2837 4744 ίκανοῦ
2865 4689 3026 4745 τοῦτο
3053 4691 3294 4760 ἐγένετο,
3317 4693 3532 4763 φησίν)ο

1928 4780 2129 4850 ήνεγκε
2171 4779 2262 4832 τὸν
2295 4778 2544 4849 χειμῶνα
2569 4780 2855 4848 γενναίως,
2902 4783 2997 4837 καὶ
3026 4782 3532 4856 καταποντισθῆναι

1927 4868 2020 4921 τὴν
2064 4869 2324 4940 λογισμὸν
2371 4871 2472 4923 οὐκ
2518 4869 2721 4927 εἴασεν.
2766 4872 2826 4926 '0
2867 4874 2976 4945 7&9
3018 4875 3113 4928 τοῦ
3157 4875 3292 4930 Θεοῦ
3341 4878 3532 4947 φόϐος,

1929 4961 2182 5033 καθάπερ
2234 4963 2576 5034 κυϐερνήτης
2624 4965 2717 5016 ἐπὶ
2774 4965 2881 5018 τῶν
2929 4967 3134 5020 οίάκων
3194 4970 3530 5041 καθήμενος,

1953 5053 2082 5126 713]
2125 5053 2310 5108 ἔπειθε
2357 5056 2623 5124 γενναίως
2661 5059 2849 5130 φέρειν
2887 5060 2949 5113 τὸ
2987 5059 3277 5116 κλυδώνιον
3327 5065 3528 5118 ἐκεῖνο·

1929 5147 2022 5201 καὶ
2067 5147 2129 5201 οὐ
2157 5151 2423 5223 πρότερον
2455 5151 2668 5222 ἀπέστη
2693 5151 3067 5223 διακυϐερνῶν
3094 5154 3267 5226 αὐτῆς
3309 5155 3404 5228 τὴν
3427 5158 3532 5227 4,0-

1927 5241 2052 5311 χὴν,
2091 5241 2197 5307 ἓως
2236 5245 2315 5308 είς
2343 5243 2436 5296 τὸν
2465 5242 2639 5299 εὐδιον
2673 5243 2870 5316 λιμένα
2904 5247 3188 5318 κατήγαγε
3223 5249 3527 5322 πεπληρω-

1928 5334 2097 5404 μένην
2125 5333 2221 5388 τοῦ
2261 5334 2482 5406 φορτίου
2514 5336 2614 5407 τὴν
2645 5335 2799 5402 ναῦν,
2843 5338 2939 5392 καὶ
2975 5339 3275 5412 πολυτίμου
3319 5342 3531 5414 θησαυο

1928 5422 2022 5493 ροῦ
2052 5423 2148 5495 τὴν
2168 5424 2413 5496 γαστέρα
2434 5423 2729 5496 γέμουσαν.
2754 5427 2830 5480 υύ
2852 5427 2960 5500 7&9
2992 5431 3238 5501 χρυσίον,
3269 5433 3390 5487 οὐδὲ
3422 5437 3528 5507 ἀρ-

1924 5514 2114 5584 γύριον
2169 5515 2487 5581 ἐϐάσταζεν,
2537 5517 2677 5572 ἀλλά
2732 5522 3019 5593 προφήτην
3072 5525 3164 5578 καὶ
3207 5526 3377 5598 ίερέα·
3436 5531 3530 5584 καὶ

1987 5703 2178 5792 ξϐοιδ.
2208 5705 2308 5756 duo
2331 5713 2384 5757 et
2424 5708 2548 5774 Reg.
2596 5713 2652 5762 οὐ
2692 5715 2919 5779 σώματος
2954 5719 3202 5785 ἀρρωστία
3236 5722 3525 5792 σύμμετρος,

1920 5766 2018 5867 {vas
2040 5827 2164 5894 Reg.
2191 5830 2280 5880 κᾶν
2301 5832 2487 5897 μυρίας.
