4178 6330
226 405 329 462 θῶ

224 526 278 573 et
298 516 636 573 sacerdotem
652 531 669 582 ;
685 520 907 585 eratque
926 511 1137 584 gemina
1158 510 1276 582 ejus
1297 511 1434 567 uteri
1456 508 1829 569 sanctificatio.

222 620 275 663 et
301 607 447 678 quod
473 606 563 662 tali
588 620 757 676 puero
778 619 1063 676 praegnans
1083 611 1251 668 esset,
1281 612 1336 657 et
1360 599 1503 671 quod
1526 598 1838 669 conceptio-

225 700 311 753 uis
372 699 581 753 initium
632 712 727 768 per
763 695 1129 766 precationem
1180 708 1246 748 ac
1288 694 1562 747 caelestem
1606 690 1837 761 gratiam

224 792 545 862 accepisset.

295 884 354 939 2.
382 883 532 939 Onus
558 890 737 938 autem
762 880 889 936 illud
912 894 1018 935 non
1043 878 1216 934 solum
1247 885 1365 934 erat
1409 876 1741 947 inopinatum
1784 881 1841 929 et

224 975 565 1042 admirabile,
605 989 793 1031 verum
818 983 874 1029 et
911 971 1286 1044 negotiationis
1312 970 1506 1026 modus
1539 968 1639 1025 fuit
1661 967 1837 1023 admi-

227 1069 449 1124 rabilior
477 1087 489 1123 :
520 1083 694 1140 neque
728 1068 872 1123 enim
912 1066 1040 1121 illud
1086 1064 1390 1121 hominibus
1436 1062 1560 1118 ullis
1600 1059 1841 1116 vendidit

224 1170 319 1215 aut
365 1160 805 1232 negotiatoribus,
836 1157 931 1213 sed
964 1157 1209 1229 protinus
1234 1165 1292 1211 ut
1316 1163 1640 1225 exposuerat
1666 1167 1698 1208 e
1720 1166 1839 1207 sca-

227 1252 357 1320 pha,
390 1252 501 1307 Deo
543 1250 825 1307 vendidit:
862 1257 1066 1303 tantum
1107 1256 1289 1303 autem
1335 1249 1436 1301 hac
1477 1243 1841 1315 negotiatione

229 1344 439 1400 lucrum
464 1343 605 1405 fecit,
652 1351 912 1413 quantum
959 1341 1133 1396 facere
1167 1355 1262 1409 par
1285 1347 1369 1394 est
1397 1353 1538 1403 eam,
1569 1349 1690 1406 quae
1716 1348 1838 1389 cum

228 1435 340 1490 Deo
369 1434 615 1489 habuerit
634 1432 1044 1489 commercium.
1072 1432 1285 1487 Etenim
1334 1439 1684 1501 posteaquam
1715 1442 1840 1482 eum

229 1524 399 1581 fetum
414 1536 696 1596 acceperat
715 1526 875 1588 Deus,
897 1523 1132 1580 reddidit
1151 1523 1226 1578 illi
1245 1523 1475 1577 alterum
1493 1519 1661 1575 illium
1694 1537 1705 1573 :
1733 1518 1842 1573 imo

230 1620 430 1691 potius,
449 1632 555 1672 non
579 1632 763 1681 unum,
784 1631 959 1686 neque
977 1615 1133 1681 duos,
1156 1629 1330 1685 neque
1357 1621 1489 1679 tres,
1514 1625 1687 1680 neque
1708 1625 1841 1677 qua-

235 1720 357 1764 tuor
376 1719 600 1773 tantum,
621 1709 715 1765 sed
739 1708 823 1763 his
843 1707 1014 1762 multo
1032 1706 1236 1776 plures,
1258 1705 1391 1773 Quia
1411 1703 1615 1767 sterilis,
1634 1702 1837 1771 inquit,

229 1801 426 1871 peperit
464 1808 655 1869 septem
686 1798 762 1869 (1.
797 1797 924 1868 Reg.
957 1797 1010 1853 2.
1044 1796 1122 1865 5),
1154 1804 1209 1850 et
1238 1810 1397 1849 usura
1423 1802 1624 1849 sortem
1654 1805 1844 1846 exces-

226 1892 320 1946 sit.
351 1890 495 1946 Talis
526 1890 671 1945 enim
699 1898 781 1944 est
811 1888 1119 1959 negotiatio,
1147 1900 1267 1956 qua:
1305 1900 1428 1939 cum
1460 1883 1570 1938 Deo
1595 1883 1799 1953 geritur
1824 1897 1838 1934 :

230 1996 341 2037 non
371 1980 460 2037 ille
496 1979 1040 2050 quantulamcumque
1076 1976 1239 2031 sortis
1268 1984 1495 2045 partem,
1522 1971 1617 2028 sed
1661 1971 1845 2027 multis

229 2072 473 2143 partibus
520 2069 951 2141 conduplicatam
999 2068 1193 2124 reddit.
1243 2067 1427 2138 Neque
1472 2066 1651 2121 solum
1696 2064 1845 2120 dedit

230 2166 310 2222 illi
345 2166 520 2235 proles
575 2165 852 2228 femineas,
876 2161 970 2218 sed
999 2177 1065 2217 ex
1098 2170 1325 2230 utroque
1364 2173 1497 2214 sexu
1537 2157 1745 2212 lucrum
1772 2156 1839 2210 il-

228 2258 335 2314 lius
376 2258 689 2321 cumulavit,
723 2266 781 2310 ut
804 2254 881 2309 illi
929 2254 1041 2325 jam
1078 2250 1376 2323 perfectum
1403 2249 1692 2321 contigerit
1715 2263 1845 2320 gau-

230 2353 405 2409 dium.
457 2352 584 2407 Haec
611 2365 678 2407 eo
706 2362 1094 2414 commemoro,
1126 2362 1231 2401 non
1259 2353 1319 2401 ut
1341 2344 1571 2401 laudetis
1613 2352 1842 2410 tantum,

232 2444 331 2500 sed
360 2453 415 2499 et
440 2442 767 2499 aunulemiui
789 2442 807 2474 ⁸
841 2440 1001 2510 hujus
1044 2438 1284 2495 mulieris
1325 2437 1485 2493 ﬁdem
1516 2452 1580 2493 ac
1605 2437 1843 2493 toleran-

230 2535 385 2601 tiatn,
419 2546 579 2605 quam
609 2548 677 2588 ex
710 2539 859 2602 parte
899 2529 1116 2602 quidem
1147 2529 1373 2585 audistis
1422 2544 1627 2598 nuper;
1656 2542 1847 2583 verum

231 2635 286 2680 ut
320 2624 573 2695 reliquias
601 2622 991 2694 persolvamus,
1023 2621 1302 2676 concedite
1332 2620 1463 2674 mihi
1494 2634 1659 2689 pauca
1688 2632 1847 2675 com-

239 2731 548 2773 memorare
565 2714 634 2771 de
662 2715 1004 2771 sermonibus
1048 2721 1169 2783 post
1213 2712 1439 2784 primam
1482 2712 1843 2782 precationem

232 2825 362 2866 cum
386 2808 668 2865 sacerdote
711 2807 937 2879 ejusque
984 2808 1233 2862 ministro
1280 2806 1510 2869 habitis,
1544 2812 1602 2859 ut
1640 2805 1847 2874 perspi-

230 2900 391 2958 ciatis
416 2899 604 2958 mitem
635 2913 702 2955 ac
730 2897 998 2970 placidum
1030 2897 1191 2967 hujus
1218 2895 1458 2951 mulieris
1484 2895 1747 2949 animum.
1777 2892 1845 2949 Et

232 2994 431 3063 factum
471 3001 563 3058 est,
603 2991 796 3062 inquit,
842 3006 958 3045 cum
1005 2988 1375 3059 multiplicant
1422 2987 1762 3058 precationem
1791 2985 1848 3040 in

230 3091 508 3155 conspectu
550 3082 782 3151 Domini,
832 3080 956 3137 Heli
996 3079 1234 3138 sacerdos
1281 3079 1576 3136 observabat
1610 3095 1668 3135 os
1708 3078 1850 3135 illius

235 3174 403 3247 (Ibid.
436 3174 631 3247 1.12).

306 3266 582 3340 Duplicem
604 3268 771 3323 Anna:
804 3268 1041 3323 virtutem
1081 3264 1282 3321 laudat.
1310 3263 1533 3321 Assidue
1572 3263 1844 3320 ormadum.

231 3357 608 3416 —Geminam
671 3359 905 3429 scriptor
948 3357 1035 3415 hic
1086 3358 1343 3414 virtutem
1391 3358 1447 3414 in
1493 3358 1693 3413 femina
1747 3371 1850 3413 suo

233 3450 549 3508 testimonio
572 3450 943 3524 comprobavit
971 3468 985 3505 :
1019 3452 1071 3506 in
1098 3450 1351 3522 precibus
1393 3450 1760 3506 assiduitatem
1797 3459 1853 3506 et

233 3542 409 3598 animi
452 3541 821 3614 vigilantiam:
853 3542 1000 3598 illam
1043 3541 1283 3613 quidem,
1309 3556 1433 3597 cum
1461 3542 1555 3609 ait,
1589 3540 1852 3612 llultipli-

231 3633 369 3690 (πει
396 3650 416 3700 ;
445 3632 603 3701 hanc,
626 3648 749 3690 cum
789 3631 1027 3699 addidit,
1060 3631 1127 3687 In
1147 3642 1420 3703 conspectu
1448 3631 1701 3688 Domini:
1726 3648 1850 3689 nam

231 3738 432 3783 omnes
451 3724 666 3797 quidem
713 3740 955 3793 oramus,
983 3724 1079 3781 sed
1107 3739 1217 3781 non
1262 3738 1455 3781 omnes
1480 3726 1534 3782 in
1559 3734 1851 3796 conspectu

234 3815 359 3873 Dei.
408 3815 618 3873 Etenim
656 3831 779 3872 cum
814 3830 1044 3886 corpore
1074 3815 1127 3871 in
1160 3824 1300 3872 terra
1336 3826 1625 3887 prostrato,
1656 3827 1712 3874 et
1757 3832 1854 3873 ore

235 3916 447 3964 temere
488 3907 772 3973 delirante,
812 3923 966 3963 mens
991 3908 1187 3979 ubique
1210 3922 1306 3979 per
1334 3908 1557 3964 domum
1584 3924 1648 3965 ac
1677 3908 1851 3964 lorum

234 4000 667 4071 circumvagatur
696 4019 710 4056 :
742 4014 851 4071 quo
870 4015 964 4056 ore
990 4000 1113 4055 talis
1137 4009 1324 4069 posset
1340 3999 1545 4067 dicere,
1568 4002 1711 4072 quod
1731 4016 1854 4057 ora-

235 4093 378 4148 verit
398 4093 451 4147 in
468 4100 759 4164 conspectu
779 4092 911 4147 Dei?
931 4090 1069 4146 Nam
1085 4091 1137 4146 in
1150 4100 1441 4162 conspectu
1466 4092 1676 4147 Domini
1710 4102 1850 4160 orat,

234 4184 335 4255 qui
356 4191 476 4239 orat
498 4183 734 4256 undique
751 4183 1014 4253 colligens
1033 4197 1185 4238 suam
1206 4190 1463 4247 mentem,
1484 4182 1618 4238 nihil
1648 4184 1853 4240 habens

234 4291 367 4333 cum
389 4285 526 4332 terra
554 4276 888 4341 commercii,
904 4274 1000 4331 sed
1024 4274 1092 4331 ad
1113 4266 1288 4348 ipsum
1309 4277 1500 4332 caelum
1514 4279 1536 4312 ι
1557 4286 1701 4332 totus
1714 4292 1858 4333 com-

235 4370 500 4442 migrans,
522 4368 666 4425 omni
683 4366 1007 4439 cogitatione
1040 4365 1275 4422 humana
1290 4367 1360 4423 ab
1375 4368 1556 4424 animo
1576 4368 1801 4438 depulsa
1827 4386 1840 4423 :

240 4461 707 4537 quemadmodum
732 4461 787 4517 id
810 4459 1069 4531 temporis
1096 4461 1215 4516 hac
1242 4461 1369 4517 fecit
1414 4462 1610 4518 mulier
1642 4480 1655 4518 :
1684 4470 1853 4518 totam

239 4559 393 4615 enim
417 4571 538 4613 sese
564 4554 854 4626 collegerat
880 4567 945 4609 ac
974 4561 1210 4609 mentem
1252 4553 1577 4622 intenderat,
1599 4564 1760 4626 atque
1780 4554 1853 4611 ita

241 4651 418 4707 Deum
460 4646 729 4704 invocavit
773 4643 956 4700 animo
993 4642 1229 4702 dolente.
1272 4644 1381 4701 Sed
1407 4661 1505 4702 cur
1548 4646 1853 4713 dicit,cam

241 4741 633 4812 multiplicum
666 4736 1050 4810 precationem,
1066 4734 1282 4807 quando
1308 4738 1532 4809 exiguus
1555 4749 1639 4794 est
1663 4738 1855 4795 modus

241 4832 765 4907 precationis,quam
792 4828 929 4885 fudit
953 4826 1181 4883 mulier?
1204 4826 1390 4899 Neque
1412 4830 1465 4884 iu
1488 4830 1705 4901 longum
1728 4846 1856 4903 pro-

240 4925 399 4981 duxit
422 4937 750 4990 semonem,
770 4934 946 4991 neque
974 4918 1027 4973 in
1058 4918 1286 4973 multum
1306 4921 1565 4991 temporis
1578 4921 1856 4978 extendit‘

240 5013 689 5085 supplicationem
709 5053 726 5080 ,
757 5010 854 5068 sed
881 5021 1049 5080 pauca
1083 5007 1333 5080 nudaque
1347 5010 1509 5067 verba
1537 5012 1857 5083 proloquuta

241 5115 349 5162 est.
379 5105 586 5161 About
616 5117 815 5160 nouns
834 5102 970 5159 Etet
1012 5111 1276 5172 ssnon,
1302 5103 1346 5157 si
1370 5101 1647 5174 respiciens
1686 5118 1857 5174 respe-

240 5198 385 5255 uris
412 5197 482 5252 ad
500 5197 838 5252 hunsilisstem
877 5198 1084 5254 ancilla
1126 5209 1228 5253 tutu
1247 5238 1262 5264 ,
1298 5198 1495 5268 meique
1524 5212 1717 5251 memor
1738 5196 1855 5266 [ue-

243 5291 341 5355 ris,
369 5304 461 5344 nec
476 5289 662 5344 oblitus
679 5288 890 5346 ancillis
908 5299 1029 5359 tua,
1057 5288 1356 5361 dederimus
1379 5287 1586 5343 ancilla
1600 5296 1702 5343 tua
1735 5304 1858 5360 pro-

246 5383 349 5440 lem
393 5380 942 5451 mummium
983 5382 1131 5439 illam
1157 5382 1292 5437 dono
1329 5381 1384 5436 in
1412 5390 1684 5450 conspectu
1725 5390 1853 5449 tuo,

244 5493 406 5550 usque
462 5476 534 5531 ad
568 5476 705 5533 diem
742 5476 921 5532 mortis
964 5476 1148 5549 ipsius.
1193 5474 1381 5531 Vinum
1404 5486 1451 5530 st
1491 5474 1738 5546 quidquid
1768 5475 1857 5529 in-

311 5616 331 5646 ·
367 5618 485 5675 neg.
509 5610 703 5663 etoolb.
728 5611 1013 5674 duo,norrut
1032 5609 1287 5663 laudem
1307 5617 1509 5676 tantum,
1529 5608 1620 5662 sed
1640 5616 1857 5663 etm-

174 5691 181 5699 '
244 5674 424 5732 temur,
442 5674 549 5724 etc.

312 5738 335 5800 ξ
367 5743 486 5800 vox,
513 5734 709 5800 egebant,
728 5734 876 5786 deest
898 5736 950 5786 in
970 5734 1184 5800 Colb.__et
1204 5742 1324 5800 Reg.

313 5798 440 5868 {sic
472 5793 756 5868 numnum,
784 5804 838 5849 et
860 5803 998 5862 αρε..
1024 5797 1204 5849 melius
1233 5793 1381 5864 quam
1400 5795 1545 5849 Savll.
1581 5802 1638 5849 et
1665 5793 1855 5861 lardo.

238 5862 327 5917 ‘lut
352 5859 565 5915 habent.
586 5858 778 5922 abiecit.

1557 392 1644 449 DE
1684 390 1867 448 ANNA
1908 388 2140 447 SERMO
2165 388 2232 446 ιι.

3462 390 3570 447 618

1948 506 2109 562 ebria:
2134 524 2236 562 non
2261 506 2411 571 bibet,
2442 516 2489 561 et
2515 506 2705 575 ferrum
2726 520 2841 559 nou
2854 504 3091 560 ascendet
3102 519 3255 575 super
3279 511 3433 575 caput
3445 502 3568 574 ejus

1947 599 2024 671 (l.
2050 598 2182 671 Reg.
2233 600 2283 654 1.
2322 599 2434 670 11).
2471 598 2603 668 Quae
2647 608 2731 653 est
2770 598 2856 653 hic
2899 598 3187 654 verborum
3238 594 3569 653 multitudo?

1946 691 2087 761 Quid
2126 692 2287 763 igitur
2335 693 2529 757 innuit,
2559 707 2681 747 cum
2724 692 2819 757 ait,
2851 690 3251 761 Multiplicavit.’
3287 689 3414 745 Haec
3462 686 3572 743 frc—

1946 792 2176 855 quenter
2220 782 2451 850 dicebat,
2500 799 2601 841 nec
2626 783 2832 839 destitit
2857 782 3048 838 iisdem
3090 782 3272 838 verbis
3312 780 3572 836 iteraudis

1951 878 2180 933 multum
2223 878 2482 949 temporis
2523 878 2830 933 absumere.
2858 876 2936 933 Ita
2962 885 3017 932 et
3044 869 3302 927 Christus
3322 870 3377 925 in
3396 867 3571 927 Evan-

1947 968 2087 1039 gelio
2112 969 2294 1024 docuit
2319 984 2496 1025 orare.
2531 968 2668 1025 Cum
2700 968 2843 1025 enim
2867 968 3122 1039 iussisset
3165 965 3465 1039 discipulis,
3501 978 3571 1019 ne

1948 1076 2099 1117 more
2142 1062 2419 1132 gentilium
2465 1073 2703 1129 orarent,
2736 1069 2950 1118 utentes
2997 1059 3357 1130 multiloquio,
3403 1056 3569 1113 etiam

1922 1152 2166 1209 modum
2193 1154 2516 1223 precationis
2536 1153 2716 1209 docuit
2738 1151 2956 1223 (Matth.
2976 1151 3030 1205 6.
3058 1150 3134 1219 7):
3162 1148 3477 1213 ostendens,
3510 1156 3569 1202 ut
3620 1202 3622 1205 ,

1946 1244 2303 1299 exaudiamur
2350 1260 2459 1299 non
2519 1259 2641 1301 esse
2690 1244 2851 1298 situm
2894 1243 2945 1297 in
2990 1240 3281 1297 verborum
3329 1238 3571 1294 multituo

1948 1335 2095 1402 dine,
2145 1334 2241 1390 sed
2262 1335 2315 1389 in
2340 1336 2614 1407 vigilantia
2640 1335 2857 1390 mentis.
2887 1331 3169 1400 Quomodo
3207 1330 3387 1401 igitur,
3420 1328 3573 1384 dixe-

1950 1426 2022 1481 rit
2066 1424 2297 1496 aliquis,
2346 1428 2390 1482 si
2432 1428 2618 1497 paucis
2667 1424 2934 1482 orandum
2974 1432 3087 1489 est,
3136 1421 3447 1494 parabolam
3490 1422 3571 1475 eis

1950 1521 2248 1591 proposuit,
2293 1520 2676 1575 admonentem
2711 1534 2929 1589 semper
2973 1533 3095 1574 esse
3132 1517 3437 1573 orandum“!
3470 1515 3559 1570 Vi-

1949 1614 2051 1668 dua
2094 1613 2340 1683 quaedam
2385 1623 2539 1679 erat,
2580 1629 2701 1684 quae
2748 1612 2966 1668 assidue
3019 1610 3343 1682 appellando
3367 1609 3566 1665 crude-

1950 1704 2057 1760 lem
2104 1714 2159 1759 et
2180 1704 2533 1759 inhumanum
2570 1704 2827 1775 judicem,
2853 1718 3027 1773 neque
3068 1703 3236 1758 Deum
3266 1702 3568 1769 timentem,

1950 1811 2125 1867 neque
2165 1796 2415 1851 homines
2439 1805 2799 1863 reverentem,
2835 1795 3146 1865 frequenter
3188 1794 3378 1851 adiens
3416 1792 3565 1849 ﬂexit

1950 1885 2105 1956 (Luc.
2131 1887 2217 1943 18.
2240 1886 2388 1961 3-5).
2403 1887 2687 1956 Quomodo
2703 1902 2802 1943 nos
2816 1897 2870 1942 et
2888 1886 3084 1941 Paulus
3096 1887 3345 1941 hortatur
3359 1884 3568 1951 dicens,

1951 1979 2246 2037 Precationi
2287 1983 2533 2038 instantes
2560 1980 2744 2050 (Rom.
2778 1978 2865 2035 12.
2902 1978 3013 2051 12),
3037 1993 3101 2033 ac
3131 1992 3335 2041 rursus,
3364 1975 3571 2032 [adesi-

1950 2082 2127 2127 nenter
2150 2084 2293 2127 orate
2313 2074 2390 2142 (1.
2415 2071 2594 2127 Thess.
2622 2072 2675 2127 5.
2702 2069 2791 2141 17)
2814 2072 2835 2123 'I
2855 2068 2990 2125 Nam
3007 2070 3052 2125 si
3082 2068 3245 2124 verba
3260 2069 3503 2140 proferre
3518 2069 3573 2123 in

1951 2164 2172 2235 longum
2202 2179 2310 2220 non
2337 2172 2575 2233 oportet,
2592 2170 2646 2218 et
2668 2170 2851 2217 tamen
2875 2160 3091 2217 assidue
3116 2176 3292 2226 orare,
3320 2160 3421 2215 hoc
3446 2175 3575 2216 cum

1954 2258 2046 2312 illo
2089 2265 2308 2327 pugnat.
2357 2256 2475 2312 Non
2520 2253 2665 2313 inter
2692 2268 2754 2312 se
2800 2261 3041 2326 pugnant
3086 2254 3216 2319 ista;
3262 2255 3442 2310 absit:
3476 2253 3574 2310 sed

1951 2367 2279 2422 magnopere
2324 2352 2465 2407 inter
2495 2366 2555 2407 se
2585 2359 2913 2421 congruunt.
2937 2346 3213 2420 Siquidem
3244 2358 3299 2404 et
3324 2347 3575 2404 Christus

1950 2450 2006 2498 et
2030 2444 2226 2497 Paulus
2245 2442 2409 2514 jussit
2438 2443 2651 2509 breves,
2677 2441 2771 2497 sed
2805 2439 3027 2497 crebras
3071 2439 3188 2495 ﬂeri
3234 2437 3577 2511 precationes

1949 2548 2016 2589 ex
2065 2534 2255 2605 paucis
2292 2533 2608 2590 intervallis.
2655 2530 2794 2589 Nam
2838 2529 2885 2588 si
2909 2533 2961 2587 in
2999 2533 3225 2603 longum
3259 2531 3576 2589 extenderis

1953 2626 2141 2692 verba,
2172 2640 2296 2685 cum
2345 2626 2658 2698 frequenter
2701 2641 2891 2697 parum
2931 2626 3011 2681 sis
3058 2635 3317 2691 attentus,
3349 2627 3576 2684 multant

1951 2716 2229 2772 audaciam
2255 2717 2471 2773 diabolo
2496 2717 2871 2788 suppeditasti,
2897 2729 2949 2773 ut
2980 2717 3205 2773 accedat
3229 2719 3567 2789 supplantat-

1951 2824 2075 2880 que,
2106 2824 2170 2865 ac
2194 2821 2428 2865 mentem
2450 2810 2520 2864 ab
2550 2810 2615 2865 iis
2639 2825 2761 2880 quae
2780 2809 3034 2865 dicuntur
3079 2819 3273 2865 avocet
3307 2827 3320 2864 :
3350 2810 3495 2882 quod
3521 2811 3571 2867 si

1953 2902 2261 2971 frequenter
2276 2919 2339 2959 ac
2368 2902 2596 2960 subinde
2620 2902 2885 2969 oraveris,
2917 2910 3130 2973 tempus
3176 2918 3339 2959 omne
3366 2902 3578 2960 crebris

1952 2994 2213 3053 dirimens
2241 2995 2556 3062 intervallis,
2586 2994 2741 3051 facile
2778 2995 2981 3065 poteris
3010 3010 3132 3051 esse
3161 2996 3375 3050 sobrius
3400 3010 3466 3051 ac
3492 2996 3575 3051 vi-

1954 3087 2129 3157 gilans
2158 3128 2171 3151 ,
2213 3096 2272 3141 ut
2308 3088 2677 3157 precationem
2721 3087 2892 3140 multa
2939 3102 3061 3141 cum
3102 3086 3402 3142 attentione
3444 3101 3578 3157 per-

1958 3180 2131 3235 ticias.
2162 3179 2315 3246 Quod
2365 3192 2496 3234 sane
2536 3175 2653 3233 haec
2701 3177 2865 3241 fecit,
2913 3176 3041 3230 dum
3092 3191 3201 3231 non
3251 3176 3412 3247 longo
3454 3193 3577 3233 scr-

1955 3287 2138 3340 mnne,
2154 3271 2251 3328 scd
2280 3270 2485 3327 crebris
2506 3284 2570 3325 ac
2592 3267 2962 3339 frequentibus
2988 3268 3238 3339 precibus
3255 3268 3390 3325 adiit
3408 3268 3579 3327 Deum

1955 3363 2033 3437 (l.
2066 3362 2197 3436 Reg.
2232 3364 2283 3417 1.
2314 3361 2404 3417 12.
2438 3361 2553 3432 13).
2589 3359 2795 3417 Deinde
2826 3368 3177 3431 posteaquam
3217 3360 3471 3417 sacerdos
3499 3361 3577 3419 illi

1954 3455 2182 3512 occlusit
2209 3471 2272 3510 os
2303 3472 2317 3509 :
2347 3470 2472 3509 nam
2499 3453 2601 3509 hoc
2617 3462 2701 3509 est
2724 3452 2869 3524 quod
2897 3452 2994 3521 ait,
3026 3450 3337 3507 Obseruabat
3362 3469 3419 3509 os
3442 3454 3576 3525 ejus,

1956 3560 2002 3604 et
2032 3548 2168 3604 labia
2195 3549 2304 3619 ejus
2329 3548 2676 3614 movebantur,
2707 3562 2806 3601 vos:
2831 3553 2999 3599 autent
3037 3544 3177 3601 illius
3205 3560 3307 3599 non
3331 3545 3581 3600 audieba-

1958 3651 2041 3695 tur
2073 3649 2301 3695 :eoacta
2341 3646 2426 3695 est
2465 3637 2687 3694 obedire
2732 3635 3022 3699 sacerdoti,
3050 3643 3105 3690 et
3132 3634 3203 3690 ab
3244 3636 3453 3692 orando
3481 3637 3579 3693 de-
3680 3673 3688 3682 -

1956 3730 2169 3786 sistere.
2199 3729 2267 3785 Et
2291 3744 2395 3784 vox
2437 3728 2657 3799 quidem
2687 3726 2763 3782 illi
2814 3727 3103 3781 interclusa
3144 3733 3248 3793 est,
3275 3734 3330 3781 at
3356 3742 3464 3782 non
3492 3737 3579 3782 est

1957 3822 2171 3879 exclusa
2204 3821 2417 3885 ﬁducia,
2451 3819 2547 3876 sed
2583 3820 2957 3876 vehementius
2982 3818 3150 3875 etiam
3179 3834 3275 3875 cor
3303 3821 3575 3877 clamabat

1959 3914 2123 3969 intus.
2152 3911 2289 3969 Nam
2316 3912 2402 3967 illa
2430 3911 2771 3982 potissimum
2796 3920 2881 3966 est
2909 3912 3169 3980 precatio,
3204 3925 3329 3967 cum
3352 3913 3422 3967 ab
3448 3914 3577 3968 iuti-

1958 4004 2063 4060 mis
2088 4016 2249 4058 voces
2268 4016 2486 4058 sursum
2515 4000 2756 4056 teruntur
2788 4018 2801 4055 :
2835 4000 2938 4055 hoc
2967 4001 3235 4072 praecipue
3269 4001 3467 4058 mentis
3492 4014 3579 4060 est

1959 4094 2289 4162 exercitum,
2319 4109 2427 4149 non
2455 4094 2755 4149 intentione
2801 4092 2969 4160 vocis,
3004 4093 3099 4149 sed
3152 4094 3317 4148 animi
3361 4095 3577 4153 fervore

1960 4188 2335 4259 precationem
2364 4185 2667 4241 absolvere.

2031 4279 2087 4335 5.
2108 4278 2199 4335 Sic
2221 4279 2394 4332 oravit
2423 4285 2480 4332 et
2508 4276 2684 4331 Moses
2724 4294 2738 4331 :
2768 4276 2858 4346 qui
2887 4290 3013 4331 cum
3037 4276 3168 4331 nihil
3194 4292 3323 4333 voce
3350 4294 3576 4336 resona-

1961 4380 2064 4438 ret,
2096 4370 2239 4425 Deus
2279 4381 2480 4436 tamen,
2522 4367 2683 4435 Quid,
2707 4368 2901 4439 inquit,
2944 4369 3141 4423 clamas
3177 4370 3248 4425 ad
3272 4370 3574 4445 me(Exod.

1962 4466 2051 4520 14.
2083 4463 2202 4533 15)?
2232 4463 2487 4520 Boutines
2526 4462 2743 4535 quidem
2764 4473 3046 4519 externam
3073 4463 3213 4521 hanc
3238 4480 3428 4523 vocem
3459 4477 3580 4523 tau-

1962 4566 2075 4613 tum
2100 4556 2347 4623 audiunt,
2371 4564 2429 4611 at
2457 4558 2596 4612 Deus
2621 4564 2677 4612 ct
2701 4567 2827 4612 ante
2867 4557 3007 4613 hanc
3051 4558 3195 4615 intus
3222 4559 3580 4619 inclamantes

1959 4646 2129 4705 audit.
2166 4646 2350 4719 Itaque
2394 4646 2511 4703 ﬁeri
2544 4654 2741 4717 potest,
2775 4654 2833 4702 ut
2876 4648 3038 4702 etiam
3085 4647 3178 4719 qui
3205 4663 3314 4706 non
3338 4650 3577 4710 clamant

1961 4739 2270 4806 audiantur,
2298 4747 2358 4794 ut
2391 4752 2487 4809 per
2537 4737 2713 4794 forum
2738 4737 3024 4797 ambulans
3051 4738 3175 4811 quis
3203 4750 3325 4798 oret
3351 4758 3576 4799 accura-

1962 4831 2192 4900 tissime,
2219 4840 2277 4888 et
2300 4830 2354 4887 in
2381 4846 2642 4889 consessu
2692 4831 2988 4888 amicorum
3036 4832 3377 4907 aliorumque
3420 4837 3579 4909 quid.

1962 4923 2047 4980 vis
2072 4921 2217 4979 aliud
2242 4936 2407 4995 agens
2432 4922 2738 4979 vehementi
2760 4922 3000 4981 clamore
3024 4922 3241 4981 invocet
3263 4926 3454 4996 Deum,
3474 4929 3579 4988 cla-

1962 5028 2137 5083 more,
2170 5014 2421 5087 inquam,
2440 5014 2674 5080 interno,
2707 5013 2922 5070 etiamsi
2960 5014 3093 5070 nihil
3139 5014 3321 5086 faciat,
3361 5020 3506 5091 quod
3546 5038 3579 5079 a

1960 5120 2231 5179 (ιυοιιιιτιιη
2260 5104 2609 5177 pmsentium
2654 5104 2939 5161 sentiatur.
2970 5104 3127 5176 Quod
3153 5121 3288 5164 sane
3316 5118 3432 5166 tum
3462 5111 3582 5171 ικυο

1962 5198 2089 5254 fecit
2133 5195 2351 5253 mulier.
2414 5194 2547 5261 Vos,
2578 5196 2772 5267 inquit,
2820 5195 2965 5253 illius
3008 5213 3112 5253 non
3155 5199 3499 5267 audiebatur;
3524 5216 3583 5261 ει

1961 5293 2242 5349 exaudivit
2284 5292 2433 5349 illam
2483 5291 2673 5349 Deus:
2706 5301 2888 5347 tantus
2920 5300 3039 5348 erat
3072 5291 3216 5350 illius
3261 5295 3471 5354 clamor
3498 5298 3581 5355 in-

1964 5394 2169 5442 ternus.
2200 5384 2269 5440 Et
2296 5384 2426 5441 dixit
2466 5383 2547 5439 illi
2576 5399 2702 5455 puer
2747 5383 2910 5439 Heli:
2944 5383 3220 5457 Quousque
3255 5389 3358 5443 eris
3402 5391 3582 5447 ebria?

1967 5477 2173 5532 Discite
2198 5477 2372 5531 vinum
2411 5486 2554 5531 tuum
2592 5476 2683 5535 abs
2704 5485 2772 5542 te,
2805 5486 2861 5531 et
2895 5477 3075 5532 recede
3098 5494 3142 5533 α.
3164 5492 3441 5551 conspectu
3473 5483 3582 5539 Do-

1961 5569 2088 5627 mini
2103 5568 2179 5638 (1.
2194 5568 2325 5640 Reg.
2348 5568 2402 5625 1.
2428 5567 2536 5640 14).
2557 5566 2656 5623 llic
2678 5566 3017 5639 potissimum
3042 5567 3171 5626 licet
3198 5569 3360 5642 hujus
3384 5573 3583 5632 mulie-

1962 5662 2038 5718 ris
2056 5661 2448 5733 philosophiam
2472 5660 2794 5733 perspicere.
2814 5659 2969 5715 Domi
2985 5661 3347 5733 exprobrabat
3360 5668 3579 5737 aemula;

1962 5755 2113 5811 venit
2138 5754 2189 5808 iu
2212 5753 2496 5825 templum,
2514 5762 2571 5809 et
2589 5750 2889 5809 sacerdotis
2912 5767 3047 5823 puer
3083 5754 3251 5809 allicit
3273 5755 3421 5813 illam
3439 5772 3582 5817 cou-

1960 5840 2209 5909 tumelia.
2234 5855 2289 5905 ct
2318 5848 2560 5918 increpat
2602 5845 2719 5918 ipse
2759 5845 3034 5905 sacerdos.
3076 5844 3351 5921 Elii-gerat
3388 5848 3580 5909 domo.
