4178 6330
269 360 375 422 649

272 478 411 535 nias
444 468 732 544 propheta,
773 462 1064 524 mercedem
1105 452 1371 527 propheta:
1651 441 1870 544 (Diruta.

1581 326 1673 386 DE
1710 321 1902 384 ANNA
1938 314 2175 378 SERIO
2210 314 2285 374 ιι.

3489 299 3598 357 650

1989 430 2309 492 scim—Nos
2324 436 2535 495 contra.
2552 425 2605 485 si
2622 422 2840 499 quando
2855 419 3114 481 conviciis
3130 418 3456 493 appetimur,
3472 432 3599 475 eum

271 509 943 635 ῧῗυιῖἱῖνξῖᾶἰὲνᾶἷ
965 509 1149 605 ,ξωυς
1176 509 1423 603 ίίῖηίοαη
1466 509 1576 596 νὴ.
1613 509 1877 610 judicium
1982 532 2266 599 oporteret
2292 533 2559 579 excusare
2598 526 2656 575 et
2694 517 2751 621 in
2785 515 3013 587 gratiam
3037 511 3257 635 .reti'ire,
3299 509 3605 635 excitam:

1246 635 1319 693 de
1353 641 1569 724 patrum
1612 600 1741 685 vita.
1986 616 2318 721 incendium,
2340 627 2405 724 ac
2432 615 2669 724 terarum
2706 608 2769 724 il:
2799 621 3010 724 morem
3037 602 3303 724 ingligms
3326 601 3381 657 in
3409 600 3602 658 comi.

271 806 561 892 mulierem
605 824 884 898 oportet),
929 820 1372 891 quotiescumque
1396 810 1640 869 convicia
1663 806 1882 898 excelso

270 875 1062 982 'muitortun
1089 875 1245 965 nobis
1285 875 1556 960 bonorum
1581 913 1799 955 causam
1827 895 1880 951 id
1988 892 2396 949 conﬁrmamus.
2420 886 2554 944 Nam
2579 888 2624 942 si
2655 885 2807 956 cupis
2835 880 3286 954 exprobrantibus
3314 875 3606 935 ostendere

269 1016 419 1082 ﬁeri,
463 1024 750 1085 possumus
794 1017 850 1063 et
888 1005 987 1075 ipsi
1033 1001 1137 1059 Job
1160 1013 1386 1055 eernere
1425 994 1735 1065 contigisse.
1780 989 1887 1085 Ne-

267 1079 563 1178 que—enim
602 1104 753 1157 illum
800 1096 1022 1169 perinde
1055 1094 1243 1155 miror,
1290 1088 1604 1160 priusquam
1648 1079 1885 1138 essetab

276 1172 452 1256 uxore
503 1197 807 1267 instigatus,
857 1198 917 1245 ut
965 1196 1088 1260 post
1124 1183 1253 1240 illud
1304 1179 1664 1252 perniciosum
1699 1172 1887 1230 consi-

277 1296 434 1350 lium.
458 1291 655 1346 Verum
678 1301 745 1341 ne
772 1284 860 1340 cui
889 1281 1137 1337 videatur
1169 1271 1481 1331 incredibile
1515 1267 1657 1341 quod
1685 1280 1883 1321 narro:

276 1385 596 1454 frequenter
636 1392 773 1449 quos
817 1374 933 1444 ipsa
976 1383 1158 1426 rerum
1208 1375 1399 1421 natura
1448 1375 1555 1417 non
1599 1355 1885 1421 subvertit,

238 1534 241 1537 ,
279 1451 510 1530 verbum
525 1478 884 1538 corruptaque
900 1458 1203 1517 exhortatio
1224 1454 1439 1511 devicit.
1459 1451 1613 1520 Quod
1635 1462 1761 1504 cum
1782 1460 1887 1538 non

283 1568 560 1636 ignoraret
588 1537 849 1621 diabolus,
890 1562 1012 1625 post
1050 1549 1311 1605 inllictum
1340 1545 1557 1607 vulnus,
1589 1551 1646 1596 ut
1674 1537 1890 1609 experi-

287 1629 459 1720 retur,
489 1654 651 1709 etiam
678 1663 776 1719 per
800 1659 1076 1701 sermones
1105 1640 1227 1696 fecit
1249 1636 1536 1697 insultum;
1564 1631 1704 1701 quod
1728 1629 1894 1686 etiam

289 1747 422 1804 fecit
450 1745 504 1799 in
545 1740 763 1797 Davide.
799 1724 1152 1804 Pesteaquam
1183 1730 1329 1785 enim
1362 1726 1496 1781 vidit
1542 1722 1692 1778 illum
1726 1734 1897 1791 gene-

288 1853 419 1895 rose
455 1836 640 1891 tulisse
680 1831 773 1886 lilii
803 1827 1172 1892 rebellionem,
1202 1832 1257 1876 et
1280 1821 1494 1890 impiam
1523 1817 1670 1871 illam
1710 1824 1895 1885 tyran-

293 1929 496 1990 nidem,
518 1924 708 1980 volens
735 1920 1079 1991 supplantare
1108 1912 1324 1969 Davidis
1352 1920 1611 1974 mentem,
1640 1915 1801 1974 atque
1828 1901 1897 1956 ad

295 2016 628 2075 iracundiam
656 2026 896 2073 movere,
921 2020 1209 2078 aggressus
1232 2011 1317 2057 est
1350 2002 1501 2055 illum
1544 1993 1899 2052 amarulentis

295 2106 477 2165 Scinei
499 2104 703 2171 verbis,
735 2101 839 2156 hoc
866 2112 1055 2168 agens,
1088 2104 1147 2150 ut
1172 2091 1447 2149 morderet
1467 2089 1709 2143 animum
1734 2085 1896 2139 illius.

298 2199 415 2255 Hoc
445 2198 620 2268 ipsum
646 2203 700 2248 et
744 2193 796 2246 in
841 2191 1057 2246 beatum
1102 2185 1203 2242 Job
1246 2191 1370 2238 astu
1418 2180 1639 2235 molitus
1682 2183 1785 2232 est.
1832 2174 1904 2231 Ut

298 2292 449 2350 enim
491 2285 765 2360 perspexit
792 2293 846 2340 et
895 2282 1046 2337 illum
1074 2292 1171 2333 sua
1198 2274 1450 2332 deridere
1485 2270 1686 2342 jacula,
1726 2282 1903 2337 neque

299 2396 463 2440 aecus
487 2390 647 2449 atque
676 2376 865 2432 turrim
892 2369 1181 2444 quamdam
1220 2365 1621 2422 adamantinam
1644 2361 1909 2415 adversus

299 2474 484 2532 omnia
515 2471 725 2526 fortiter
755 2469 1074 2530 consistere,
1102 2461 1399 2518 obarmavit
1428 2458 1480 2511 in
1506 2470 1630 2510 eum
1660 2466 1905 2518 uxorem,

300 2574 414 2638 quo
444 2564 694 2621 videlicet
718 2576 825 2617 non
866 2568 1015 2616 esset
1047 2562 1357 2626 suspectum
1384 2549 1696 2615 consilium,
1726 2556 1780 2601 et
1809 2558 1906 2599 ve-

308 2673 515 2715 nenum
544 2653 725 2710 verbis
751 2652 964 2707 femina:
983 2647 1138 2712 texit,
1159 2644 1527 2700 calamitatem
1556 2649 1904 2709 exaggerans.

302 2749 458 2819 Quid
482 2747 642 2819 igitur
680 2745 770 2800 ille
795 2739 1205 2814 magnanimus?
1236 2736 1339 2792 Cur
1362 2736 1572 2805 toquuta
1609 2748 1682 2797 es,
1713 2728 1910 2799 inquit”,

304 2841 443 2895 sicut
464 2854 568 2892 tuta
594 2836 658 2891 de
679 2835 849 2890 stultis
877 2829 1219 2887 mulieribus?
1263 2826 1326 2883 Si
1354 2826 1488 2880 bona
1531 2824 1817 2894 accepimus
1846 2821 1911 2875 de

306 2949 467 2987 manu
492 2930 719 2995 Domini,
738 2929 875 2982 male
903 2944 1005 2981 non
1030 2925 1333 2995 excipientes
1354 2919 1474 2992 (Job
1494 2918 1551 2973 2.
1580 2917 1712 2988 10)?
1755 2914 1913 2983 Quod

307 3033 488 3081 autem
516 3024 603 3079 hic
626 3023 776 3089 dicit,
800 3021 941 3075 hunc
964 3032 1181 3075 sensum
1204 3014 1366 3070 habet
1392 3030 1408 3065 :
1430 3012 1486 3067 Si
1510 3026 1616 3066 non
1638 3017 1799 3074 esset,
1832 3008 1915 3062 in-

308 3116 448 3187 quit,
475 3114 751 3176 Dominus,
790 3125 964 3181 neque
1002 3115 1150 3163 tanto
1192 3105 1348 3161 nobis
1395 3101 1771 3165 excellentior,
1816 3099 1914 3155 sed

310 3207 518 3265 amicus
544 3205 736 3277 aliquis
761 3202 873 3275 pari
903 3201 1213 3259 conditione
1238 3215 1251 3252 :
1280 3211 1439 3267 quam
1468 3194 1791 3249 haberemus
1814 3207 1915 3247 ex-

309 3298 666 3360 cusationem,
712 3296 756 3349 si
808 3303 884 3348 tot
914 3292 1181 3361 tantisque
1208 3287 1381 3343 alfecti
1413 3284 1710 3347 beneﬁciis,
1753 3283 1917 3339 etiam

312 3387 601 3443 contrariis
649 3401 770 3442 eum
816 3380 1331 3439 remuneraremur'!
1356 3375 1523 3432 Vides
1550 3382 1607 3429 ut
1632 3375 1717 3428 vir
1747 3373 1916 3429 Deum

313 3478 566 3549 diligens,
588 3491 687 3532 nec
713 3475 934 3531 effertur
956 3472 1158 3537 animo,
1182 3483 1281 3525 nec
1308 3467 1590 3540 gloriatur,
1629 3463 1774 3535 quod
1806 3464 1919 3534 pla-

314 3586 414 3642 gas
428 3570 544 3625 illas
566 3570 849 3624 humanam
872 3577 1114 3621 naturam
1130 3561 1457 3619 excedentes
1477 3558 1689 3614 fortiter
1705 3558 1917 3623 toleret,

318 3676 496 3732 neque
533 3675 643 3715 sua:
684 3658 960 3727 sapientiae
1002 3655 1086 3710 vel
1114 3650 1531 3722 magnanimitati
1564 3649 1779 3704 tribuit‘
1809 3656 1918 3702 tam

319 3754 583 3824 insignem
614 3750 970 3813 tolerantiam,
998 3747 1093 3802 sed
1126 3744 1277 3815 quasi
1306 3740 1544 3797 debitum
1576 3741 1916 3807 exsolvisset,

320 3845 559 3915 nihilque
590 3852 783 3911 praeter
806 3855 1016 3911 aequum
1042 3837 1339 3897 accidisset.
1370 3834 1439 3890 it»:
1465 3842 1684 3889 strenue
1710 3832 1919 3889 mulieri

318 3952 383 3994 os
408 3936 665 3993 occlusit?
690 3933 834 3989 Idem
861 3930 1060 3991 factum
1086 3937 1169 3986 est
1196 3928 1249 3984 in
1277 3927 1380 3983 hac
1406 3925 1651 3981 muliere.
1685 3923 1818 3979 Nam
1846 3924 1920 3979 si-

319 4028 434 4084 mul
461 4037 518 4082 ut
541 4036 755 4082 satanas
781 4023 1053 4096 perspexit
1080 4037 1199 4078 eam
1223 4034 1417 4091 magno
1437 4018 1620 4074 animo
1649 4018 1787 4073 ferre
1811 4024 1924 4072 ste-

319 4121 595 4186 rilitatem,
622 4118 846 4174 immisit
867 4104 1163 4172 sacerdotis
1187 4129 1435 4185 puerum,
1460 4112 1551 4183 qui
1585 4113 1754 4183 magis
1776 4112 1920 4166 illam

319 4212 694 4270 exaeerbaret.
712 4213 782 4266 At
796 4210 924 4265 nihil
946 4209 1136 4263 horum
1158 4207 1350 4263 accidit
1375 4205 1584 4262 mulieri
1608 4222 1621 4258 :
1650 4204 1745 4261 sed
1771 4204 1917 4259 domi

321 4314 508 4374 parata
536 4303 603 4358 ad
638 4300 952 4372 perferenda
982 4298 1285 4366 maledicta,
1326 4297 1640 4369 aemulaque
1665 4296 1924 4352 conviciis

320 4397 641 4461 exercitata,
680 4393 946 4464 intrepide
985 4392 1245 4449 adversus
1275 4389 1539 4461 ejusmodi
1567 4390 1803 4445 assultus
1847 4388 1924 4445 fe.

321 4488 522 4546 rendus
561 4503 621 4544 se
654 4487 987 4557 accingebat.
1024 4486 1360 4556 Quapropter
1389 4486 1439 4538 in
1468 4483 1669 4554 templo
1702 4483 1921 4538 multam

322 4580 573 4651 prmstitit
620 4580 1005 4634 humanitatem
1037 4619 1053 4644 ,
1107 4576 1335 4631 viriliter
1393 4584 1449 4631 et
1506 4589 1699 4645 magno
1744 4575 1925 4630 animo

320 4680 615 4727 scummata
635 4668 930 4740 perferens,
956 4668 1084 4725 dum
1112 4678 1335 4723 vocatur
1356 4667 1644 4722 temulenta
1680 4681 1744 4722 ac
1772 4668 1925 4721 vino-

322 4764 485 4820 lenta.
518 4762 659 4818 Nihil
679 4770 857 4817 autem
880 4770 1021 4817 vetat
1044 4770 1099 4817 et
1124 4760 1242 4830 ipsa
1260 4759 1497 4813 mulieris
1524 4758 1710 4813 audire
1734 4757 1920 4812 verba.

319 4852 453 4909 Cum
479 4853 625 4909 enim
652 4867 789 4923 puer
826 4851 1072 4920 dixisset,
1100 4850 1286 4922 Digere
1325 4851 1497 4904 uinum
1542 4859 1685 4903 tuum
1723 4849 1814 4903 abs
1853 4859 1922 4916 te,

320 4956 368 4999 et
391 4944 569 4999 recede
584 4960 620 4998 ο
636 4953 907 5015 conspectu
934 4941 1144 4998 Domini
1163 4958 1183 4996 :
1199 4942 1458 5011 respondit
1482 4940 1659 5007 Anna,
1683 4948 1731 4993 et
1756 4939 1884 4993 dixit
1905 4955 1925 4994 :

324 5031 687 5105 Nequaquam,
724 5032 928 5087 domine
962 5032 1042 5102 (l.
1075 5031 1203 5103 Reg.
1238 5031 1295 5086 Ι.
1334 5031 1422 5087 Η.
1449 5031 1562 5101 15).
1594 5030 1696 5099 Qui
1730 5037 1925 5085 contu-

324 5125 545 5180 meliose
571 5122 823 5194 loquutus
848 5120 1042 5189 fuerat,
1072 5136 1195 5178 eum
1221 5122 1459 5193 appellat
1481 5120 1776 5176 dominum.
1806 5119 1925 5176 Non

324 5215 457 5271 .txit
482 5213 629 5287 quod
658 5214 906 5285 plerique
927 5213 1105 5270 solent
1130 5214 1395 5278 homines,
1426 5210 1601 5269 lstane
1627 5211 1926 5269 sacerdos?

325 5305 423 5359 ista
448 5305 540 5375 qui
564 5304 700 5361 alios
725 5303 905 5371 docet,
936 5304 1302 5361 temulentiam
1328 5319 1392 5360 ac
1414 5302 1762 5359 vinolentiam
1792 5302 1925 5359 mibi

325 5393 653 5464 exprobrat?
675 5392 770 5450 sed
792 5393 921 5449 illud
948 5396 1244 5466 spectabat,
1270 5396 1540 5467 quomodo
1565 5395 1927 5467 suspicionem

327 5483 637 5553 depelleret,
662 5484 783 5547 licet
807 5484 1021 5541 falsam.

395 5574 451 5633 5.
483 5574 754 5644 Quomodo
779 5576 1008 5647 [erm
1032 5578 1373 5633 contumelia.
1411 5576 1651 5634 Precatio
1679 5579 1749 5634 ad
1786 5596 1927 5638 men-

408 5777 425 5813 '
457 5778 599 5833 Oolb.
624 5792 757 5833 unus
776 5783 832 5829 et
852 5776 1155 5842 lleg.,neque
1173 5777 1489 5849 philosophia;
1508 5776 1693 5828 tribuit.

1992 995 2045 1040 te
2074 998 2193 1039 non-
2225 996 2350 1037 esse
2395 979 2749 1036 temulentum
2774 1018 2791 1043 ,
2836 974 3065 1031 ostende
3110 987 3207 1044 per
3236 968 3607 1027 mansuetudio

1993 1094 2138 1142 nem,
2168 1074 2395 1132 ostende
2413 1089 2513 1147 per
2540 1070 2951 1134 humanitatem,
2980 1081 3088 1122 non
3128 1081 3227 1136 per
3249 1063 3611 1120 contumelias

1994 1180 2050 1227 et
2099 1169 2361 1225 convicia.
2411 1167 2544 1221 Nam
2595 1164 2640 1219 si
2691 1158 3025 1233 percusseris
3062 1173 3188 1213 eum
3225 1156 3318 1227 qui
3357 1164 3414 1213 te
3442 1154 3612 1210 allicit
3690 1156 3734 1171 "

1994 1262 2274 1330 conviciis,
2305 1258 2672 1314 tentulentiam
2710 1264 2856 1310 tuam
2883 1251 3293 1308 condemnaturi
3324 1256 3451 1305 sunt
3493 1263 3613 1303 om-

1998 1372 2129 1420 nes;
2158 1355 2243 1408 sin
2284 1366 2479 1421 magno
2507 1347 2803 1420 pertuleris
2842 1343 3025 1401 animo
3044 1383 3061 1410 ,
3097 1342 3253 1399 lactis
3281 1341 3413 1411 ipsis
3439 1339 3614 1410 depu-

1998 1446 2127 1501 leris
2158 1443 2354 1498 malam
2385 1442 2454 1497 de
2476 1452 2527 1497 te
2552 1440 2912 1509 suspicionem
2945 1455 2959 1491 :
2985 1434 3036 1490 id
3070 1434 3212 1504 quod
3244 1441 3360 1488 tum
3386 1431 3503 1487 lucc
3530 1430 3613 1487 fe-

1999 1538 2074 1592 eit
2104 1537 2315 1591 mulier.
2346 1533 2481 1589 Cum
2520 1533 2663 1588 enim
2702 1530 2926 1595 diceret,
2972 1528 3332 1598 Nequaquam,
3368 1526 3619 1581 domine:

2000 1650 2060 1689 re
2104 1635 2216 1703 ipsa
2261 1629 2586 1693 declaravit,
2634 1626 2824 1681 falsam
2871 1639 2993 1680 esse
3040 1623 3185 1678 illius
3228 1620 3614 1691 suspicionem.

2002 1727 2159 1784 Unde
2188 1736 2365 1782 autem
2398 1724 2501 1778 hoc
2527 1722 2611 1777 vel
2661 1718 2919 1790 suspicari
2958 1718 3130 1789 potuit
3157 1714 3416 1770 sacerdos
3434 1714 3461 1766 ?
3485 1726 3615 1767 nutu

2004 1820 2268 1873 ridentem
2314 1814 2481 1869 vidit?
2525 1828 2651 1866 num
2689 1808 3017 1866 saltantem?
3044 1822 3171 1862 num
3211 1805 3532 1860 titubantem
3562 1810 3622 1858 et

2005 1909 2422 1967 concidentem?
2447 1922 2573 1961 num
2610 1904 2812 1959 audivit
2855 1901 3075 1957 verbum
3124 1898 3439 1954 obscaenum
3463 1935 3478 1960 ,
3525 1903 3622 1950 aut

2007 1999 2310 2058 illiberale?
2349 1998 2501 2055 Unde
2546 1997 2707 2066 igitur
2748 1993 2997 2063 concepit
3034 1992 3172 2046 hanc
3215 1985 3621 2058 suspicionem?

2010 2094 2161 2149 Haud
2192 2093 2285 2147 ille
2314 2090 2529 2162 quidem
2561 2099 2785 2150 temere,
2818 2086 3068 2154 nullaque
3096 2081 3165 2137 de
3192 2095 3394 2145 causa;
3427 2076 3522 2133 sed
3548 2092 3616 2133 ex

2008 2184 2115 2239 diei
2161 2193 2404 2253 tempore
2440 2190 2603 2237 :erat
2647 2179 2791 2233 enim
2837 2174 3095 2231 meridies
3136 2187 3259 2228 eum
3309 2177 3626 2241 precaretur

2012 2274 2129 2331 illa.
2154 2273 2312 2330 Unde
2347 2272 2451 2328 hoc
2480 2270 2682 2341 liquet?
2711 2268 2789 2322 Ex
2817 2267 2881 2323 iis
2910 2280 3031 2337 qua
3076 2264 3253 2319 locum
3297 2261 3442 2316 hunc
3483 2275 3625 2332 prte-

2010 2370 2230 2425 cedunt.
2274 2367 2531 2425 Surrexit.
2569 2366 2760 2435 inquit,
2790 2363 2959 2430 Anna,
2993 2370 3261 2430 postquam
3287 2356 3371 2411 illi
3404 2355 3627 2410 comede-

2011 2472 2129 2516 rant
2170 2471 2217 2515 et
2258 2461 2484 2515 biberant
2512 2460 2566 2512 in
2609 2457 2806 2523 Selom,
2849 2464 2896 2508 et
2945 2461 3060 2523 post
3098 2461 3272 2523 potum
3311 2448 3534 2503 constitit
3571 2449 3628 2503 in

2014 2564 2284 2621 conspectu
2322 2551 2526 2606 Domini
2554 2551 2641 2620 (ι.
2666 2546 2791 2618 Reg.
2825 2547 2879 2602 l.
2902 2544 2983 2617 9).
3009 2542 3232 2600 Viden’?
3261 2540 3413 2610 Quod
3438 2554 3631 2596 omnes

2016 2643 2217 2700 faciunt
2245 2653 2454 2713 tempus
2482 2638 2851 2702 relaxatiunis,
2897 2636 2983 2690 illa
3027 2634 3156 2691 fecit
3201 2629 3415 2702 tempus
3443 2644 3630 2700 preca-

2018 2736 2180 2791 tionis
2210 2753 2225 2788 :
2260 2744 2381 2806 post
2405 2732 2713 2788 convivium
2738 2740 3031 2785 accurrens
3057 2726 3127 2783 ad
3154 2724 3628 2797 supplicationem,

2018 2828 2192 2883 fontes
2232 2828 2590 2895 lacrymarum
2638 2821 2837 2885 emisit,
2881 2828 3230 2889 mentemque
3268 2830 3380 2886 pra:
3413 2830 3477 2870 se
3512 2813 3634 2869 tulit

2018 2918 2253 2973 sobriam
2280 2932 2345 2972 ac
2382 2915 2693 2987 vigilantem
2724 2930 2737 2966 :
2772 2925 2836 2966 ac
2871 2919 2993 2981 post
3028 2910 3219 2980 epulas
3256 2906 3395 2963 adeo
3425 2904 3633 2961 intente

2019 3010 2214 3075 oravit,
2246 3019 2304 3063 ut
2330 3007 2533 3061 donum
2556 3004 2827 3073 acciperet
2855 3016 3017 3070 supra
3052 3008 3323 3064 naturam,
3367 2997 3629 3051 solveret-

2020 3116 2126 3172 que
2153 3098 2518 3163 sterilitatem,
2549 3108 2614 3150 ac
2634 3104 2839 3148 natura:
2867 3089 3290 3145 imbecillitatem
3312 3086 3631 3159 corrigeret.

2025 3194 2138 3247 lloe
2165 3191 2326 3262 igitur
2347 3205 2377 3243 a
2409 3188 2605 3243 femina
2643 3184 2778 3241 lucri
2808 3182 3126 3252 conseqnuti
3155 3194 3363 3248 sumus,
3403 3189 3460 3235 ut
3494 3181 3636 3236 scia-

2022 3298 2144 3341 mus
2170 3291 2224 3339 et
2250 3291 2369 3354 post
2397 3280 2709 3337 convivium
2735 3292 2915 3333 orare.
2962 3274 3216 3346 Quisquis
3240 3275 3386 3330 enim
3419 3273 3488 3330 ad
3531 3274 3636 3332 hoc

2023 3386 2356 3447 praeparatus
2385 3374 2564 3438 fuerit,
2589 3385 2882 3443 numquam
2910 3370 2963 3424 in
2992 3367 3318 3424 ebrietatem
3354 3376 3448 3423 aut
3475 3368 3634 3425 vino-

2024 3468 2245 3524 lentiam
2273 3465 2493 3529 incidet,
2526 3455 2815 3533 numquam
2842 3459 3058 3531 crapula
3087 3459 3454 3528 disrumpetur
3488 3476 3502 3512 :
3534 3460 3632 3516 sed

2025 3560 2275 3631 quoniam
2303 3554 2761 3627 exspectationem
2792 3552 3115 3623 precationis
3158 3549 3321 3605 habet
3347 3564 3446 3621 pro
3482 3549 3639 3606 freno

2026 3651 2331 3723 impositam
2372 3650 2577 3715 animo,
2620 3646 2981 3703 conveniente
3028 3657 3281 3699 mensura
3308 3644 3535 3713 attinget
3568 3658 3636 3699 ex

2025 3746 2275 3802 omnibus
2302 3760 2423 3815 quae
2450 3742 2647 3798 fuerint
2672 3738 2937 3810 apposita,
2962 3737 3237 3807 multaque
3259 3735 3638 3793 benedictione

2029 3852 2139 3897 tum
2168 3839 2431 3905 animum,
2464 3844 2578 3892 tum
2607 3848 2806 3906 corpus
2840 3833 3102 3904 implebit.
3134 3831 3453 3888 Convivium
3489 3833 3637 3888 enim

2026 3931 2169 4003 quod
2195 3945 2226 3986 a
2272 3929 2583 4000 precatione
2624 3933 2862 3998 ereptum
2908 3925 2964 3979 in
3013 3922 3377 3993 precationem
3418 3921 3640 3992 desiuit,

2028 4040 2319 4097 numquam
2366 4022 2601 4088 deficiet,
2650 4019 2745 4076 sed
2795 4017 2987 4089 quovis
3029 4014 3179 4072 fonte
3224 4014 3444 4070 uberius
3483 4014 3641 4072 nobis

2028 4117 2207 4170 omnia
2227 4113 2435 4170 adferet
2464 4113 2625 4168 bona.
2652 4109 2731 4166 Ne
2766 4109 2927 4180 igitur
2961 4115 3165 4161 tantum
3194 4105 3527 4177 negligantus
3554 4106 3641 4162 lu-

2027 4223 2199 4263 crum.
2226 4206 2532 4263 Absurdum
2558 4204 2701 4260 enim
2730 4201 2912 4264 fuerit,
2936 4204 2981 4256 si
3002 4214 3125 4255 cum
3157 4198 3339 4254 famuli
3369 4199 3563 4266 nostri,
3593 4201 3642 4257 si

2028 4298 2245 4372 quando
2284 4306 2490 4369 partem
2530 4295 2764 4365 aliquam
2805 4306 2994 4350 eorum
3033 4304 3155 4361 que
3198 4289 3354 4345 nobis
3394 4290 3641 4361 apposita

2031 4400 2158 4448 sunt
2194 4389 2521 4461 acceperint,
2556 4386 2714 4443 nobis
2750 4385 2953 4457 gratias
2993 4391 3177 4455 agant,
3205 4380 3453 4454 beneque
3484 4382 3644 4441 nobis

2032 4493 2316 4558 precantes
2346 4482 2542 4539 abeant
2582 4494 2751 4547 :nos,
2796 4492 2919 4534 cum
2966 4484 3045 4531 tot
3088 4475 3359 4546 tantisque
3401 4474 3646 4532 fruamur

2034 4576 2211 4643 bonis,
2245 4587 2313 4630 ne
2338 4573 2441 4629 hoc
2468 4570 2682 4642 quidem
2708 4567 2933 4625 honoris
2956 4567 3067 4621 Deo
3096 4566 3487 4639 persolvamus,
3517 4566 3645 4625 licet

2034 4668 2161 4724 hinc
2189 4667 2408 4722 multam
2436 4665 2607 4719 simus
2620 4660 2961 4732 assequuturi
2978 4659 3347 4715 securitatem.
3370 4654 3477 4717 Ubi
3495 4660 3641 4716 enim

2035 4759 2275 4833 precatio
2303 4766 2359 4814 et
2387 4755 2682 4829 gratiarum
2728 4752 2891 4820 actio,
2919 4766 2989 4809 eo
3016 4751 3186 4807 sancti
3213 4749 3450 4821 Spiritus
3479 4750 3648 4811 advo-

2035 4856 2115 4911 nit
2141 4850 2652 4925 gratiakabiguntur
2678 4846 2975 4912 daemones,
3020 4853 3079 4902 et
3118 4844 3296 4901 omnis
3336 4842 3650 4902 adversaria

2035 4954 2276 5018 potestas
2302 4939 2516 5013 diffugit
2540 4955 2604 4995 ac
2631 4936 2879 4995 discedit.
2929 4936 3033 5005 Qui
3070 4950 3131 4993 se
3158 4950 3523 4992 conversurus
3562 4944 3650 4994 est

2032 5039 2100 5096 ad
2122 5037 2407 5099 orandum,
2436 5050 2546 5091 non
2584 5032 2742 5089 audet
2774 5031 3068 5104 quidquam
3102 5030 3337 5087 absurde
3375 5031 3541 5103 loqui,
3571 5048 3644 5090 ne

2034 5134 2087 5188 in
2114 5130 2292 5187 medio
2316 5127 2532 5199 quidem
2554 5124 2801 5183 convivio
2820 5143 2835 5181 :
2857 5132 2949 5178 aut
2969 5124 3015 5180 si
3040 5122 3293 5196 loquutus
3314 5120 3494 5191 fuerit,
3516 5140 3646 5183 mox

2038 5222 2329 5293 resipiscit.
2358 5217 2593 5276 Proinde
2620 5223 2838 5287 Oportet
2879 5223 2992 5271 tum
3024 5215 3078 5271 in
3107 5214 3282 5283 initio,
3310 5224 3423 5271 tum
3452 5216 3504 5272 in
3537 5215 3648 5275 line

2035 5313 2265 5372 convivii
2294 5314 2497 5384 gratias
2518 5323 2678 5381 agere
2706 5308 2819 5364 Deo
2846 5307 2919 5365 ob
2947 5306 3085 5364 hanc
3111 5307 3382 5379 prtrcipue
3403 5323 3649 5379 causam,

2033 5404 2177 5478 quod
2204 5414 2262 5460 ut
2280 5402 2462 5460 dicere
2488 5415 2786 5473 coeperam,
2815 5397 2961 5455 haud
3004 5399 3159 5455 facile
3196 5399 3548 5469 prolabemur
3590 5400 3649 5457 in

2035 5498 2378 5562 ebrietatem,
2404 5494 2449 5550 si
2477 5507 2579 5549 nos
2604 5492 2754 5563 ipsos
2782 5490 2835 5546 in
2862 5489 3004 5547 hanc
3036 5489 3487 5548 consuetudinem
3516 5505 3653 5549 eou-

2036 5586 2394 5645 stituerimus.
2416 5583 2557 5653 Quin
2596 5581 2643 5638 si
2667 5580 2885 5654 quando
2911 5582 3217 5639 surrexeris
3245 5582 3464 5655 crapula
3492 5592 3653 5655 potn-

2037 5694 2145 5751 que
2167 5688 2445 5751 gravatus,
2472 5690 2541 5732 ne
2565 5674 2646 5732 sic
2668 5672 2885 5745 quidem
2911 5672 3135 5744 abjicias
3158 5672 3606 5731 eonsmtudinctn
3628 5687 3651 5734 :

2040 5769 2138 5831 sed
2161 5769 2409 5845 quamvis
2434 5766 2730 5827 habeamus
2751 5774 3029 5841 gravatum
3049 5774 3230 5839 caput,
3259 5764 3511 5840 quamvis
3528 5779 3657 5824 ver-
