4178 6330
610 401 707 456 651

611 514 778 585 tigine
795 505 1247 566 circumferamur.
1267 508 1322 555 ct
1341 494 1705 557 concidamus,
1730 489 1897 585 nihilo
1923 485 2096 585 set-:ius
2117 490 2198 583 ta-

613 573 738 659 m2.
761 610 992 662 oremus,
1022 608 1136 648 nec
1157 587 1467 647 aboleamus
1502 579 1960 640 consuetudinem.
1987 573 2199 673 Etenim

612 694 658 749 si
688 683 1012 761 pmcedentf
1033 683 1120 740 die
1143 683 1208 738 ad
1237 681 1380 735 hunc
1412 674 1648 731 oraveris
1674 661 2201 764 inod-um,_pos.tridie

612 755 852 848 corriges
879 774 1113 830 dedecus
1156 770 1328 842 pridie
1369 764 1733 822 commissum.
1777 756 2000 825 Quoties
2043 755 2201 848 igitur

613 845 1012 940 prandebimus,
1041 863 1443 921 meminerimus
1483 857 1640 926 hujus
1665 851 1919 911 mulieris.
1963 858 2018 904 et
2059 845 2202 940 illius

614 936 993 1033 lacrymarnm.
1033 970 1132 1011 nec
1172 968 1280 1009 non
1307 949 1575 1021 praeclaras
1598 945 1714 1014 ejus
1741 941 2032 1033 ebrietatis.
2064 936 2199 1033 Nam

612 1029 760 1108 ebria
785 1058 898 1104 erat
922 1046 1135 1109 mulier,
1162 1058 1270 1098 non
1295 1057 1326 1097 e
1349 1041 1490 1102 vino,
1519 1036 1612 1092 sed
1641 1050 1705 1091 es
1734 1031 2056 1089 abundantia
2085 1029 2198 1098 pie.

615 1142 759 1197 tatis.
792 1139 1008 1196 Etenim
1026 1137 1072 1192 si
1112 1142 1230 1204 post
1266 1129 1542 1202 prandium
1587 1125 1707 1181 talis
1750 1123 1867 1190 fuit,
1894 1121 2068 1192 qualis
2086 1126 2203 1175 erat

614 1234 716 1288 sub
741 1228 1026 1285 auroram!
1054 1227 1101 1281 si
1128 1235 1234 1280 tam
1279 1225 1541 1277 instanter
1574 1216 1749 1273 oravit
1788 1223 1910 1285 post
1936 1213 2113 1268 cibum
2147 1221 2201 1266 et

618 1332 820 1393 potum,
847 1318 1016 1391 qualis
1037 1325 1148 1373 erat
1167 1313 1387 1384 jejuna?

690 1412 742 1466 6.
794 1409 1098 1464 Redeamus
1133 1406 1292 1476 igitur
1317 1403 1496 1458 denuo
1523 1399 1589 1454 ad
1618 1398 1776 1453 verba
1825 1394 1998 1456 illius,
2041 1392 2199 1447 verba

618 1503 798 1557 multa:
829 1500 983 1570 plena
1010 1493 1392 1567 philosOphite,
1419 1491 1690 1559 multaque
1727 1485 1917 1541 referta
1948 1497 2200 1538 mansue-

621 1590 822 1647 tudine.
863 1587 994 1643 Cum
1036 1585 1176 1641 enim
1222 1581 1486 1637 dixisset:
1522 1578 1888 1649 Nequaquam,
1957 1574 2196 1638 domine,

620 1679 882 1750 subjecit:
915 1674 1104 1729 Mulier
1131 1673 1185 1727 in
1213 1671 1342 1725 duro
1370 1671 1453 1724 die
1476 1685 1588 1723 sunt
1611 1683 1702 1738 ego
1721 1707 1735 1732 ,
1766 1667 1938 1719 uinum
1979 1662 2202 1729 eliquad

618 1770 830 1827 inebriat
855 1784 956 1823 non
997 1765 1097 1822 bibi
1139 1765 1217 1834 (1.
1259 1763 1386 1833 Reg.
1429 1760 1625 1830 1.15).
1653 1758 1887 1813 Observa
1931 1754 2199 1824 quomodo

619 1877 718 1918 nec
745 1861 831 1916 hic
866 1865 1251 1916 commemorat
1275 1855 1480 1910 :cmulae
1505 1852 1744 1908 convicia
1769 1894 1784 1918 ,
1818 1864 1990 1918 neque
2021 1847 2204 1902 tradu-

620 1956 696 2010 cit
749 1953 893 2008 illius
931 1949 1224 2015 malitiam,
1279 1962 1378 2003 nec
1440 1944 1787 2002 domesticam
1844 1942 2198 1998 calamitatem

617 2049 902 2114 exaggerat
923 2038 1216 2110 evulgans?
1244 2037 1338 2094 sed
1365 2036 1619 2091 hactenus
1647 2034 1819 2103 aperit
1837 2048 1986 2087 suam
2014 2031 2199 2087 anxie-

620 2144 817 2198 tatem,
871 2141 928 2186 ut
959 2138 1162 2186 tantum
1210 2143 1330 2188 sese
1367 2125 1505 2197 apud
1545 2123 1876 2180 sacerdotem
1929 2130 2199 2192 purgaret.

625 2224 812 2278 lulier
834 2224 889 2276 in
913 2223 1042 2274 duro
1066 2222 1148 2272 die
1171 2235 1263 2288 ego
1287 2233 1399 2271 sunt
1429 2230 1450 2270 :
1477 2217 1647 2269 sinunt
1668 2213 1970 2283 etquidquid
1991 2213 2203 2267 inebriat

620 2328 721 2369 non
747 2313 866 2379 bibi,
891 2312 983 2366 sed
1017 2308 1221 2376 claudo
1247 2308 1471 2364 animans
1511 2321 1674 2358 meum
1697 2306 1714 2335 ι
1748 2319 1918 2357 coram
1959 2302 2200 2357 Domino.

619 2405 736 2462 Non
763 2405 866 2467 ait,
891 2403 1156 2472 Deprecor
1181 2398 1465 2454 Dominam
1485 2438 1500 2463 ,
1523 2396 1763 2466 supplico
1792 2393 2049 2452 Domino.
2073 2392 2167 2449 sed
2184 2431 2198 2457 ,

621 2498 853 2565 Ea'undo
880 2497 1103 2550 animant
1132 2510 1293 2547 meant
1321 2508 1493 2546 coram
1529 2489 1746 2543 Domino
1773 2505 1792 2543 :
1816 2488 1917 2543 hoc
1936 2496 2021 2541 est
2038 2528 2051 2550 ,
2095 2485 2204 2543 Me-

622 2590 790 2660 ipsam
818 2595 980 2641 totam
1006 2586 1241 2640 converti
1280 2581 1346 2636 ad
1392 2581 1708 2652 Dominum,
1754 2587 1986 2635 mentem
2029 2591 2202 2634 metu

621 2679 876 2734 evacuavi
923 2675 1061 2745 apud
1108 2675 1290 2740 illum,
1333 2681 1443 2727 toto
1484 2672 1695 2735 animo,
1747 2677 1961 2739 totaque
2013 2670 2206 2724 virtute

621 2769 984 2841 precationem
1041 2781 1215 2820 meam
1273 2764 1488 2833 peregi,
1549 2763 1658 2816 Deo
1723 2761 1929 2815 narravi
1980 2759 2202 2814 calami-

607 2870 792 2914 tatem
823 2873 1031 2921 meam,
1083 2855 1289 2910 ostendi
1340 2855 1563 2917 vulnus;
1612 2852 1698 2907 ille
1740 2858 1914 2920 potest
1945 2850 2074 2905 dare
2113 2863 2203 2906 r6-

625 2951 876 3005 mcdium.
921 2949 1004 3003 Ne
1039 2953 1127 3002 des
1166 2946 1404 3000 ancilium
1451 2947 1504 2998 in
1544 2945 1758 3015 faciem,
1800 2945 1853 2996 in
1905 2943 2066 3012 ﬁliam
2119 2959 2207 3011 pe-

621 3044 867 3096 stilentem
900 3041 977 3108 (1.
1027 3039 1131 3108 Reg
1196 3039 1244 3090 l.
1290 3037 1400 3106 l6).
1447 3035 1651 3091 Rursus
1679 3035 1923 3089 ancillam
1975 3035 2203 3104 appellat

623 3134 887 3200 seipsam,
942 3133 1159 3185 multam
1211 3130 1468 3184 adhibens
1505 3144 1720 3191 curam,
1762 3143 1828 3182 ne
1871 3143 1898 3180 a
1929 3127 2206 3182 sacerdote

624 3224 823 3279 malam
850 3223 1042 3277 referat
1067 3225 1258 3279 l'amam
1286 3237 1300 3274 :
1332 3234 1429 3274 nec
1453 3219 1590 3288 apud
1613 3233 1674 3273 se
1716 3218 1885 3273 dixit:
1914 3218 2048 3284 Quid
2077 3219 2206 3273 mihi

622 3331 768 3371 cura:
820 3324 902 3368 est
938 3316 1090 3368 istius
1128 3313 1436 3370 calumnia?
1469 3313 1778 3381 ignoranter
1801 3327 1864 3365 ac
1895 3320 2094 3367 temere
2119 3327 2210 3366 ac-

625 3414 775 3460 cusat
793 3446 807 3468 ,
829 3404 1131 3473 suspicatur
1158 3403 1243 3457 ubi
1269 3403 1399 3456 nihil
1428 3411 1544 3458 erat
1569 3417 1731 3471 opus;
1750 3404 2210 3459 maeonseieutia

626 3513 757 3568 pura
781 3506 896 3551 esto
914 3538 929 3561 ,
956 3505 1010 3549 et
1036 3511 1223 3550 omnes
1252 3511 1340 3552 me
1367 3495 1648 3554 traducant
1665 3512 1690 3548 .:
1732 3495 1826 3550 sed
1857 3497 2204 3564 apostolicam

628 3589 772 3642 illam
829 3587 1064 3656 implevit
1087 3586 1298 3656 legem,
1346 3601 1466 3656 qua:
1491 3585 1733 3657 pmdplt
1751 3595 1809 3644 ut
1836 3588 2208 3655 provideamus

625 3679 765 3733 bona
793 3690 899 3732 non
926 3687 1126 3730 tantum
1151 3692 1333 3736 coram
1374 3677 1631 3742 Domino,
1683 3677 1780 3732 sed
1826 3678 1988 3733 etiam
2025 3693 2208 3736 coram

630 3769 930 3822 hominibus
960 3767 1140 3834 (Rom.
1170 3767 1258 3822 li.
1289 3768 1402 3837 17).
1447 3767 1619 3837 Atque
1645 3769 1790 3822 omni
1822 3767 1980 3825 modo
2033 3771 2208 3839 suspi-

629 3859 838 3913 cioncm
859 3857 1092 3926 depulit,
1119 3871 1239 3911 cum
1258 3858 1332 3912 ait
1349 3899 1365 3924 ,
1401 3855 1453 3910 Ν
1458 3873 1484 3912 e
1503 3858 1591 3912 des
1618 3861 1856 3916 ancillam
1882 3870 2022 3915 tuoin
2050 3861 2104 3915 in
2125 3865 2209 3932 fa-

628 3953 774 4014 ciem,
797 3952 847 4004 in
869 3952 1030 4018 ﬁliam
1051 3950 1378 4019 pestilentem.
1402 3949 1542 4016 Quid
1560 3959 1740 4005 autem
1769 3961 1872 4017 est,
1899 3951 1967 4006 In
1989 3955 2170 4024 faciem
2187 3955 2213 4008 Ρ

628 4042 708 4098 Ne
732 4058 818 4097 me
845 4041 1118 4097 existimes
1144 4041 1424 4098 eﬂ'rontem
1462 4050 1513 4095 et
1541 4042 1903 4118 impudentem
1931 4059 2072 4100 esse.
2097 4046 2210 4101 An-

627 4135 774 4205 geris
791 4175 804 4197 ,
836 4148 939 4189 non
964 4133 1263 4187 vinolentia:
1283 4142 1366 4187 est
1390 4131 1504 4188 luce
1527 4134 1777 4188 audacia:
1808 4150 1980 4190 mmro
2012 4138 2076 4203 is,
2102 4154 2206 4192 non

629 4223 943 4282 ebrietatis-
974 4223 1109 4288 Quid
1141 4223 1298 4292 igitur
1324 4222 1612 4278 sacerdos?
1641 4222 1937 4281 Considera
1973 4235 2028 4281 et
2069 4228 2212 4283 illius

635 4314 965 4383 prudentiam
993 4331 1005 4366 :
1037 4328 1142 4368 non
1183 4313 1454 4382 inquisivit
1482 4313 1692 4368 curiose
1735 4314 1802 4369 de
1828 4331 2026 4383 genere
2062 4319 2210 4373 cala-

633 4405 863 4469 mitatis,
897 4420 1001 4458 non
1031 4404 1270 4458 exactius
1298 4410 1565 4458 scrutatus
1603 4413 1685 4458 est
1709 4407 1926 4473 angoris
1951 4422 2166 4462 musam
2194 4426 2207 4462 :

631 4495 725 4552 sed
760 4495 887 4564 quid
915 4495 1026 4548 ait?
1066 4493 1275 4547 Vadein
1321 4510 1476 4563 pace;
1524 4494 1604 4548 det
1652 4495 1742 4549 tibi
1790 4496 2036 4552 Dominus
2077 4500 2214 4556 Deus

635 4584 799 4640 Israel
825 4601 1020 4638 omnem
1049 4586 1364 4654 petitionem,
1405 4602 1557 4654 quam
1583 4586 1646 4638 ab
1671 4603 1730 4640 eo
1764 4589 1932 4657 petisti
1975 4592 2054 4661 (l.
2080 4591 2209 4664 Reg.

636 4678 690 4732 1.
719 4677 831 4745 17).
854 4676 1039 4729 Mulier
1063 4692 1131 4729 ex
1160 4687 1466 4734 accusatore
1497 4677 1619 4733 iecit
1649 4690 1948 4747 patronum.
1983 4682 2208 4738 Tantum

635 4766 831 4820 bonum
863 4776 944 4819 est
973 4765 1272 4820 humanitas
1300 4782 1364 4821 ac
1393 4769 1767 4824 mansuetudo.
1808 4771 1913 4826 Pro
1935 4784 2212 4830 contume-

628 4859 696 4915 lia
728 4859 946 4926 copioso
988 4868 1211 4926 accepto
1235 4859 1428 4913 viatico
1452 4857 1729 4926 discessit,
1781 4877 2009 4932 eumque
2056 4877 2209 4921 nacta

631 4959 714 5004 est
743 4958 1161 5018 propugnantem
1199 4957 1253 5003 et
1279 4949 1686 5005 intercessorem
1706 4993 1720 5016 ,
1751 4969 1908 5022 quem
1954 4955 2213 5012 habuerat

632 5037 1047 5108 objurgatorem.
1090 5038 1167 5093 Ac
1195 5054 1260 5094 ne
1285 5041 1363 5094 sic
1389 5040 1603 5111 quidem
1629 5042 1864 5110 destitit,
1895 5047 1989 5102 sed
2027 5064 2210 5106 rursus

632 5129 706 5185 ait
734 5145 748 5182 :
776 5127 1007 5184 Inveniat
1034 5130 1222 5185 milia
1256 5141 1343 5186 tua
1380 5134 1597 5203 gratiam
1634 5135 1688 5188 in
1715 5137 1879 5191 oculis
1910 5139 2008 5193 luis
2043 5138 2208 5208 (Ibid.

630 5234 678 5273 υ.
704 5218 794 5289 18)
813 5236 826 5271 :
857 5219 957 5274 hoc
974 5228 1055 5275 est
1083 5237 1098 5274 :
1122 5219 1332 5275 Utinam
1351 5237 1381 5276 c
1409 5223 1514 5278 fine
1532 5238 1818 5296 rerumque
1839 5227 1987 5284 exitu
2010 5228 2207 5298 discas,

631 5325 719 5366 me
747 5309 883 5366 hanc
908 5312 1267 5381 precationem
1293 5313 1826 5386 obsecrationemque
1853 5319 2071 5386 fecisse,
2103 5338 2207 5376 non

628 5413 693 5456 ex
719 5399 1040 5466 vinolentia,
1072 5401 1166 5456 sed
1195 5417 1260 5457 ex
1288 5418 1490 5473 angore
1516 5423 1528 5458 :
1563 5403 1630 5459 Et
1658 5423 1772 5461 cum
1797 5410 1946 5473 abiit,
2003 5411 2206 5481 inquit,

629 5505 733 5545 non
772 5491 999 5561 amplius
1023 5494 1262 5548 concidit.
1292 5493 1454 5550 Vides
1505 5497 1743 5553 mulieris
1785 5500 1979 5556 fidem?
2023 5504 2208 5559 Prius-

629 5597 786 5653 quam
817 5587 1080 5656 aeciperet
1108 5589 1252 5658 quod
1281 5593 1602 5659 postularat,
1635 5596 1854 5664 perinde
1875 5602 2075 5657 conlisa
2101 5611 2205 5670 est,

621 5695 708 5812 et;
741 5692 871 5746 mlh.
891 5696 1006 5759 duo,
1017 5701 1138 5750 sicut
1165 5708 1216 5751 et
1241 5707 1376 5762 Iteg.,
1400 5705 1720 5767 precationem
1735 5722 1924 5775 mm;
1946 5715 2106 5770 minus
2125 5730 2208 5770 re-

1357 381 1411 438 S.
1455 373 1732 436 JOANNIS
1766 360 2240 428 CIIRYSOSTOMI
2283 358 2597 416 ARClllEP.
2639 355 3171 416 CONSTANTINOP.

3795 357 3904 417 65!

2311 481 2462 548 quasi
2507 480 2620 550 jam
2669 479 2985 550 accepisset.
3040 477 3096 534 lu
3125 492 3285 534 caus:
3335 492 3485 538 erat,
3527 480 3669 548 quod
3724 489 3904 539 nni-cs

2309 569 2479 626 multo
2502 584 2623 625 cum
2648 570 2860 625 fervore
2877 609 2894 636 ,
2926 569 3201 638 multoque
3221 567 3399 626 studi.»
3431 569 3564 625 citra
3589 569 3753 626 ultam
3783 573 3899 624 lui--

2306 659 2631 715 sitatiouem.
2675 660 2824 717 lianc
2847 660 2918 715 ob
2944 674 3059 714 rem
3087 659 3216 715 abiit
3239 659 3392 730 quasi
3416 667 3582 716 totum
3610 661 3902 732 impensa-

2305 759 2403 805 set.
2456 749 2593 818 Quin
2633 750 2851 820 insuper
2898 750 3036 806 Deus
3083 749 3194 819 jam
3240 759 3403 805 totam
3451 751 3775 808 anxietatem
3824 751 3902 807 illi

2305 843 2544 897 excussit
2569 858 2636 898 ex
2659 843 2840 897 animo
2858 883 2873 907 ,
2897 841 3184 912 largiturus
3207 841 3406 896 donum
3435 844 3574 911 quod
3599 843 3835 912 petebat.

2380 933 2594 990 Herulis
2626 935 2873 1005 epilogus.
2901 962 2973 973 —
3025 933 3172 987 lianc
3222 931 3472 988 feminam
3521 935 3794 990 imitemur
3842 943 3902 988 et

2307 1040 2439 1093 nos,
2471 1038 2527 1083 et
2575 1029 2627 1082 in
2672 1030 2921 1085 omnibus
2959 1028 3336 1086 aﬂlictionibus
3381 1029 3450 1085 ad
3489 1031 3656 1085 Deum
3707 1030 3903 1085 confu-

2303 1117 2532 1188 giamus.
2562 1119 2632 1174 Et
2655 1121 2700 1175 si
2727 1120 2887 1178 nobis
2909 1137 3033 1178 non‘
3053 1124 3248 1178 fuerint
3273 1123 3464 1191 liberi,
3495 1125 3564 1179 ab
3589 1124 3681 1179 illo
3709 1135 3900 1194 pustu-

2305 1209 2671 1281 lemus;quos-
2691 1214 2736 1267 si
2779 1215 3166 1284 acceperimus,
3206 1216 3371 1270 multa
3398 1231 3528 1271 cura
3554 1215 3854 1271 eduecnins
3887 1233 3902 1270 :

2305 1299 2673 1357 adolescentes
2723 1317 2847 1357 cum
2900 1304 2972 1359 ab
3020 1307 3165 1360 omni
3215 1305 3340 1360 vitio
3395 1320 3742 1368 sevocernus.
3788 1316 3904 1359 tum

2307 1393 2572 1460 praecipue
2594 1407 2621 1443 τι
2655 1393 2894 1459 lascivia,
2915 1395 3057 1464 quod
3086 1395 3188 1450 line
3211 1395 3429 1453 difﬁcile
3452 1397 3525 1455 sit
3550 1397 3771 1463 bellum,
3803 1411 3905 1452 nec

2304 1480 2406 1535 alia
2451 1495 2538 1536 res
2573 1483 2850 1538 molestior
2878 1486 2947 1538 sit
2996 1487 3071 1540 illi
3119 1487 3289 1551 a-tati,
3338 1503 3497 1557 quam
3529 1488 3618 1542 hic
3655 1486 3900 1542 morbus.

2313 1572 2555 1643 Undique
2581 1573 2743 1645 igitur
2767 1577 2860 1630 eiri
2881 1577 3232 1634 utnvallemus
3261 1578 3379 1633 illos
3403 1577 3676 1641 consiliis,
3706 1578 3903 1633 adbnro

2305 1663 2595 1720 tatixmibus
2614 1707 2629 1731 ,
2666 1667 2982 1732 terroribus,
3011 1667 3187 1722 minis.
3218 1666 3276 1724 Si
3305 1667 3440 1724 hanc
3468 1669 3768 1725 devicerint
3806 1684 3903 1724 cu-

2307 1756 2538 1825 pidinem
2565 1799 2581 1823 ,
2617 1771 2720 1812 nec
2757 1757 2826 1811 ab
2863 1759 2982 1814 aliis
3009 1759 3165 1815 facile
3209 1761 3675 1832 expugnabuntur,
3719 1763 3817 1818 sed
3847 1773 3904 1820 et

2308 1848 2548 1915 pecuniis
2573 1858 2730 1902 erunt
2767 1851 3091 1917 superiores,
3144 1860 3198 1906 et
3238 1852 3602 1908 temulentiam
3650 1855 3902 1910 vinolen-

2309 1940 2542 2007 tiamqne
2596 1942 2958 2009 superabunt.
3006 1949 3062 1998 et
3109 1943 3381 2012 improbos
3428 1945 3707 1999 convictus
3750 1948 3899 2000 omni

2306 2029 2482 2084 studio
2510 2030 2799 2086 discutient
2817 2073 2832 2096 ,
2866 2039 2922 2086 et
2945 2032 3288 2089 amabiliores
3306 2043 3463 2088 erunt
3487 2035 3818 2107 parentibus,
3847 2045 3906 2092 es

2306 2121 2557 2176 omnibus
2586 2121 2895 2176 hominibus
2922 2123 3092 2192 magis
3120 2125 3425 2178 reverendi.
3464 2125 3594 2190 Quis
3617 2127 3764 2180 enim
3791 2142 3902 2181 non

2309 2220 2615 2266 revereatur
2647 2213 2896 2280 juvenem
2927 2223 3075 2269 caste
3114 2215 3401 2286 sobrieque
3426 2217 3688 2272 viventem
3709 2218 3734 2270 ?
3781 2219 3900 2288 quis

2310 2317 2412 2355 non
2438 2302 2807 2372 amplectatur,
2841 2305 3283 2374 t'xosculeturque
3307 2321 3428 2360 eum
3456 2308 3544 2377 qui
3589 2308 3900 2378 cupiditati-

2309 2393 2407 2446 bus
2430 2391 2636 2446 frenum
2669 2393 2957 2461 imposuit?
2987 2396 3105 2465 quis
3130 2411 3236 2451 non
3268 2399 3349 2452 vel
3375 2413 3406 2452 e
3434 2415 3658 2454 numero
3701 2401 3898 2468 praedi-

2308 2485 2473 2538 vitum
2514 2485 2676 2538 multa
2702 2501 2822 2540 eum
2851 2488 3020 2556 gratia
3045 2489 3186 2544 volet
3209 2489 3284 2544 illi
3313 2489 3490 2546 locare
3519 2490 3686 2546 filiam
3710 2507 3902 2559 suam,

2279 2571 2282 2575 ’
2309 2574 2516 2629 etiamsi
2547 2575 2708 2630 fuerit
2728 2579 2972 2632 omnium
3003 2580 3414 2649 pauperrimus?
3439 2582 3587 2638 Sicut
3609 2600 3643 2638 e
3685 2584 3914 2640 diverso

2313 2665 2585 2722 luxuriose
2628 2667 2929 2733 viventem,
2957 2671 3168 2725 etiamsi
3207 2672 3369 2728 fuerit
3396 2675 3634 2731 omnium
3679 2678 3908 2747 opulen-

2310 2756 2574 2821 tissimus,
2625 2772 2783 2813 nemo
2826 2769 2931 2813 tam
2980 2761 3143 2817 miser
3169 2771 3281 2826 est,
3315 2779 3474 2819 nemo
3523 2777 3631 2822 tam
3678 2767 3906 2838 ahjecta:

2307 2844 2568 2912 fortunae,
2599 2857 2656 2903 ut
2696 2848 2798 2904 sibi
2847 2866 3106 2921 generum
3150 2853 3280 2908 velit
3315 2855 3660 2912 adsciscere:
3714 2867 3914 2916 contra

2309 2936 2486 2992 nullus
2529 2938 2665 2993 adeo
2715 2942 2910 2997 stultus
2950 2951 3070 3006 est,
3105 2951 3162 2998 ut
3184 2943 3421 2999 sobrium
3446 2961 3508 3001 ac
3539 2947 3798 3017 pudicum
3824 2965 3912 3006 re-

2304 3027 2474 3096 jiciat,
2505 3043 2567 3084 ac
2584 3029 2846 3086 dedecore
2874 3032 3092 3088 afficiat.
3122 3033 3188 3090 Ut
3207 3035 3366 3105 igitur
3396 3037 3488 3093 filii
3516 3049 3572 3094 et
3593 3039 3912 3098 hominibus

2311 3122 2591 3177 revereudi
2619 3123 2767 3191 fiant,
2790 3134 2844 3180 et
2881 3125 2991 3181 Deo
3017 3128 3294 3197 amabiles,
3327 3145 3650 3188 exornemus
3691 3134 3912 3190 illorum

2311 3215 2539 3281 animos,
2561 3232 2787 3286 cumque
2817 3218 3068 3287 pudicitia
3093 3221 3160 3275 ad
3186 3222 3491 3293 eonjugium
3523 3225 3909 3293 perducamus.

2311 3306 2400 3364 Sic
2420 3309 2561 3363 enim
2593 3309 2696 3365 illis
2723 3310 2864 3365 velut
2883 3327 2914 3365 e
2943 3314 3085 3368 fonte
3098 3316 3621 3384 pravenieutomnia,
3650 3329 3706 3374 et
3737 3319 3913 3377 De!

2313 3398 2543 3454 habituri
2561 3409 2685 3455 sunt
2715 3403 3023 3474 propitium,
3050 3418 3114 3459 ac
3144 3407 3422 3475 piamentis
3451 3405 3756 3480 futuraeque
3785 3410 3914 3468 vita:

2310 3490 2478 3560 gloria
2527 3491 2913 3560 perfruentur:
2945 3511 3105 3564 quam
3153 3498 3367 3568 assequi
3421 3501 3698 3570 contingat
3752 3502 3916 3560 nobis

2310 3583 2580 3651 omnibus,
2597 3587 2765 3653 gratia
2786 3593 2840 3640 et
2864 3586 3099 3642 bonitate
3119 3587 3328 3645 Domini
3357 3591 3524 3645 nostri
3537 3591 3664 3648 Jesu
3676 3592 3902 3662 Christi,

2313 3687 2432 3727 eum
2458 3688 2567 3743 quo
2605 3674 2748 3730 Patri
2777 3677 2966 3746 gloria,
3021 3679 3214 3746 honor,
3262 3680 3565 3751 imperium,
3591 3686 3754 3740 simul
3787 3702 3912 3743 eum

2315 3775 2500 3820 sancto
2524 3765 2722 3835 Spiritu
2748 3810 2763 3836 ,
2795 3784 2935 3824 nunc
2962 3779 3018 3826 et
3061 3786 3296 3843 semper,
3329 3784 3384 3828 et
3413 3775 3467 3829 in
3515 3778 3709 3832 saecula
3739 3795 3913 3837 saecu-

2317 3853 2513 3912 lorum.
2540 3858 2730 3913 Amen.

2927 3929 3158 3988 SERMO
3207 3933 3293 3990 Ill.

2315 4013 2396 4073 De
2426 4017 2609 4085 Anna,
2634 4019 2799 4089 deque
2839 4019 3097 4077 Samuelis
3136 4025 3464 4091 educatione,
3507 4037 3553 4081 et
3587 4028 3726 4098 quod
3767 4029 3916 4086 utilia

2386 4107 2450 4162 it
2488 4109 2542 4162 in
2571 4109 2813 4179 pariendo
2840 4112 3079 4181 tarditas,
3109 4121 3158 4171 et
3184 4119 3315 4183 quod
3355 4118 3700 4187 periculosum
3741 4121 3811 4176 sit
3838 4118 3916 4177 li-

2388 4198 2529 4252 beros
2557 4200 2869 4272 negligenter
2895 4203 3102 4259 habere.

2388 4309 2440 4364 1.
2473 4309 2650 4365 Oratio
2686 4312 2849 4368 Anna:
2889 4330 3042 4383 ᾳααηι
3070 4326 3218 4387 grata
3270 4316 3401 4374 Deo.
3432 4318 3697 4390 Lact-gnate
3741 4324 3911 4394 rigant

2318 4400 2545 4469 plantam
2589 4404 2850 4459 orationis.
2902 4404 3004 4460 Res
3053 4407 3342 4477 spirituales
3386 4411 3539 4465 uariis
3570 4412 3913 4470 indesinenter

2320 4492 2494 4559 formis
2528 4493 2771 4548 adornari
2807 4506 3042 4565 possunt.
3087 4497 3237 4552 Anna
3278 4499 3549 4554 liberarunt
3593 4503 3912 4560 educationis

2319 4582 2581 4652 magistra.
2605 4613 2674 4624 —-
2713 4584 2824 4640 Nsi
2850 4588 3036 4642 videor
3076 4588 3343 4659 aliquibus
3394 4590 3607 4647 fastidio
3656 4602 3714 4648 et
3759 4595 3912 4652 oneri

2317 4689 2459 4741 esse,
2491 4676 2613 4731 volo
2643 4677 2780 4732 idem
2828 4692 3199 4750 argumentum
3248 4697 3462 4738 rursum
3497 4685 3796 4756 attingere,
3840 4687 3910 4743 de

2317 4781 2422 4834 quo
2452 4767 2598 4822 vobis
2624 4783 2793 4838 nuper
2832 4769 3059 4826 disserui
3087 4787 3328 4843 :vosque
3370 4773 3438 4828 ad
3493 4776 3704 4829 Annam
3740 4777 3905 4831 intro-

2319 4857 2512 4914 ducere
2560 4869 2720 4929 atque
2769 4863 2822 4915 in
2868 4873 3075 4931 pratum
3131 4865 3386 4920 virtutum
3453 4865 3595 4920 illius
3655 4867 3913 4926 inducere

2318 4964 2666 5005 sermonem:
2735 4963 2977 5019 pratum,
3037 4955 3289 5023 inquam,
3345 4970 3452 5012 non
3502 4956 3648 5027 quod
3705 4963 3915 5016 rosaria

2318 5043 2552 5109 profert,
2590 5053 2682 5096 aut
2707 5041 2868 5098 ﬂores
2913 5045 3002 5115 qui
3045 5056 3412 5116 marcescunt,
3449 5049 3557 5107 sed
3597 5050 3741 5121 quod
3790 5065 3918 5121 pre-

2316 5132 2583 5187 cationem
2643 5145 2708 5188 ac
2762 5132 2954 5197 tidem,
3009 5149 3362 5206 magnamque
3409 5137 3764 5195 tolerantiam.
3820 5140 3910 5196 Si-

2315 5223 2531 5292 quidem
2563 5221 2680 5278 hzee
2703 5225 2884 5280 vernis
2909 5224 3132 5281 floribus
3158 5228 3314 5299 longe
3345 5239 3599 5298 przestant
3622 5229 3826 5296 odore,
3855 5241 3913 5287 ut

2314 5329 2434 5384 qua:
2474 5330 2579 5370 non
2606 5329 2860 5385 aquarum
2891 5315 3160 5384 fontibus,
3191 5319 3286 5375 sed
3335 5320 3690 5392 lacrymarum
3735 5322 3910 5379 imbre

2316 5405 2575 5475 rigantur.
2609 5407 2792 5477 Neque
2823 5408 2966 5464 enim
2996 5409 3219 5479 perinde
3237 5412 3475 5466 amnium
3495 5410 3670 5468 fontes
3688 5411 3913 5471 floridos

2317 5496 2544 5552 reddunt
2571 5497 2756 5552 hortos
2778 5541 2794 5566 ,
2827 5508 2884 5553 ut
2905 5500 3138 5569 plantam
3170 5502 3491 5570 precationis
3531 5500 3704 5560 fontes
3729 5503 3905 5578 lacn.

2318 5601 2524 5642 marum
2548 5588 2827 5659 irrigantes
2857 5589 2909 5643 in
2934 5605 3199 5644 summam
3224 5591 3559 5650 altitudinem
3587 5593 3865 5652 deducunt
3891 5614 3905 5654 :

2317 5679 2458 5749 quod
2487 5679 2610 5734 huic
2639 5681 2858 5750 contigit
2885 5682 3114 5738 mulieri.
3145 5680 3313 5738 Simul
3339 5684 3483 5740 enim
3497 5685 3915 5757 utloquutaest.

2321 5772 2688 5830 subvolavitin
2715 5772 2902 5835 calum
2933 5775 3051 5847 ejus
3069 5773 3415 5848 deprecatio,
3445 5791 3510 5834 ac
3545 5776 3775 5836 frucuim
3807 5776 3908 5851 ipsi
