4178 6330
619 405 728 464 ωδ

620 521 1014 596 ιροῦμεν,οάλλ’
1036 520 1202 593 ιτερά
1221 536 1342 574 τινα
1369 520 1466 574 νέα
1491 520 1586 573 καὶ
1616 519 1925 592 πρόσφατα.
1953 517 2066 571 Καὶ
2089 515 2198 588 γὰρ

621 609 718 662 έπὶ
744 609 842 678 τῆς
864 605 1130 678 αἰσθητῆς
1148 602 1429 675 τραπέζης
1451 604 1510 671 ἐξ
1530 605 1647 670 ένιὸς
1675 603 1809 672 ὕψου
1833 602 2004 655 πολλὰ
2035 602 2100 656 ἀν
2117 617 2202 664 τις

625 691 896 761 έδέσματα
940 687 1392 744 κατασκευάσειε.
1441 688 1552 742 Καὶ
1598 687 1726 750 τούς
1769 684 2099 755 χρυσοχόους
2143 681 2202 735 δὲ

622 771 839 844 δρῶμεν
869 771 978 825 ἀπὸ
1022 772 1152 844 μιᾶς
1182 769 1363 842 μάζης
1401 769 1626 840 χρυσίου
1657 767 1752 820 καὶ
1799 765 1952 838 [792]
1986 763 2200 833 ψέλλια,

623 855 719 906 καὶ
749 853 1126 928 ⁶τιεεριδέρῤαια,
1155 855 1252 906 καὶ
1275 853 1436 922 lupa
1462 849 1631 904 πολλά
1663 847 1953 912 ποιοῦντας
1977 846 2199 919 χρυσία.

622 937 688 990 Εἰ
719 936 828 1008 7&9
856 937 951 990 καὶ
980 934 1258 1008 μονοειδὴς
1283 936 1316 1004 ή
1343 932 1466 1004 ὕλη,
1501 932 1638 988 ἀλλά
1664 931 1908 985 ποικίλον
1941 933 1976 1000 ή
2010 928 2200 1000 τέχνη,

623 1020 717 1074 καὶ
739 1021 799 1073 οὐ
818 1019 1229 1088 στενοχωρεῖται
1255 1015 1333 1087 τῷ
1361 1015 1678 1086 μονοτρόπῳ
1709 1015 1810 1084 τῆς
1834 1012 2204 1082 ὑποκειμένης

622 1104 813 1165 οὐσίας
843 1102 1168 1171 εὐπόριστος
1196 1095 1333 1153 οὖσα
1370 1099 1463 1151 καὶ
1499 1097 1902 1169 πολυμήχανος.
1945 1097 2007 1150 Εἰ
2039 1096 2098 1149 δέ
2135 1094 2204 1147 τὰ

624 1185 858 1240 ένταῦθα
885 1182 1134 1250 τοιαῦτα,
1159 1181 1340 1253 πολλῷ
1368 1182 1568 1252 μᾶλλον
1587 1183 1622 1252 ή
1645 1181 1739 1234 τοῦ
1763 1180 1904 1234 Πνεύ
1914 1196 2084 1252 ματος
2105 1179 2206 1249 χά-

627 1287 730 1342 ρις.
774 1270 897 1323 Ὅτι
926 1268 1033 1339 7&9
1061 1266 1284 1336 ποικίλη
1313 1265 1517 1336 ταύτης
1543 1267 1576 1337 ή
1611 1266 1884 1336 τράπεζα,
1913 1264 2010 1319 καὶ
2041 1264 2203 1316 πολύ·

621 1371 846 1426 τροπος,
877 1354 970 1407 καὶ
996 1351 1300 1423 πολυειδὴς,
1320 1353 1551 1406 ἀκουσον
1566 1350 1658 1403 τοῦ
1695 1350 1908 1402 Παύλου
1931 1349 2201 1417 λέγοντοςο

622 1430 699 1508 ’ῼ
731 1437 848 1505 μὲν
874 1435 972 1489 διὰ
997 1436 1101 1490 τοῦ
1125 1435 1470 1503 ιινεύματος
1489 1432 1715 1486 δίδοται
1743 1431 1926 1502 λόγος
1959 1433 2202 1500 σοφίας,

625 1519 795 1587 ἄλλῳ
818 1518 887 1573 δέ
907 1522 1088 1588 λόγος
1118 1517 1415 1585 γνώσεως,
1447 1515 1626 1583 ἑτέρῳ
1655 1516 1724 1568 δὲ
1763 1517 1991 1580 πίστις,
2037 1515 2207 1578 ἀλλῳ

625 1603 697 1657 δέ
715 1605 1054 1673 χαρίσματα
1079 1601 1359 1669 ίαμὰτων,
1379 1600 1758 1668 ἀντιλήψεις,
1789 1596 2204 1667 κυϐερνήσεις,

627 1684 770 1755 γένη
797 1683 1113 1754 γλωσσῶν.
1146 1683 1337 1737 Ταῦτα
1360 1683 1428 1736 δὲ
1454 1682 1652 1736 πάντα
1667 1681 1902 1751 ἐνεργεῖ
1925 1681 1990 1734 τὸ
2013 1679 2084 1734 ἐν
2107 1679 2206 1734 καὶ

625 1766 691 1820 τὸ
737 1765 886 1821 αὐτὸ
931 1765 1205 1835 Πνεῦμα,
1253 1765 1522 1834 διαιροῦν
1569 1766 1687 1831 ιδίᾳ
1730 1763 1966 1828 ἑκάστῳ
2012 1764 2207 1827 καθὼς

617 1849 932 1912 βούλεται.
976 1848 1138 1920 Ὁρᾷς
1171 1849 1288 1912 πῶς
1329 1849 1582 1917 ποικίλης
1628 1849 1690 1901 Οἰ
1732 1848 1968 1918 ποταμοὶ
1996 1846 2202 1908 πολλοὶ,

624 1931 761 1985 ἀλλά
817 1931 938 2003 μία,
992 1933 1242 2004 φησὶν,ή
1285 1932 1470 2004 πηγή·
1525 1931 1759 2002 διάφορα
1805 1929 1876 1983 τά
1908 1929 2204 1999 ἐδέσματα,

624 2017 738 2070 ἀλλ’
769 2010 850 2080 εἷς
877 2019 905 2070 δ
951 2017 1242 2087 ἑστιάτωρ.
1263 2005 1437 2069 ’Ἐπεὶ
1465 2011 1560 2070 οὖν
1585 2015 1822 2087 τοσαύτη
1854 2017 1888 2086 ή
1915 2014 2009 2068 τοῦ
2038 2013 2210 2067 Πνεύ-

627 2117 799 2171 ματος
837 2102 1016 2171 χάρις,
1071 2099 1144 2171 μή
1196 2099 1595 2170 ἀποκάμωμεν.
1647 2100 1876 2170 Είδομεν
1926 2099 1985 2151 δὲ
2038 2098 2209 2167 αὐτὴν

627 2187 847 2254 στεῖραν
876 2180 1062 2249 οὖσαν,
1091 2184 1308 2254 εἴδομεν
1341 2184 1514 2254 αὐτὴν
1547 2185 1762 2253 μητέρα
1785 2182 2104 2252 γενομένην,
2131 2181 2210 2233 εί-

623 2265 788 2336 δομεν
820 2265 1186 2337 δακρύουσαν,
1231 2265 1444 2336 εἴδομεν
1497 2264 1827 2335 χαίρουσαν·
1872 2261 2210 2333 συνηλγήσα-

627 2365 726 2419 μεν
751 2349 893 2413 τότε,
931 2348 1289 2421 ωνησθῶμεν
1329 2350 1590 2420 σήμερον.
1633 2347 1791 2401 Οὕτω
1823 2347 1917 2401 καὶ
1937 2349 1966 2400 ό
1996 2345 2209 2410 Παῦλος

623 2429 900 2494 ἐκέλευσε,
954 2432 1194 2498 Χαίρειν
1229 2431 1381 2500 μετὰ
1430 2432 1781 2500 χαιρόντων,
1828 2430 1927 2484 καί
1974 2431 2210 2484 κλαίειν

617 2515 768 2584 μετὰ
787 2515 1141 2569 κλαιόντων.
1170 2513 1343 2567 Τοῦτο
1365 2515 1422 2569 δὲ
1446 2514 1548 2568 οὐκ
1579 2516 1672 2566 ἐπὶ
1696 2513 1806 2568 τῶν
1827 2513 2212 2584 συνακμασάν-

621 2614 731 2650 των
757 2599 891 2670 ήμῖν
916 2595 1222 2668 ἀνθρώπων
1252 2597 1440 2666 μόνον,
1477 2595 1616 2650 ἀλλά
1640 2597 1738 2650 καὶ
1761 2598 1855 2649 ἰπὶ
1898 2597 2008 2648 τῶν
2042 2595 2211 2650 πάλαι

621 2681 1006 2752 γεγενημένων
1033 2682 1206 2734 ποιεῖν
1229 2682 1358 2751 χρή.
1397 2680 1504 2734 Καὶ
1531 2681 1603 2751 μή
1633 2698 1721 2751 μοι
1739 2679 1944 2748 λεγέτω
1961 2697 2044 2743 τις
2064 2697 2078 2710 ·
2104 2678 2212 2733 Ναὶ

621 2764 676 2817 τί
711 2781 802 2835 μοι
835 2764 1025 2835 κέρδος
1061 2763 1168 2817 ἀπὸ
1196 2767 1293 2835 τῆς
1322 2765 1520 2832 ’Δννης
1549 2764 1722 2824 ἔσται,
1757 2763 1976 2816 καὶτῶν
2007 2761 2210 2833 ταύτης

623 2845 1008 2917 διηγημάτων;
1040 2847 1112 2898 Αἵ
1138 2864 1197 2898 τε
1234 2847 1344 2915 7&9
1381 2849 1594 2915 στεῖραι
1627 2845 1952 2916 δυνήσονται
1992 2845 2205 2913 μαθεῖν,

623 2928 744 2992 πῶς
770 2928 837 2983 ἂν
866 2929 1107 2997 γένοιντο
1154 2930 1422 3000 μητέρες·
1457 2929 1550 2982 καὶ
1592 2930 1649 2981 αἱ
1688 2929 1926 3000 μητέρες
1967 2927 2206 2981 εἴσονται

621 3015 810 3079 πάλιν,
839 3019 991 3079 ποῖος
1008 3015 1395 3087 παιδοτροφίας
1420 3018 1642 3087 ἀριστος
1664 3016 1728 3070 ἂν
1749 3016 1959 3084 γένοιτο
1981 3015 2203 3086 τρόπος.

622 3103 700 3157 Οὐ
728 3104 986 3171 γυναῖκες
1016 3102 1074 3156 δὲ
1103 3103 1286 3174 μόνον,
1319 3101 1456 3155 ἀλλά
1489 3102 1582 3155 καὶ
1621 3101 1812 3172 ἄνδρες
1843 3102 2076 3172 μέγιστα
2098 3101 2207 3154 ἀπὸ

625 3187 726 3256 τῆς
754 3187 996 3256 ἱστορίας
1011 3185 1215 3255 ταύτης
1233 3184 1639 3255 καρπώσονται,
1664 3183 2043 3248 παιδευθέντες
2071 3185 2207 3256 ήμέο

627 3286 740 3340 ρως
765 3269 905 3340 πρὸς
933 3268 1034 3331 τάς
1055 3267 1235 3321 αὐτῶν
1263 3266 1566 3321 διακεῖσθαι
1597 3271 1885 3336 γυναῖκας,
1908 3267 2010 3321 κᾶν
2044 3269 2209 3322 ἀπαι-

623 3352 744 3406 δίαν
785 3351 1002 3417 νοσῶσι,
1051 3350 1302 3421 καθάπερ
1340 3353 1369 3403 ό
1425 3349 1656 3402 Ἑλκανά
1695 3350 1834 3420 πρὸς
1861 3350 1959 3420 τὴν
2007 3353 2210 3406 ’Ἅνναν

623 3435 876 3489 διέκειτο.
906 3435 981 3487 οὐ
1011 3434 1170 3487 τοῦτο
1197 3433 1252 3486 δὲ
1291 3434 1470 3503 μόνον,
1501 3432 1638 3486 ἀλλά
1676 3434 1769 3486 καὶ
1800 3435 1986 3504 ἕτερον
2011 3435 2206 3489 τούτου

627 3519 814 3591 μεῖζον
836 3516 1178 3588 κερδανοῦσι,
1203 3517 1469 3588 μαθόντες
1495 3519 1578 3571 ὅτι
1602 3517 1682 3570 δεῖ
1694 3519 1821 3581 τούς
1835 3521 2013 3588 γονεῖς
2031 3521 2210 3574 ᾶπαν-

622 3618 723 3664 τας
743 3601 829 3672 ’τῷ
857 3601 977 3673 Θεῷ
1001 3601 1072 3655 τά
1100 3601 1361 3670 τεχθέντα
1388 3600 1610 3671 τρέφειν
1638 3602 1846 3655 παιδία.
1881 3602 1972 3674 Μὴ
1997 3604 2202 3666 τοίνυν,

625 3683 816 3754 έπειδὴ
859 3685 1115 3756 χρήματα
1161 3686 1254 3737 καὶ
1281 3684 1544 3755 ἀργύριον
1572 3686 1669 3738 οὐκ
1713 3685 1831 3739 ἐστι
1879 3686 2066 3740 λαϐεῖν
2099 3686 2210 3741 ἀπὸ

624 3766 721 3822 τοῦ
763 3765 1120 3838 διηγήματος,
1171 3767 1427 3837 ἀνόνητον
1461 3769 1594 3837 ἡμῖν
1623 3763 1764 3820 εἶναι
1803 3768 1904 3838 τὴν
1945 3769 2212 3839 ἀκρόασιν

626 3850 957 3921 νομίζωμεν,
992 3848 1128 3902 ἀλλά
1154 3849 1222 3902 δι’
1262 3850 1396 3903 αὐτὸ
1447 3852 1546 3920 μὲν
1578 3847 1672 3904 οῦν
1711 3851 1872 3906 τοῦτο
1912 3853 2209 3923 κερδαλέαν

626 3936 721 3988 καὶ
745 3933 1041 4004 ὼρέλιμον,
1073 3933 1258 4004 ἐπειδὴ
1281 3935 1343 3987 οὐ
1373 3933 1596 4004 χρυσίον
1631 3936 1724 3989 καὶ
1759 3935 2049 4008 ἀργύριον,
2083 3937 2200 3990 ἀλλ’

625 4017 654 4070 δ
680 4015 858 4088 πολλῷ
893 4017 1078 4087 μεῖξον
1115 4016 1321 4069 τούτων
1381 4019 1520 4080 ἐστὶ,
1561 4018 1738 4088 ψυχῆς
1772 4019 2079 4083 εὐλάϐειαν,
2117 4023 2211 4074 καὶ

624 4101 752 4162 τοὺς
780 4101 838 4153 ὲν
861 4101 974 4162 τοῖς
995 4101 1243 4173 οὐρανοῖς
1278 4101 1410 4172 ήμῖν
1447 4101 1684 4154 δείκνυσι
1727 4101 2035 4172 θησαυροὺς
2063 4146 2076 4162 ,
2114 4106 2210 4156 καὶ

625 4181 868 4236 διδάσκει
900 4183 1016 4246 πῶς
1048 4182 1264 4236 ἅπαντα
1294 4183 1728 4255 διακρουσόμεθα
1759 4185 2023 4239 κίνδυνον.
2062 4185 2209 4258 Χρή-

629 4280 776 4334 ματα
797 4265 896 4335 μὲν
917 4265 1026 4336 γάρ
1051 4267 1352 4336 παρασχεῖν
1379 4267 1473 4318 καὶ
1490 4265 1797 4338 ἀνθρώποις
1831 4268 2041 4339 ρᾁιοψ
2066 4268 2210 4336 διορ-

627 4346 799 4401 θῶσαι
845 4348 902 4401 δὲ
942 4348 1122 4418 φύσιν,
1173 4349 1266 4403 καὶ
1295 4350 1536 4419 ἀθυμίαν
1574 4351 1732 4404 λῦσαι
1781 4352 2058 4421 τοιαύτην,
2115 4353 2211 4407 καὶ

623 4430 818 4504 ὀδύνην
863 4433 1071 4486 ἀνελεῖν
1097 4472 1112 4496 ,
1154 4435 1247 4486 καὶ
1295 4432 1472 4503 ψυχήν
1504 4434 1807 4504 ἀναστῆσαι
1846 4436 2210 4490 καταπίπτειν

627 4515 944 4585 μέλλουσαν,
969 4515 1242 4587 ἀνθρώπῳ
1275 4515 1372 4586 μὶν
1403 4529 1428 4557 ι
1468 4517 1666 4580 οὐδενὶ,
1688 4518 1767 4589 τῷ
1788 4518 1845 4571 δὲ
1875 4519 1976 4590 τῆς
1994 4519 2210 4589 φύσεως

623 4602 868 4672 Δεσπότῃ
904 4601 1049 4670 μόνῳ
1077 4600 1322 4654 δυνατόν.
1359 4600 1430 4652 Σὺ
1469 4601 1547 4665 δὲ,
1583 4603 1631 4654 εἱ
1680 4603 1781 4672 μὲν
1811 4605 2027 4675 νόσημα
2058 4604 2210 4658 ἀνία-

624 4701 717 4738 τον
745 4684 964 4754 έχουσα,
996 4686 1088 4737 καὶ
1115 4685 1213 4754 τήν
1246 4682 1397 4737 πόλιν
1438 4685 1801 4754 περιελθοῦσα
1834 4689 2054 4742 ἃπασαν
2073 4732 2086 4754 ,
2116 4694 2210 4743 καὶ

625 4768 885 4838 χρήματα
909 4766 1290 4837 δαπανήσασα,
1343 4766 1437 4819 καὶ
1489 4767 1692 4837 ἰατροῖς
1720 4770 2040 4841 χρησαμένη
2079 4771 2210 4824 πολ-

625 4850 758 4914 λοῖς,
798 4848 894 4903 καὶ
935 4847 1206 4919 μηδεμίαν
1255 4849 1490 4918 εὐροῦσα
1535 4850 1908 4920 παραμυθίαν,
1961 4853 2213 4923 ἐνέτυχες

623 4937 842 5007 γυναικὶ
869 4936 930 4990 τὸ
950 4934 1084 4990 αὐτὸ
1105 4934 1354 5008 παθούσῃ
1381 4935 1554 5000 πάθος
1577 4938 1669 4991 καὶ
1689 4937 2090 5011 ἀπαλλαγείσῃ,
2113 4943 2212 4994 οὐκ

625 5020 694 5074 ἀν
725 5019 969 5090 ἀπέστης
999 5017 1336 5084 ἱκετεύουσα,
1365 5019 1784 5091 παρακαλοῦσα,
1803 5020 2052 5094 δεομένη.
2071 5022 2211 5077 ὥστε

624 5105 810 5159 πεῖσαι
837 5104 929 5156 τὸν
954 5101 1342 5170 ἀπαλλάξαντα
1361 5103 1532 5167 δεῖξαι
1554 5121 1568 5135 ·
1595 5105 1714 5158 νυνὶ
1735 5105 1793 5160 δὲ
1813 5107 1995 5180 δρῶσα
2011 5109 2212 5163 Ἀνναν

625 5186 872 5242 ιστῶσαν
903 5187 963 5240 έν
1000 5185 1079 5256 τῷ
1105 5187 1276 5256 μέσῳ,
1305 5185 1400 5240 καὶ
1425 5186 1488 5239 τὸ
1516 5187 1689 5251 πάθος
1710 5188 1880 5260 αὐτῆς
1909 5189 2212 5262 ἐξηγουμέ-

624 5288 744 5342 νην,
774 5269 953 5324 καὶτὸ
981 5270 1274 5341 φάρμακον
1301 5269 1584 5339 λέγουσαν,
1617 5273 1710 5326 καὶ
1737 5273 1828 5326 τὸν
1853 5274 2035 5346 ἰατρὸν
2055 5272 2209 5347 [³725]

625 5353 976 5410 δεικνύουσαν
993 5353 1161 5424 χωρὶς
1184 5353 1484 5425 ἱκετηρίας,
1505 5357 1672 5427 χωρὶς
1707 5357 2128 5428 παρακλήσεως,
2151 5359 2212 5410 οὐ

627 5436 969 5510 προσελεύσῃ
993 5437 1089 5491 καὶ
1113 5437 1259 5510 λήψῃ
1277 5437 1339 5490 τὸ
1364 5438 1678 5510 φάρμακον,
1716 5441 1836 5494 οὐδὲ
1873 5439 2085 5514 ἀκούσῃ
2116 5440 2214 5511 τῆς

631 5520 870 5591 ἱστορίας
903 5521 1021 5592 μετ’
1061 5521 1345 5593 ἀκριϐείας
1385 5523 1638 5596 ἀπάσης;
1671 5523 1778 5579 Καὶ
1819 5525 1965 5590 τίνος
2007 5526 2214 5599 δυνήσῃ

626 5603 759 5660 ποτὲ
796 5607 1074 5678 ἐπιτυχεῖν
1098 5606 1338 5676 ἀγαθοῦς
1370 5606 1512 5662 Ἀλλ’
1542 5609 1720 5681 ἕτεροι
1741 5609 1840 5682 μὲν
1871 5611 1965 5665 καὶ
1998 5610 2211 5682 πελάγη

691 5832 718 5860 ⁸
741 5831 876 5882 Colb.
902 5846 1028 5883 unus
1049 5840 1099 5882 el
1126 5833 1252 5895 Reg.
1271 5833 1530 5894 ἀνθρώπων
1550 5835 1649 5896 μέν.

1325 401 1386 460 S.
1423 399 1713 460 JOANN'S
1743 395 2238 458 CHRYSOSTOII
2279 396 2606 459 ΔΒΩΗΙΕΡ.
2643 396 3203 458 CONS'I‘ANTINOP.

3794 391 3901 452 651

2305 518 2554 576 διέϐαλον
2589 521 2618 562 δ
2655 521 2843 594 μακρά
2869 518 3153 586 πολλάκις,
3209 517 3306 573 καὶ
3357 516 3562 589 πολλὴν
3589 516 3904 588 ἀποδημίαν

2304 611 2637 676 έστείλαντο,
2655 613 2750 667 καὶ
2764 613 3030 686 χρήματα
3047 612 3424 684 έδαπάνησαν,
3449 611 3563 665 ’καὶ
3596 610 3760 664 πόνον
3793 613 3904 664 ὐπ»

2304 702 2549 774 έμειναν,
2569 704 2654 758 ῖνα
2682 704 2777 757 τδν
2805 702 2899 757 ἐπὶ
2923 705 3026 773 τῆς
3055 695 3342 774 ἀλλοτρίας
3375 701 3684 774 μηνυθέντα
3715 700 3906 772 ἰατρὸν

2307 795 2481 859 ῖδωσι,
2519 796 2614 850 καὶ
2644 794 2822 850 ταῦτα
2844 794 2907 848 οὐ
2949 793 3158 866 σφόδρα
3191 792 3546 864 θαρροῦντες.
3574 792 3658 847 δτι
3679 791 3905 854 πάντως

2306 885 2784 956 ἀπαλλαγήσονται
2805 883 2898 938 τοῦ
2922 887 3230 955 νοσήματος
3254 900 3269 915 ο
3323 884 3389 936 σύ
3417 883 3495 949 δὲ,
3527 877 3575 937 ὦ
3603 881 3767 952 γύναι
3788 921 3805 947 ,
3837 883 3902 935 οὐ

2306 971 2616 1028 διαπόντιον
2636 974 2949 1046 ἀποδημίαν
2979 970 3296 1026 στέλλεσθαι
3339 970 3632 1042 μέλλουσα,
3659 969 3784 1024 οὐδὲ
3819 972 3905 1034 εἰς

2306 1064 2407 1135 τὴν
2429 1066 2727 1136 ὑπερορίαν
2751 1064 3179 1135 μετοικίζεσθαι,
3195 1062 3316 1118 οὐδὲ
3337 1062 3500 1116 πόνον
3513 1061 3638 1115 τινὰ
3661 1059 3904 1115 τοιοῦτον

2307 1158 2628 1230 ὑπομένειν
2663 1159 2757 1210 καὶ
2788 1158 2841 1210 τί
2893 1157 3037 1225 λέγω
3067 1157 3168 1226 τὴν
3198 1155 3535 1228 ὐπερορίανς
3585 1153 3708 1207 οὐδὲ
3739 1153 3906 1206 αὐτὸν

2311 1250 2408 1322 μὲν
2423 1245 2516 1303 οὖν
2529 1251 2624 1303 τὸν
2638 1251 2791 1304 οὐδὸν
2807 1249 3226 1320 ἀναγκαζομένη
3242 1250 3343 1314 τῆς
3361 1250 3538 1313 οἰκίας
3572 1249 3674 1301 ὐπε
3682 1247 3905 1320 ρϐἧναι,

2308 1339 2445 1394 ἀλλά
2466 1341 2558 1394 καὶ
2581 1342 2638 1395 ὲν
2670 1339 2820 1410 αὐτῷ
2848 1339 3122 1410 δυναμένη
3152 1337 3230 1408 τῷ
3261 1337 3490 1409 θάλαμῳ
3541 1336 3907 1407 συγγενέσθαι

2306 1432 2386 1502 τῷ
2423 1430 2615 1502 ἰατρῷ,
2639 1432 2734 1484 καί⁸
2760 1431 2930 1502 χωρὶς
2959 1429 3179 1501 μεσίτου
3208 1429 3355 1493 τινὸς
3377 1427 3527 1499 αὐτῷ
3551 1428 3907 1500 διαλεχθῆναι

2309 1520 2440 1588 περὶ
2468 1520 2687 1572 πάντων
2708 1513 2783 1572 ὧν
2803 1519 2869 1572 ἂν
2885 1517 3082 1590 ἐθέλῃς
3105 1519 3274 1583 (Θεὸς
3292 1517 3423 1587 γάρ,
3448 1518 3633 1588 φησὶν,
3658 1514 3909 1586 ὲγτίᾷιιν

2306 1606 2420 1678 ἐγώ
2446 1609 2594 1676 ειμι,
2642 1606 2741 1661 καὶ
2771 1607 2843 1660 οὐ
2891 1605 3038 1672 Θεὸς
3084 1605 3453 1678 πόρῤωθεν),
3499 1603 3775 1676 ἀναϐάλλῃ
3812 1605 3908 1657 καὶ

2307 1701 2522 1766 δκνεῖς;
2560 1700 2672 1754 Καὶ
2707 1699 2867 1753 ποίαν
2895 1699 3038 1764 ἔξεις
3063 1698 3399 1767 ἀπολογίαν;
3443 1699 3590 1762 τίνος
3615 1698 3906 1769 ἀπολαύσῃ

2310 1787 2665 1859 συγγνώμης,
2696 1788 2822 1842 ὅταν
2849 1789 2942 1842 καὶ
2971 1787 3194 1842 εὔκολον
3214 1788 3312 1840 καὶ
3340 1786 3678 1858 πανταχόθεν
3710 1786 3907 1858 ῥᾳδίαν

2307 1877 2418 1930 τῶν
2444 1878 2812 1949 ἐπικειμένων
2839 1878 3028 1931 κακῶν
3055 1876 3382 1949 ἀπαλλαγὴν
3403 1877 3584 1948 εὑρεῖν
3604 1876 3902 1948 δυναμένη,

2312 1965 2582 2038 ρᾳθυμῇς,
2605 1965 2700 2019 καὶ
2726 1965 2828 2037 τὴν
2855 1965 3058 2037 σαυτῆς
3079 1964 3358 2036 σωτηρίαν
3380 1963 3678 2038 προδιδῷςς
3706 1965 3780 2017 Οὐ
3796 1963 3908 2037 γάρ

2310 2057 2375 2128 δή
2411 2056 2572 2126 μόνον
2612 2056 2900 2127 στείρωσιν
2930 2059 2959 2110 ὁ
3004 2056 3186 2128 ἰατρὸς
3228 2050 3386 2120 οὗτος
3408 2098 3423 2122 ,
3479 2055 3618 2110 ἀλλά
3671 2056 3767 2110 καὶ⁵
3797 2058 3907 2109 πᾶν

2311 2143 2490 2198 ὁτιοῦν
2521 2144 2734 2215 νόσημα
2779 2143 2876 2197 καὶ
2911 2143 3094 2214 ψυχῆς
3131 2145 3226 2197 καὶ
3268 2143 3518 2214 σώματος
3561 2143 3905 2217 θεραπεῦσαι

2309 2233 2550 2298 δύναται,
2585 2233 2818 2305 θελήσας
2844 2235 3024 2303 μόνον.
3059 2233 3170 2289 Καὶ
3195 2233 3257 2287 οὐ
3285 2233 3446 2287 τοῦτο
3477 2235 3640 2305 μόνον
3679 2235 3802 2289 tat}.
3845 2235 3904 2289 τὸ

2311 2319 2648 2390 θαυμαστὸν,
2671 2321 2754 2374 δτι
2780 2321 2951 2392 χωρὶς
2981 2321 3169 2382 πόνου,
3198 2322 3294 2375 καί
3328 2321 3660 2394 ἀποδημίας,
3694 2324 3792 2377 καί
3814 2324 3904 2378 δα-

2311 2407 2511 2480 πάνης,
2539 2409 2633 2462 καὶ
2653 2409 2912 2480 μεσιτῶν.
2939 2408 3055 2464 ἀλλ’
3077 2411 3161 2464 δτι
3190 2412 3286 2464 καὶ
3307 2410 3476 2483 χωρὶς
3496 2412 3796 2482 ἀλγηδόνος
3811 2411 3906 2484 τήν

2315 2499 2560 2570 ἰατρείαν
2590 2503 2842 2556 ποιεῖται.
2882 2502 2959 2555 Οὐ
2987 2503 3099 2573 γὰρ
3128 2502 3336 2574 σιδήρῳ
3380 2504 3474 2556 καὶ
3509 2505 3647 2570 πυρὶ
3676 2507 3814 2576 πρὸς
3848 2507 3908 2559 τὸ

2312 2587 2482 2652 πάθος
2512 2588 2748 2653 ἵσταται,
2779 2587 3031 2661 καθάπερ
3048 2593 3099 2646 οἱ
3126 2589 3235 2642 τῶν
3270 2591 3470 2661 ἰατρῶν
3500 2592 3692 2656 παῖδες
3727 2594 3909 2647 ποιούς

2314 2696 2397 2732 σιν
2415 2694 2428 2707 '
2460 2679 2576 2732 ἀλλ’
2604 2680 2766 2749 ἀρκεῖ
2790 2678 2981 2732 νεῦσαι
3007 2679 3187 2750 μόνον,
3224 2679 3322 2734 καὶ
3360 2682 3509 2733 πᾶσα
3535 2680 3636 2751 μὲν
3666 2681 3906 2753 ἀθυμία,

2311 2771 2461 2822 πᾶσα
2493 2769 2550 2822 δὲ
2583 2770 2766 2840 ὀδύνη,
2797 2770 2895 2825 καὶ
2929 2770 3104 2840 πάθος
3137 2770 3284 2824 ἀπαν
3317 2771 3647 2843 δραπετεύει
3678 2776 3779 2827 καὶ
3807 2791 3911 2844 φυ-

2310 2861 2618 2929 γαδεύεται.

2383 2973 2447 3044 β’.
2478 2973 2570 3044 Μή
2595 2973 2774 3028 τοίνυν
2804 2973 3126 3046 ἀμλῶμεν,
3153 2975 3289 3046 μηδὲ
3311 2973 3774 3046 ἀναϐαλλώμεθα,
3806 2977 3915 3032 κάν

2311 3065 2543 3136 πένητες
2575 3059 2728 3136 ὦμεν
2751 3066 2846 3119 καὶ
2879 3067 2959 3129 εἰς
3005 3067 3243 3138 ἐσχάτην
3287 3068 3791 3132 καταπεπτωκότες
3823 3068 3915 3122 έν-

2310 3157 2478 3211 δειαν.
2514 3156 2649 3211 Οὐδὲ
2674 3157 2783 3229 γὰρ
2805 3157 3070 3229 χρήματά
3091 3158 3211 3211 ἐστι
3232 3157 3582 3224 καταϐαλεῖν,
3605 3161 3697 3214 ῖνα
3717 3161 3916 3215 πενίαν

2312 3249 2766 3323 προδαλλὼμεθα.
2824 3253 2899 3304 Οὐ
2955 3252 3063 3322 γάρ
3104 3251 3372 3322 ἀργύριον
3426 3248 3583 3316 οὗτος
3643 3254 3674 3306 ό
3727 3255 3916 3324 ἰατρδς

2311 3347 2535 3400 ἀπαιτεῖ
2578 3347 2672 3400 τὸν
2723 3345 2950 3418 μισθὸν,
3005 3344 3142 3400 ἀλλά
3171 3345 3412 3417 δάκρυα,
3458 3347 3553 3401 καὶ
3586 3347 3782 3418 εὐχάς,
3819 3349 3917 3402 καὶ

2310 3437 2514 3494 πίστιν.
2578 3439 2698 3492 Κᾶν
2746 3438 2921 3493 ταῦτα
2955 3439 3097 3509 ἔχων
3131 3441 3270 3512 πρὸς
3318 3440 3482 3494 αὐτὸν
3529 3439 3725 3510 ἔλθῃς,
3764 3440 3916 3513 λήψῃ

2311 3532 2550 3597 πάντως,
2585 3532 2721 3602 ὅπερ
2771 3531 2836 3585 ἂν
2868 3533 3120 3604 αἰτήσῃς,
3169 3533 3264 3586 καὶ
3297 3531 3577 3606 ἁπελεύσῃ
3607 3534 3748 3602 μετά
3786 3534 3916 3586 πολ-

2310 3622 2410 3691 λῆς
2445 3625 2546 3694 τῆς
2572 3623 2934 3695 εὐφροσύνης.
2965 3625 3074 3677 Καὶ
3098 3623 3259 3678 τοῦτο
3295 3627 3396 3696 μὲν
3431 3624 3766 3695 πολλαχόθεν
3828 3625 3915 3690 ἐξ-

2312 3731 2430 3768 εστι
2459 3715 2673 3787 μαθεῖν,
2691 3716 2790 3787 οὐχ
2813 3708 3014 3788 ἥκιστα
3032 3717 3087 3771 δέ
3110 3717 3205 3772 καὶ
3231 3716 3340 3771 ἀπὸ
3370 3717 3471 3787 τῆς
3495 3717 3759 3786 γυναικὸς
3783 3717 3913 3772 ταύ-

2309 3825 2441 3880 της·
2484 3809 2545 3863 οὐ
2585 3809 2694 3879 γὰρ
2726 3809 2952 3880 χρυσίον
3003 3810 3098 3863 καί¹
3155 3809 3422 3882 ἀργύριον
3481 3809 3910 3876 καταϐαλοῦσα,

2311 3902 2424 3956 ἀλλ’
2456 3902 2621 3972 εὐχὴν
2647 3902 2745 3954 καὶ
2799 3902 2986 3954 πίστιν
3028 3901 3124 3955 καὶ⁵
3167 3902 3401 3972 δάκρυα,
3433 3903 3570 3975 ὅπερ
3604 3904 3780 3975 ᾔτησε
3818 3905 3914 3959 λα·

2313 3989 2506 4052 ϐοῦσα,
2533 3989 2707 4053 οὔτως
2736 3990 2970 4060 ἀπῆλθε.
3001 3990 3094 4061 Μὴ
3127 3992 3310 4045 τοίνυν
3339 3990 3652 4063 νομίζωμεν
3679 3994 3915 4066 ἀκερδὲς

2312 4083 2444 4152 ἡμῖν
2478 4077 2619 4135 εἶναι
2653 4082 2714 4134 τὸ
2743 4083 2992 4155 διήγημα
3012 4101 3025 4116 ο
3057 4081 3256 4138 Ταῦτα
3282 4085 3393 4154 γὰρ
3439 4085 3672 4155 ἐγράφη
3693 4129 3707 4151 ,
3753 4089 3911 4158 φησί,

2311 4174 2461 4242 πρὸς
2486 4175 2815 4228 νουθεσίαν
2853 4175 3045 4244 ἡμῶν,
3078 4178 3166 4242 είς
3192 4177 3303 4242 οὓς
3337 4177 3409 4232 τὰ
3435 4177 3582 4246 τέλη
3628 4181 3748 4232 τῶν
3778 4180 3915 4233 ald)-

2310 4284 2434 4319 νων
2459 4267 2842 4334 κατήντησεν
2860 4283 2874 4299 ο
2908 4267 3045 4320 ἀλλά
3065 4267 3456 4340 προσέλθωμεν
3485 4271 3644 4343 αὐτῇ,
3685 4275 3782 4326 καὶ
3804 4273 3912 4344 μά-

2312 4355 2516 4425 θωμεν,
2551 4356 2668 4420 πῶς
2692 4356 2856 4428 ἐλύθη
2881 4358 2942 4409 τὸ
2976 4357 3211 4429 νόσημα,
3230 4360 3326 4412 καὶ
3351 4361 3402 4413 τί
3430 4361 3570 4430 μετά
3590 4362 3651 4415 τὸ
3681 4363 3911 4434 λυθῆναι

2311 4448 2473 4502 πάλιν
2513 4448 2763 4520 ἐποίησε,
2796 4451 2892 4504 καὶ
2933 4451 3052 4515 πῶς
3085 4452 3358 4523 ἐχρήσατο
3393 4453 3473 4524 τῷ
3506 4453 3715 4509 δοθέντι
3754 4456 3912 4532 δώρῳ

2313 4541 2464 4613 παρά
2493 4542 2586 4596 τοῦ
2615 4543 2773 4598 Θεοῦ.
2832 4543 3127 4609 Ἐκάθισε,
3172 4545 3325 4616 φησί,
3379 4545 3480 4599 καὶ
3503 4546 3774 4614 έθήλασε
3806 4550 3914 4604 τὸν

2311 4631 2616 4699 Σαμουὴλ.

2385 4763 2527 4834 Ὅρα
2555 4765 2673 4828 πῶς
2725 4765 2873 4836 ἐώρα
2918 4768 2981 4818 τὸ
3012 4767 3223 4821 παιδίον
3263 4770 3440 4823 έκεῖνο
3477 4770 3664 4823 λοιπὸν
3693 4771 3792 4842 οὐχ
3836 4773 3910 4835 ὡς

2313 4855 2526 4908 παιδίον
2563 4857 2745 4928 μόνον,
2778 4858 2915 4912 ἀλλά
2964 4860 3058 4912 καὶ
3103 4859 3176 4922 ὡς
3213 4860 3501 4932 ἀνάθημαο
3553 4863 3649 4916 καὶ
3687 4862 3912 4916 διπλοῦν

2313 4948 2452 5020 αὐτῇ
2487 4949 2549 5002 τὸ
2578 4950 2798 5022 φίλτρον
2828 4951 3057 5020 ἐγίνετο,
3091 4953 3152 5006 τὸ
3186 4954 3285 5022 μὲν
3312 4955 3423 5007 ἀπὸ
3451 4953 3549 5025 τῆς
3582 4955 3821 5025 φύσεως,
3849 4956 3911 5010 τὸ

2311 5041 2368 5096 δὲ
2399 5041 2507 5097 ἀπὸ
2530 5041 2685 5116 [724]
2714 5043 2818 5114 τῆς
2846 5045 3090 5116 χάριτος.
3152 5046 3306 5116 Ἐμοὶ
3337 5046 3393 5099 δὲ
3423 5047 3570 5100 δοκεῖ
3613 5049 3710 5101 καὶ
3741 5047 3910 5101 αἰδεῖ-

2316 5134 2439 5188 σθαι
2472 5135 2533 5190 τὸ
2566 5136 2781 5190 παιδίον
2809 5137 2870 5190 τὸ
2899 5137 3098 5208 εαυτῆς
3119 5153 3131 5166 ’
3161 5138 3258 5192 καὶ
3281 5139 3524 5204 εἰκότως.
3550 5139 3615 5192 Et
3644 5140 3757 5210 7&9
3781 5142 3910 5209 φιά-

2313 5223 2412 5290 λας
2431 5227 2526 5280 καί
2555 5227 2791 5297 ποτήρια
2819 5230 3002 5298 χρυσᾶ
3022 5228 3305 5300 μέλλοντές
3325 5247 3468 5294 τινες
3497 5231 3815 5286 ἀνατιθέναι
3835 5230 3911 5303 τῷ

2313 5320 2450 5392 Θεῷ,
2487 5321 2707 5374 ὲπειδάν
2735 5322 3247 5378 κατασκευασθέντα
3270 5323 3499 5390 λάϐωσι,
3533 5326 3629 5379 καὶ
3668 5327 3773 5395 πρὸ
3810 5326 3910 5396 τῆς

2315 5416 2525 5486 ήμέρας
2552 5414 2866 5468 ἀποθῶνται
2909 5418 3067 5482 οῖκοι,
3091 5417 3190 5487 οὐχ
3208 5417 3285 5481 ὡς
3318 5416 3475 5470 κοινά
3524 5417 3712 5472 λοιπὸν
3738 5419 3909 5491 δρῶσι

2319 5508 2506 5579 σκεύη,
2544 5507 2658 5560 ἀλλ’
2685 5507 2762 5571 ὡς
2788 5509 3132 5580 ἀναθήματα,
3157 5511 3252 5563 καὶ
3273 5510 3395 5563 οὐδὲ
3428 5509 3701 5580 τολμῶσιν
3721 5511 3910 5576 ἁπλῶς

2314 5602 2409 5654 καὶ
2436 5602 2561 5673 εἰκῆ
2590 5599 2796 5654 τούτων
2827 5599 3090 5671 ἅψασθαι,
3129 5599 3383 5677 καθάπερ
3421 5602 3516 5655 καί
3541 5601 3651 5656 τῶν
3680 5601 3908 5656 λοιπιῖινο

2379 5831 2408 5874 δ
2430 5834 2510 5884 Sic
2530 5833 2813 5884 restitutum
2833 5845 2863 5884 ε
2885 5831 3058 5884 lore].
3080 5838 3134 5884 el
3153 5831 3334 5894 δηθά
3361 5831 3529 5883 Iona.
3558 5831 3774 5884 διέλαϐον
3818 5831 3890 5882 Eo
