4178 6330
215 400 311 459 655

228 510 459 564 "minxit
492 506 905 580 tempestivum,
934 514 1181 557 sanetum
1210 500 1455 555 videlicet
1488 496 1814 552 Samuclem.

254 600 388 655 ‘olite
413 599 573 669 igitur
600 598 829 650 moleste
860 593 1000 647 ferre
1021 635 1035 655 ,
1066 592 1109 645 si
1156 605 1341 645 rursus
1372 589 1511 642 idem
1539 600 1823 655 argumen-

225 701 326 744 tum
353 698 585 743 tractare
612 686 918 753 incipimus.
946 683 1131 751 Neque
1158 683 1301 735 enim
1332 678 1520 731 cadem
1556 676 1820 737 dicemus,

223 780 309 833 sed
328 793 459 832 nova
486 775 732 847 quaedam
754 791 815 830 ac
839 774 1094 830 recentia.
1122 772 1253 826 Nam
1282 773 1333 825 in
1360 770 1605 824 convivio
1624 782 1819 835 corpo-

222 872 329 931 rali,
358 885 421 923 cx
440 868 632 923 eodem
653 867 877 922 obsonio
901 865 1064 919 multa
1089 863 1390 917 eduliorum
1419 875 1616 930 genera
1638 869 1821 928 posset

221 962 403 1030 aliquis
416 958 707 1015 conﬁcere.
739 958 876 1025 Quin
896 952 959 1011 et
984 956 1235 1009 auritices
1266 953 1510 1007 videmus
1534 967 1599 1006 ex
1628 950 1817 1005 eadem

220 1052 326 1105 auri
371 1065 547 1106 massa
574 1060 627 1104 et
653 1048 910 1110 armillas,
938 1057 991 1100 et
1041 1055 1292 1114 torques,
1343 1042 1582 1111 aliasque
1625 1041 1821 1094 multas

222 1158 300 1197 res
328 1157 521 1196 aureas
550 1140 772 1210 fingere.
804 1138 1137 1207 Quamquam
1169 1137 1311 1190 enim
1343 1133 1586 1204 ejusdem
1605 1135 1820 1203 generis

221 1244 294 1289 est
321 1232 564 1292 materia,
599 1246 687 1285 ars
710 1241 883 1284 tamen
912 1238 995 1282 est
1042 1228 1187 1281 varia
1210 1268 1224 1292 ,
1272 1241 1369 1279 nec
1419 1232 1723 1280 coarctatur
1750 1223 1821 1276 si-

220 1320 511 1376 militudine
558 1320 797 1373 materia:
824 1318 1079 1387 subjecta:
1100 1358 1112 1377 .
1143 1315 1285 1386 quod
1314 1317 1425 1385 ipsa
1456 1315 1524 1368 sit
1552 1314 1769 1383 copiosa
1798 1354 1813 1380 ,

220 1412 448 1481 variique
501 1411 733 1465 artiﬁcii.
792 1410 943 1477 Quod
974 1409 1018 1463 si
1051 1424 1141 1463 res
1172 1409 1325 1461 istius
1350 1406 1473 1460 vitae
1518 1415 1645 1461 sunt
1675 1405 1818 1474 ejus-

219 1504 353 1557 modi
378 1545 390 1566 ,
425 1502 599 1556 multo
652 1518 777 1556 vero
807 1501 976 1571 magis
1008 1499 1240 1569 Spiritus
1294 1504 1483 1567 gratia.
1513 1496 1646 1551 Nam
1675 1496 1816 1565 quod

218 1595 391 1665 gratia:
415 1609 601 1648 mensa
633 1595 703 1648 sit
733 1596 872 1646 varia
892 1634 907 1659 ,
941 1590 1304 1656 multiformis,
1338 1598 1391 1644 et
1420 1590 1659 1659 opipara,
1690 1589 1814 1642 audi

219 1686 431 1740 Paulum
477 1684 743 1739 dicentem
796 1701 811 1736 ι
852 1684 954 1736 Alii
1005 1682 1212 1753 quidem
1247 1697 1339 1749 per
1374 1680 1629 1750 Spiritum
1668 1680 1819 1731 datur

218 1793 371 1833 sermo
398 1776 685 1847 sapientite,
733 1776 824 1829 alii
852 1791 966 1828 vero
995 1789 1168 1828 sermo
1206 1774 1473 1834 scientiw,
1515 1771 1607 1823 alii
1642 1785 1818 1822 rursus

219 1872 357 1941 fides,
379 1872 471 1924 alii
506 1886 621 1924 vero
641 1869 777 1923 dona
792 1868 1143 1929 sanationum,
1164 1865 1548 1933 subvenliones,
1569 1863 1819 1933 guberna—

220 1965 391 2027 tiones,
415 1978 603 2033 genera
630 1962 942 2030 linguarum.
967 1957 1094 2011 [ltro
1123 1966 1301 2010 autent
1330 1969 1580 2022 operatur
1614 1969 1746 2006 unus
1773 1960 1818 2005 et

216 2055 341 2110 idem
374 2053 622 2123 Spiritus,
646 2051 873 2104 dividens
897 2065 1134 2105 seorsum
1164 2052 1352 2117 cuique
1378 2057 1431 2098 ut
1457 2045 1561 2098 vult
1592 2045 1636 2114 (l
1654 2084 1666 2095 .
1697 2044 1815 2098 Cor.

217 2146 300 2200 12.
356 2145 537 2214 εριι).
576 2141 738 2197 Vides
787 2156 946 2211 quam
1003 2139 1147 2192 varia
1189 2136 1300 2190 sit?
1352 2137 1549 2200 Multa,
1612 2136 1815 2205 inquit,

218 2234 425 2292 flumina
447 2277 463 2303 ,
496 2233 590 2289 sed
644 2249 780 2286 unus
810 2243 892 2286 est
923 2230 1074 2293 fons;
1106 2230 1251 2282 varia
1292 2236 1419 2283 sunt
1463 2227 1669 2289 edulia,
1723 2228 1817 2280 scd

218 2342 348 2381 unus
376 2335 458 2381 est
485 2327 818 2380 convi'rator.
866 2322 1007 2393 Ergo
1031 2338 1151 2377 cum
1185 2331 1293 2375 tam
1324 2336 1513 2389 magna
1538 2363 1552 2381 ,
1604 2332 1818 2389 tamque

217 2417 486 2487 multiplex
522 2417 589 2469 sit
618 2416 849 2484 Spiritus
867 2415 1057 2485 gratia,
1082 2429 1149 2467 ne
1168 2412 1545 2482 defatigemur.
1576 2410 1819 2465 Vidimus

216 2525 328 2565 eam
349 2509 587 2563 sterilem
608 2550 624 2574 ,
658 2506 889 2560 vidimus
910 2521 1027 2560 eam
1053 2504 1246 2559 factam
1286 2512 1512 2557 matrem
1549 2519 1562 2554 :
1592 2501 1818 2555 vidimus

217 2601 630 2673 lacrymantem,
669 2598 899 2654 vidimus
935 2596 1295 2668 gaudentem;
1331 2605 1442 2650 tum
1490 2594 1647 2649 simul
1695 2609 1817 2648 cum

218 2692 303 2747 illa
334 2692 662 2747 iudoluimus
698 2709 710 2745 :
740 2691 899 2745 simul
932 2705 1053 2744 cum
1085 2690 1171 2744 illa
1202 2689 1398 2759 gaudio
1439 2687 1740 2741 afficiamur
1766 2695 1819 2739 et

219 2785 387 2840 hodie.
419 2785 514 2841 Sic
539 2796 593 2839 et
621 2785 817 2839 Paulus
842 2783 1013 2851 jubet,
1044 2782 1280 2838 Gaudere
1316 2799 1429 2835 cum
1456 2781 1815 2853 gaudentibus,

217 2876 333 2945 ﬂere
351 2893 464 2930 cum
486 2876 723 2946 ﬂentibus
766 2875 950 2944 (Rom.
978 2874 1067 2929 12.
1100 2875 1213 2941 15).
1250 2873 1302 2927 Id
1339 2889 1464 2927 vero
1514 2872 1818 2926 faciendum

220 2976 297 3025 est
324 2984 425 3023 non
450 2969 629 3024 Solum
667 2982 828 3036 super
856 2967 921 3019 iis
942 2967 1032 3035 qui
1063 2965 1343 3019 nobiscum
1370 2965 1553 3016 vivunt
1578 3005 1592 3026 ,
1640 2963 1732 3016 sed
1766 2972 1820 3016 et

216 3076 369 3131 super
390 3061 455 3115 iis
481 3060 571 3130 qui
594 3059 723 3113 olim
748 3058 854 3111 nati
889 3056 1109 3112 iuerint.
1144 3057 1218 3111 Ac
1250 3070 1317 3110 ne
1345 3056 1463 3125 quis
1491 3054 1621 3108 mihi
1652 3053 1815 3116 dicat,

216 3152 334 3221 quid
363 3150 570 3205 fructus
597 3149 806 3218 capiam
831 3147 899 3202 ab
932 3150 1082 3200 Anna
1107 3189 1121 3213 ,
1155 3156 1206 3200 et
1239 3146 1306 3199 ab
1325 3146 1465 3199 illius
1486 3159 1817 3199 commemo-

216 3243 453 3298 ratione?
480 3240 615 3297 Nam
640 3250 695 3296 et
738 3240 884 3294 orba:
924 3238 1050 3293 hinc
1094 3244 1347 3307 poterunt
1388 3236 1597 3289 discere
1625 3276 1639 3297 ,
1686 3249 1820 3303 quo-

218 3333 370 3387 modo
400 3332 606 3402 possint
631 3329 745 3383 fieri
772 3338 971 3383 matres
1002 3345 1013 3379 :
1041 3342 1225 3381 rursus
1251 3337 1452 3380 matres
1481 3327 1678 3391 scient,
1700 3340 1819 3394 quae

217 3426 281 3479 sit
307 3426 507 3493 optima
538 3424 674 3477 ratio
718 3421 919 3475 liberos
946 3418 1230 3473 educandi.
1279 3417 1387 3472 Nec
1433 3416 1647 3471 feminae
1696 3428 1816 3470 tan-

219 3525 362 3583 tum,
390 3518 486 3571 sed
516 3524 571 3571 et
600 3514 699 3568 viri
744 3514 1034 3583 plurimum
1085 3515 1152 3566 ab
1208 3512 1306 3565 bac
1347 3511 1568 3565 historia
1615 3511 1819 3563 fructus

217 3606 486 3668 auferent.
534 3606 579 3660 si
626 3606 749 3659 hinc
798 3604 1088 3658 didicerint
1161 3602 1370 3672 placido
1424 3602 1645 3670 mitique
1693 3616 1817 3668 erga

218 3712 411 3752 uxores
440 3712 564 3754 esse
585 3696 766 3751 animo
788 3736 803 3761 ,
832 3694 1041 3748 etiamsi
1070 3693 1367 3747 sterilitatis
1394 3693 1522 3746 vitio
1554 3692 1816 3755 laborent,

218 3798 274 3845 ut
297 3790 494 3845 Eleana
516 3804 640 3860 erga
674 3792 888 3843 Annam
918 3786 1016 3841 fuit
1041 3785 1285 3841 affectus.
1310 3785 1418 3840 Nec
1448 3800 1576 3839 vero
1602 3784 1702 3837 huc
1732 3799 1819 3836 so-

219 3880 359 3943 lum,
388 3879 486 3935 sed
524 3888 579 3935 et
606 3878 750 3934 aliud
794 3894 861 3933 eo
906 3879 1079 3948 majus
1105 3878 1439 3933 lucrifacient
1464 3920 1478 3943 ,
1519 3893 1641 3930 cum
1684 3876 1821 3929 didi-

218 3972 383 4027 ceriut
409 3980 591 4042 patres
618 3986 804 4025 omnes
828 3979 1080 4039 Oportere
1107 3970 1323 4031 liberos,
1344 3969 1434 4037 qui
1462 3970 1568 4021 nati
1602 3967 1815 4033 fuerint,

218 4063 445 4119 educare
470 4063 599 4117 Deo.
625 4062 702 4117 Ne
724 4062 883 4132 igitur
904 4060 1157 4131 quoniam
1178 4061 1433 4132 pecunias
1462 4068 1515 4113 ct
1541 4068 1821 4129 argentum

219 4157 460 4223 accipere
507 4169 571 4209 ex
616 4152 732 4208 hac
772 4153 1079 4207 narratione
1118 4168 1226 4209 non
1268 4150 1419 4215 licet,
1454 4152 1821 4207 existimemus

220 4259 521 4299 sermonem
553 4243 707 4299 nobis
737 4242 1110 4313 infrugifernm
1149 4258 1270 4298 esse
1298 4260 1310 4297 :
1343 4242 1436 4296 sed
1477 4242 1546 4295 ob
1590 4242 1819 4310 tdipsum

221 4337 539 4391 arbitremur
571 4336 841 4390 lucrosum
863 4344 917 4390 et
938 4336 1121 4389 utilem
1142 4377 1157 4402 ,
1191 4335 1334 4406 quod
1370 4350 1475 4389 non
1499 4350 1689 4390 aurum
1730 4350 1819 4390 ar-

221 4440 523 4498 gentumve,
554 4428 648 4484 sed
679 4428 820 4499 quod
862 4428 926 4483 iis
955 4428 1113 4498 longe
1136 4430 1309 4495 majus
1337 4438 1440 4491 est,
1463 4429 1625 4481 animi
1654 4429 1821 4497 picta-

226 4529 349 4585 tem,
397 4521 754 4589 etelestesqne
784 4518 1066 4574 thesauros
1111 4519 1266 4574 nobis
1316 4519 1581 4582 ostendit,
1614 4520 1814 4574 docens

224 4627 325 4680 quo
371 4621 528 4681 pacto
577 4611 878 4681 periculum
940 4626 1102 4665 omne
1147 4611 1500 4681 depellamus.
1551 4610 1823 4680 Siquidem

226 4699 397 4772 largiri
448 4702 736 4771 pecuniam
768 4700 1074 4755 hominibus
1102 4702 1153 4755 in
1207 4702 1429 4771 proclivi
1462 4710 1544 4756 est
1575 4719 1587 4755 :
1619 4710 1676 4755 at
1702 4716 1825 4756 cor-

226 4794 395 4863 rigere
432 4801 710 4858 naturam,
740 4807 807 4848 ac
831 4791 992 4846 talem
1022 4807 1312 4847 maerorem
1336 4802 1595 4848 excutere
1615 4836 1630 4861 ,
1662 4793 1825 4850 talem

228 4886 383 4939 animi
406 4884 701 4939 cruciatum
732 4884 946 4949 tollere,
967 4884 1199 4938 animam
1224 4884 1439 4951 jamjam
1467 4885 1825 4955 collapsumm

227 4976 433 5047 erigere
454 5017 469 5042 ,
498 4976 629 5031 nulli
650 4977 866 5039 quidem
889 4976 1165 5031 hominum
1187 5018 1202 5040 ,
1226 4976 1320 5031 sed
1353 4978 1453 5031 soli
1482 4988 1685 5031 natura:
1717 4977 1825 5031 Do-

232 5068 371 5122 mino
401 5068 453 5122 in
497 5074 657 5121 manu
684 5078 786 5122 est.
813 5067 891 5121 Tu
920 5082 1051 5121 vero
1079 5069 1124 5121 si
1170 5082 1291 5121 eum
1336 5070 1526 5122 morbo
1583 5068 1827 5123 ‘aborans

231 5154 547 5224 insanabili,
585 5172 832 5227 percursa
862 5166 971 5211 tota
1005 5158 1219 5212 civitate
1247 5160 1502 5227 pecunias
1534 5160 1827 5229 impendis-

232 5261 335 5313 σος,
360 5249 596 5318 pluribus
618 5259 775 5303 utens
804 5247 1048 5316 medicis,
1083 5264 1181 5303 nec
1214 5250 1383 5303 ullum
1419 5250 1543 5304 mali
1576 5251 1825 5304 solatium

235 5342 519 5409 reperisses
539 5383 553 5406 ,
593 5350 779 5411 postea
810 5339 1074 5395 iucideres
1112 5343 1165 5396 in
1211 5342 1489 5397 mulierem
1516 5384 1529 5405 ,
1558 5358 1675 5412 quae
1704 5358 1825 5397 cum

237 5431 421 5487 eodem
449 5432 641 5487 morbo
679 5442 976 5498 teneretur,
1010 5433 1229 5487 liberata
1262 5436 1359 5499 sit,
1397 5450 1502 5487 non
1559 5435 1831 5489 desineres

237 5523 515 5578 obsecrare
535 5565 551 5591 ,
579 5538 786 5594 rogare,
841 5523 1112 5577 exhortari
1140 5567 1152 5587 ,
1181 5534 1235 5577 ut
1276 5542 1396 5579 cum
1430 5526 1521 5579 tibi
1551 5541 1830 5580 common-

238 5613 449 5681 straret,
478 5614 632 5683 cujus
671 5630 831 5685 Opera
871 5614 1061 5669 fuisset
1108 5624 1291 5669 sanata
1320 5634 1331 5669 :
1366 5631 1509 5669 nunc
1554 5633 1681 5670 vero
1709 5632 1829 5670 cum

241 5704 415 5760 videas
440 5708 648 5760 Annam
692 5709 743 5761 in
773 5707 951 5761 medio
980 5716 1209 5760 stantem
1238 5752 1249 5773 ,
1278 5722 1546 5775 suumque
1585 5708 1830 5763 morbum

238 5806 593 5864 enan'antem,
612 5805 666 5852 ct
685 5796 928 5866 ejusdem
963 5796 1255 5853 remedium
1287 5808 1825 5869 commemorantem,

1503 382 1591 436 DE
1631 377 1815 435 ANNA
1855 375 2093 433 SERMO
2130 376 2218 433 lll.

3433 381 3543 441 «ιω

1939 508 2002 549 ac
2030 492 2294 548 medicum
2336 501 2882 559 commonstrantem,
2938 492 3099 550 nullis
3146 492 3540 551 obsecrationi-

1930 588 2061 648 bus,
2112 588 2273 641 nullis
2337 586 2586 655 precibus
2635 584 2957 653 adductam,
3016 599 3122 641 non
3167 590 3395 643 accedes
3451 602 3542 643 ac-

1928 687 2149 746 ceptura
2196 676 2493 732 remedium
2521 718 2535 743 ,
2567 692 2666 731 nec
2710 679 2897 731 audies
2947 686 3055 731 tota
3085 690 3208 732 cum
3233 678 3537 735 attentione

1931 769 2246 822 historiam?
2295 769 2363 823 Et
2414 769 2541 839 quid
2597 785 2851 839 umquam
2902 769 3025 823 boni
3079 769 3283 839 poteris
3340 785 3541 828 conse-

1927 858 2058 928 qui?
2106 863 2175 911 Αι
2209 859 2297 913 alii
2341 858 2649 929 frequenter
2688 875 2876 929 magna
2927 861 3091 915 etiam
3152 860 3361 917 emensi
3412 871 3541 917 sunt

1929 952 2093 1003 maria
2120 992 2134 1015 ,
2169 950 2484 1020 longinquas
2512 954 2973 1023 peregrinationes
3004 959 3399 1023 susceperunt,
3448 969 3542 1022 pe-

1926 1043 2113 1096 cunias
2161 1044 2571 1112 impenderunt,
2621 1044 2836 1099 labores
2882 1046 3121 1114 perpessi
3156 1053 3316 1109 sunt,
3351 1054 3406 1100 ut
3434 1061 3539 1099 me-

1928 1134 2103 1188 dicum
2151 1150 2328 1188 comm
2353 1144 2636 1189 instratum
2670 1136 2721 1189 in
2753 1136 3037 1205 peregrina
3071 1135 3290 1206 regione
3317 1136 3537 1204 conspi-

1925 1233 2131 1287 cerent,
2164 1227 2323 1295 idque
2350 1243 2473 1281 cum
2496 1243 2601 1281 non
2631 1227 2921 1282 admodum
2948 1236 3094 1283 certa
3122 1239 3265 1282 esset
3299 1228 3495 1282 ﬁducia
3522 1270 3537 1293 ,

1927 1326 1986 1370 ut
2011 1333 2229 1385 prorsus
2257 1320 2446 1371 morbo
2486 1319 2844 1372 liberarentur
2874 1335 2886 1371 :
2922 1329 2973 1372 at
3002 1327 3075 1383 tu,
3106 1335 3139 1371 o
3162 1319 3378 1385 mulier,
3412 1334 3536 1373 cum

1926 1422 2032 1460 non
2062 1407 2136 1461 sis
2166 1409 2358 1462 initura
2385 1409 2769 1477 profectionem
2796 1412 3205 1465 transmarinam
3233 1455 3247 1477 ,
3275 1427 3373 1466 nec
3398 1412 3535 1466 ultra

1927 1499 2110 1567 patrize
2144 1498 2277 1553 lines
2306 1500 2692 1570 demigratum,
2728 1517 2824 1554 nec
2856 1502 3092 1556 laborem
3141 1502 3375 1556 similem
3409 1518 3533 1571 pcr-

1924 1607 2179 1661 pcssura:
2210 1606 2262 1647 et
2299 1593 2427 1663 quid
2462 1594 2604 1655 dixi,
2638 1595 2776 1648 ultra
2837 1595 3019 1662 patriae
3065 1594 3234 1648 lines?
3269 1610 3390 1647 cum
3439 1610 3537 1648 nec

1924 1684 2095 1752 ipsum
2124 1684 2317 1738 domus
2351 1685 2513 1739 limen
2545 1687 2773 1740 transire
2819 1688 3050 1755 cogaris,
3102 1686 3195 1741 sed
3222 1688 3302 1741 vel
3336 1688 3388 1740 in
3419 1688 3538 1755 ipso

1926 1773 2158 1828 thalamo
2198 1774 2371 1843 possis
2397 1776 2685 1830 convenire
2707 1775 2973 1830 medicum
3005 1818 3019 1842 ,
3061 1777 3301 1845 citraque
3324 1777 3533 1831 media-

1927 1874 2101 1919 toretn
2128 1881 2247 1919 cum
2283 1865 2373 1919 illo
2424 1866 2653 1937 colloqui
2706 1868 2773 1921 de
2823 1867 3251 1938 quibuscumque
3298 1870 3534 1923 volucris

1925 1955 2088 2026 (Deus
2105 1958 2284 2021 enim,
2316 1958 2519 2028 inquit,
2573 1960 2995 2029 appropinquans
3034 1976 3125 2030 ego
3164 1976 3313 2024 sum,
3346 1972 3391 2012 et
3432 1977 3534 2013 non

1924 2046 2064 2100 Deus
2094 2048 2274 2117 procul
2322 2047 2457 2116 (Jer.
2484 2048 2575 2101 25.
2604 2048 2733 2118 23),
2788 2048 2972 2104 dill‘ers
3018 2059 3071 2103 et
3111 2050 3423 2104 cunctaris?
3468 2049 3535 2104 Et

1924 2154 2081 2206 quam
2129 2137 2379 2191 habitura
2421 2154 2482 2193 es
2514 2140 2957 2193 excusationem?
2983 2156 3143 2210 quam
3182 2141 3535 2209 consequeris

1925 2229 2164 2292 veniam,
2220 2230 2265 2282 si
2294 2244 2413 2283 cum
2462 2230 2754 2297 proclivem
2777 2239 2831 2283 et
2862 2230 3101 2300 undique
3154 2229 3361 2284 facilem
3396 2231 3533 2284 viam

1926 2320 2171 2375 invenire
2209 2320 2419 2389 possis,
2466 2337 2568 2390 qua
2598 2322 2665 2373 ab
2694 2322 3011 2391 urgentibus
3053 2320 3207 2374 malis
3252 2320 3525 2385 libereris,

1926 2426 2020 2480 per
2047 2412 2348 2465 socordiam
2388 2420 2534 2466 tuam
2569 2412 2736 2481 ipsius
2791 2413 3018 2467 salutem
3054 2411 3395 2480 prodideris?
3442 2412 3535 2466 llic

1924 2505 2066 2558 enim
2098 2505 2337 2559 medicus
2371 2521 2478 2559 non
2522 2506 2860 2559 sterilitatem
2911 2506 3112 2569 solum,
3163 2504 3257 2558 scd
3290 2514 3341 2559 et
3373 2520 3535 2559 omne.

1924 2596 2235 2650 morborum
2283 2613 2453 2667 genus
2506 2608 2613 2651 tum
2667 2598 3082 2665 corporis,tum
3124 2598 3289 2650 animi
3340 2613 3535 2651 sanare

1925 2698 2142 2759 potest,
2178 2690 2221 2744 si
2259 2690 2385 2744 velit
2416 2700 2640 2748 tantum.
2693 2689 2877 2759 Neque
2916 2689 2967 2744 id
2998 2690 3173 2743 solum
3220 2688 3531 2744 mirandum

1923 2789 2005 2834 est
2029 2823 2042 2842 ,
2073 2780 2215 2850 quod
2256 2783 2386 2835 citra
2415 2781 2687 2846 laborem,
2721 2782 2837 2835 sine
2888 2781 3317 2850 peregrinatione
3344 2821 3359 2845 ,
3409 2779 3529 2835 sine

1924 2873 2229 2942 impendiis,
2263 2876 2467 2945 absque
2508 2874 2958 2929 interee-soribus
2994 2874 3330 2927 curationem
3378 2871 3535 2926 adhi-

1923 2966 2047 3031 bet,
2084 2982 2269 3020 verum
2312 2967 2473 3021 etiam
2505 2967 2646 3035 quod
2692 2968 2824 3020 citra
2850 2966 3120 3019 dolorem.
3154 2965 3340 3035 Neque
3389 2964 3532 3018 enim

1924 3054 2068 3109 ferro
2100 3056 2276 3125 iguive
2306 3067 2461 3109 curat
2492 3056 2726 3118 malum,
2760 3066 2816 3110 nt
2842 3058 3023 3110 ozuteri
3057 3057 3250 3110 medici
3282 3056 3486 3110 faciunt
3517 3074 3531 3109 :

1924 3145 2120 3200 sufﬁcit
2161 3147 2242 3200 vel
2272 3146 2497 3215 simplex
2527 3156 2689 3200 nutus
2714 3187 2729 3211 ,
2762 3160 2825 3199 ac
2855 3146 3097 3215 protinus
3132 3147 3309 3200 omnis
3338 3160 3528 3217 angor,

1923 3237 2098 3291 omnis
2120 3237 2291 3303 dolor,
2316 3252 2475 3291 omne
2492 3237 2692 3290 malum
2711 3236 2859 3305 fugit,
2880 3247 3041 3306 atque
3066 3237 3365 3291 exsulatum
3396 3238 3529 3291 abit.

1995 3331 2050 3384 2.
2093 3330 2169 3384 Ne
2190 3340 2505 3384 cunctentur
2526 3331 2705 3400 igitur,
2731 3346 2865 3384 neve
2898 3331 3375 3399 procrastiuemus,
3404 3329 3533 3383 licet

1928 3438 2191 3493 pauperes
2215 3425 2404 3490 simus,
2442 3433 2497 3477 et
2526 3424 2589 3476 ad
2620 3434 2917 3477 extremam
2966 3421 3169 3477 redacti
3214 3431 3531 3491 egestitem.

1923 3514 2109 3583 Neque
2138 3515 2281 3569 enim
2316 3513 2401 3568 hic
2431 3513 2757 3568 numeranda
2789 3522 2872 3569 est
2926 3514 3171 3589 pecunia,
3214 3522 3274 3566 ut
3297 3513 3531 3582 in0piam

1925 3606 2191 3675 pz-ssimt's
2236 3604 2550 3659 obtendere.
2598 3604 2691 3658 llic
2742 3604 2993 3658 nimirum
3026 3603 3266 3658 medicus
3291 3617 3397 3657 non
3438 3617 3534 3657 ar-

1923 3709 2142 3769 gentum
2177 3712 2274 3767 pro
2304 3696 2552 3751 mercede
2594 3698 2747 3766 petit,
2793 3697 2886 3749 sed
2916 3697 3200 3766 laerymas,
3244 3708 3432 3763 preces
3470 3708 3535 3747 ac

1926 3791 2104 3844 Iidem.
2136 3788 2263 3843 llzec
2288 3790 2330 3843 si
2376 3796 2597 3859 portans
2626 3786 2691 3841 ad
2728 3788 2875 3840 illum
2909 3788 3226 3853 accesseris,
3268 3784 3532 3855 quidquid

1924 3882 2145 3935 Omnino
2164 3882 2448 3949 postularis
2465 3881 2719 3948 accipies,
2750 3878 3025 3947 multoque
3050 3892 3171 3932 cum
3195 3877 3389 3947 gaudio
3410 3876 3526 3939 dis-

1924 3971 2101 4026 cedes.
2141 3969 2193 4024 ld
2222 3986 2352 4025 sane
2381 3986 2503 4024 cum
2536 3969 2716 4022 multis
2741 3984 2810 4021 ex
2840 3968 2999 4021 rebus
3020 3980 3347 4037 cognoscere
3382 3968 3526 4032 licet,

1928 4071 2038 4115 tum
2068 4077 2195 4114 vero
2225 4062 2490 4130 praecipue
2512 4075 2578 4113 ex
2608 4060 2709 4113 hac
2737 4059 2985 4125 muliere,
3008 4073 3130 4127 qua:
3158 4071 3263 4112 non
3292 4073 3481 4112 aurum
3514 4098 3531 4121 ,

1926 4168 2031 4208 non
2062 4162 2337 4221 argentum
2355 4150 2618 4215 exhibuit,
2650 4149 2743 4204 sed
2772 4164 2981 4219 preces,
3011 4147 3170 4203 [idem
3193 4158 3248 4202 et
3270 4146 3534 4217 lacrymas

1926 4244 2142 4309 obtulit,
2175 4254 2336 4313 atque
2363 4243 2434 4297 ita
2466 4242 2722 4312 quidquid
2752 4243 3245 4312 petiitc0nsequuta
3264 4239 3532 4294 discessit.

1928 4334 2157 4391 Proinde
2184 4350 2251 4389 ne
2284 4343 2533 4403 putemus
2562 4334 2701 4387 hanc
2742 4333 3103 4388 narrationem
3129 4331 3283 4385 nobis
3306 4330 3535 4400 infragi-

1929 4424 2095 4480 feram
2123 4440 2243 4481 esse
2263 4466 2277 4490 ,
2306 4424 2738 4496 quandoquidem
2786 4423 2912 4478 lltec
2938 4424 3130 4491 scripta
3161 4432 3278 4477 sunt
3321 4422 3387 4475 ad
3423 4438 3538 4476 cor-

1926 4518 2207 4587 reptioucm
2234 4528 2483 4583 nostram,
2517 4517 2568 4569 in
2594 4533 2722 4583 quos
2745 4517 2877 4585 ﬁnes
2895 4516 3200 4570 seculorum
3226 4516 3536 4569 devenerunt

1930 4609 2006 4679 (1.
2039 4609 2158 4662 Cor.
2191 4609 2428 4678 10.“):
2461 4610 2555 4662 sed
2590 4609 2847 4663 adeamus
2882 4624 3039 4675 eam,
3088 4608 3361 4665 discamus
3398 4621 3535 4677 quo-

1930 4700 2090 4754 modo
2118 4700 2337 4753 liberata
2360 4701 2428 4753 sit
2457 4716 2485 4752 a
2529 4700 2692 4763 malo,
2718 4710 2770 4754 et
2788 4700 2913 4770 quid
2945 4701 3108 4771 egerit
3136 4701 3533 4765 morbolevata,

1930 4801 1983 4846 et
2008 4806 2113 4862 quo
2136 4800 2289 4860 pacto
2317 4790 2473 4845 fuerit
2497 4807 2591 4844 usa
2620 4806 2844 4845 numere
2870 4806 2899 4842 a
2933 4791 3044 4846 Deo
3074 4790 3220 4844 dato.
3253 4790 3420 4857 Sedit,
3456 4790 3538 4845 itt-

1931 4885 2063 4955 quit,
2088 4894 2134 4937 et
2165 4885 2368 4936 lactavit
2393 4883 2687 4939 Samuelem
2720 4885 2804 4951 (l.
2838 4882 2948 4955 Reg
3003 4885 3057 4939 l.
3094 4883 3212 4955 23).

2007 4974 2211 5041 Quanta
2247 4976 2425 5043 pietate
2482 4991 2695 5045 puerum
2742 4974 2961 5030 Domino
3001 4976 3231 5030 educavit
3258 4975 3534 5041 obtulitque

1934 5066 2316 5123 Δίνη-ΝΜΟ
2334 5068 2607 5138 quomodo
2622 5059 2987 5137 conspicie‘bat
3007 5068 3260 5137 deinceps
3277 5068 3537 5123 infantem

1934 5158 2103 5224 illum,
2120 5175 2223 5213 non
2249 5169 2452 5213 tantum
2468 5167 2526 5212 ut
2544 5159 2822 5225 infantem,
2841 5158 3196 5214 verumetiam
3216 5166 3274 5214 ut
3294 5174 3406 5213 rem
3426 5159 3470 5215 ι)
3502 5174 3539 5215 o

1934 5258 2300 5303 consecratam
2338 5266 2351 5302 :
2378 5265 2553 5319 eoque
2584 5252 2740 5304 matri
2774 5251 3022 5321 geminus
3052 5250 3253 5305 amoris
3293 5251 3543 5305 stimulus

1939 5342 2129 5393 insitus
2153 5352 2255 5402 est,
2280 5342 2415 5396 alter
2443 5358 2470 5394 a
2505 5351 2716 5409 natura,
2740 5342 2878 5396 alter
2899 5358 2925 5392 a
2952 5344 3145 5412 gratia.
3182 5343 3257 5396 Ac
3286 5358 3405 5397 mea
3422 5345 3541 5412 qui-

1937 5432 2057 5487 dem
2092 5435 2377 5498 sentcntia,
2418 5435 2579 5488 etiam
2613 5434 2963 5488 reverebatur
2992 5448 3216 5503 puerum
3248 5449 3401 5487 suum
3426 5476 3438 5498 ,
3490 5444 3542 5489 ct

1939 5524 2150 5577 tnerito.
2204 5524 2412 5577 Etenim
2456 5526 2498 5577 si
2547 5525 2635 5593 qui
2678 5525 2885 5593 phialas
2929 5525 3185 5593 poculare
3229 5541 3393 5580 aurea
3437 5526 3544 5581 Deo

1939 5614 2163 5668 dicaturi
2192 5626 2337 5680 sunt,
2370 5624 2716 5684 posteaquam
2745 5632 2805 5669 ea
2830 5614 3195 5682 jamconfecta
3214 5618 3541 5684 acceperint,

1940 5707 2191 5776 domique
2219 5709 2577 5776 reposueriut,
2611 5723 2715 5761 non
2762 5722 2821 5761 ea
2864 5710 3014 5777 quasi
3049 5711 3270 5778 pref‘ana
3302 5723 3427 5761 vasa
3460 5709 3537 5763 in-

1944 5804 2190 5865 tuentur,
2221 5797 2313 5855 sed
2341 5808 2611 5870 tamquam
2644 5800 2750 5853 Deo
2778 5813 2949 5865 sacra,
3006 5815 3105 5853 nec
3143 5808 3339 5854 audent
3369 5814 3433 5854 ea
3465 5810 3539 5854 to-
