4178 6330
633 535 785 578 mere
804 518 1042 587 citraque
1063 524 1276 568 causam
1307 510 1589 580 attingere,
1617 507 1754 562 sicut
1779 513 1972 559 ctetera
1999 518 2012 555 :
2056 497 2222 553 multo

636 619 805 681 magis
835 609 947 664 base
969 605 1162 660 mulier
1175 599 1334 660 simili
1355 602 1535 656 animo
1555 596 1865 654 attendebat
1890 595 1955 647 ad
1979 605 2223 663 puerum,

637 707 798 758 etiam
827 693 1134 770 priusquam
1165 697 1312 750 illum
1345 697 1395 749 in
1426 693 1677 762 templum
1711 689 1988 743 induceret
2015 704 2027 739 :
2059 696 2109 740 et
2141 685 2226 739 di-

637 793 832 864 ligabat
858 792 1150 862 Impensius
1173 790 1360 852 tilium,
1390 798 1439 839 et
1459 785 1676 840 curabat
1711 792 1980 850 tamquam
2009 781 2118 834 Deo
2143 778 2228 832 vli-

633 897 831 947 catum,
849 885 1159 941 existimans
1173 899 1232 939 se
1244 896 1338 952 per
1356 880 1499 935 illum
1514 875 1897 934 sanctificatum
1911 873 1996 940 iri,
2015 872 2228 945 quando

635 980 828 1034 domus
844 977 1011 1049 ipsius
1021 977 1133 1048 jam
1153 984 1267 1030 erat
1293 974 1433 1029 facta
1462 973 1738 1041 templum,
1769 981 1820 1024 ιιι
1848 984 1966 1041 qua:
1991 967 2226 1041 proplto-

641 1079 748 1123 tam
774 1083 837 1124 ac
857 1066 1187 1122 sacerdotem
1216 1064 1353 1119 intra
1375 1078 1434 1117 se
1455 1064 1774 1117 contineret.
1801 1059 1918 1114 Non
1940 1059 2112 1114 solum
2129 1072 2228 1111 au-

638 1172 744 1214 tem
771 1173 836 1212 ex
867 1172 932 1212 eo
956 1156 1099 1228 quod
1131 1156 1277 1209 illum
1307 1155 1415 1210 Deo
1445 1152 1752 1222 spopondit,
1780 1150 2130 1207 verumetiam
2158 1163 2227 1204 ex

638 1249 739 1302 hoc
753 1247 1016 1309 quodnon
1032 1262 1157 1301 ausa
1173 1246 1237 1300 sit
1260 1245 1553 1301 ascendere
1571 1245 1622 1298 in
1643 1243 1901 1313 templum
1923 1241 2228 1311 priusquam

638 1338 964 1393 ablactasset
1005 1337 1282 1400 infantem,
1325 1336 1440 1406 ejus
1469 1335 1718 1404 pietatem
1752 1335 1873 1388 licet
1901 1332 2224 1402 perspicere.

640 1432 726 1486 Ait
746 1432 879 1485 enim
900 1432 1008 1484 oiro
1026 1448 1120 1485 suo
1143 1446 1165 1486 :
1197 1428 1319 1484 Non
1347 1429 1616 1483 ascendant
1648 1428 1815 1481 donec
1835 1426 2076 1480 ascendat
2101 1439 2230 1494 puer

639 1540 838 1578 simum
857 1539 877 1578 :
899 1539 1012 1577 cum
1039 1533 1204 1576 autent
1225 1523 1543 1594 obiectavere
1565 1521 1735 1585 illum,
1771 1519 2017 1585 offeretur
2035 1519 2088 1572 in
2104 1532 2228 1572 con-

641 1625 813 1684 spectu
839 1612 1062 1677 Domini,
1095 1621 1140 1667 et
1164 1611 1351 1667 sedebit
1375 1612 1481 1666 illic
1509 1613 1561 1665 in
1579 1628 1742 1666 rerum
1770 1612 1846 1682 (l.
1874 1609 2000 1680 Reg.
2028 1611 2081 1664 l.
2112 1607 2229 1678 ἤ).

651 1703 835 1758 Viden‘
856 1709 879 1756 ‘t
906 1700 1020 1756 Non
1053 1702 1390 1757 existimabat
1410 1714 1531 1757 esse
1557 1710 1728 1756 tutum
1753 1701 1845 1754 illo
1864 1699 2014 1754 domi
2040 1699 2230 1753 relicto

641 1793 935 1848 ascendere
959 1793 1009 1847 in
1048 1793 1302 1862 templum
1322 1834 1335 1858 ,
1365 1791 1509 1862 quod
1536 1807 1656 1846 cum
1684 1792 1980 1860 accepisset
2006 1790 2229 1856 donum,

644 1898 751 1960 non
769 1883 1058 1938 sustineret
1083 1880 1286 1952 alisque
1312 1882 1455 1938 dono
1477 1893 1810 1951 comparere.
1835 1879 2040 1938 Rursus
2059 1882 2232 1937 addu-

641 1983 731 2029 cto
753 1973 865 2038 illo,
896 1989 960 2029 ac
988 1987 1110 2029 mox
1139 1984 1375 2043 recepto,
1397 1974 1727 2030 descendere
1755 1975 2041 2030 verebatur
2070 1991 2084 2029 :
2113 1974 2238 2032 ideo

644 2071 797 2120 tanto
823 2073 1062 2134 tempore
1087 2063 1376 2130 remansit,
1427 2072 1484 2119 ιιι
1525 2079 1646 2118 cum
1692 2065 1834 2120 dono
1878 2074 2233 2135 compareret.

649 2151 881 2206 Adduxit
905 2164 1052 2222 ergo,
1093 2166 1158 2207 ac
1183 2155 1415 2221 reliquit,
1454 2168 1553 2208 nec
1582 2169 1715 2222 puer
1745 2169 1775 2207 a
1807 2170 2035 2209 mamma
2067 2156 2238 2210 divul-

646 2261 741 2301 sus
767 2247 992 2301 moleste
1019 2243 1157 2312 tulit,
1185 2246 1310 2302 licet
1335 2249 1516 2302 sciatis
1555 2262 1714 2318 quam
1739 2249 1949 2303 soleant
1975 2247 2252 2319 indignari

649 2338 798 2409 pueri
820 2340 1025 2409 quaties
1045 2351 1073 2393 a
1101 2339 1236 2394 lacte
1261 2339 1600 2410 depelluntur
1623 2340 1699 2411 (a)
1731 2357 1745 2394 :
1773 2353 1956 2395 verum
1996 2351 2096 2394 nec
2123 2339 2238 2408 ipse

648 2445 784 2501 puer
812 2444 954 2498 :egre
981 2429 1100 2483 tulit
1144 2443 1173 2482 a
1220 2439 1390 2485 matre
1431 2429 1689 2495 divulsus,
1735 2429 1829 2488 sed
1858 2427 1929 2489 ad
1953 2427 2237 2484 Dominum

649 2519 905 2589 respexit,
936 2519 1024 2590 qui
1054 2520 1220 2588 ipsnm
1249 2515 1473 2575 matrem
1502 2519 1734 2586 fecerat;
1773 2533 1874 2576 nec
1923 2521 2038 2590 ipsa
2069 2529 2243 2576 mater

650 2609 821 2665 doluit
839 2625 868 2664 a
897 2623 1066 2680 puero
1095 2611 1357 2681 seiuncta,
1385 2611 1508 2681 quia
1532 2609 1825 2667 naturalem
1854 2611 2100 2667 allectum
2117 2612 2244 2668 vicit

654 2700 1017 2757 interveniens
1040 2699 1228 2772 gratia,
1254 2712 1307 2756 et
1337 2714 1563 2773 uterque
1591 2717 1648 2757 se
1677 2717 1799 2756 cum
1849 2703 2020 2757 altero
2065 2704 2243 2760 vivere

653 2791 1018 2847 existimabat.
1051 2791 1508 2860 Quemadmodum
1541 2795 1726 2847 eodem
1759 2795 1810 2847 in
1836 2794 1955 2849 loco
1988 2793 2088 2848 lixa
2121 2796 2242 2851 vitis

655 2881 709 2936 in
731 2881 946 2952 longum
976 2878 1219 2953 producit
1251 2884 1495 2953 palmites
1519 2926 1533 2944 .
1566 2895 1620 2940 et
1643 2901 1739 2939 uva
1765 2888 1934 2941 multo
1962 2888 2244 2942 intervallo

655 2969 915 3042 pendens,
947 2973 1112 3030 radici
1143 2972 1311 3031 inci-et
1341 2989 1355 3029 :
1389 2977 1570 3032 itidem
1608 2986 1663 3032 et
1695 2978 1746 3031 in
1781 2977 1880 3033 bac
1923 2978 2119 3035 accidit
2170 2980 2247 3035 re-

656 3065 822 3130 mina,
850 3073 970 3135 qua:
998 3067 1053 3120 in
1079 3062 1212 3123 urbe
1234 3081 1461 3123 manens
1487 3083 1657 3139 usque
1682 3070 1747 3124 ad
1772 3072 2030 3140 templum
2055 3083 2246 3127 exten-

657 3151 737 3210 dit
756 3167 913 3211 suum
934 3156 1228 3228 palmitem,
1257 3169 1418 3231 atque
1445 3161 1554 3218 illic
1578 3176 1734 3217 uvam
1762 3161 2039 3234 suspendit
2071 3177 2247 3220 tiiatu-
2291 3181 2294 3184 '

661 3264 777 3304 ram
807 3265 822 3303 :
855 3260 957 3306 nec
980 3250 1317 3306 intervallum
1347 3253 1472 3307 illud
1507 3253 1672 3308 nllttm
1700 3257 2250 3328 attulitimpedimen-

661 3347 775 3393 tum
803 3380 819 3406 ,
850 3352 972 3394 cum
1000 3341 1197 3397 caritas
1224 3360 1342 3413 qua:
1378 3346 1669 3399 secundum
1700 3345 1868 3402 Deum
1895 3353 1995 3413 est,
2029 3364 2251 3418 puerum

662 3433 817 3488 matri
831 3434 1472 3511 copularet.Quamqmm1
1493 3439 1633 3498 enim
1657 3453 1787 3497 astas
1804 3449 1920 3499 erat
1946 3444 2248 3511 immatura,

663 3523 830 3579 virtus
881 3536 1057 3582 tamen
1107 3526 1291 3586 aderat
1341 3539 1590 3589 matura:
1631 3534 2151 3610 ascendentibusque
2197 3538 2249 3591 in

664 3613 928 3705 templum:
951 3620 1201 3678 omnibus
1245 3620 1426 3680 multa:
1477 3626 1748 3699 religionis
1787 3632 2039 3702 magister
2084 3633 2253 3690 factus

664 3718 767 3764 est.
793 3710 924 3765 Nam
967 3709 1041 3767 illi
1068 3709 1193 3768 dum
1238 3716 1570 3787 inquirerent
1612 3719 1989 3795 discerentque
2035 3726 2252 3782 modum

664 3803 920 3857 natalium
951 3801 1113 3872 illius,
1139 3806 1350 3864 abunde
1376 3826 1624 3882 magnum
1650 3814 1899 3870 solatium
1922 3817 2257 3888 accipiebant

662 3893 777 3962 spei
799 3909 917 3963 qua:
942 3904 1165 3973 esterga
1188 3897 1377 3955 Deum.
1401 3899 1584 3972 Neque
1603 3903 1906 3976 quisquam,
1933 3907 2049 3963 viso
2065 3923 2252 3981 puero,

664 3987 855 4068 tacitus
892 3987 1275 4062 descendebat,
1320 3996 1414 4050 sed
1440 3993 1638 4055 omnes
1651 4000 2026 4071 glorificabant
2055 4002 2204 4061 illum
2237 4047 2252 4073 ,

663 4093 697 4132 a
723 4094 830 4148 quo
851 4090 1064 4159 prater
1079 4099 1230 4154 spem
1257 4086 1413 4166 datus
1432 4099 1570 4146 erat.
1603 4092 1750 4149 llanc
1777 4095 1846 4149 ob
1876 4109 2092 4153 causam
2113 4098 2255 4157 Deus

662 4169 878 4224 distulit
906 4182 1138 4244 partum,
1168 4185 1227 4235 ut
1247 4177 1393 4252 hanc.
1413 4192 1633 4252 augeret
1672 4187 2021 4257 voluptatem,
2048 4200 2106 4245 ut
2133 4206 2256 4246 mu-

669 4260 855 4315 lierem
879 4263 1131 4320 redderet
1155 4267 1527 4346 illustriorem.
1546 4272 1678 4330 Nam
1706 4259 2027 4349 quicumque
2047 4282 2258 4336 calami-

661 4361 830 4432 tatem
865 4355 981 4426 ejus
1030 4369 1310 4433 noverant,
1365 4363 1399 4418 li
1445 4373 1611 4422 testes
1641 4367 1762 4424 facti
1806 4374 1990 4442 gratiae
2045 4364 2260 4435 Dei:et

666 4446 808 4516 quod
837 4446 996 4518 longo
1026 4459 1266 4523 tempore
1293 4457 1490 4512 mansit
1513 4458 1564 4513 in
1592 4461 1841 4530 orbitate,
1865 4459 2061 4535 eﬂ‘ecit,
2109 4477 2166 4524 ut
2205 4482 2260 4528 et

660 4537 782 4611 ipsa
809 4540 998 4608 multis
1016 4554 1166 4614 esset
1196 4546 1389 4612 notior,
1415 4557 1464 4620 et
1489 4551 1557 4605 ab
1587 4553 1834 4630 omnibus
1864 4558 2016 4631 beata
2066 4562 2261 4631 praedi-

665 4636 1184 4725 careturlhessetquc
1229 4636 1280 4689 in
1315 4637 1704 4701 admiratione:
1734 4645 1964 4725 hincque
2013 4652 2210 4710 laetum
2237 4696 2255 4722 ,

671 4726 731 4769 ut
759 4732 854 4789 per
875 4719 1025 4774 illam
1051 4722 1160 4792 Deo
1181 4727 1381 4792 gratias
1409 4743 1628 4793 agerent
1660 4748 1819 4802 quam
1849 4719 2080 4806 plurimi.
2135 4719 2260 4802 llaec

672 4807 793 4861 ideo
826 4809 1033 4879 loquor,
1076 4823 1131 4866 nt
1158 4816 1365 4870 etiamsi
1395 4834 1491 4874 nos
1537 4819 1763 4880 feminas
1806 4807 2020 4886 sanctas
2050 4838 2261 4890 noveri-

673 4916 795 4954 mus
818 4900 870 4954 in
899 4898 1125 4960 orbitate
1152 4917 1241 4960 aut
1275 4908 1325 4962 in
1353 4910 1455 4963 alia
1477 4927 1715 4970 mrumna
1742 4917 2021 4989 degentes,
2058 4941 2123 4982 ne
2143 4944 2258 4983 nio-

668 4997 810 5052 testo
830 4995 1086 5061 feramus,
1117 5014 1250 5055 neve
1289 5001 1646 5074 ind'gnemur,
1697 5025 1796 5066 nec
1835 5012 2077 5072 dicamus
2120 5023 2258 5090 apud

675 5085 971 5180 nosipsos;
997 5086 1171 5156 Quare
1202 5092 1340 5146 Dens
1370 5093 1614 5166 despexit
1659 5102 1936 5158 mulierem
1968 5115 2112 5162 tanta
2146 5085 2258 5180 pie-

673 5187 785 5232 tate
808 5177 1107 5246 prtcditam,
1140 5197 1241 5236 nec
1282 5184 1430 5240 dedit
1474 5189 1716 5256 prolem?
1757 5192 1939 5266 Neque
1968 5199 2112 5255 enim
2146 5177 2259 5256 ista

673 5278 800 5324 sunt
827 5270 1162 5341 negligentis,
1195 5276 1288 5330 sed
1314 5277 1416 5333 hoc
1433 5280 1587 5336 nobis
1612 5285 1863 5354 expedire
1879 5291 2070 5347 melius
2087 5293 2260 5350 scien-

675 5361 744 5414 tis
773 5376 876 5430 qua
901 5378 930 5414 ιι
955 5363 1154 5432 ηοδίιωί
1185 5368 1403 5422 scimus.
1435 5373 1687 5429 Ascendit
1720 5377 1876 5448 igitur
1899 5382 1948 5435 in
1974 5385 2254 5455 templum,

674 5459 728 5505 et
754 5465 951 5522 sgnum
977 5455 1180 5511 induxit
1215 5459 1265 5513 in
1291 5461 1429 5515 ovile
1451 5478 1514 5516 ac
1543 5465 1766 5523 vitulum
1791 5474 2040 5538 perduxit
2073 5475 2139 5531 ad
2168 5493 2258 5532 ar-

674 5552 933 5610 mentum,
957 5556 1009 5600 et
1039 5547 1091 5601 in
1121 5559 1328 5617 pratum
1344 5553 1750 5614 deduxitrosam
1769 5576 1797 5614 a
1815 5563 1983 5633 spinis
2012 5567 2257 5637 liberam,

678 5651 878 5706 rosam,
903 5640 1140 5712 inquam,
1163 5659 1279 5714 qnzc
1306 5664 1597 5719 numquam
1625 5658 1925 5728 marcescit,
1982 5663 2075 5717 sed
2105 5663 2259 5721 floret

677 5843 726 5885 et
740 5771 928 5898 (last-lic
953 5778 1103 5832 multa
1134 5781 1368 5845 deerant,
1409 5800 1521 5850 qua
1539 5789 1796 5859 desumpta
1819 5809 1930 5854 sunt
1957 5817 2019 5856 ex
2043 5801 2256 5859 Colbet't.

1374 398 1431 455 S.
1472 393 1748 454 JOANNIS
1768 380 2244 449 CHRYSOS'I‘OII
2284 381 2607 442 ARCHIEP.
2648 385 3184 447 CONSI'ANTINOP.

2310 511 2613 572 perpetuo,
2643 506 2871 572 qumque
2898 501 3065 569 possit
3107 501 3174 556 ad
3217 507 3394 572 ipsum
3423 515 3593 573 usque
3618 503 3811 559 ca-lum
3835 521 3944 561 ex-

3829 393 3946 454 656

2333 593 2504 657 tendi,
2529 594 2682 662 cujus
2713 591 3002 662 fragrantia
3029 594 3081 646 in
3107 592 3432 648 hodiernum
3462 609 3634 665 usque
3658 595 3806 650 diem
3832 610 3940 663 po-

2333 686 2538 739 tiuntur
2561 699 2754 740 omnes
2787 685 2878 754 qui
2927 693 3189 738 terrarum
3225 685 3461 740 incolunt
3494 685 3705 741 orbem.
3731 685 3947 742 Tantus

2332 764 2596 829 annorum
2617 790 2875 832 numerus
2905 777 3182 845 praeteriit,
3231 788 3285 832 et
3341 788 3522 833 tamen
3550 778 3765 833 virtutis
3792 777 3948 834 illius

2333 868 2623 939 fragrantia
2652 883 2868 941 semper
2892 869 3153 940 augescit,
3179 884 3280 924 nec
3331 879 3475 925 tanta
3516 872 3778 941 temporis
3817 887 3944 927 nta-

2333 959 2615 1031 gnitudine
2639 957 2778 1014 facta
2807 968 2892 1014 est
2920 958 3237 1030 languidior.
3271 958 3413 1014 Talis
3443 960 3589 1015 enim
3621 971 3707 1017 est
3752 977 3942 1017 rerum

2336 1050 2697 1120 spiritualium
2726 1061 2914 1106 natura
2927 1089 2942 1104 .

2408 1144 2460 1198 ὅ.
2485 1141 2824 1212 Comparatur
2849 1145 3015 1197 Anna
3038 1143 3349 1212 sacriﬁcium
3373 1161 3489 1198 cum
3501 1144 3757 1214 sacriﬁcio
3771 1162 3948 1201 sacer-

2335 1234 2469 1289 dotis
2487 1243 2535 1288 ct
2553 1234 2808 1304 sacriﬁcio
2828 1232 3068 1289 Abralne.
3103 1235 3267 1289 Annae
3291 1236 3539 1290 modestia
3569 1245 3617 1291 et
3636 1246 3818 1295 oratus
3832 1253 3951 1292 ans-

2336 1343 2471 1382 nsus.
2486 1357 2560 1369 --—
2573 1327 2832 1384 Ascendit
2854 1327 3014 1397 igitur
3030 1327 3346 1398 prteclarum
3376 1326 3504 1383 illud
3522 1343 3743 1398 germen
3761 1338 3949 1384 trans-

2339 1426 2607 1496 plantam,
2625 1422 3143 1495 etquemadmodnm
3171 1421 3417 1477 industrii
3439 1421 3691 1491 agricolae
3711 1423 3952 1492 primum

2337 1534 2523 1574 semen
2551 1520 2604 1572 in
2637 1527 2836 1571 terram
2866 1514 3160 1584 deponunt,
3186 1514 3449 1583 cupressi,
3471 1523 3564 1568 aut
3587 1513 3822 1568 aliarum
3856 1529 3954 1568 ar-

2338 1611 2530 1665 borum
2556 1608 2835 1673 similium,
2865 1606 3082 1673 deinde,
3116 1605 3204 1660 ubi
3227 1614 3627 1674 conspexerunt
3664 1619 3696 1658 a
3738 1601 3956 1660 semine

2341 1702 2536 1758 iactam
2563 1700 2837 1767 arborem,
2871 1715 2979 1754 non
3024 1699 3335 1769 relinquunt
3359 1697 3412 1751 in
3440 1696 3635 1753 eadem
3665 1707 3833 1761 terra,
3853 1696 3955 1753 sed

2341 1794 2465 1850 inde
2492 1794 2760 1849 revulsam
2782 1793 2834 1847 in
2866 1792 3009 1847 aliud
3038 1791 3372 1847 transferunt
3391 1791 3590 1857 solum,
3628 1800 3687 1845 ut
3713 1801 3860 1846 terra
3891 1792 3947 1846 in

2341 1899 2531 1941 recens
2560 1886 2769 1956 gremio
2791 1897 2892 1941 suo
2915 1893 3199 1951 exceptam
3221 1883 3361 1938 illius
3391 1881 3651 1946 radicem,
3683 1897 3879 1952 puram
3895 1892 3959 1940 et

2343 1971 2607 2049 integram
2635 1962 2930 2032 vim-suam
2961 1974 3197 2046 proferat
3222 1976 3292 2031 ad
3323 1991 3444 2032 eam
3469 1976 3720 2031 alendam
3753 1994 3767 2030 :
3796 1977 3878 2032 sic
3897 1987 3960 2032 et

2345 2071 2460 2125 hate
2487 2071 2612 2126 fecit
2637 2068 2853 2135 mulier,
2875 2085 2996 2140 qua:
3023 2083 3254 2140 puerum
3279 2080 3477 2140 prmter
3501 2085 3653 2139 spem
3680 2069 3958 2140 prosemi-

2347 2174 2531 2218 natum
2561 2163 2613 2218 in
2645 2172 2799 2218 utero
2841 2177 2869 2214 a
2915 2160 3078 2217 domo
3127 2162 3418 2229 transtulit,
3479 2171 3534 2217 et
3585 2165 3641 2217 in
3688 2163 3958 2232 templum

2345 2252 2785 2327 transplantavit,
2828 2254 2918 2309 ubi
2967 2261 3236 2324 perpetua:
3263 2262 3390 2309 sunt
3434 2253 3662 2308 fontium
3686 2253 3962 2308 scatebras

2344 2357 2399 2403 ct
2425 2347 2761 2418 irrigationes
2815 2346 3158 2416 spirituales,
3216 2354 3274 2402 ut
3323 2345 3506 2401 videre
3562 2345 3773 2400 licuerit
3819 2345 3959 2401 illud

2347 2436 2722 2510 propheticum
2749 2441 2804 2496 in
2831 2440 2936 2495 illis
2963 2441 3192 2512 impleri,
3217 2439 3362 2511 quod
3396 2441 3560 2495 David
3587 2439 3743 2506 dixit,
3774 2440 3848 2493 ita
3866 2455 3965 2494 ca-

2349 2543 2484 2586 nens
2511 2547 2525 2584 :
2559 2529 2749 2585 Beatus
2767 2532 2844 2585 vir
2867 2532 2956 2601 qui
2984 2547 3088 2586 non
3133 2531 3408 2586 ambulavit
3436 2530 3490 2585 in
3527 2532 3744 2585 consilio
3771 2531 3965 2603 impio-

2348 2639 2485 2690 rum,
2514 2629 2628 2681 etin
2656 2626 2736 2681 via
2756 2635 3075 2698 peccatorum
3100 2639 3202 2681 non
3217 2625 3374 2691 stetit,
3396 2633 3442 2679 et
3466 2641 3622 2694 super
3643 2624 3960 2678 cathedram

2353 2718 2653 2787 pestilentia:
2678 2734 2779 2771 non
2804 2718 2974 2772 sedit:
3000 2717 3091 2772 sed
3109 2718 3161 2771 in
3191 2717 3300 2789 lege
3325 2714 3533 2770 Domini
3558 2717 3789 2770 uoluntas
3814 2715 3961 2784 ejus,

2350 2820 2396 2863 et
2427 2810 2480 2863 in
2507 2805 2615 2880 lege
2634 2803 2746 2880 ejus
2783 2805 3129 2859 meditabitur
3163 2805 3250 2860 die
3283 2821 3346 2858 ac
3385 2817 3535 2862 nocte
3575 2823 3595 2862 :
3623 2808 3671 2862 et
3695 2808 3786 2861 crit
3810 2817 3963 2860 tam-

2350 2915 2504 2974 quam
2538 2904 2734 2974 lignum
2757 2899 2896 2974 quod
2917 2901 3202 2973 piantatmn
3228 2908 3301 2955 cst
3335 2917 3477 2955 secus
3505 2901 3749 2955 decursus
3788 2914 3968 2968 aqua-

2351 3011 2490 3058 rum,
2521 2994 2659 3066 quod
2689 2997 2914 3065 fructum
2933 3009 3082 3048 suum
3099 2992 3240 3047 dabit
3257 2993 3314 3046 in
3340 3001 3566 3063 tempore
3587 3009 3680 3048 suo
3703 2991 3886 3065 (Psal.
3909 2992 3965 3046 ι.

2358 3087 2382 3142 l
2419 3117 2447 3128 -
2470 3087 2551 3159 3).
2591 3085 2775 3158 Neque
2823 3077 3131 3155 enimpost
3157 3083 3377 3140 malitia:
3395 3084 3777 3154 experientiam
3805 3083 3974 3136 venit

2356 3178 2424 3234 ad
2454 3179 2673 3234 malitia:
2705 3177 3084 3232 remissionem
3105 3177 3230 3244 ,sed
3245 3177 3312 3233 ad
3331 3176 3464 3246 ipsis
3477 3174 3767 3230 cuabulis
3786 3174 3977 3228 virtu-

2358 3277 2472 3327 tem
2496 3271 2660 3342 elegit
2685 3284 2699 3335 ;
2750 3284 2854 3324 non
2890 3266 3078 3323 babuit
3105 3269 3438 3323 consortium
3461 3279 3586 3321 cum
3611 3265 3974 3322 consessiLns

2359 3361 2627 3432 iniquitati
2651 3361 2920 3428 obnoxiis,
2954 3373 3128 3429 neque
3157 3358 3594 3414 communionem
3617 3356 3800 3426 habuit
3829 3370 3976 3412 cum

2357 3450 2749 3508 cunventiculis
2769 3451 3044 3523 impietate
3068 3451 3278 3520 plenis:
3309 3449 3405 3506 sed
3421 3451 3593 3520 prima
3619 3448 3797 3503 statim
3825 3463 3979 3517 prie-

2360 3543 2483 3600 ritia
2510 3559 2542 3598 a
2565 3557 2793 3598 mamma
2822 3543 3008 3598 matris
3029 3543 3176 3599 venit
3199 3543 3267 3596 ad
3295 3555 3580 3597 mammam
3598 3540 3975 3611 spiritualein.

2364 3635 2434 3690 Et
2459 3635 2913 3710 quemadmodum
2942 3635 3105 3690 arbor
3130 3643 3388 3705 perpetua
3418 3632 3726 3703 irrigatione
3755 3633 3807 3686 in
3847 3647 3980 3687 ma-

2361 3749 2519 3804 gnam
2578 3734 2840 3789 excrescit
2891 3728 3269 3789 altitudinem:
3301 3729 3380 3783 sic
3423 3735 3477 3784 et
3527 3725 3616 3781 hic
3656 3726 3978 3781 divinorum

2364 3824 2696 3896 eloquiorum
2747 3824 2990 3879 doctrina
3039 3823 3255 3879 assidue
3301 3819 3588 3896 irrigatus,
3635 3817 3700 3875 ad
3747 3819 3980 3875 virtutis

2363 3915 2634 3987 fastigium
2681 3915 2947 3987 pervenit.
3004 3917 3119 3986 Age
3164 3916 3444 3971 videamus
3492 3913 3760 3984 quomddo
3811 3913 3976 3968 illum

2363 4012 2613 4081 plantarit
2635 4027 2650 4075 ;
2679 4019 2948 4066 sectentur
2960 4009 3260 4074 mulierem,
3278 4009 3438 4064 simul
3453 4023 3576 4063 cum
3599 4003 3683 4064 ills
3703 4007 3978 4078 templum

2364 4101 3013 4173 ingrediatnttr.Ascendit,
3036 4101 3232 4172 inquit,
3259 4117 3377 4155 cum
3394 4101 3485 4156 illa
3512 4101 3566 4155 in
3583 4099 3754 4157 Sciam
3776 4101 3793 4131 ¹
3816 4101 3874 4155 in
3900 4103 3979 4157 vi-

2364 4195 2472 4249 tulo
2486 4195 2671 4249 trienni
2686 4192 2732 4266 (l
2745 4188 2898 4269 .ch.
2919 4193 3102 4266 1.34).
3116 4193 3233 4252 Jant
3251 4195 3523 4266 geminum
3539 4192 3975 4250 ﬂtsacriiiciusn:

2363 4298 2421 4342 et
2444 4298 2562 4344 erat
2589 4286 2785 4343 vitulus
2816 4285 2904 4341 hic
2931 4286 3280 4352 irrationalis,
3314 4287 3403 4341 ille
3429 4277 3744 4350 rationalis;
3795 4295 3852 4343 et
3905 4288 3973 4342 il-

2367 4380 2475 4435 lum
2504 4380 2719 4449 quidem
2747 4380 3002 4435 sacerdos
3029 4378 3347 4448 immolavit,
3381 4377 3527 4435 hunc
3557 4371 3683 4436 vero
3700 4379 3975 4437 dedicavit

2366 4473 2590 4538 mulier;
2621 4481 2842 4543 eratque
2866 4463 3106 4529 mulieris
3131 4473 3345 4528 victima
3376 4471 3568 4528 melior
3584 4469 3742 4544 qdam
3768 4471 3977 4541 hostis,

2366 4581 2526 4637 quam
2552 4565 2750 4622 obtulit
2789 4559 3067 4623 sacerdos.
3099 4564 3225 4621 Haec
3254 4581 3476 4621 suorum
3507 4564 3776 4622 viscerum
3827 4565 3976 4624 facta

2366 4665 2451 4713 est
2469 4657 2870 4722 saecrdotissa';
2905 4657 3108 4712 imitata
3135 4666 3219 4712 est
3249 4657 3609 4729 patriarcbam
3641 4651 3923 4732 Abraham
3960 4704 3976 4725 ,

2367 4750 2596 4818 cumque
2622 4749 2714 4802 illo
2741 4758 3015 4815 certamen
3045 4749 3303 4820 suscepit.
3329 4737 3436 4805 Sed
3463 4747 3553 4802 ille
3569 4737 3785 4817 quidem
3801 4750 3978 4807 lilium

2370 4849 2641 4908 receptum
2674 4838 2886 4894 reduxit
2940 4839 3009 4895 de
3065 4847 3283 4905 monte;
3312 4825 3432 4898 Haec
3481 4854 3610 4895 vero
3638 4825 3876 4911 “reliquit
3923 4844 3979 4897 in

2370 4931 2594 5001 templo,
2649 4941 2707 4986 ut
2756 4918 2864 4988 illic
2885 4943 3148 5003 perpetuo
3178 4941 3440 4992 maneret.
3489 4921 3840 5005 Qnin'potius
3883 4935 3980 4998 ille

2369 5037 2579 5092 quoque
2598 5032 2764 5077 totum
2775 5023 3048 5088 dedicavit
3070 5039 3085 5078 :
3113 5040 3246 5082 cave
3263 5027 3405 5082 enim
3425 5026 3552 5081 illud
3574 5035 3806 5096 spectes,
3827 5021 3976 5097 quod

2371 5130 2473 5169 uOn
2502 5115 2718 5182 occidit,
2746 5117 2840 5174 sed
2872 5103 3016 5186 quod
3062 5119 3244 5172 animo
3282 5127 3453 5173 totum
3501 5120 3728 5191 peregit.
3779 5119 3975 5178 Vidisti

2370 5191 2621 5266 feminam
2645 5223 2768 5260 cum
2801 5210 2920 5264 viro
2949 5207 3353 5264 decertantem?
3379 5209 3555 5266 vidisti
3587 5210 3719 5266 nibil
3764 5228 3794 5266 ιι
3838 5230 3976 5270 sexu

2368 5299 2620 5364 vetitam,
2673 5302 2961 5370 quominus
3004 5303 3352 5360 aemularetur
3401 5304 3805 5373 patriarcliam?
3868 5307 3976 5364 Sed

2370 5391 2666 5460 videamus,
2703 5393 2972 5463 quomodo
2999 5395 3147 5450 illum
3194 5397 3542 5450 consecrarit.
3583 5399 3743 5463 Adiit,
3799 5403 3974 5472 inquit

2367 5482 2643 5552 Scriptura
2667 5525 2682 5546 ,
2730 5487 3074 5551 sacerdotem,
3124 5504 3185 5540 ac
3209 5486 3339 5541 dixit
3377 5487 3498 5544 iiIi:
3529 5481 3593 5543 In
3620 5506 3718 5559 me,
3767 5495 3983 5550 domine

2369 5572 2530 5647 (Ibid.
2550 5592 2597 5631 υ.
2617 5575 2733 5646 26).
2755 5578 2891 5647 Quid
2919 5579 3133 5634 tandem
3165 5590 3248 5635 est
3273 5581 3422 5644 illud,
3450 5578 3516 5637 In
3542 5583 3663 5638 me?
3689 5586 3971 5653 Ausculta,

2370 5668 2559 5737 inquit.
2601 5669 2890 5741 diligenter
2913 5688 3034 5744 quas:
3061 5674 3269 5744 loquar.
3286 5674 3554 5745 Quoniam
3579 5681 3803 5732 multum
3827 5689 3968 5738 tetu-

2371 5762 2514 5822 Doris
2537 5762 2646 5834 jam
2679 5764 3081 5833 intercesserat,
3112 5759 3293 5825 studet
3334 5767 3422 5824 illa
3460 5785 3580 5842 quae
3628 5771 3777 5842 prius
3827 5773 3973 5830 dicta

2437 5880 2451 5911 ι
2485 5877 2617 5930 Cotti.
2645 5890 2791 5944 unus,
2813 5880 2976 5946 silem,
3002 5890 3053 5935 et
3075 5889 3144 5939 sic
3169 5891 3316 5940 etiam
3336 5898 3500 5949 supra.
