4178 6330
186 398 290 450 εῗίἲ

189 520 401 568 luerunt
422 520 477 565 in
509 506 824 563 "sabariam
848 512 1122 562 retinere,
1154 497 1379 563 ideoque
1406 491 1533 546 dicit
1557 506 1569 541 ε
1603 486 1666 541 In
1691 501 1790 549 me,

190 601 566 669 deminution
596 599 767 652 anima
789 606 876 647 tua
906 609 925 648 :
959 606 1048 662 ego
1078 604 1188 643 sum
1220 585 1403 639 mulier
1434 598 1548 652 qua
1592 578 1797 633 constiti

191 702 244 754 in
266 708 540 767 conspectu
584 706 669 748 tuo
709 692 985 758 deprecans
1028 685 1303 739 Dominum
1348 695 1437 748 pro
1481 693 1635 745 puero
1677 675 1790 726 hoc.

192 766 591 860 Eﬂ'udrpreces
640 786 709 838 ad
752 782 1046 845 Dominum,
1099 788 1144 830 et
1174 776 1262 828 ille
1308 771 1445 825 dedit
1496 769 1622 821 mihi
1670 766 1793 831 peti-

189 859 429 943 tionem,
459 894 613 949 quant
660 874 887 945 petebam
944 870 1009 923 ab
1037 885 1111 922 eo.
1134 866 1203 920 Et
1234 882 1323 936 ego
1361 860 1623 915 commodo
1650 859 1792 910 illum

190 970 418 1024 Domino
447 1011 463 1034 ,
524 978 580 1021 ut
627 966 811 1023 serviat
868 961 1086 1015 Domina
1121 1000 1133 1021 ,
1195 954 1426 1009 omnibus
1476 951 1650 1005 diebus
1681 958 1795 1001 vita:

188 1077 301 1116 sua
345 1061 422 1132 (l.
452 1060 575 1131 Reg.
604 1061 657 1113 Vl.
706 1057 800 1111 27.
844 1055 957 1124 ‘28).
1022 1051 1135 1105 Non
1184 1048 1353 1114 dixit,
1408 1046 1521 1115 Ego
1555 1057 1671 1098 sum
1705 1040 1794 1095 illa

190 1153 411 1217 mulier,
439 1153 525 1206 cui
550 1160 604 1204 tu
630 1145 986 1218 exprobrasti,
1011 1158 1168 1214 quam
1192 1138 1491 1195 maledictis
1515 1132 1791 1204 impetisti,

190 1259 357 1315 quam
388 1245 536 1297 velut
555 1240 900 1297 temulentam
926 1247 983 1293 et
1004 1237 1206 1290 ebriam
1226 1230 1458 1286 derisisti
1481 1245 1497 1292 ;
1522 1226 1642 1281 ideo
1657 1224 1797 1278 Deus

196 1336 291 1392 tibi
326 1334 623 1391 declarabit
652 1347 739 1387 me
765 1348 868 1386 non
898 1344 1019 1385 esse
1040 1327 1390 1389 vinolentam,
1420 1331 1473 1377 te
1514 1334 1642 1375 vero
1686 1316 1793 1371 cri-

192 1442 318 1483 men
350 1428 453 1482 hoc
484 1436 683 1481 temere
705 1424 832 1479 mihi
866 1420 1170 1492 impegisse.
1191 1416 1329 1471 Nihil
1354 1412 1658 1484 huiusmodi
1678 1426 1799 1465 ver:-

191 1520 387 1576 borum
417 1532 731 1589 asperorum
763 1515 917 1579 dixit,
946 1513 1038 1568 sed
1059 1511 1222 1565 multa
1244 1523 1366 1563 cum
1389 1503 1797 1561 mansuetudine

193 1610 473 1682 loquitur:
504 1610 630 1663 licet
657 1608 879 1662 haberet
925 1619 1102 1661 rerum
1151 1608 1402 1656 eventum
1434 1598 1532 1652 sibi
1564 1595 1796 1665 patroci-

194 1715 444 1767 nantent,
471 1714 534 1753 ac
556 1700 675 1769 jure
702 1706 885 1768 posset
913 1694 1249 1763 exprobrare
1277 1685 1724 1757 sacerdoti,quod
1745 1684 1797 1738 id

197 1792 466 1862 temporis
491 1791 658 1859 ipsam
693 1798 898 1843 temere
926 1788 1060 1839 citra
1088 1796 1306 1838 causam
1352 1781 1686 1834 incusasset:
1712 1777 1794 1830 ni-

193 1886 267 1940 hil
295 1886 487 1940 horum
520 1882 665 1949 facit,
688 1880 783 1936 sed
816 1878 1023 1934 tantum
1053 1884 1441 1931 commemorat
1469 1871 1563 1926 Dei
1590 1883 1714 1940 erga
1739 1882 1797 1922 se

190 1977 629 2033 beneﬁcentiam.
677 1971 973 2029 Considera
1003 1984 1131 2023 vero
1155 1975 1367 2037 gratum
1392 1980 1453 2018 ac
1480 1962 1795 2032 prudentem

190 2069 408 2124 ancilla:
436 2069 698 2124 animum.
729 2064 863 2120 Cum
890 2060 1242 2129 al'ﬁigeretur,
1266 2056 1464 2111 nemini
1497 2068 1648 2108 suam
1670 2066 1796 2120 ape-

190 2164 302 2218 ruit
328 2161 712 2223 calamitatem,
743 2170 842 2212 nec
866 2151 1129 2210 sacerdoti
1153 2149 1285 2205 dixit
1304 2166 1319 2203 :
1336 2146 1604 2201 ‘iEmulam
1625 2141 1797 2197 habeo

195 2257 512 2319 mulierem,
543 2268 663 2324 qua:
690 2248 824 2305 mihi
854 2246 1189 2318 exprobrans
1207 2238 1632 2307 eonviciansque
1655 2234 1789 2289 cho-

192 2364 313 2403 rum
347 2347 508 2401 habet
536 2345 830 2399 liberorum
861 2357 876 2395 ε
905 2354 1005 2411 ego
1030 2351 1161 2392 veno
1188 2350 1307 2405 quae
1329 2329 1795 2388 mansuetudinem

190 2439 337 2503 colo,
368 2437 437 2492 ad
468 2436 611 2492 hunc
631 2448 799 2503 usque
820 2431 961 2486 diem
989 2428 1226 2483 nondum
1256 2424 1404 2496 potui
1436 2422 1551 2477 ﬁeri
1582 2430 1753 2474 mater
1779 2437 1792 2483 ;

191 2530 289 2587 sed
326 2530 469 2585 Deus
505 2526 768 2583 conclusit
803 2525 1015 2580 vulvam
1063 2533 1238 2575 meam
1260 2560 1275 2583 ,
1322 2528 1551 2585 cumque
1593 2513 1799 2566 videret

189 2613 543 2679 al‘llictionem
571 2634 768 2687 meam,
816 2631 923 2672 non
966 2624 1049 2671 est
1093 2614 1363 2667 misertus.
1410 2608 1553 2663 Nihil
1606 2608 1796 2660 horum

188 2715 331 2770 dixit
357 2729 372 2769 :
402 2712 497 2768 sed
525 2725 821 2782 suppresso
847 2705 1165 2763 calamitatis
1192 2716 1395 2775 genere
1419 2743 1431 2765 ,
1481 2709 1685 2754 tantum
1720 2699 1798 2749 io-

189 2806 397 2861 dicavit
427 2820 487 2860 se
507 2803 689 2858 animo
715 2800 841 2872 angi
868 2799 1080 2861 dicens,
1132 2795 1320 2849 Mulier
1346 2794 1399 2846 in
1439 2792 1571 2844 duro
1596 2790 1676 2843 die
1706 2804 1798 2857 ego

188 2913 307 2952 sum
341 2894 519 2963 (Ibid.
553 2910 603 2947 υ.
637 2894 763 2963 15),
789 2908 857 2945 ne
884 2889 1013 2944 illud
1045 2889 1261 2957 quidem
1301 2885 1527 2949 dictura,
1562 2882 1667 2936 nisi
1712 2896 1798 2934 sa-

188 2988 390 3044 cerdos
418 2986 521 3042 huc
541 2983 913 3054 compulisset,
947 2980 1227 3048 suspicans
1249 2990 1367 3032 eam
1394 2988 1515 3030 esse
1532 2972 1797 3028 temulen—

191 3094 328 3138 tam.
362 3084 431 3137 At
460 3087 810 3151 posteaquam
859 3074 912 3131 id
952 3074 1144 3128 vulnus
1190 3069 1439 3133 sustulit,
1487 3067 1596 3121 Deo
1636 3064 1799 3118 dante

188 3173 340 3247 quod
370 3172 689 3244 postularat,
722 3180 834 3224 tum
856 3167 1075 3222 demum
1111 3164 1202 3217 Dei
1228 3160 1641 3217 beneﬁcentiam
1671 3172 1797 3225 ape-

195 3268 266 3321 rit
288 3263 584 3328 sacerdoti,
615 3263 844 3332 cupiens
872 3259 1021 3312 illum
1056 3256 1108 3310 in
1138 3254 1359 3324 agendis
1383 3252 1567 3321 gratiis
1597 3249 1797 3303 habere

186 3368 530 3423 consortem,
561 3352 1021 3427 quemadmodum
1064 3349 1211 3419 prius
1259 3337 1521 3402 habuerat
1570 3345 1622 3397 in
1673 3357 1798 3412 pre-

187 3451 407 3515 eando;
432 3449 613 3518 aitque
644 3462 665 3499 :
697 3444 803 3500 Pro
825 3460 981 3516 puero
1006 3450 1098 3495 hoc
1126 3439 1388 3510 precabar,
1415 3437 1649 3505 deditque
1674 3434 1799 3488 mihi

190 3543 447 3599 Dominus
477 3540 769 3611 petitionem
823 3551 1019 3603 nteant,
1052 3550 1204 3605 quam
1240 3530 1468 3603 petebant
1517 3530 1579 3581 ab
1619 3545 1697 3583 eo.
1732 3526 1799 3581 Et

188 3653 329 3691 nunc
356 3633 623 3690 commodo
648 3649 761 3687 eum
789 3628 1032 3685 Domino.
1066 3627 1202 3683 Vide
1229 3641 1388 3697 quam
1417 3625 1487 3679 sit
1530 3622 1797 3678 modesta.

189 3730 269 3786 Ne
292 3740 473 3799 putes,
504 3725 703 3796 inquit,
734 3740 818 3779 lue
849 3737 1096 3793 magnam
1138 3737 1250 3775 rem
1294 3729 1386 3773 aut
1430 3714 1798 3771 admirandam

188 3822 396 3885 facere,
428 3819 569 3890 quod
605 3816 865 3873 inlautem
896 3814 1091 3870 dedico
1121 3830 1137 3868 :
1171 3828 1277 3867 non
1322 3826 1423 3881 ego
1468 3809 1627 3877 hujus
1671 3806 1798 3861 boni

188 3914 378 3984 operis
403 3925 521 3966 sum
550 3920 760 3973 auctor,
796 3907 891 3963 sed
920 3906 1167 3977 persolvo
1192 3904 1453 3959 debitum.
1489 3900 1797 3970 Depositum

188 4007 337 4062 enim
360 4004 565 4074 accepi,
596 4012 652 4059 et
701 4004 801 4057 hoc
832 4003 881 4056 ei
910 4002 1134 4055 restituo
1165 3996 1255 4067 qui
1281 3997 1448 4052 dedit.
1479 3995 1654 4065 Atque
1684 3992 1801 4046 hme

190 4100 323 4154 dum
354 4100 611 4168 |0quilur,
648 4095 880 4165 seipsam
902 4107 1118 4163 quoque
1143 4089 1409 4145 dedicavit
1433 4102 1555 4142 eum
1585 4098 1751 4155 puero
1782 4125 1796 4147 ,

189 4192 346 4264 quasi
385 4199 578 4247 catena
608 4189 837 4261 quadam
869 4196 1074 4241 naturae
1103 4182 1295 4238 aﬁ‘ectu
1339 4180 1569 4250 seipsam
1598 4176 1801 4246 templo

267 4382 325 4438 ι.
368 4378 583 4435 Etenim
614 4376 658 4431 si
684 4375 772 4430 ubi
798 4383 881 4429 est
913 4371 1198 4426 thesaurus
1225 4365 1478 4428 hominis,
1506 4365 1619 4420 illic
1645 4371 1729 4418 est
1749 4368 1804 4416 et

193 4488 291 4527 eor
311 4470 431 4541 ejus
459 4467 676 4538 (Matth.
708 4465 761 4521 6.
787 4466 880 4519 2|.
915 4462 1043 4516 Luc.
1069 4460 1154 4515 12.
1184 4458 1299 4524 51),
1324 4458 1493 4512 multo
1521 4454 1690 4527 magis
1712 4454 1801 4510 ubi

196 4578 337 4636 puer
375 4559 637 4623 mulieris,
682 4557 752 4612 ibi
797 4564 853 4611 et.
894 4568 1049 4608 mens
1077 4552 1220 4605 illius
1250 4558 1384 4615 erat,
1428 4559 1587 4616 atque
1619 4556 1802 4599 uterus

197 4657 345 4711 illius
366 4667 583 4708 rursum
616 4648 937 4718 implebatur
963 4642 1356 4699 benedictione.
1384 4638 1514 4693 Nam
1543 4637 1701 4690 simul
1717 4644 1801 4689 at-

196 4762 303 4819 que
326 4746 559 4808 dixerat,
587 4750 961 4809 oraveratque,
988 4736 1110 4792 audi
1134 4734 1260 4805 quid
1284 4734 1532 4802 loquatur
1555 4733 1804 4785 sacerdos

200 4837 418 4893 Elcana:
440 4852 456 4889 ε
488 4832 687 4889 Reddat
708 4831 798 4885 tibi
820 4829 1069 4884 Dominus
1084 4842 1251 4880 semen
1280 4823 1494 4878 alterum
1514 4838 1577 4875 ea:
1597 4821 1807 4881 muliere

199 4931 318 4995 ista,
371 4942 467 4997 pro
504 4924 845 4987 commodata,
891 4920 1030 4991 quod
1076 4919 1297 4973 Domino
1346 4915 1677 4971 commodasti
1724 4914 1802 4983 (1.

204 5024 332 5096 Reg.
363 5019 414 5076 2.
444 5018 561 5089 20).
591 5016 744 5071 Initio
763 5030 869 5069 non
888 5013 1118 5079 dixerat,
1141 5010 1344 5065 Reddat
1371 5009 1458 5062 tibi
1482 5028 1495 5062 :
1524 5007 1616 5063 sed
1633 5006 1759 5078 quid
1783 5007 1805 5059 ?

206 5115 302 5171 Det
333 5114 423 5169 tibi
450 5111 699 5166 Dominus
741 5106 986 5179 quidquid
1030 5102 1306 5174 postularis
1352 5100 1533 5171 (Ibid.
1584 5102 1634 5154 1.
1667 5097 1804 5167 17).

201 5207 406 5265 Verum
427 5212 773 5275 pesteaquain
803 5200 889 5253 illa
922 5197 1087 5252 Deum
1120 5194 1317 5251 fecerat
1346 5193 1665 5257 debitorem,
1699 5192 1807 5247 ait:

205 5300 413 5357 Reddat
443 5298 554 5364 tibi,
590 5296 783 5350 bonam
806 5292 873 5347 de
900 5291 1092 5345 futuris
1120 5303 1270 5358 spem
1304 5285 1570 5357 prtebens.
1596 5283 1806 5337 Etenim

201 5394 249 5449 si
284 5391 435 5448 dedit
460 5404 583 5444 cum
629 5386 759 5442 nihil
808 5384 1051 5445 deberet,
1103 5380 1269 5433 multo
1298 5377 1467 5446 magis
1505 5374 1811 5430 redditurus

203 5494 290 5540 est
333 5491 617 5557 postquam
657 5478 883 5547 accepit.
918 5476 982 5530 Et
1009 5474 1094 5528 hic
1120 5488 1249 5542 ergo
1282 5472 1486 5541 primus
1514 5484 1580 5523 ex
1622 5482 1813 5538 preca-

210 5581 390 5640 tione,
420 5582 474 5627 et
506 5581 625 5642 post
654 5572 795 5625 hunc
823 5568 1004 5624 caueri
1034 5582 1098 5621 ex
1146 5564 1518 5619 benedictione
1544 5560 1814 5615 duxerunt

204 5670 495 5740 originem,
522 5673 663 5719 totus
695 5672 875 5718 autem
920 5658 1163 5716 mulieris
1205 5656 1409 5711 [ructus
1446 5652 1811 5709 sanctiﬁcatus

207 5772 314 5820 eat.
366 5763 543 5828 Atque
583 5756 671 5812 hic
710 5754 1099 5826 primogenitus
1127 5750 1342 5805 femina:
1369 5746 1551 5803 virtuti
1583 5744 1814 5799 debeba-

208 5863 302 5931 tur
322 5872 340 5915 ε
362 5853 503 5912 alter
518 5865 647 5908 vero
674 5846 916 5905 mulieris
942 5861 1006 5903 ac
1031 5841 1328 5902 sacerdotis
1350 5848 1466 5898 erat
1489 5834 1813 5895 communis.

1434 369 1519 427 DF.
1562 367 1745 426 ANNA
1784 365 2016 421 SlillMO
2092 366 2176 420 lll.

3404 358 3508 413 (τιτι

1908 482 1973 536 Ει
2017 486 2147 537 sicut
2187 493 2323 539 terra
2364 482 2571 554 pinguis
2608 497 2672 539 ac
2708 481 2919 548 fertilis,
2967 488 3252 552 postquam
3293 490 3506 548 accepit

1903 577 2129 637 semina,
2159 578 2387 628 Ostendit
2423 575 2577 629 u-bis
2601 581 2886 628 vernantes
2912 580 3122 642 segetes
3152 587 3167 623 τ
3200 569 3278 623 sic
3298 580 3352 624 et
3377 584 3501 623 mu-

1903 671 1999 723 lier
2027 669 2158 730 llllfc,
2190 670 2441 738 quoniam
2475 683 2594 721 cum
2627 666 2731 721 ﬁde
2756 666 2973 735 excepit
2996 664 3157 718 verba
3185 662 3501 727 sacerdotis,

1901 762 2032 815 alias-
2063 761 2215 815 nobis
2249 763 2394 814 laetas
2426 762 2603 830 spicas
2637 758 2909 828 produxit,
2942 766 3289 825 veteremque
3335 753 3504 807 male-

1901 856 2191 910 dicti..-nem
2225 854 2353 908 Eva:
2376 854 2618 915 mutavit,
2651 852 2860 921 pariens
2890 866 2954 906 ex
2986 849 3296 920 precatione
3318 863 3381 901 ae
3406 846 3505 902 be-

1903 949 2224 1002 nedictione.
2270 948 2333 1001 Et
2364 958 2416 1000 tu
2449 948 2627 1014 igitur,
2657 959 2689 998 ο
2730 944 2942 1009 mulier,
2969 944 3107 997 hanc
3142 940 3421 1005 stimulare,
3454 946 3511 994 et

1903 1039 1945 1092 si
1968 1038 2165 1092 sterilis
2197 1038 2381 1100 fueris,
2418 1037 2577 1090 talem
2631 1035 2991 1104 precationem
3019 1032 3235 1095 exhibe,
3263 1027 3509 1085 sacerdo-

1906 1141 2011 1186 tem
2047 1145 2283 1197 ai-ccrse,
2330 1141 2388 1183 ut
2420 1138 2593 1182 tecum
2637 1124 3051 1195 suscipiatapud
3089 1124 3254 1177 Deum
3284 1120 3510 1192 legatio-

1906 1239 2048 1278 nem.
2098 1222 2329 1277 Omnino
2378 1223 2420 1273 si
2454 1237 2575 1274 cum
2620 1218 2725 1273 ﬁde
2755 1218 2912 1270 verba
2945 1216 3222 1284 cxceperis
3250 1255 3261 1275 ,
3298 1223 3507 1282 patrum

1904 1314 2207 1369 benedictio
2236 1314 2288 1366 in
2334 1312 2562 1388 fructum
2594 1310 2759 1365 exibit
2795 1308 3107 1377 praeclarum
3129 1321 3192 1359 ac
3216 1288 3505 1359 maturum.

1902 1407 2056 1473 Quod
2088 1408 2129 1461 si
2164 1414 2336 1460 mater
2376 1405 2562 1468 fueris,
2606 1402 2671 1456 ad
2705 1400 2862 1470 hujus
2886 1398 3191 1466 exemplum
3247 1408 3505 1450 eonsecra

1906 1499 2070 1553 tilium
2100 1508 2249 1554 tuum
2284 1498 2411 1553 Deo.
2443 1497 2532 1554 illa
2558 1496 2609 1549 in
2640 1492 2895 1564 templum
2927 1490 3169 1555 adduxit,
3196 1498 3248 1542 tu
3282 1488 3506 1558 teipsam

1911 1595 2117 1664 regium
2152 1594 2405 1662 templum
2436 1589 2620 1645 redde.
2644 1587 2895 1647 Membra,
2926 1584 3116 1654 inquit,
3146 1592 3311 1637 vestra
3325 1593 3512 1647 corpus

1904 1687 2095 1743 Christi
2121 1695 2261 1751 sunt,
2291 1702 2350 1739 ac
2382 1684 2622 1753 templum
2652 1682 2818 1734 sancti
2845 1679 3095 1750 Spiritus,
3127 1674 3215 1743 qui
3240 1672 3386 1726 estin
3416 1684 3508 1723 uo-

1904 1781 1978 1835 bis
2004 1780 2084 1850 (l.
2108 1779 2225 1834 Cor.
2259 1779 2311 1833 6.
2344 1777 2458 1848 19).
2499 1778 2576 1831 Ac
2614 1790 2799 1830 rursus
2834 1792 2846 1827 :
2875 1769 3204 1834 Inhabitabo,
3237 1767 3429 1836 inquit,
3455 1762 3510 1816 in

1903 1872 2059 1933 vobis,
2093 1880 2140 1926 et
2167 1868 2490 1924 inambulabo
2515 1867 2591 1939 (2.
2619 1867 2737 1919 Cor.
2767 1865 2820 1920 6.
2851 1863 2962 1933 16).
2998 1864 3192 1916 Annon
3215 1855 3508 1912 absurdum

1902 1974 1984 2020 est
2013 1980 2109 2018 nos
2140 1963 2359 2017 domum
2392 1971 2655 2022 veterem,
2688 1960 2900 2013 ruinam
2932 1955 3269 2010 minitantem
3298 1948 3508 2012 fulcire,

1908 2058 2159 2129 pecunias
2200 2056 2591 2126 impendentes,
2632 2054 2810 2106 fabros
2853 2056 3215 2111 accersentes,
3272 2054 3327 2098 ct
3376 2040 3507 2096 nihil

1905 2166 2010 2205 non
2039 2149 2322 2213 facientes,
2355 2146 2573 2201 domum
2619 2152 2799 2198 autem
2848 2140 2939 2196 Dei
2981 2146 3129 2210 (nam
3181 2136 3275 2193 Dei
3316 2134 3511 2189 domus

1904 2256 2024 2297 esse
2046 2240 2204 2296 debet
2229 2238 2589 2294 adolescentis
2616 2232 2817 2303 anima)
2847 2249 2915 2289 ne
2944 2230 3149 2302 vulgari
3180 2226 3398 2298 quidem
3422 2224 3507 2280 di-

1903 2334 2053 2406 gnari
2085 2348 2212 2388 cura
2237 2332 2262 2385 ?
2293 2331 2428 2385 Vide
2460 2345 2527 2385 ne
2555 2329 2696 2384 idem
2722 2326 2928 2390 audias,
2958 2323 3102 2394 quod
3134 2323 3263 2377 olim
3288 2318 3511 2373 audiere

1904 2427 2093 2482 Judzei.
2126 2425 2259 2481 Nam
2291 2424 2365 2478 illi
2390 2430 2739 2493 posteaquam
2769 2435 2796 2472 a
2820 2418 3127 2489 captivitate
3153 2413 3353 2469 reversi
3379 2422 3513 2466 tem-

1907 2519 2052 2587 plum
2096 2516 2371 2571 materiale
2417 2515 2717 2584 neglectum
2766 2510 3039 2576 viderunt,
3081 2518 3136 2563 et
3184 2505 3329 2561 mdes
3383 2517 3508 2557 suas

1904 2621 2256 2676 exornarunt,
2300 2609 2437 2664 adeo
2467 2610 2632 2663 Deum
2665 2612 3077 2676 exasperarunt,
3111 2611 3168 2655 ut
3198 2614 3305 2655 non
3336 2598 3511 2653 solum

1904 2707 2142 2759 mitteret
2167 2704 2245 2758 eis
2274 2700 2611 2771 prophetam,
2657 2699 2745 2769 qui
2779 2696 2971 2752 famem
3007 2694 3366 2751 minitaretur,
3399 2702 3509 2742 ma-

1902 2812 2170 2868 gnamque
2196 2810 2373 2851 rerum
2396 2793 2819 2848 necessariarum
2846 2788 3124 2859 penuriam
3150 2827 3165 2853 ,
3222 2783 3315 2837 sed
3376 2778 3514 2834 lianc

1903 2892 2066 2945 etiam
2114 2886 2552 2941 comminationis
2581 2900 2803 2939 causam
2832 2883 3177 2951 eloquerctur
3209 2900 3220 2933 :
3265 2875 3365 2929 Vos
3393 2874 3481 2944 qui
3499 2903 3511 2911 -

1905 2986 2019 3035 dem
2048 2980 2284 3035 habitatis
2307 2979 2360 3032 in
2382 2978 2615 3030 domibus
2646 2974 2895 3044 laqueatis
2926 2989 2943 3026 :
2980 2972 3162 3025 donius
3189 2979 3359 3022 autem
3400 2981 3512 3019 mea

1904 3074 2103 3129 deserta
2127 3084 2199 3127 est
2223 3071 2377 3141 (Agg.
2409 3072 2460 3124 1.
2493 3070 2573 3139 4).
2601 3068 2753 3134 Quod
2787 3066 2830 3118 si
2856 3066 2996 3118 illius
3029 3062 3211 3131 templi
3236 3061 3512 3130 neglectus

1906 3178 2107 3223 tantam
2154 3164 2405 3220 excitavit
2454 3162 2585 3215 iram
2620 3158 2886 3221 Numinis,
2925 3155 3095 3211 multo
3134 3153 3305 3222 magis
3354 3150 3513 3220 hujus

1906 3259 2088 3329 templi
2118 3255 2392 3326 neglectus
2415 3254 2479 3307 ad
2500 3251 2827 3308 iracundiam
2845 3246 3155 3317 provocabit
3179 3244 3465 3299 Deiniuum
3496 3257 3508 3293 :

1905 3352 2169 3423 siquidem
2224 3349 2326 3403 hoc
2381 3346 2637 3417 templum
2691 3352 2841 3398 tanto
2885 3351 2967 3397 est
3024 3340 3115 3394 illo
3172 3336 3510 3393 honoratius.

1904 3454 2107 3516 quanto
2148 3445 2303 3513 plura
2349 3442 2510 3495 habet
2538 3435 2909 3497 sanctimoniae
2934 3431 3197 3505 symbols.
3229 3428 3377 3484 Cave
3409 3427 3509 3498 igi-

1906 3539 2067 3609 gitur,
2095 3551 2163 3591 ne
2192 3533 2449 3603 templum
2482 3530 2578 3585 Dei
2607 3528 2692 3584 ﬁat
2719 3528 2976 3599 spelunca
3008 3525 3277 3579 latronum
3310 3562 3323 3583 ,
3359 3534 3427 3574 ne
3456 3527 3511 3573 et

1906 3631 2130 3683 alteram
2158 3625 2343 3680 audias
2372 3620 2827 3693 obiurgationem,
2860 3632 2963 3687 qua
2996 3615 3239 3670 Christus
3262 3611 3512 3681 objurga~

1908 3722 1982 3775 vit
2005 3718 2243 3780 Judwos,
2286 3715 2508 3770 dicens:
2542 3711 2737 3765 Domus
2770 3709 2940 3763 Putris
2972 3708 3089 3771 mei,
3124 3706 3305 3759 domus
3332 3717 3513 3771 preca-

1906 3815 2057 3869 tionis
2083 3822 2155 3865 est
2186 3827 2203 3864 .'
2231 3826 2317 3864 vos
2340 3819 2512 3861 autem
2551 3806 2737 3875 fecistis
2765 3819 2875 3857 eam
2917 3800 3214 3872 speluncam
3252 3800 3509 3851 latronum

1908 3904 2127 3976 (Matth.
2153 3902 2247 3957 2L
2277 3902 2365 3956 15.
2409 3899 2535 3951 Luc.
2568 3896 2657 3951 19.
2701 3894 2815 3963 16).
2848 3892 2954 3949 Sed
2987 3888 3257 3962 quomodo
3288 3886 3342 3941 ﬁt
3390 3900 3511 3955 spe-

1908 3999 2061 4052 lunca
2090 3996 2355 4050 latronum
2383 3992 2406 4042 ’ἱ
2432 3989 2564 4045 Cum
2596 3988 2829 4059 patimur
2871 3983 3159 4037 illiberales
3196 3994 3260 4034 ac
3291 3975 3515 4032 serviles

1908 4086 2371 4159 concopiscentias
2402 4083 2787 4151 libidinemque
2841 4079 3062 4143 intrare,
3114 4074 3409 4143 sedemque
3448 4069 3511 4123 ﬁ-

1907 4200 2035 4256 gere
2068 4185 2119 4237 in
2161 4176 2683 4235 adolescentulorum
2712 4171 2926 4226 animis.
2956 4170 3113 4224 Tales
3141 4168 3283 4221 cuitu
3314 4164 3516 4235 cogita-

1911 4278 2086 4331 tiones
2112 4271 2524 4344 perniciosiorcs
2554 4276 2680 4322 sunt
2708 4264 3028 4329 latronibus,
3067 4277 3187 4331 qum
3217 4272 3511 4330 puerorum

1910 4370 2294 4440 ingenuitatem
2329 4372 2543 4420 vertunt
2584 4362 2636 4415 iu
2686 4359 3023 4423 servitutem,
3056 4356 3312 4425 ipsosque
3342 4352 3515 4406 brutis

1909 4460 2290 4531 Cupiditatibus
2330 4456 2532 4511 dedunt
2572 4451 2832 4521 captivos,
2865 4448 3098 4517 undique
3141 4444 3516 4501 confodientes

1912 4556 2053 4619 illos,
2088 4568 2150 4606 ac
2169 4558 2404 4607 mentem
2429 4547 2643 4602 illorum
2663 4542 2844 4597 multis
2870 4539 3156 4609 impleutes
3180 4533 3516 4590 vulneribus.

1910 4649 2253 4717 Quapropter
2294 4642 2408 4696 bmc
2447 4637 2687 4709 quotidie
2725 4633 3092 4703 dispiciamus,
3124 4640 3179 4684 et
3212 4627 3388 4682 verbis
3419 4641 3520 4695 pro

1913 4742 2112 4796 scutica
2146 4748 2376 4800 utentes,
2406 4746 2597 4787 omnes
2636 4729 2687 4783 id
2724 4741 2895 4797 genus
2940 4724 3164 4779 allectus
3206 4720 3275 4773 ah
3306 4721 3519 4775 illorum

1914 4833 2110 4888 animis
2155 4829 2509 4899 depellamus,
2541 4840 2648 4895 quo
2678 4820 2931 4876 videlicet
2962 4818 3057 4874 ﬁlii
3096 4816 3377 4873 uobiscum
3418 4828 3523 4869 (xe-

1913 4927 2065 4983 lestis
2094 4925 2324 4981 civitatis
2366 4923 2579 4975 valeant
2613 4932 2734 4973 esse
2764 4914 3071 4985 participes,
3116 4921 3170 4967 et
3210 4911 3522 4964 universum

1917 5020 2117 5075 cultum
2150 5017 2238 5087 qui
2283 5015 2590 5070 celebratur
2622 5010 2730 5065 illic
2771 5010 2874 5063 rite
2904 5020 3182 5077 peragere.
3220 5005 3415 5057 Annon
3447 5001 3524 5055 vi-

1917 5115 2054 5170 detis
2108 5112 2441 5180 frequenter,
2493 5105 2638 5177 quod
2688 5104 2778 5175 qui
2814 5104 2865 5157 in
2919 5099 3143 5156 urbibus
3191 5104 3524 5160 versantur,

1921 5221 2117 5277 pueros
2142 5219 2314 5273 nuper
2339 5217 2368 5256 a
2402 5201 2539 5255 lacte
2569 5196 2824 5267 depulsos
2853 5191 3244 5262 thallophoros,
3273 5198 3366 5242 aut
3395 5201 3529 5257 ago-

1920 5298 2192 5363 nothetas,
2210 5306 2300 5350 aut
2325 5292 2678 5350 certaminum
2707 5287 2989 5359 praefectos
3021 5287 3064 5353 ¹,
3088 5293 3178 5337 aut
3199 5283 3527 5337 chorearum

1923 5391 2207 5459 magistros
2246 5387 2489 5442 iaciunt?
2533 5384 2678 5438 Idem
2721 5391 2774 5437 et
2814 5394 2915 5434 nos
2959 5377 3233 5441 iaciamus,
3283 5390 3311 5427 a
3345 5373 3532 5444 primis

1924 5483 2105 5538 statim
2138 5480 2294 5535 anuis
2323 5477 2639 5532 inducamus
2666 5489 2761 5529 eos
2778 5471 2845 5527 ad
2866 5470 3206 5541 disciplinam
3234 5467 3531 5523 cielestem.

1926 5575 2203 5646 Siquidem
2234 5571 2350 5625 haec
2378 5580 2612 5631 terrena,
2663 5582 2786 5621 cum
2814 5564 3145 5635 impendium
3176 5556 3535 5623 adleratJru-

1925 5678 2073 5723 ctum
2108 5674 2285 5719 tamen
2316 5660 2517 5717 nullum
2549 5658 2729 5714 habet.

1992 5785 2008 5815 ι
2034 5774 2315 5832 Colbertini
2355 5770 2561 5832 addunt,
2585 5758 3104 5832 et__gyinnasia_rcli_os_
3121 5750 3544 5832 (xaij‘lltwlt‘itég-

1928 5817 2522 5909 'eliatn—lleg.
2550 5817 2603 5878 in
2630 5817 2804 5878 διῖιῖρι.
2830 5831 2885 5873 et.
2906 5822 3059 5872 Savil.
3093 5817 3201 5870 haec
3225 5830 3318 5866 vox
3342 5817 3540 5865 deerat.
