4178 6330
681 419 684 422 .
705 373 808 428 659

780 492 834 546 5.
876 486 1160 556 Disciptiua
1208 484 1395 540 retecti
1438 483 1699 539 intuendi
1742 483 1976 553 juvenes.
2026 509 2097 521 —
2137 476 2290 538 Nam.

707 597 890 655 quaeso
901 591 973 648 te,
991 579 1108 651 quis
1121 578 1324 634 fructus
1345 575 1650 648 easepossit
1672 591 1705 631 e
1732 573 1970 645 populari
1989 569 2249 643 applause
2273 568 2297 622 l

706 674 874 731 Simul
894 683 951 728 ut
979 686 1200 741 vespera
1225 685 1324 726 nos
1349 669 1644 740 occuparit,
1681 666 1826 722 illico
1847 665 2064 736 plausus
2090 662 2181 717 ille
2207 669 2290 716 to-

705 775 895 834 tosque
935 761 1194 818 tumultus
1237 758 1554 817 emarceacit
1587 773 1602 812 :
1647 769 1712 811 ac
1739 756 1874 812 festo
1908 759 2144 825 peracto,
2175 765 2298 820 pcr-

703 854 831 912 inde
875 854 1028 926 quasi
1057 854 1110 908 in
1150 850 1373 909 somniis
1401 848 1596 905 fuerint
1623 845 1857 903 deliciati
1877 884 1894 911 ,
1921 844 1993 900 ita
2021 843 2168 899 omni
2194 855 2293 897 vo-

703 945 906 1018 luptate
928 943 1171 1002 destituti
1194 941 1534 1005 consistunt;
1566 953 1666 994 nec
1689 952 1720 993 a
1746 951 1972 1004 corona,
1995 949 2097 991 nec
2118 949 2150 989 a
2179 949 2294 989 ma-

701 1037 894 1105 guillca
921 1044 1088 1098 veste,
1121 1047 1220 1089 nec
1241 1046 1274 1088 a
1293 1030 1503 1102 reliquo
1532 1029 1669 1085 fastu
1695 1027 1948 1084 universo
1973 1032 2290 1094 conceptam

702 1128 1050 1198 voluptatem,
1075 1123 1121 1179 si
1159 1131 1424 1194 queram,
1447 1118 1691 1176 invenire
1710 1118 1910 1181 valent,
1931 1116 2074 1188 quod
2108 1115 2288 1171 omnia

704 1217 791 1272 illa
812 1216 1001 1288 quovis
1015 1222 1179 1271 vento
1197 1213 1428 1270 celerius
1455 1219 1891 1283 praetercurrant.

775 1307 1020 1365 Felicitas
1057 1308 1173 1364 site
1215 1307 1446 1363 celestis.
1477 1305 1833 1378 Abnegationis
1876 1303 2015 1359 modi
2043 1302 2187 1358 acii.
2215 1332 2289 1344 —

699 1401 969 1456 timerem
1008 1399 1063 1455 in
1092 1397 1290 1454 caelesti
1320 1397 1428 1452 vita
1457 1395 1636 1452 omnia
1674 1408 1830 1450 secus
1869 1391 2067 1450 habent
2097 1410 2114 1448 :
2152 1393 2286 1448 citra

707 1496 1002 1563 impensam
1036 1491 1242 1547 lucrum
1286 1487 1532 1545 adferunt
1559 1496 1613 1544 et
1650 1486 1928 1556 copiosum
1974 1496 2031 1540 et
2068 1483 2282 1540 stabile.

704 1584 837 1640 Nam
865 1583 971 1640 illic
998 1597 1103 1638 non
1133 1580 1372 1636 homines
1398 1579 1567 1643 ebrii,
1595 1576 1690 1634 sed
1721 1575 2035 1648 angelorum
2059 1575 2286 1646 populus

700 1677 894 1748 iugiter
929 1671 1196 1747 appiaudit
1225 1686 1339 1727 rem
1366 1669 1591 1742 gerenti.
1613 1667 1720 1726 Sed
1743 1665 1870 1738 quid
1895 1665 2030 1732 dixi,
2053 1664 2275 1736 angelo-
2305 1705 2312 1712 .

702 1785 820 1826 rum
861 1766 1132 1839 populus?
1173 1765 1289 1836 Ipse
1313 1764 1621 1835 angelorum
1655 1761 1912 1816 Dominus
1935 1758 2194 1823 laudabit,
2230 1765 2286 1813 et

699 1860 1068 1935 comprobabit
1096 1857 1379 1928 illum.Qui
1404 1871 1533 1913 vero
1557 1871 1586 1910 a
1616 1855 1726 1912 Deo
1757 1853 2020 1918 laudatur,
2049 1866 2155 1908 non
2178 1865 2285 1906 uno

701 1955 936 2012 alterove
972 1953 1080 2020 die,
1122 1961 1217 2008 aut
1259 1951 1453 2017 tertio,
1483 1948 1579 2005 sed
1608 1958 1662 2004 tu
1701 1955 1966 2004 αξιοι-ηοω
1995 1946 2287 2016 triumphat

694 2039 810 2102 illic
833 2056 1049 2118 gestans
1075 2059 1353 2108 coronam,
1383 2056 1482 2098 nec
1511 2054 1762 2112 umquam
1790 2047 1951 2108 caput
1985 2036 2115 2092 illud
2138 2037 2287 2092 vide-

701 2139 785 2195 bis
809 2152 874 2195 ea
897 2138 1152 2194 nudatum
1178 2136 1344 2208 gloria
1375 2151 1390 2189 :
1417 2148 1589 2204 neque
1618 2132 1764 2188 enim
1789 2130 1930 2186 illius
1954 2129 2284 2186 celebritatis

700 2241 910 2301 tentpua
944 2230 1112 2286 certis
1148 2227 1338 2284 diebus
1364 2228 1830 2294 circumscriptum
1858 2231 1961 2287 est,
1990 2220 2085 2277 sed
2115 2234 2283 2290 usque

697 2321 766 2378 ad
819 2321 979 2377 futuri
1023 2318 1204 2376 saculi
1256 2315 1714 2374 immortalitatem
1759 2312 2088 2370 extenditur.
2150 2309 2284 2367 Huic

696 2414 870 2470 cultui
885 2426 1172 2483 numquam
1198 2418 1478 2481 paupertas
1513 2421 1634 2463 esse
1676 2404 1852 2478 possit
1877 2402 2280 2475 impedimento,

696 2519 883 2560 verum
922 2512 978 2557 et
1022 2500 1242 2574 pauperi
1290 2499 1416 2554 licet
1464 2497 1565 2552 hoc
1606 2494 1883 2552 celebrare
1925 2493 2143 2558 festum,
2173 2494 2283 2548 imo

694 2597 917 2668 pauperi
961 2594 1210 2656 maxime,
1257 2590 1454 2663 quippe
1492 2589 1585 2661 qui
1632 2588 1700 2643 ab
1728 2587 1874 2643 omni
1919 2585 2102 2641 mundi
2144 2585 2282 2640 fastu

695 2687 1029 2758 strepituque
1056 2685 1124 2739 sit
1169 2683 1307 2739 liber
1337 2699 1354 2737 :
1381 2695 1560 2753 neque
1587 2680 1730 2735 enim
1754 2693 1891 2748 opus
1917 2687 2000 2734 est
2031 2678 2281 2748 pecunia-

695 2796 818 2836 rum
843 2777 1124 2849 impendiis
1138 2785 1194 2833 et
1219 2774 1513 2846 opulentia,
1532 2772 1626 2828 sed
1647 2772 1826 2828 animo
1843 2786 1999 2843 puro,
2022 2785 2086 2827 ac
2098 2778 2279 2826 mente

693 2871 893 2927 sobria.
918 2869 1044 2926 liae
1068 2868 1211 2924 enim
1237 2875 1320 2922 est
1343 2881 1463 2937 qum
1492 2864 1631 2920 illius
1660 2863 1782 2919 vita
1809 2873 1987 2920 vestes
2009 2863 2139 2918 texit
2162 2861 2279 2918 ani-

693 2977 817 3028 mae,
847 2963 962 3018 haec
996 2975 1118 3032 qua
1143 2973 1373 3016 coronas
1402 2956 1569 3013 nectit
1596 2971 1609 3011 :
1638 2971 1758 3026 qua:
1786 2955 1888 3011 nisi
1914 2955 2122 3010 virtutis
2151 2953 2275 3010 ofti-

696 3054 797 3109 eiis
821 3051 983 3108 fuerit
1007 3060 1286 3113 exornata,
1309 3047 1436 3103 nulli
1462 3046 1581 3102 usui
1602 3046 1705 3103 erit
1730 3046 1845 3101 auri
1872 3059 2064 3117 magna
2086 3045 2274 3116 copia:

691 3145 831 3201 sicut
859 3159 892 3201 e
913 3142 1128 3199 diverso
1155 3156 1256 3198 nec
1293 3139 1492 3196 damno
1519 3138 1625 3194 erit
1655 3146 1962 3208 paupertas,
1989 3137 2034 3192 si
2059 3135 2274 3192 divitias

692 3235 838 3291 intus
867 3233 1057 3288 habeat
1086 3231 1369 3302 repositas.
1403 3227 1552 3283 lianc
1576 3227 1943 3284 celebritatem
1970 3243 2076 3282 non
2116 3225 2276 3282 modo

681 3324 914 3380 masculi
952 3325 1125 3389 liberi,
1159 3321 1254 3385 sed
1291 3331 1346 3379 ct
1378 3321 1500 3378 illi:
1542 3320 1698 3377 nobis
1723 3319 2001 3377 celebrent
2046 3337 2061 3373 :
2101 3334 2275 3390 neque

688 3418 854 3484 enim,
881 3415 1330 3489 quemadmodum
1370 3414 1426 3471 in
1453 3423 1672 3471 externa
1699 3411 2162 3470 administratione
2188 3411 2271 3467 vi-

687 3510 763 3567 ris
805 3519 1007 3567 tantum
1049 3511 1367 3580 imperatum
1399 3517 1482 3565 est
1511 3507 1613 3565 hoc
1645 3507 1840 3564 festum
1873 3521 2051 3581 agere,
2082 3505 2269 3563 verum

685 3612 739 3658 et
769 3602 994 3662 feminas
1037 3601 1164 3658 illud
1191 3599 1380 3672 recipit
1403 3599 1669 3657 theatrum
1691 3640 1707 3666 ,
1731 3609 1787 3657 et
1808 3614 1969 3658 senes
1988 3641 2008 3669 ,
2038 3610 2094 3657 et
2111 3600 2268 3672 juve-

688 3707 804 3758 nes,
831 3703 886 3751 et
910 3707 1095 3750 servos
1114 3702 1169 3749 et
1198 3693 1476 3764 ingenuos.
1505 3691 1606 3750 Ubi
1628 3693 1772 3748 enim
1798 3691 1963 3748 animi
1982 3703 2266 3763 spectacu-

687 3787 798 3843 lum
823 3794 944 3855 est,
973 3786 1044 3842 ibi
1071 3800 1178 3841 non
1207 3800 1386 3850 sexus,
1417 3799 1523 3840 non
1544 3796 1696 3852 aetas,
1727 3799 1831 3841 non
1855 3783 2085 3857 dignitas
2108 3784 2271 3855 hujus

683 3877 887 3945 saeculi,
917 3891 1026 3933 non
1056 3876 1200 3932 aliud
1229 3875 1520 3947 quidquam
1551 3874 1811 3946 impedire
1855 3883 2048 3946 pateat.
2085 3875 2270 3945 quue

682 3984 778 4025 vos
805 3983 994 4025 omnes
1017 3967 1306 4037 exhortor,
1337 3976 1395 4023 ut
1433 3983 1462 4022 a
1494 3970 1691 4023 teneris
1727 3967 1910 4022 statim
1940 3969 2100 4022 annis
2128 3976 2183 4022 et
2209 3967 2269 4022 ti-

680 4061 782 4117 lios
810 4070 866 4117 et
897 4060 1033 4117 filias
1069 4059 1370 4130 hujusmodi
1418 4057 1778 4115 functionibus
1802 4058 2028 4126 dedatis,
2060 4069 2115 4115 et
2145 4059 2266 4116 huic

683 4153 802 4207 \ilil!
841 4152 1084 4208 instituto
1126 4160 1488 4222 congruentes
1524 4151 1738 4207 divitias
1779 4151 1859 4208 eis
1901 4150 2132 4218 addatis,
2157 4168 2263 4208 non

679 4254 870 4297 aurum
900 4241 1256 4310 defodientes,
1294 4256 1400 4298 non
1427 4251 1704 4313 argentum
1729 4252 2134 4314 congregantes.
2167 4242 2263 4300 sed

682 4332 1019 4401 modestiam,
1059 4335 1426 4400 sobrietatem,
1462 4348 1525 4390 ac
1558 4335 1860 4405 pudicitiam
1883 4375 1899 4401 ,
1929 4335 2264 4407 reliquasque

678 4423 900 4480 virtutes
911 4439 1100 4481 omnes
1122 4424 1176 4480 in
1194 4425 1387 4480 animis
1407 4440 1591 4481 eorum
1617 4435 1962 4496 reponentes.
1989 4426 2100 4483 Hos
2117 4428 2260 4484 enim

676 4526 922 4588 sumptus
940 4515 1105 4588 exigit
1135 4515 1224 4572 illa
1254 4516 1472 4573 functio.
1497 4517 1552 4573 Si
1584 4516 1722 4574 lianc
1747 4518 1906 4589 igitur
1930 4519 2257 4590 opulentiam

678 4615 792 4661 tum
822 4605 998 4670 nobis,
1027 4616 1139 4662 tum
1165 4605 1286 4665 (iliis
1309 4607 1704 4679 collegerimus,
1727 4618 1783 4664 et
1811 4609 1861 4663 in
1885 4611 2136 4680 praesenti
2155 4609 2259 4665 vita

677 4697 906 4753 multum
939 4696 1241 4767 splendoris
1287 4712 1696 4768 consequemur,
1729 4709 1784 4756 et
1829 4701 1883 4756 in
1929 4701 2102 4756 futura
2153 4703 2259 4758 vita

678 4786 889 4842 beatam
930 4786 1072 4843 illam
1125 4802 1312 4845 vocem
1353 4788 1652 4854 audiemus,
1698 4804 1797 4859 per
1819 4805 1978 4861 quam
2017 4790 2262 4850 Christus

676 4891 866 4934 omnes
895 4878 982 4950 qui
1021 4877 1193 4948 ipsum
1229 4879 1460 4936 confessi
1499 4877 1718 4946 fuerint,
1757 4895 1857 4936 suo
1876 4893 2262 4954 ornatprzeco-

681 4967 789 5022 nio.
813 4967 1092 5025 Confessio
1107 4977 1284 5026 autem
1307 4985 1412 5026 non
1431 4979 1633 5027 tantum
1653 4971 1711 5026 iit
1731 4987 1827 5043 per
1843 4972 2041 5050 fidem”
2071 4989 2257 5032 verum

677 5060 840 5116 etiam
887 5073 982 5131 per
1025 5075 1186 5132 opera
1212 5103 1228 5129 ,
1257 5062 1394 5120 adeo
1420 5062 1552 5120 utsi
1581 5063 1694 5121 haec
1723 5064 1937 5133 absint,
1983 5069 2258 5128 veniamus

674 5151 725 5206 in
753 5151 1047 5222 periculum
1068 5192 1085 5219 ,
1118 5167 1186 5208 ne
1210 5167 1330 5208 cum
1371 5153 1754 5227 abnegantibus
1794 5171 1980 5227 poenas
2024 5158 2254 5215 luamus.

669 5241 852 5315 Neque
877 5241 1019 5298 enim
1050 5257 1188 5300 unus
1211 5252 1296 5301 est
1317 5243 1612 5318 ahnegandi
1640 5248 1827 5304 modus
1851 5291 1868 5316 ,
1896 5249 1991 5306 sed
2021 5250 2172 5307 multi
2200 5261 2256 5308 et

665 5335 822 5403 varii,
870 5348 1006 5404 quos
1047 5334 1242 5392 Paulus
1283 5337 1440 5394 nobis
1469 5338 1798 5408 describens,
1850 5343 1919 5396 ita
1967 5343 2248 5413 loquitur:

670 5427 985 5498 Prsﬁtentttr
1025 5445 1080 5485 se
1118 5446 1264 5485 nosse
1314 5429 1496 5496 Deum,
1522 5432 1612 5486 sed
1649 5432 1795 5500 [actis
1834 5444 2019 5506 negant
2049 5433 2171 5506 (Tit.
2197 5437 2248 5493 i.

669 5521 782 5593 l6);
810 5528 866 5576 et
899 5535 1104 5587 rursus,
1137 5521 1200 5578 Si
1222 5523 1335 5591 quis
1361 5540 1592 5592 suorum,
1631 5536 1680 5580 et
1705 5527 1923 5583 maxime
1949 5527 2252 5584 domestico-

665 5627 779 5666 rum
806 5627 983 5667 curam
1025 5629 1126 5668 non
1166 5614 1330 5679 habet,
1370 5615 1523 5685 ﬁdem
1565 5616 1849 5689 abnegauit.
1880 5629 1926 5674 et
1949 5629 2022 5675 est
2049 5621 2248 5690 inﬁdeli

665 5705 881 5760 deterior
905 5705 985 5772 (Ι.
1030 5703 1160 5760 Tim.
1205 5707 1258 5762 5.
1289 5703 1368 5778 2).
1396 5705 1468 5763 Et
1491 5707 1705 5774 iterum,
1736 5708 1920 5780 Fugite
1957 5713 2241 5780 avaritiam,

663 5809 780 5864 φατ’
824 5804 897 5851 est
924 5795 1173 5850 idolorum
1200 5797 1367 5852 cultus
1388 5794 1602 5868 (Colon.
1628 5799 1682 5855 5.
1711 5799 1785 5872 5).
1817 5799 1950 5858 Cum
1978 5801 2137 5874 igitur
2166 5811 2246 5860 tot

1378 370 1438 426 S.
1477 368 1758 428 JOANNIS
1781 364 2252 426 οηιιτωετωιι
2293 363 2612 424 ARCIIIEP.
2650 367 3187 427 CONSTANTINOP.

2409 475 2520 534 sint
2562 479 2862 552 abnegandi
2898 480 3091 550 modi,
3117 477 3462 539 manifestum
3498 487 3584 538 est
3612 481 3840 541 totidem
3880 497 4005 541 esse

2402 570 2715 642 conﬁtendi,
2744 588 2811 630 ac
2850 572 3023 630 multo
3054 573 3219 630 etiam
3249 574 3472 644 plures;
3522 575 3721 647 quibus
3749 576 4004 634 omnibus

2400 661 2645 720 conﬁteri
2674 662 3006 733 studeamns,
3027 673 3088 722 ut
3113 676 3169 722 et
3194 665 3295 737 ipsi
3326 666 3380 723 in
3407 667 3559 724 calis
3584 665 3852 726 honorem
3870 683 4004 726 con-

2398 766 2729 824 sequamur,
2774 755 2946 828 gratia
2997 764 3054 812 ct
3094 755 3337 814 bonitate
3385 757 3604 815 Domini
3655 759 3828 818 nostri
3871 759 4002 818 Iesu

2396 844 2620 913 Christi,
2651 863 2749 919 per
2771 863 2932 920 quem
2951 856 3006 906 et
3033 863 3156 905 cum
3181 865 3289 922 quo
3308 849 3455 907 Patri
3477 850 3671 923 gloria,
3699 851 3861 910 simul
3876 869 4001 911 cum

2396 949 2586 994 sancto
2605 939 2831 1010 Spiritu,
2860 955 3006 1000 nunc
3033 949 3088 1000 ct
3114 954 3354 1014 semper,
3382 952 3439 1001 et
3465 942 3524 1000 in
3547 944 3746 1003 saecula
3771 945 4004 1004 saculo-

2394 1045 2534 1086 rum.
2567 1031 2763 1089 Amen.

3014 1166 3250 1225 SERIO
3282 1166 3376 1226 IV.

2391 1278 2476 1334 Ad
2509 1295 2597 1336 eos
2637 1280 2726 1348 qui
2768 1280 2982 1337 “Uecta
3023 1282 3203 1337 relicto
3244 1281 3316 1337 ad
3356 1282 3556 1338 theatro
3592 1284 3878 1340 ascendunt
3903 1298 3926 1339 .'
3950 1293 3999 1340 α

2461 1371 2601 1443 quod
2625 1390 2727 1430 non
2753 1374 2922 1430 solani!
2959 1375 3138 1431 utilius
3165 1375 3231 1430 sit
3257 1376 3311 1431 iu
3346 1375 3561 1432 ecclesia
3587 1378 3817 1442 uersari,
3844 1394 3999 1448 quau

2459 1465 2518 1521 in
2539 1463 2771 1533 theatris,
2796 1466 2888 1520 sed
2918 1466 3072 1520 etiam
3085 1465 3369 1538 jucundius
3389 1482 3409 1519 :
3437 1474 3487 1521 et
3512 1468 3577 1522 de
3598 1468 3824 1522 secunda
3853 1479 4000 1538 parte

2461 1561 2769 1632 precationis
2790 1562 2957 1618 Am
2981 1578 3001 1618 :
3026 1562 3260 1636 quodque
3292 1562 3633 1618 indesinenter
3673 1574 3721 1636 et
3759 1564 3816 1617 in
3855 1563 3997 1617 omni

2459 1640 3787 1726 locoprecorioporteut,vetiuforo,ueliuaia,
3830 1655 3996 1709 aetiis

2460 1743 2612 1800 lecto.

2463 1855 2513 1912 ι.
2554 1854 2711 1912 Band
2747 1857 2863 1913 scio
2880 1896 2896 1922 ,
2939 1855 3137 1930 quibus
3177 1856 3361 1914 verbis
3404 1857 3631 1915 debeam
3680 1858 3758 1914 uti
3806 1857 3994 1915 hodie.

2388 1945 2524 2002 Cum
2553 1945 2696 2002 enim
2725 1945 2934 2003 videam
2962 1946 3220 2004 collectas
3247 1963 3439 2021 parum
3481 1947 3838 2020 frequentari,
3865 1964 3995 2021 pre-

2390 2036 2582 2109 pbetas
2608 2037 2749 2094 afﬁci
2794 2039 3121 2096 contumelia
3144 2080 3164 2108 ,
3206 2039 3481 2110 apostolos
3523 2039 3728 2114 despici
3750 2083 3769 2111 ,

2387 2129 2682 2199 contemni,
2718 2143 2948 2202 umque
2971 2131 3355 2187 contumeliam
3373 2173 3391 2200 ,
3421 2146 3525 2203 qua
3549 2133 3692 2189 servi
3721 2143 3994 2205 appetun-

2390 2229 2514 2288 tur,
2545 2220 2614 2276 ad
2663 2220 2838 2292 ipsum
2879 2235 3068 2277 eorum
3117 2221 3402 2278 Dominum
3445 2222 3817 2292 pertransire,
3865 2223 3996 2280 libet

2385 2312 2602 2383 quidem
2630 2326 2909 2380 accusare,
2939 2311 3037 2370 sed
3065 2327 3160 2370 eos
3185 2313 3276 2385 qui
3301 2314 3697 2372 accusationem
3727 2313 3873 2373 banc
3901 2331 3997 2372 au-

2388 2404 2510 2460 dire
2537 2404 2802 2462 deberent
2828 2419 2935 2462 non
2965 2405 3055 2462 hic
3079 2404 3238 2462 video
3267 2423 3282 2463 :
3306 2420 3402 2463 vos
3425 2405 3526 2464 soli
3545 2406 3771 2474 adestis,
3796 2407 3997 2480 quibus

2385 2497 2488 2555 hac
2515 2497 2882 2556 admonitione
2924 2498 3058 2555 nihil
3095 2513 3232 2571 opus
3264 2507 3366 2556 est.
3399 2497 3787 2558 Verumtamen
3821 2514 3895 2558 ne
3917 2501 3995 2557 sic

2383 2590 2603 2662 quidem
2633 2589 2899 2647 silendum
2927 2601 3012 2647 est
3040 2590 3196 2648 nobis
3231 2607 3246 2646 :
3285 2607 3412 2648 nam
3441 2600 3496 2649 et
3537 2591 3991 2663 indignationem,

2383 2695 2545 2753 quam
2587 2680 2746 2738 nobis
2789 2692 3119 2750 moverunt,
3163 2682 3528 2756 mitigabimus
3549 2725 3566 2752 ,
3605 2699 3827 2756 unaque
3869 2700 3992 2742 cum

2384 2771 2561 2829 verbis
2589 2772 2868 2843 ejiciemus
2893 2790 2908 2829 :
2938 2782 2996 2830 et
3033 2773 3156 2830 illos
3194 2773 3342 2845 ipsos
3365 2773 3432 2831 ad
3462 2774 3718 2832 ntboretn
3744 2789 3810 2832 ac
3838 2791 3993 2832 vcta-

2380 2863 2632 2920 cnndiam
2657 2865 3076 2936 compellemus,
3107 2874 3187 2922 tot
3224 2865 3279 2922 in
3317 2880 3413 2924 eos
3450 2865 3862 2924 accusatoribus
3891 2869 3992 2924 ira-

2379 2956 2580 3022 missis,
2603 2964 2734 3027 quot
2753 2970 2899 3012 nunc
2935 2955 3210 3013 auditores
3244 2956 3398 3013 estis.
3426 2954 3484 3013 Si
3511 2956 3660 3016 enim
3683 2957 3988 3026 venissent,

2380 3056 2594 3105 nostras
2618 3047 2793 3104 solum
2818 3047 3220 3119 obiurgationes
3248 3047 3496 3105 audirent
3523 3065 3540 3104 :
3569 3062 3715 3105 nunc
3747 3047 3985 3122 fugitan-

2382 3148 2463 3196 tes
2489 3147 2732 3197 ncstram
2758 3138 3203 3210 increpationem,
3240 3139 3433 3196 eadem
3457 3139 3574 3196 hac
3596 3154 3628 3196 a
3653 3139 3809 3198 vobis
3833 3141 3988 3199 audi-

2380 3232 2484 3287 turi
2511 3241 2638 3288 sunt
2664 3231 2866 3287 omnia.
2893 3229 2983 3288 Sic
3007 3239 3065 3289 et
3089 3231 3247 3288 amici
3284 3229 3528 3289 faciunt:
3561 3242 3849 3306 postquam
3878 3249 3986 3292 non

2381 3323 2704 3380 invenerunt
2720 3322 3047 3395 quibuscum
3095 3323 3442 3396 expostulare
3462 3324 3739 3396 volebant,
3769 3326 3985 3383 illoru-

2379 3415 2583 3471 amicos
2607 3412 2806 3470 adeunt
2828 3455 2845 3482 ,
2871 3413 2965 3486 qui
2991 3412 3134 3481 dicta
3162 3427 3258 3469 sua
3285 3413 3354 3470 ad
3381 3413 3501 3472 illos
3541 3407 3800 3473 referant.
3835 3415 3984 3474 Ideni

2375 3506 2536 3562 etiam
2564 3505 2706 3562 Deus
2732 3504 2860 3562 fecit
2884 3521 2898 3560 :
2926 3504 3142 3563 omissis
3186 3505 3253 3562 iis
3298 3505 3390 3577 qui
3434 3505 3487 3562 in
3518 3520 3578 3562 se
3601 3507 3982 3578 peccaverant,

2375 3603 2643 3658 insontem
2682 3599 2969 3658 Jeremiam
3018 3600 3255 3672 appellat
3276 3641 3292 3666 ,
3331 3600 3518 3658 dicens
3562 3617 3578 3656 :
3625 3600 3806 3658 Viden‘
3845 3603 3972 3674 quid

2374 3696 2500 3750 mihi
2528 3695 2703 3767 fecerit
2725 3695 2970 3766 insipiens
2999 3694 3112 3765 ﬂio
3134 3692 3278 3749 Iuda
3309 3693 3455 3768 (Jer.
3484 3694 3539 3750 3.
3567 3693 3634 3767 6)
3657 3695 3682 3750 l
3705 3694 3824 3754 Hac
3847 3711 3982 3754 sane

2373 3786 2440 3843 de
2463 3801 2623 3843 causa
2645 3801 2746 3843 nos
2778 3801 2990 3858 quoque
3013 3786 3134 3842 illos
3155 3787 3480 3854 accusando,
3502 3802 3598 3843 vos
3622 3786 3975 3861 alloquimur,

2374 3889 2432 3936 ut
2476 3880 2602 3936 hinc
2648 3878 2872 3952 profecti
2914 3894 3009 3936 eos
3045 3880 3350 3953 corrigatis.
3401 3880 3534 3950 Quis
3578 3881 3724 3938 enim
3771 3892 3976 3939 tantum

2372 3974 2672 4045 neglectum
2693 3970 2872 4028 ferat?
2899 3971 3076 4029 Semel
3099 3973 3153 4028 in
3180 3971 3515 4029 hebdomada
3539 3973 3626 4031 hic
3643 3973 3971 4047 colligimor,

2370 4074 2427 4122 et
2469 4079 2538 4121 ne
2580 4065 2680 4122 hac
2721 4063 2938 4136 quidem
2977 4064 3066 4121 die
3108 4066 3396 4123 saeculares
3441 4081 3602 4123 curas
3643 4069 3975 4140 postbahere

2367 4158 2674 4214 sustinent:
2703 4167 2759 4213 et
2785 4157 2830 4213 si
2875 4157 2998 4229 quis
3041 4156 3096 4215 id
3124 4158 3382 4230 objiciet,
3423 4159 3569 4217 illico
3597 4172 3972 4234 paupertatem

2367 4257 2690 4318 praetexunt,
2717 4263 2782 4305 ac
2806 4248 2978 4306 victus
3005 4250 3224 4321 parandi
3258 4252 3656 4323 necessitatem,
3683 4266 3972 4326 urgentes-

2365 4356 2473 4412 quc
2524 4343 2905 4413 occupationes
2935 4381 2951 4408 ,
3001 4341 3370 4400 defensionem
3430 4345 3738 4404 adferentes
3781 4351 3971 4421 quavis

2366 4436 2706 4490 accusatione
2733 4434 3061 4505 graviorem.
3101 4434 3240 4503 Quid
3267 4436 3409 4492 enim
3453 4437 3557 4494 hoc
3594 4439 3713 4510 ipso
3739 4442 3971 4501 critics

2367 4527 2518 4597 pejus
2548 4541 2669 4584 esse
2691 4536 2890 4598 potest,
2919 4542 3040 4584 cum
3071 4527 3272 4600 aliquid
3301 4529 3445 4586 aliud
3473 4545 3633 4603 quam
3659 4532 3846 4591 divina
3875 4551 3970 4592 ne-

2363 4619 2507 4690 gotia
2537 4619 2706 4691 magis
2739 4635 2936 4692 urgens
2961 4619 3117 4676 nobis
3143 4621 3376 4690 videtur,
3404 4624 3680 4697 magisque
3707 4641 3965 4686 necessa-

2365 4711 2546 4767 rium?
2585 4709 2726 4768 Sane
2752 4711 2962 4768 etiamsi
3002 4713 3234 4769 maxime
3272 4728 3456 4770 verum
3497 4716 3602 4772 hoc
3636 4726 3816 4785 esset,
3850 4719 3968 4777 hac

2365 4803 2476 4874 ipsa
2503 4803 2747 4859 defensio
2771 4812 2916 4860 esset
2940 4805 3235 4874 accusatio,
3264 4815 3321 4861 ut
3345 4805 3456 4862 dixi
3487 4825 3502 4863 :
3534 4815 3592 4863 ut
3617 4817 3800 4865 autem
3828 4811 3968 4867 acia-

2365 4897 2432 4976 tis
2453 4896 2608 4952 istam
2635 4898 2998 4959 causationem
3021 4912 3142 4955 esse
3160 4913 3225 4955 ac
3245 4909 3561 4970 pratextum
3585 4901 3651 4959 ad
3676 4906 3964 4976 segnitiem

2366 4988 2648 5061 tegendam
2665 5030 2681 5057 ,
2711 4988 2799 5045 vel
2834 5002 2921 5045 me
2951 4998 3162 5046 tacente
3190 4991 3381 5047 tertius
3406 4991 3603 5049 abhinc
3625 4993 3742 5051 dies
3770 5011 3966 5054 unus

2365 5083 2486 5138 talia
2534 5081 2886 5138 obtendentes
2936 5081 3260 5154 redarguet,
3309 5098 3434 5140 cum
3477 5085 3666 5142 civitas
3709 5088 3964 5147 universa

2361 5175 2672 5249 migraverit
2699 5175 2766 5231 ad
2791 5173 3026 5243 Circum,
3061 5184 3118 5233 et
3146 5175 3341 5233 domus
3365 5192 3430 5235 ac
3455 5177 3572 5234 fora
3598 5178 3791 5237 nefarii
3819 5181 3963 5240 illius

2361 5268 2652 5341 spectaculi
2677 5269 2848 5339 satis
2869 5276 3122 5325 evacuate
3151 5266 3370 5324 fuerint.
3395 5269 3460 5325 Et
3485 5267 3573 5326 hic
3591 5285 3662 5327 ne
3685 5274 3960 5344 precipua

2359 5361 2575 5434 quidem
2621 5359 2863 5417 ecclesia
2904 5359 3019 5416 loca
3061 5359 3137 5432 (α)
3164 5359 3423 5431 compleri
3448 5359 3693 5418 videmus
3721 5380 3740 5420 :
3765 5372 3821 5420 at
3851 5365 3962 5424 illis

2359 5467 2465 5508 non
2497 5450 2658 5506 modo
2679 5449 2892 5514 Circus,
2915 5449 3010 5505 sed
3031 5457 3085 5506 et
3107 5449 3387 5506 cenacula
3411 5458 3468 5506 et
3493 5449 3690 5508 domus
3711 5463 3770 5510 et
3793 5464 3955 5526 tecta,

2356 5551 2412 5599 et
2434 5543 2659 5614 abrupta
2689 5541 2807 5597 loca
2838 5541 3091 5612 pleraque
3117 5549 3450 5612 occupantur
3481 5559 3496 5595 :
3525 5551 3582 5598 at
3608 5558 3788 5615 neque
3823 5561 3955 5618 pau—

2356 5645 2570 5706 pertus,
2612 5649 2788 5706 neque
2826 5633 3105 5705 occupatio
3128 5673 3146 5701 ,
3188 5647 3362 5705 neque
3397 5631 3651 5693 debilitas
3688 5639 3952 5710 corporis,

2357 5747 2784 5878 "Quamuis
2829 5745 2936 5801 toea
2971 5743 3192 5801 ecclesia
3230 5753 3372 5800 vocat
3411 5755 3582 5812 partes
3615 5746 3959 5801 sacerdotum
