  <div class='ocr_page' id='page_1' title='image "/cluster/home/n/w/nwhite01/storage/ocr_20150623/54/pst.000005712533/290.png"; bbox 0 0 4178 6330; ppageno 0'>
   <div class='ocr_carea' id='block_1_1' title="bbox 277 399 380 458">
    <p class='ocr_par' dir='ltr' id='par_1_1' title="bbox 277 399 380 458">
     <span class='ocr_line' id='line_1_1' title="bbox 277 399 380 458; baseline -0.019 1"><span class='ocrx_word' id='word_1_1' title='bbox 277 399 380 458; x_wconf 73' lang='lat'><strong>661</strong></span> 
     </span>
    </p>
   </div>
   <div class='ocr_carea' id='block_1_2' title="bbox 279 482 1877 582">
    <p class='ocr_par' dir='ltr' id='par_1_2' title="bbox 279 482 1877 582">
     <span class='ocr_line' id='line_1_2' title="bbox 279 482 1877 582; baseline -0.024 -14"><span class='ocrx_word' id='word_1_2' title='bbox 279 528 388 568; x_wconf 85' lang='lat' dir='ltr'><strong>non</strong></span> <span class='ocrx_word' id='word_1_3' title='bbox 411 508 610 582; x_wconf 84' lang='lat' dir='ltr'><strong>pedum</strong></span> <span class='ocrx_word' id='word_1_4' title='bbox 641 502 941 562; x_wconf 84' lang='lat' dir='ltr'><strong>infirmitas,</strong></span> <span class='ocrx_word' id='word_1_5' title='bbox 966 513 1071 553; x_wconf 92' lang='lat' dir='ltr'><strong>non</strong></span> <span class='ocrx_word' id='word_1_6' title='bbox 1097 491 1237 548; x_wconf 84' lang='lat' dir='ltr'><strong>aliud</strong></span> <span class='ocrx_word' id='word_1_7' title='bbox 1262 489 1549 561; x_wconf 76' lang='lat' dir='ltr'><strong>quidquam</strong></span> <span class='ocrx_word' id='word_1_8' title='bbox 1575 482 1678 536; x_wconf 90' lang='lat' dir='ltr'><strong>tale</strong></span> <span class='ocrx_word' id='word_1_9' title='bbox 1702 491 1877 533; x_wconf 83' lang='lat' dir='ltr'><strong>remo-</strong></span> 
     </span>
    </p>
   </div>
   <div class='ocr_carea' id='block_1_3' title="bbox 281 579 1874 663">
    <p class='ocr_par' dir='ltr' id='par_1_3' title="bbox 281 579 1874 663">
     <span class='ocr_line' id='line_1_3' title="bbox 281 579 1874 663; baseline -0.024 -2"><span class='ocrx_word' id='word_1_10' title='bbox 281 579 435 662; x_wconf 76' lang='lat' dir='ltr'><strong>ratur</strong></span> <span class='ocrx_word' id='word_1_11' title='bbox 469 601 766 663; x_wconf 74' lang='lat' dir='ltr'><strong>insaniam,</strong></span> <span class='ocrx_word' id='word_1_12' title='bbox 797 593 941 650; x_wconf 93' lang='lat' dir='ltr'><strong>nttlla</strong></span> <span class='ocrx_word' id='word_1_13' title='bbox 973 586 1264 646; x_wconf 85' lang='lat' dir='ltr'><strong>retinacula</strong></span> <span class='ocrx_word' id='word_1_14' title='bbox 1293 598 1399 636; x_wconf 93' lang='lat' dir='ltr'><strong>non</strong></span> <span class='ocrx_word' id='word_1_15' title='bbox 1427 579 1874 645; x_wconf 87' lang='lat' dir='ltr'><strong>abrumpentem:</strong></span> 
     </span>
    </p>
   </div>
   <div class='ocr_carea' id='block_1_4' title="bbox 282 663 1882 751">
    <p class='ocr_par' dir='ltr' id='par_1_4' title="bbox 282 663 1882 751">
     <span class='ocr_line' id='line_1_4' title="bbox 282 663 1882 751; baseline -0.023 1"><span class='ocrx_word' id='word_1_16' title='bbox 282 694 382 751; x_wconf 84' lang='lat' dir='ltr'><strong>sed</strong></span> <span class='ocrx_word' id='word_1_17' title='bbox 407 693 660 750; x_wconf 76' lang='lat' dir='ltr'><strong>homines</strong></span> <span class='ocrx_word' id='word_1_18' title='bbox 686 688 836 744; x_wconf 87' lang='lat' dir='ltr'><strong>senio</strong></span> <span class='ocrx_word' id='word_1_19' title='bbox 862 681 1091 739; x_wconf 78' lang='lat' dir='ltr'><strong>conlecti</strong></span> <span class='ocrx_word' id='word_1_20' title='bbox 1116 719 1132 748; x_wconf 96' lang='lat'><strong>,</strong></span> <span class='ocrx_word' id='word_1_21' title='bbox 1160 672 1451 746; x_wconf 77' lang='lat' dir='ltr'><strong>juvenibus</strong></span> <span class='ocrx_word' id='word_1_22' title='bbox 1493 682 1556 723; x_wconf 88' lang='lat' dir='ltr'><strong>ac</strong></span> <span class='ocrx_word' id='word_1_23' title='bbox 1582 663 1882 735; x_wconf 69' lang='lat' dir='ltr'><strong>vigentibus</strong></span> 
     </span>
    </p>
   </div>
   <div class='ocr_carea' id='block_1_5' title="bbox 284 758 1879 842">
    <p class='ocr_par' dir='ltr' id='par_1_5' title="bbox 284 758 1879 842">
     <span class='ocr_line' id='line_1_5' title="bbox 284 758 1879 842; baseline -0.023 0"><span class='ocrx_word' id='word_1_24' title='bbox 284 786 496 842; x_wconf 82' lang='lat' dir='ltr'><strong>avidius</strong></span> <span class='ocrx_word' id='word_1_25' title='bbox 515 782 643 837; x_wconf 92' lang='lat' dir='ltr'><strong>illuc</strong></span> <span class='ocrx_word' id='word_1_26' title='bbox 659 783 1007 839; x_wconf 88' lang='lat' dir='ltr'><strong>concurrunt,</strong></span> <span class='ocrx_word' id='word_1_27' title='bbox 1025 769 1277 826; x_wconf 90' lang='lat' dir='ltr'><strong>canitiem</strong></span> <span class='ocrx_word' id='word_1_28' title='bbox 1297 777 1448 819; x_wconf 88' lang='lat' dir='ltr'><strong>suam</strong></span> <span class='ocrx_word' id='word_1_29' title='bbox 1465 758 1879 815; x_wconf 87' lang='lat' dir='ltr'><strong>dedecorautes:</strong></span> 
     </span>
    </p>
   </div>
   <div class='ocr_carea' id='block_1_6' title="bbox 284 860 1884 944">
    <p class='ocr_par' dir='ltr' id='par_1_6' title="bbox 284 860 1884 944">
     <span class='ocr_line' id='line_1_6' title="bbox 284 860 1884 944; baseline -0.02 -12"><span class='ocrx_word' id='word_1_30' title='bbox 284 885 502 934; x_wconf 53' lang='lat' dir='ltr'><strong>attatem</strong></span> <span class='ocrx_word' id='word_1_31' title='bbox 541 880 850 944; x_wconf 71' lang='lat' dir='ltr'><strong>provectam</strong></span> <span class='ocrx_word' id='word_1_32' title='bbox 883 865 1257 923; x_wconf 85' lang='lat' dir='ltr'><strong>traducentes,</strong></span> <span class='ocrx_word' id='word_1_33' title='bbox 1289 866 1345 912; x_wconf 92' lang='lat' dir='ltr'><strong>et</strong></span> <span class='ocrx_word' id='word_1_34' title='bbox 1379 860 1710 910; x_wconf 74' lang='lat' dir='ltr'><strong>senectutem</strong></span> <span class='ocrx_word' id='word_1_35' title='bbox 1744 861 1884 917; x_wconf 65' lang='lat' dir='ltr'><strong>prte-</strong></span> 
     </span>
    </p>
   </div>
   <div class='ocr_carea' id='block_1_7' title="bbox 285 947 1884 1026">
    <p class='ocr_par' dir='ltr' id='par_1_7' title="bbox 285 947 1884 1026">
     <span class='ocr_line' id='line_1_7' title="bbox 285 947 1884 1026; baseline -0.02 1"><span class='ocrx_word' id='word_1_36' title='bbox 285 970 480 1026; x_wconf 83' lang='lat' dir='ltr'><strong>bentes</strong></span> <span class='ocrx_word' id='word_1_37' title='bbox 510 963 881 1023; x_wconf 75' lang='lat' dir='ltr'><strong>deridendam.</strong></span> <span class='ocrx_word' id='word_1_38' title='bbox 921 961 990 1016; x_wconf 82' lang='lat' dir='ltr'><strong>Et</strong></span> <span class='ocrx_word' id='word_1_39' title='bbox 1028 958 1131 1012; x_wconf 90' lang='lat' dir='ltr'><strong>huc</strong></span> <span class='ocrx_word' id='word_1_40' title='bbox 1157 952 1370 1025; x_wconf 89' lang='lat' dir='ltr'><strong>quidem</strong></span> <span class='ocrx_word' id='word_1_41' title='bbox 1408 947 1720 1009; x_wconf 77' lang='lat' dir='ltr'><strong>venientes,</strong></span> <span class='ocrx_word' id='word_1_42' title='bbox 1761 956 1884 997; x_wconf 92' lang='lat' dir='ltr'><strong>cum</strong></span> 
     </span>
    </p>
   </div>
   <div class='ocr_carea' id='block_1_8' title="bbox 289 1040 1884 1118">
    <p class='ocr_par' dir='ltr' id='par_1_8' title="bbox 289 1040 1884 1118">
     <span class='ocr_line' id='line_1_8' title="bbox 289 1040 1884 1118; baseline -0.018 -1"><span class='ocrx_word' id='word_1_43' title='bbox 289 1059 508 1118; x_wconf 84' lang='lat' dir='ltr'><strong>fastidio</strong></span> <span class='ocrx_word' id='word_1_44' title='bbox 535 1075 600 1115; x_wconf 84' lang='lat' dir='ltr'><strong>ac</strong></span> <span class='ocrx_word' id='word_1_45' title='bbox 641 1058 886 1113; x_wconf 74' lang='lat' dir='ltr'><strong>molestia</strong></span> <span class='ocrx_word' id='word_1_46' title='bbox 916 1063 1197 1108; x_wconf 83' lang='lat' dir='ltr'><strong>sermones</strong></span> <span class='ocrx_word' id='word_1_47' title='bbox 1227 1046 1438 1106; x_wconf 84' lang='lat' dir='ltr'><strong>divinos</strong></span> <span class='ocrx_word' id='word_1_48' title='bbox 1464 1044 1480 1075; x_wconf 74' lang='grc' dir='ltr'>ι</span> <span class='ocrx_word' id='word_1_49' title='bbox 1512 1040 1754 1102; x_wconf 87' lang='lat' dir='ltr'><strong>audiunt,</strong></span> <span class='ocrx_word' id='word_1_50' title='bbox 1785 1051 1884 1090; x_wconf 89' lang='lat' dir='ltr'><strong>an-</strong></span> 
     </span>
    </p>
   </div>
   <div class='ocr_carea' id='block_1_9' title="bbox 288 1135 1889 1224">
    <p class='ocr_par' dir='ltr' id='par_1_9' title="bbox 288 1135 1889 1224">
     <span class='ocr_line' id='line_1_9' title="bbox 288 1135 1889 1224; baseline -0.017 -16"><span class='ocrx_word' id='word_1_51' title='bbox 288 1151 494 1224; x_wconf 83' lang='lat' dir='ltr'><strong>gustias</strong></span> <span class='ocrx_word' id='word_1_52' title='bbox 514 1192 529 1215; x_wconf 90' lang='lat'><strong>,</strong></span> <span class='ocrx_word' id='word_1_53' title='bbox 557 1159 781 1210; x_wconf 63' lang='lat' dir='ltr'><strong>aestum.</strong></span> <span class='ocrx_word' id='word_1_54' title='bbox 813 1155 868 1206; x_wconf 86' lang='lat' dir='ltr'><strong>et</strong></span> <span class='ocrx_word' id='word_1_55' title='bbox 893 1140 1300 1206; x_wconf 51' lang='lat' dir='ltr'><strong>sedationem</strong></span> <span class='ocrx_word' id='word_1_56' title='bbox 1339 1135 1638 1201; x_wconf 80' lang='lat' dir='ltr'><strong>similiaque</strong></span> <span class='ocrx_word' id='word_1_57' title='bbox 1663 1142 1889 1185; x_wconf 85' lang='lat' dir='ltr'><strong>causan-</strong></span> 
     </span>
    </p>
   </div>
   <div class='ocr_carea' id='block_1_10' title="bbox 284 1222 1892 1302">
    <p class='ocr_par' dir='ltr' id='par_1_10' title="bbox 284 1222 1892 1302">
     <span class='ocr_line' id='line_1_10' title="bbox 284 1222 1892 1302; baseline -0.019 1"><span class='ocrx_word' id='word_1_58' title='bbox 284 1222 377 1302; x_wconf 60' lang='lat' dir='ltr'><strong>tes</strong></span> <span class='ocrx_word' id='word_1_59' title='bbox 397 1262 421 1300; x_wconf 63' lang='grc' dir='ltr'><em>ξ</em></span> <span class='ocrx_word' id='word_1_60' title='bbox 447 1251 504 1300; x_wconf 89' lang='lat' dir='ltr'><strong>at</strong></span> <span class='ocrx_word' id='word_1_61' title='bbox 544 1244 654 1298; x_wconf 87' lang='lat' dir='ltr'><strong>illic</strong></span> <span class='ocrx_word' id='word_1_62' title='bbox 678 1240 803 1296; x_wconf 91' lang='lat' dir='ltr'><strong>dum</strong></span> <span class='ocrx_word' id='word_1_63' title='bbox 832 1246 887 1294; x_wconf 95' lang='lat' dir='ltr'><strong>et</strong></span> <span class='ocrx_word' id='word_1_64' title='bbox 923 1236 1092 1292; x_wconf 90' lang='lat' dir='ltr'><strong>solem</strong></span> <span class='ocrx_word' id='word_1_65' title='bbox 1131 1231 1275 1288; x_wconf 92' lang='lat' dir='ltr'><strong>nudo</strong></span> <span class='ocrx_word' id='word_1_66' title='bbox 1296 1227 1474 1298; x_wconf 83' lang='lat' dir='ltr'><strong>capite</strong></span> <span class='ocrx_word' id='word_1_67' title='bbox 1500 1222 1793 1294; x_wconf 78' lang='lat' dir='ltr'><strong>excipiunt,</strong></span> <span class='ocrx_word' id='word_1_68' title='bbox 1837 1226 1892 1274; x_wconf 84' lang='lat' dir='ltr'><strong>et</strong></span> 
     </span>
    </p>
   </div>
   <div class='ocr_carea' id='block_1_11' title="bbox 289 1315 1888 1408">
    <p class='ocr_par' dir='ltr' id='par_1_11' title="bbox 289 1315 1888 1408">
     <span class='ocr_line' id='line_1_11' title="bbox 289 1315 1888 1408; baseline -0.018 -17"><span class='ocrx_word' id='word_1_69' title='bbox 289 1334 698 1408; x_wconf 71' lang='lat' dir='ltr'><strong>proculcantur,</strong></span> <span class='ocrx_word' id='word_1_70' title='bbox 717 1326 1130 1402; x_wconf 79' lang='lat' dir='ltr'><strong>protruduntur,</strong></span> <span class='ocrx_word' id='word_1_71' title='bbox 1154 1335 1341 1391; x_wconf 88' lang='lat' dir='ltr'><strong>magna</strong></span> <span class='ocrx_word' id='word_1_72' title='bbox 1365 1318 1414 1373; x_wconf 89' lang='lat' dir='ltr'><strong>vi</strong></span> <span class='ocrx_word' id='word_1_73' title='bbox 1439 1315 1888 1386; x_wconf 89' lang='lat' dir='ltr'><strong>comprimuntur,</strong></span> 
     </span>
    </p>
   </div>
   <div class='ocr_carea' id='block_1_12' title="bbox 292 1411 1888 1491">
    <p class='ocr_par' dir='ltr' id='par_1_12' title="bbox 292 1411 1888 1491">
     <span class='ocr_line' id='line_1_12' title="bbox 292 1411 1888 1491; baseline -0.015 -9"><span class='ocrx_word' id='word_1_74' title='bbox 292 1435 352 1483; x_wconf 85' lang='lat' dir='ltr'><strong>et</strong></span> <span class='ocrx_word' id='word_1_75' title='bbox 376 1423 578 1481; x_wconf 74' lang='lat' dir='ltr'><strong>inﬁnita</strong></span> <span class='ocrx_word' id='word_1_76' title='bbox 600 1423 703 1478; x_wconf 85' lang='lat' dir='ltr'><strong>alia</strong></span> <span class='ocrx_word' id='word_1_77' title='bbox 730 1418 1000 1491; x_wconf 85' lang='lat' dir='ltr'><strong>patiuntur</strong></span> <span class='ocrx_word' id='word_1_78' title='bbox 1022 1411 1378 1474; x_wconf 88' lang='lat' dir='ltr'><strong>incommoda,</strong></span> <span class='ocrx_word' id='word_1_79' title='bbox 1409 1424 1515 1465; x_wconf 92' lang='lat' dir='ltr'><strong>non</strong></span> <span class='ocrx_word' id='word_1_80' title='bbox 1544 1421 1700 1463; x_wconf 87' lang='lat' dir='ltr'><strong>secus</strong></span> <span class='ocrx_word' id='word_1_81' title='bbox 1727 1418 1888 1476; x_wconf 85' lang='lat' dir='ltr'><strong>quam</strong></span> 
     </span>
    </p>
   </div>
   <div class='ocr_carea' id='block_1_13' title="bbox 295 1494 1896 1582">
    <p class='ocr_par' dir='ltr' id='par_1_13' title="bbox 295 1494 1896 1582">
     <span class='ocr_line' id='line_1_13' title="bbox 295 1494 1896 1582; baseline -0.016 -9"><span class='ocrx_word' id='word_1_82' title='bbox 295 1519 354 1573; x_wconf 90' lang='lat' dir='ltr'><strong>in</strong></span> <span class='ocrx_word' id='word_1_83' title='bbox 383 1529 599 1572; x_wconf 71' lang='lat' dir='ltr'><strong>amoeno</strong></span> <span class='ocrx_word' id='word_1_84' title='bbox 643 1522 798 1582; x_wconf 87' lang='lat' dir='ltr'><strong>prato</strong></span> <span class='ocrx_word' id='word_1_85' title='bbox 818 1506 1070 1568; x_wconf 87' lang='lat' dir='ltr'><strong>deliciari</strong></span> <span class='ocrx_word' id='word_1_86' title='bbox 1105 1506 1204 1560; x_wconf 83' lang='lat' dir='ltr'><strong>sibi</strong></span> <span class='ocrx_word' id='word_1_87' title='bbox 1254 1501 1522 1558; x_wconf 87' lang='lat' dir='ltr'><strong>videntur.</strong></span> <span class='ocrx_word' id='word_1_88' title='bbox 1571 1497 1696 1554; x_wconf 89' lang='lat' dir='ltr'><strong>Ideo</strong></span> <span class='ocrx_word' id='word_1_89' title='bbox 1741 1494 1896 1549; x_wconf 85' lang='lat' dir='ltr'><strong>nobis</strong></span> 
     </span>
    </p>
   </div>
   <div class='ocr_carea' id='block_1_14' title="bbox 295 1587 1895 1672">
    <p class='ocr_par' dir='ltr' id='par_1_14' title="bbox 295 1587 1895 1672">
     <span class='ocr_line' id='line_1_14' title="bbox 295 1587 1895 1672; baseline -0.017 -7"><span class='ocrx_word' id='word_1_90' title='bbox 295 1608 545 1665; x_wconf 84' lang='lat' dir='ltr'><strong>civitates</strong></span> <span class='ocrx_word' id='word_1_91' title='bbox 561 1611 836 1672; x_wconf 68' lang='lat' dir='ltr'><strong>corrupta:</strong></span> <span class='ocrx_word' id='word_1_92' title='bbox 865 1608 1027 1664; x_wconf 87' lang='lat' dir='ltr'><strong>sunt,</strong></span> <span class='ocrx_word' id='word_1_93' title='bbox 1056 1597 1180 1668; x_wconf 85' lang='lat' dir='ltr'><strong>quia</strong></span> <span class='ocrx_word' id='word_1_94' title='bbox 1223 1592 1454 1665; x_wconf 85' lang='lat' dir='ltr'><strong>improbi</strong></span> <span class='ocrx_word' id='word_1_95' title='bbox 1478 1587 1774 1661; x_wconf 88' lang='lat' dir='ltr'><strong>juventutis</strong></span> <span class='ocrx_word' id='word_1_96' title='bbox 1802 1587 1895 1642; x_wconf 66' lang='lat' dir='ltr'><strong>duo</strong></span> 
     </span>
    </p>
   </div>
   <div class='ocr_carea' id='block_1_15' title="bbox 297 1680 1900 1765">
    <p class='ocr_par' dir='ltr' id='par_1_15' title="bbox 297 1680 1900 1765">
     <span class='ocr_line' id='line_1_15' title="bbox 297 1680 1900 1765; baseline -0.014 -8"><span class='ocrx_word' id='word_1_97' title='bbox 297 1710 502 1757; x_wconf 89' lang='lat' dir='ltr'><strong>ctores.</strong></span> <span class='ocrx_word' id='word_1_98' title='bbox 534 1699 652 1765; x_wconf 88' lang='lat' dir='ltr'><strong>Quo</strong></span> <span class='ocrx_word' id='word_1_99' title='bbox 675 1696 818 1752; x_wconf 90' lang='lat' dir='ltr'><strong>enim</strong></span> <span class='ocrx_word' id='word_1_100' title='bbox 849 1701 1004 1763; x_wconf 90' lang='lat' dir='ltr'><strong>pacto</strong></span> <span class='ocrx_word' id='word_1_101' title='bbox 1030 1687 1233 1760; x_wconf 89' lang='lat' dir='ltr'><strong>poteris</strong></span> <span class='ocrx_word' id='word_1_102' title='bbox 1260 1687 1676 1748; x_wconf 65' lang='lat' dir='ltr'><strong>adolescentem,</strong></span> <span class='ocrx_word' id='word_1_103' title='bbox 1703 1680 1900 1735; x_wconf 80' lang='lat' dir='ltr'><strong>lascive</strong></span> 
     </span>
    </p>
   </div>
   <div class='ocr_carea' id='block_1_16' title="bbox 300 1774 1902 1863">
    <p class='ocr_par' dir='ltr' id='par_1_16' title="bbox 300 1774 1902 1863">
     <span class='ocr_line' id='line_1_16' title="bbox 300 1774 1902 1863; baseline -0.008 -19"><span class='ocrx_word' id='word_1_104' title='bbox 300 1809 370 1849; x_wconf 83' lang='lat' dir='ltr'><strong>ac</strong></span> <span class='ocrx_word' id='word_1_105' title='bbox 395 1802 589 1863; x_wconf 61' lang='lat' dir='ltr'><strong>prater</strong></span> <span class='ocrx_word' id='word_1_106' title='bbox 611 1790 865 1845; x_wconf 84' lang='lat' dir='ltr'><strong>decorum</strong></span> <span class='ocrx_word' id='word_1_107' title='bbox 899 1799 958 1840; x_wconf 83' lang='lat' dir='ltr'><strong>se</strong></span> <span class='ocrx_word' id='word_1_108' title='bbox 994 1788 1290 1854; x_wconf 74' lang='lat' dir='ltr'><strong>gerentem,</strong></span> <span class='ocrx_word' id='word_1_109' title='bbox 1320 1776 1386 1832; x_wconf 89' lang='lat' dir='ltr'><strong>ad</strong></span> <span class='ocrx_word' id='word_1_110' title='bbox 1412 1774 1733 1832; x_wconf 89' lang='lat' dir='ltr'><strong>modestiam</strong></span> <span class='ocrx_word' id='word_1_111' title='bbox 1776 1777 1902 1834; x_wconf 89' lang='lat' dir='ltr'><strong>red-</strong></span> 
     </span>
    </p>
   </div>
   <div class='ocr_carea' id='block_1_17' title="bbox 301 1868 1899 1955">
    <p class='ocr_par' dir='ltr' id='par_1_17' title="bbox 301 1868 1899 1955">
     <span class='ocr_line' id='line_1_17' title="bbox 301 1868 1899 1955; baseline -0.018 -13"><span class='ocrx_word' id='word_1_112' title='bbox 301 1886 486 1955; x_wconf 88' lang='lat' dir='ltr'><strong>igere,</strong></span> <span class='ocrx_word' id='word_1_113' title='bbox 532 1897 653 1938; x_wconf 86' lang='lat' dir='ltr'><strong>cum</strong></span> <span class='ocrx_word' id='word_1_114' title='bbox 695 1880 808 1950; x_wconf 88' lang='lat' dir='ltr'><strong>ipse</strong></span> <span class='ocrx_word' id='word_1_115' title='bbox 845 1878 898 1931; x_wconf 92' lang='lat' dir='ltr'><strong>in</strong></span> <span class='ocrx_word' id='word_1_116' title='bbox 921 1873 1114 1930; x_wconf 86' lang='lat' dir='ltr'><strong>canitie</strong></span> <span class='ocrx_word' id='word_1_117' title='bbox 1142 1880 1250 1928; x_wconf 88' lang='lat' dir='ltr'><strong>tam</strong></span> <span class='ocrx_word' id='word_1_118' title='bbox 1292 1868 1598 1939; x_wconf 77' lang='lat' dir='ltr'><strong>iuveniliter</strong></span> <span class='ocrx_word' id='word_1_119' title='bbox 1627 1873 1677 1920; x_wconf 90' lang='lat' dir='ltr'><strong>te</strong></span> <span class='ocrx_word' id='word_1_120' title='bbox 1703 1876 1899 1935; x_wconf 88' lang='lat' dir='ltr'><strong>geras;</strong></span> 
     </span>
    </p>
   </div>
   <div class='ocr_carea' id='block_1_18' title="bbox 298 1953 1902 2044">
    <p class='ocr_par' dir='ltr' id='par_1_18' title="bbox 298 1953 1902 2044">
     <span class='ocr_line' id='line_1_18' title="bbox 298 1953 1902 2044; baseline -0.017 -12"><span class='ocrx_word' id='word_1_121' title='bbox 298 1953 431 2033; x_wconf 29' lang='lat' dir='ltr'><strong>cium</strong></span> <span class='ocrx_word' id='word_1_122' title='bbox 458 1975 571 2044; x_wconf 88' lang='lat' dir='ltr'><strong>ipse</strong></span> <span class='ocrx_word' id='word_1_123' title='bbox 601 1981 724 2042; x_wconf 89' lang='lat' dir='ltr'><strong>post</strong></span> <span class='ocrx_word' id='word_1_124' title='bbox 768 1978 848 2024; x_wconf 92' lang='lat' dir='ltr'><strong>tot</strong></span> <span class='ocrx_word' id='word_1_125' title='bbox 878 1978 1181 2034; x_wconf 88' lang='lat' dir='ltr'><strong>temporum</strong></span> <span class='ocrx_word' id='word_1_126' title='bbox 1222 1959 1487 2018; x_wconf 89' lang='lat' dir='ltr'><strong>curricula</strong></span> <span class='ocrx_word' id='word_1_127' title='bbox 1533 1955 1781 2012; x_wconf 89' lang='lat' dir='ltr'><strong>satietate</strong></span> <span class='ocrx_word' id='word_1_128' title='bbox 1818 1953 1902 2007; x_wconf 83' lang='lat' dir='ltr'><strong>in-</strong></span> 
     </span>
    </p>
   </div>
   <div class='ocr_carea' id='block_1_19' title="bbox 297 2047 1904 2128">
    <p class='ocr_par' dir='ltr' id='par_1_19' title="bbox 297 2047 1904 2128">
     <span class='ocr_line' id='line_1_19' title="bbox 297 2047 1904 2128; baseline -0.017 -5"><span class='ocrx_word' id='word_1_129' title='bbox 297 2064 608 2122; x_wconf 74' lang='lat' dir='ltr'><strong>snavissimi</strong></span> <span class='ocrx_word' id='word_1_130' title='bbox 650 2061 791 2116; x_wconf 89' lang='lat' dir='ltr'><strong>illius</strong></span> <span class='ocrx_word' id='word_1_131' title='bbox 829 2056 1117 2128; x_wconf 79' lang='lat' dir='ltr'><strong>spectaculi</strong></span> <span class='ocrx_word' id='word_1_132' title='bbox 1164 2053 1401 2108; x_wconf 87' lang='lat' dir='ltr'><strong>nondum</strong></span> <span class='ocrx_word' id='word_1_133' title='bbox 1449 2047 1721 2118; x_wconf 76' lang='lat' dir='ltr'><strong>capiaris?</strong></span> <span class='ocrx_word' id='word_1_134' title='bbox 1767 2059 1904 2115; x_wconf 87' lang='lat' dir='ltr'><strong>quo-</strong></span> 
     </span>
    </p>
   </div>
   <div class='ocr_carea' id='block_1_20' title="bbox 306 2141 1901 2227">
    <p class='ocr_par' dir='ltr' id='par_1_20' title="bbox 306 2141 1901 2227">
     <span class='ocr_line' id='line_1_20' title="bbox 306 2141 1901 2227; baseline -0.015 -12"><span class='ocrx_word' id='word_1_135' title='bbox 306 2159 472 2217; x_wconf 86' lang='lat' dir='ltr'><strong>modo</strong></span> <span class='ocrx_word' id='word_1_136' title='bbox 518 2156 718 2227; x_wconf 88' lang='lat' dir='ltr'><strong>poteris</strong></span> <span class='ocrx_word' id='word_1_137' title='bbox 751 2153 842 2207; x_wconf 85' lang='lat' dir='ltr'><strong>lilii</strong></span> <span class='ocrx_word' id='word_1_138' title='bbox 873 2165 1051 2206; x_wconf 88' lang='lat' dir='ltr'><strong>mores</strong></span> <span class='ocrx_word' id='word_1_139' title='bbox 1079 2161 1426 2217; x_wconf 90' lang='lat' dir='ltr'><strong>componere,</strong></span> <span class='ocrx_word' id='word_1_140' title='bbox 1474 2141 1746 2212; x_wconf 86' lang='lat' dir='ltr'><strong>quomodo</strong></span> <span class='ocrx_word' id='word_1_141' title='bbox 1788 2154 1901 2193; x_wconf 80' lang='lat' dir='ltr'><strong>ser-</strong></span> 
     </span>
    </p>
   </div>
   <div class='ocr_carea' id='block_1_21' title="bbox 305 2227 1910 2318">
    <p class='ocr_par' dir='ltr' id='par_1_21' title="bbox 305 2227 1910 2318">
     <span class='ocr_line' id='line_1_21' title="bbox 305 2227 1910 2318; baseline -0.016 -13"><span class='ocrx_word' id='word_1_142' title='bbox 305 2267 434 2306; x_wconf 66' lang='lat' dir='ltr'><strong>uum</strong></span> <span class='ocrx_word' id='word_1_143' title='bbox 477 2256 786 2318; x_wconf 87' lang='lat' dir='ltr'><strong>peccantem</strong></span> <span class='ocrx_word' id='word_1_144' title='bbox 830 2242 1112 2312; x_wconf 87' lang='lat' dir='ltr'><strong>castigare,</strong></span> <span class='ocrx_word' id='word_1_145' title='bbox 1159 2236 1429 2308; x_wconf 90' lang='lat' dir='ltr'><strong>quomodo</strong></span> <span class='ocrx_word' id='word_1_146' title='bbox 1473 2233 1698 2288; x_wconf 89' lang='lat' dir='ltr'><strong>alterum</strong></span> <span class='ocrx_word' id='word_1_147' title='bbox 1744 2227 1910 2298; x_wconf 79' lang='lat' dir='ltr'><strong>negli-</strong></span> 
     </span>
    </p>
   </div>
   <div class='ocr_carea' id='block_1_22' title="bbox 307 2329 1910 2412">
    <p class='ocr_par' dir='ltr' id='par_1_22' title="bbox 307 2329 1910 2412">
     <span class='ocr_line' id='line_1_22' title="bbox 307 2329 1910 2412; baseline -0.013 -17"><span class='ocrx_word' id='word_1_148' title='bbox 307 2351 525 2412; x_wconf 84' lang='lat' dir='ltr'><strong>gentem</strong></span> <span class='ocrx_word' id='word_1_149' title='bbox 546 2352 811 2402; x_wconf 86' lang='lat' dir='ltr'><strong>monere,</strong></span> <span class='ocrx_word' id='word_1_150' title='bbox 837 2350 958 2390; x_wconf 89' lang='lat' dir='ltr'><strong>cum</strong></span> <span class='ocrx_word' id='word_1_151' title='bbox 991 2333 1105 2402; x_wconf 84' lang='lat' dir='ltr'><strong>ipse</strong></span> <span class='ocrx_word' id='word_1_152' title='bbox 1148 2331 1227 2385; x_wconf 85' lang='lat' dir='ltr'><strong>sic</strong></span> <span class='ocrx_word' id='word_1_153' title='bbox 1267 2330 1319 2383; x_wconf 91' lang='lat' dir='ltr'><strong>in</strong></span> <span class='ocrx_word' id='word_1_154' title='bbox 1351 2335 1590 2381; x_wconf 88' lang='lat' dir='ltr'><strong>extrema</strong></span> <span class='ocrx_word' id='word_1_155' title='bbox 1631 2329 1910 2378; x_wconf 88' lang='lat' dir='ltr'><strong>senectute</strong></span> 
     </span>
    </p>
   </div>
   <div class='ocr_carea' id='block_1_23' title="bbox 303 2412 1908 2502">
    <p class='ocr_par' dir='ltr' id='par_1_23' title="bbox 303 2412 1908 2502">
     <span class='ocr_line' id='line_1_23' title="bbox 303 2412 1908 2502; baseline -0.016 -13"><span class='ocrx_word' id='word_1_156' title='bbox 303 2430 587 2502; x_wconf 76' lang='lat' dir='ltr'><strong>ineptias?</strong></span> <span class='ocrx_word' id='word_1_157' title='bbox 635 2430 702 2484; x_wconf 83' lang='lat' dir='ltr'><strong>Et</strong></span> <span class='ocrx_word' id='word_1_158' title='bbox 726 2428 771 2483; x_wconf 89' lang='lat' dir='ltr'><strong>si</strong></span> <span class='ocrx_word' id='word_1_159' title='bbox 799 2426 1018 2497; x_wconf 85' lang='lat' dir='ltr'><strong>quidem</strong></span> <span class='ocrx_word' id='word_1_160' title='bbox 1049 2439 1077 2475; x_wconf 85' lang='lat' dir='ltr'><strong>a</strong></span> <span class='ocrx_word' id='word_1_161' title='bbox 1101 2423 1299 2493; x_wconf 82' lang='lat' dir='ltr'><strong>juvene</strong></span> <span class='ocrx_word' id='word_1_162' title='bbox 1325 2433 1489 2473; x_wconf 79' lang='lat' dir='ltr'><strong>senex</strong></span> <span class='ocrx_word' id='word_1_163' title='bbox 1530 2412 1908 2470; x_wconf 83' lang='lat' dir='ltr'><strong>contumeliam</strong></span> 
     </span>
    </p>
   </div>
   <div class='ocr_carea' id='block_1_24' title="bbox 310 2502 1913 2596">
    <p class='ocr_par' dir='ltr' id='par_1_24' title="bbox 310 2502 1913 2596">
     <span class='ocr_line' id='line_1_24' title="bbox 310 2502 1913 2596; baseline -0.015 -17"><span class='ocrx_word' id='word_1_164' title='bbox 310 2523 566 2596; x_wconf 83' lang='lat' dir='ltr'><strong>patiatur,</strong></span> <span class='ocrx_word' id='word_1_165' title='bbox 597 2520 743 2576; x_wconf 88' lang='lat' dir='ltr'><strong>illico</strong></span> <span class='ocrx_word' id='word_1_166' title='bbox 770 2524 983 2572; x_wconf 62' lang='lat' dir='ltr'><strong>atatem</strong></span> <span class='ocrx_word' id='word_1_167' title='bbox 1009 2514 1057 2569; x_wconf 91' lang='lat' dir='ltr'><strong>ei</strong></span> <span class='ocrx_word' id='word_1_168' title='bbox 1095 2511 1299 2582; x_wconf 89' lang='lat' dir='ltr'><strong>objicit,</strong></span> <span class='ocrx_word' id='word_1_169' title='bbox 1327 2519 1382 2566; x_wconf 89' lang='lat' dir='ltr'><strong>et</strong></span> <span class='ocrx_word' id='word_1_170' title='bbox 1407 2516 1692 2564; x_wconf 79' lang='lat' dir='ltr'><strong>sexcentos</strong></span> <span class='ocrx_word' id='word_1_171' title='bbox 1714 2502 1913 2573; x_wconf 88' lang='lat' dir='ltr'><strong>reperit</strong></span> 
     </span>
    </p>
   </div>
   <div class='ocr_carea' id='block_1_25' title="bbox 301 2596 1910 2687">
    <p class='ocr_par' dir='ltr' id='par_1_25' title="bbox 301 2596 1910 2687">
     <span class='ocr_line' id='line_1_25' title="bbox 301 2596 1910 2687; baseline -0.014 -17"><span class='ocrx_word' id='word_1_172' title='bbox 301 2616 408 2687; x_wconf 80' lang='lat' dir='ltr'><strong>.qui</strong></span> <span class='ocrx_word' id='word_1_173' title='bbox 434 2627 538 2667; x_wconf 89' lang='lat' dir='ltr'><strong>una</strong></span> <span class='ocrx_word' id='word_1_174' title='bbox 561 2609 964 2666; x_wconf 88' lang='lat' dir='ltr'><strong>stomachentur</strong></span> <span class='ocrx_word' id='word_1_175' title='bbox 989 2626 1004 2659; x_wconf 89' lang='lat'><strong><em>:</em></strong></span> <span class='ocrx_word' id='word_1_176' title='bbox 1035 2614 1090 2660; x_wconf 87' lang='lat' dir='ltr'><strong>at</strong></span> <span class='ocrx_word' id='word_1_177' title='bbox 1115 2603 1330 2675; x_wconf 90' lang='lat' dir='ltr'><strong>quando</strong></span> <span class='ocrx_word' id='word_1_178' title='bbox 1374 2614 1510 2670; x_wconf 91' lang='lat' dir='ltr'><strong>opus</strong></span> <span class='ocrx_word' id='word_1_179' title='bbox 1539 2607 1620 2654; x_wconf 88' lang='lat' dir='ltr'><strong>est</strong></span> <span class='ocrx_word' id='word_1_180' title='bbox 1656 2596 1910 2667; x_wconf 71' lang='lat' dir='ltr'><strong>juvenem</strong></span> 
     </span>
    </p>
   </div>
   <div class='ocr_carea' id='block_1_26' title="bbox 314 2694 1917 2776">
    <p class='ocr_par' dir='ltr' id='par_1_26' title="bbox 314 2694 1917 2776">
     <span class='ocr_line' id='line_1_26' title="bbox 314 2694 1917 2776; baseline -0.013 -13"><span class='ocrx_word' id='word_1_181' title='bbox 314 2707 387 2763; x_wconf 84' lang='lat' dir='ltr'><strong>ad</strong></span> <span class='ocrx_word' id='word_1_182' title='bbox 412 2704 730 2776; x_wconf 82' lang='lat' dir='ltr'><strong>probitatem</strong></span> <span class='ocrx_word' id='word_1_183' title='bbox 758 2701 1047 2765; x_wconf 89' lang='lat' dir='ltr'><strong>reducere,</strong></span> <span class='ocrx_word' id='word_1_184' title='bbox 1076 2711 1241 2768; x_wconf 83' lang='lat' dir='ltr'><strong>seque</strong></span> <span class='ocrx_word' id='word_1_185' title='bbox 1268 2694 1344 2750; x_wconf 91' lang='lat' dir='ltr'><strong>illi</strong></span> <span class='ocrx_word' id='word_1_186' title='bbox 1370 2694 1583 2748; x_wconf 88' lang='lat' dir='ltr'><strong>virtutis</strong></span> <span class='ocrx_word' id='word_1_187' title='bbox 1621 2705 1719 2746; x_wconf 91' lang='lat' dir='ltr'><strong>ceu</strong></span> <span class='ocrx_word' id='word_1_188' title='bbox 1759 2703 1917 2760; x_wconf 85' lang='lat' dir='ltr'><strong>regu-</strong></span> 
     </span>
    </p>
   </div>
   <div class='ocr_carea' id='block_1_27' title="bbox 310 2781 1916 2859">
    <p class='ocr_par' dir='ltr' id='par_1_27' title="bbox 310 2781 1916 2859">
     <span class='ocr_line' id='line_1_27' title="bbox 310 2781 1916 2859; baseline -0.012 -4"><span class='ocrx_word' id='word_1_189' title='bbox 310 2801 426 2855; x_wconf 72' lang='lat' dir='ltr'><strong>lam</strong></span> <span class='ocrx_word' id='word_1_190' title='bbox 464 2795 761 2859; x_wconf 78' lang='lat' dir='ltr'><strong>exhibere,</strong></span> <span class='ocrx_word' id='word_1_191' title='bbox 807 2799 918 2848; x_wconf 90' lang='lat' dir='ltr'><strong>tum</strong></span> <span class='ocrx_word' id='word_1_192' title='bbox 966 2789 1106 2844; x_wconf 88' lang='lat' dir='ltr'><strong>nulla</strong></span> <span class='ocrx_word' id='word_1_193' title='bbox 1147 2786 1320 2844; x_wconf 77' lang='lat' dir='ltr'><strong>anatis</strong></span> <span class='ocrx_word' id='word_1_194' title='bbox 1359 2785 1496 2840; x_wconf 89' lang='lat' dir='ltr'><strong>ratio</strong></span> <span class='ocrx_word' id='word_1_195' title='bbox 1521 2825 1536 2849; x_wconf 93' lang='lat'><strong>,</strong></span> <span class='ocrx_word' id='word_1_196' title='bbox 1577 2781 1671 2838; x_wconf 89' lang='lat' dir='ltr'><strong>sed</strong></span> <span class='ocrx_word' id='word_1_197' title='bbox 1712 2782 1916 2850; x_wconf 80' lang='lat' dir='ltr'><strong>majone</strong></span> 
     </span>
    </p>
   </div>
   <div class='ocr_carea' id='block_1_28' title="bbox 315 2873 1912 2960">
    <p class='ocr_par' dir='ltr' id='par_1_28' title="bbox 315 2873 1912 2960">
     <span class='ocr_line' id='line_1_28' title="bbox 315 2873 1912 2960; baseline -0.013 -17"><span class='ocrx_word' id='word_1_198' title='bbox 315 2904 478 2960; x_wconf 87' lang='lat' dir='ltr'><strong>quam</strong></span> <span class='ocrx_word' id='word_1_199' title='bbox 506 2887 605 2957; x_wconf 87' lang='lat' dir='ltr'><strong>ipsi</strong></span> <span class='ocrx_word' id='word_1_200' title='bbox 633 2884 837 2940; x_wconf 86' lang='lat' dir='ltr'><strong>insania</strong></span> <span class='ocrx_word' id='word_1_201' title='bbox 860 2882 928 2937; x_wconf 90' lang='lat' dir='ltr'><strong>ad</strong></span> <span class='ocrx_word' id='word_1_202' title='bbox 970 2881 1150 2935; x_wconf 90' lang='lat' dir='ltr'><strong>illicita</strong></span> <span class='ocrx_word' id='word_1_203' title='bbox 1193 2878 1282 2933; x_wconf 85' lang='lat' dir='ltr'><strong>ilia</strong></span> <span class='ocrx_word' id='word_1_204' title='bbox 1309 2876 1610 2948; x_wconf 87' lang='lat' dir='ltr'><strong>spectacula</strong></span> <span class='ocrx_word' id='word_1_205' title='bbox 1651 2873 1912 2928; x_wconf 87' lang='lat' dir='ltr'><strong>feruntur.</strong></span> 
     </span>
    </p>
   </div>
   <div class='ocr_carea' id='block_1_29' title="bbox 317 2966 1917 3042">
    <p class='ocr_par' dir='ltr' id='par_1_29' title="bbox 317 2966 1917 3042">
     <span class='ocr_line' id='line_1_29' title="bbox 317 2966 1917 3042; baseline -0.011 -5"><span class='ocrx_word' id='word_1_206' title='bbox 317 2981 451 3037; x_wconf 65' lang='lat' dir='ltr'><strong>Haec</strong></span> <span class='ocrx_word' id='word_1_207' title='bbox 476 2989 654 3034; x_wconf 87' lang='lat' dir='ltr'><strong>autem</strong></span> <span class='ocrx_word' id='word_1_208' title='bbox 679 2976 821 3040; x_wconf 88' lang='lat' dir='ltr'><strong>dico,</strong></span> <span class='ocrx_word' id='word_1_209' title='bbox 850 2987 1120 3042; x_wconf 88' lang='lat' dir='ltr'><strong>senesque</strong></span> <span class='ocrx_word' id='word_1_210' title='bbox 1145 2981 1326 3041; x_wconf 87' lang='lat' dir='ltr'><strong>tango,</strong></span> <span class='ocrx_word' id='word_1_211' title='bbox 1358 2982 1464 3022; x_wconf 90' lang='lat' dir='ltr'><strong>non</strong></span> <span class='ocrx_word' id='word_1_212' title='bbox 1497 2966 1642 3037; x_wconf 92' lang='lat' dir='ltr'><strong>quod</strong></span> <span class='ocrx_word' id='word_1_213' title='bbox 1676 2966 1917 3034; x_wconf 88' lang='lat' dir='ltr'><strong>juniores</strong></span> 
     </span>
    </p>
   </div>
   <div class='ocr_carea' id='block_1_30' title="bbox 317 3056 1918 3126">
    <p class='ocr_par' dir='ltr' id='par_1_30' title="bbox 317 3056 1918 3126">
     <span class='ocr_line' id='line_1_30' title="bbox 317 3056 1918 3126; baseline -0.011 0"><span class='ocrx_word' id='word_1_214' title='bbox 317 3088 353 3126; x_wconf 87' lang='lat' dir='ltr'><strong>a</strong></span> <span class='ocrx_word' id='word_1_215' title='bbox 392 3083 530 3126; x_wconf 80' lang='lat' dir='ltr'><strong>noxa</strong></span> <span class='ocrx_word' id='word_1_216' title='bbox 569 3066 844 3121; x_wconf 81' lang='lat' dir='ltr'><strong>absolvam</strong></span> <span class='ocrx_word' id='word_1_217' title='bbox 885 3073 938 3120; x_wconf 87' lang='lat' dir='ltr'><strong>et</strong></span> <span class='ocrx_word' id='word_1_218' title='bbox 973 3063 1204 3118; x_wconf 85' lang='lat' dir='ltr'><strong>crimine</strong></span> <span class='ocrx_word' id='word_1_219' title='bbox 1229 3100 1244 3121; x_wconf 95' lang='lat'><strong>.</strong></span> <span class='ocrx_word' id='word_1_220' title='bbox 1287 3059 1383 3115; x_wconf 88' lang='lat' dir='ltr'><strong>sed</strong></span> <span class='ocrx_word' id='word_1_221' title='bbox 1427 3069 1483 3113; x_wconf 92' lang='lat' dir='ltr'><strong>ut</strong></span> <span class='ocrx_word' id='word_1_222' title='bbox 1523 3057 1623 3112; x_wconf 89' lang='lat' dir='ltr'><strong>hos</strong></span> <span class='ocrx_word' id='word_1_223' title='bbox 1665 3071 1760 3126; x_wconf 89' lang='lat' dir='ltr'><strong>per</strong></span> <span class='ocrx_word' id='word_1_224' title='bbox 1799 3056 1918 3109; x_wconf 93' lang='lat' dir='ltr'><strong>illos</strong></span> 
     </span>
    </p>
   </div>
   <div class='ocr_carea' id='block_1_31' title="bbox 319 3147 1917 3217">
    <p class='ocr_par' dir='ltr' id='par_1_31' title="bbox 319 3147 1917 3217">
     <span class='ocr_line' id='line_1_31' title="bbox 319 3147 1917 3217; baseline -0.011 0"><span class='ocrx_word' id='word_1_225' title='bbox 319 3159 682 3217; x_wconf 77' lang='lat' dir='ltr'><strong>commonitos</strong></span> <span class='ocrx_word' id='word_1_226' title='bbox 723 3155 967 3210; x_wconf 73' lang='lat' dir='ltr'><strong>Italicam.</strong></span> <span class='ocrx_word' id='word_1_227' title='bbox 1008 3152 1141 3208; x_wconf 80' lang='lat' dir='ltr'><strong>Nam</strong></span> <span class='ocrx_word' id='word_1_228' title='bbox 1183 3151 1229 3207; x_wconf 89' lang='lat' dir='ltr'><strong>si</strong></span> <span class='ocrx_word' id='word_1_229' title='bbox 1269 3165 1426 3205; x_wconf 88' lang='lat' dir='ltr'><strong>senes</strong></span> <span class='ocrx_word' id='word_1_230' title='bbox 1467 3149 1566 3203; x_wconf 90' lang='lat' dir='ltr'><strong>hoc</strong></span> <span class='ocrx_word' id='word_1_231' title='bbox 1607 3147 1786 3202; x_wconf 88' lang='lat' dir='ltr'><strong>facere</strong></span> <span class='ocrx_word' id='word_1_232' title='bbox 1811 3159 1917 3201; x_wconf 88' lang='lat' dir='ltr'><strong>non</strong></span> 
     </span>
    </p>
   </div>
   <div class='ocr_carea' id='block_1_32' title="bbox 309 3237 1918 3316">
    <p class='ocr_par' dir='ltr' id='par_1_32' title="bbox 309 3237 1918 3316">
     <span class='ocr_line' id='line_1_32' title="bbox 309 3237 1918 3316; baseline -0.011 -8"><span class='ocrx_word' id='word_1_233' title='bbox 309 3252 542 3316; x_wconf 72' lang='lat' dir='ltr'><strong>debent,</strong></span> <span class='ocrx_word' id='word_1_234' title='bbox 571 3248 740 3302; x_wconf 91' lang='lat' dir='ltr'><strong>multo</strong></span> <span class='ocrx_word' id='word_1_235' title='bbox 774 3247 943 3316; x_wconf 81' lang='lat' dir='ltr'><strong>magis</strong></span> <span class='ocrx_word' id='word_1_236' title='bbox 984 3260 1052 3298; x_wconf 93' lang='lat' dir='ltr'><strong>ne</strong></span> <span class='ocrx_word' id='word_1_237' title='bbox 1085 3244 1314 3314; x_wconf 82' lang='lat' dir='ltr'><strong>juvenes</strong></span> <span class='ocrx_word' id='word_1_238' title='bbox 1353 3241 1592 3312; x_wconf 85' lang='lat' dir='ltr'><strong>quidem.</strong></span> <span class='ocrx_word' id='word_1_239' title='bbox 1623 3239 1736 3295; x_wconf 86' lang='lat' dir='ltr'><strong>Illic</strong></span> <span class='ocrx_word' id='word_1_240' title='bbox 1775 3237 1918 3292; x_wconf 90' lang='lat' dir='ltr'><strong>enim</strong></span> 
     </span>
    </p>
   </div>
   <div class='ocr_carea' id='block_1_33' title="bbox 320 3329 1922 3412">
    <p class='ocr_par' dir='ltr' id='par_1_33' title="bbox 320 3329 1922 3412">
     <span class='ocr_line' id='line_1_33' title="bbox 320 3329 1922 3412; baseline -0.009 -14"><span class='ocrx_word' id='word_1_241' title='bbox 320 3341 497 3412; x_wconf 81' lang='lat' dir='ltr'><strong>major</strong></span> <span class='ocrx_word' id='word_1_242' title='bbox 523 3340 724 3395; x_wconf 86' lang='lat' dir='ltr'><strong>derisio</strong></span> <span class='ocrx_word' id='word_1_243' title='bbox 749 3352 813 3392; x_wconf 91' lang='lat' dir='ltr'><strong>ac</strong></span> <span class='ocrx_word' id='word_1_244' title='bbox 851 3333 1124 3405; x_wconf 87' lang='lat' dir='ltr'><strong>turpitudo</strong></span> <span class='ocrx_word' id='word_1_245' title='bbox 1149 3351 1164 3400; x_wconf 90' lang='lat'><strong>;</strong></span> <span class='ocrx_word' id='word_1_246' title='bbox 1207 3335 1293 3387; x_wconf 92' lang='lat' dir='ltr'><strong>hic</strong></span> <span class='ocrx_word' id='word_1_247' title='bbox 1327 3342 1504 3386; x_wconf 91' lang='lat' dir='ltr'><strong>autem</strong></span> <span class='ocrx_word' id='word_1_248' title='bbox 1535 3340 1684 3384; x_wconf 88' lang='lat' dir='ltr'><strong>tanto</strong></span> <span class='ocrx_word' id='word_1_249' title='bbox 1708 3329 1922 3400; x_wconf 85' lang='lat' dir='ltr'><strong>gravior</strong></span> 
     </span>
    </p>
   </div>
   <div class='ocr_carea' id='block_1_34' title="bbox 317 3426 1922 3506">
    <p class='ocr_par' dir='ltr' id='par_1_34' title="bbox 317 3426 1922 3506">
     <span class='ocr_line' id='line_1_34' title="bbox 317 3426 1922 3506; baseline -0.007 -18"><span class='ocrx_word' id='word_1_250' title='bbox 317 3433 616 3506; x_wconf 75' lang='lat' dir='ltr'><strong>pernicies,</strong></span> <span class='ocrx_word' id='word_1_251' title='bbox 642 3429 1062 3501; x_wconf 79' lang='lat' dir='ltr'><strong>profundiusqtte</strong></span> <span class='ocrx_word' id='word_1_252' title='bbox 1080 3426 1466 3496; x_wconf 72' lang='lat' dir='ltr'><strong>‘prmcipitiutn,</strong></span> <span class='ocrx_word' id='word_1_253' title='bbox 1496 3434 1697 3494; x_wconf 89' lang='lat' dir='ltr'><strong>quanto</strong></span> <span class='ocrx_word' id='word_1_254' title='bbox 1726 3437 1922 3478; x_wconf 82' lang='lat' dir='ltr'><strong>concu-</strong></span> 
     </span>
    </p>
   </div>
   <div class='ocr_carea' id='block_1_35' title="bbox 323 3514 1920 3597">
    <p class='ocr_par' dir='ltr' id='par_1_35' title="bbox 323 3514 1920 3597">
     <span class='ocr_line' id='line_1_35' title="bbox 323 3514 1920 3597; baseline -0.01 -15"><span class='ocrx_word' id='word_1_255' title='bbox 323 3524 602 3597; x_wconf 59' lang='lat' dir='ltr'><strong>piscentia:</strong></span> <span class='ocrx_word' id='word_1_256' title='bbox 634 3523 805 3590; x_wconf 84' lang='lat' dir='ltr'><strong>major</strong></span> <span class='ocrx_word' id='word_1_257' title='bbox 831 3521 912 3574; x_wconf 86' lang='lat' dir='ltr'><strong>vis</strong></span> <span class='ocrx_word' id='word_1_258' title='bbox 937 3521 990 3574; x_wconf 89' lang='lat' dir='ltr'><strong>itt</strong></span> <span class='ocrx_word' id='word_1_259' title='bbox 1025 3517 1342 3589; x_wconf 84' lang='lat' dir='ltr'><strong>juvenibus,</strong></span> <span class='ocrx_word' id='word_1_260' title='bbox 1375 3524 1683 3588; x_wconf 90' lang='lat' dir='ltr'><strong>quantoque</strong></span> <span class='ocrx_word' id='word_1_261' title='bbox 1710 3514 1920 3569; x_wconf 88' lang='lat' dir='ltr'><strong>llamma</strong></span> 
     </span>
    </p>
   </div>
   <div class='ocr_carea' id='block_1_36' title="bbox 325 3607 1923 3680">
    <p class='ocr_par' dir='ltr' id='par_1_36' title="bbox 325 3607 1923 3680">
     <span class='ocr_line' id='line_1_36' title="bbox 325 3607 1923 3680; baseline -0.007 -9"><span class='ocrx_word' id='word_1_262' title='bbox 325 3621 470 3673; x_wconf 86' lang='lat' dir='ltr'><strong>inest</strong></span> <span class='ocrx_word' id='word_1_263' title='bbox 496 3614 887 3679; x_wconf 86' lang='lat' dir='ltr'><strong>vehementior,</strong></span> <span class='ocrx_word' id='word_1_264' title='bbox 915 3627 1036 3680; x_wconf 82' lang='lat' dir='ltr'><strong>qua:</strong></span> <span class='ocrx_word' id='word_1_265' title='bbox 1080 3609 1316 3666; x_wconf 87' lang='lat' dir='ltr'><strong>incendit</strong></span> <span class='ocrx_word' id='word_1_266' title='bbox 1337 3608 1543 3674; x_wconf 86' lang='lat' dir='ltr'><strong>omnia,</strong></span> <span class='ocrx_word' id='word_1_267' title='bbox 1573 3608 1618 3662; x_wconf 88' lang='lat' dir='ltr'><strong>si</strong></span> <span class='ocrx_word' id='word_1_268' title='bbox 1651 3607 1732 3662; x_wconf 88' lang='lat' dir='ltr'><strong>vel</strong></span> <span class='ocrx_word' id='word_1_269' title='bbox 1765 3607 1923 3660; x_wconf 88' lang='lat' dir='ltr'><strong>mitti-</strong></span> 
     </span>
    </p>
   </div>
   <div class='ocr_carea' id='block_1_37' title="bbox 315 3698 1920 3764">
    <p class='ocr_par' dir='ltr' id='par_1_37' title="bbox 315 3698 1920 3764">
     <span class='ocr_line' id='line_1_37' title="bbox 315 3698 1920 3764; baseline -0.009 -1"><span class='ocrx_word' id='word_1_270' title='bbox 315 3725 475 3764; x_wconf 72' lang='lat' dir='ltr'><strong>anam</strong></span> <span class='ocrx_word' id='word_1_271' title='bbox 504 3708 571 3762; x_wconf 89' lang='lat' dir='ltr'><strong>sit</strong></span> <span class='ocrx_word' id='word_1_272' title='bbox 604 3714 756 3762; x_wconf 86' lang='lat' dir='ltr'><strong>nacta</strong></span> <span class='ocrx_word' id='word_1_273' title='bbox 784 3703 1045 3760; x_wconf 77' lang='lat' dir='ltr'><strong>fomitem.</strong></span> <span class='ocrx_word' id='word_1_274' title='bbox 1090 3702 1389 3758; x_wconf 86' lang='lat' dir='ltr'><strong>Proclivior</strong></span> <span class='ocrx_word' id='word_1_275' title='bbox 1423 3701 1571 3756; x_wconf 85' lang='lat' dir='ltr'><strong>enim</strong></span> <span class='ocrx_word' id='word_1_276' title='bbox 1613 3698 1680 3754; x_wconf 83' lang='lat' dir='ltr'><strong>ad</strong></span> <span class='ocrx_word' id='word_1_277' title='bbox 1719 3713 1920 3753; x_wconf 87' lang='lat' dir='ltr'><strong>concu-</strong></span> 
     </span>
    </p>
   </div>
   <div class='ocr_carea' id='block_1_38' title="bbox 312 3792 1918 3875">
    <p class='ocr_par' dir='ltr' id='par_1_38' title="bbox 312 3792 1918 3875">
     <span class='ocr_line' id='line_1_38' title="bbox 312 3792 1918 3875; baseline -0.007 -20"><span class='ocrx_word' id='word_1_278' title='bbox 312 3801 617 3875; x_wconf 72' lang='lat' dir='ltr'><strong>piscentias</strong></span> <span class='ocrx_word' id='word_1_279' title='bbox 643 3809 726 3855; x_wconf 92' lang='lat' dir='ltr'><strong>est</strong></span> <span class='ocrx_word' id='word_1_280' title='bbox 756 3799 1032 3869; x_wconf 85' lang='lat' dir='ltr'><strong>juventus.</strong></span> <span class='ocrx_word' id='word_1_281' title='bbox 1055 3797 1240 3866; x_wconf 85' lang='lat' dir='ltr'><strong>eisque</strong></span> <span class='ocrx_word' id='word_1_282' title='bbox 1262 3796 1418 3866; x_wconf 87' lang='lat' dir='ltr'><strong>longe</strong></span> <span class='ocrx_word' id='word_1_283' title='bbox 1447 3793 1657 3848; x_wconf 79' lang='lat' dir='ltr'><strong>facilius</strong></span> <span class='ocrx_word' id='word_1_284' title='bbox 1678 3792 1918 3860; x_wconf 86' lang='lat' dir='ltr'><strong>capitur;</strong></span> 
     </span>
    </p>
   </div>
   <div class='ocr_carea' id='block_1_39' title="bbox 323 3884 1922 3964">
    <p class='ocr_par' dir='ltr' id='par_1_39' title="bbox 323 3884 1922 3964">
     <span class='ocr_line' id='line_1_39' title="bbox 323 3884 1922 3964; baseline -0.009 -13"><span class='ocrx_word' id='word_1_285' title='bbox 323 3895 450 3951; x_wconf 83' lang='lat' dir='ltr'><strong>ideo</strong></span> <span class='ocrx_word' id='word_1_286' title='bbox 474 3894 677 3963; x_wconf 86' lang='lat' dir='ltr'><strong>majore</strong></span> <span class='ocrx_word' id='word_1_287' title='bbox 705 3906 839 3964; x_wconf 87' lang='lat' dir='ltr'><strong>epus</strong></span> <span class='ocrx_word' id='word_1_288' title='bbox 885 3890 1042 3946; x_wconf 82' lang='lat' dir='ltr'><strong>habet</strong></span> <span class='ocrx_word' id='word_1_289' title='bbox 1082 3889 1344 3954; x_wconf 88' lang='lat' dir='ltr'><strong>custodia,</strong></span> <span class='ocrx_word' id='word_1_290' title='bbox 1388 3888 1597 3942; x_wconf 85' lang='lat' dir='ltr'><strong>acriore</strong></span> <span class='ocrx_word' id='word_1_291' title='bbox 1633 3884 1806 3948; x_wconf 81' lang='lat' dir='ltr'><strong>freno,</strong></span> <span class='ocrx_word' id='word_1_292' title='bbox 1837 3894 1922 3937; x_wconf 80' lang='lat' dir='ltr'><strong>tu-</strong></span> 
     </span>
    </p>
   </div>
   <div class='ocr_carea' id='block_1_40' title="bbox 325 3981 1302 4053">
    <p class='ocr_par' dir='ltr' id='par_1_40' title="bbox 325 3981 1302 4053">
     <span class='ocr_line' id='line_1_40' title="bbox 325 3981 1302 4053; baseline -0.005 -12"><span class='ocrx_word' id='word_1_293' title='bbox 325 3986 466 4041; x_wconf 67' lang='lat' dir='ltr'><strong>tiore</strong></span> <span class='ocrx_word' id='word_1_294' title='bbox 492 3983 788 4039; x_wconf 88' lang='lat' dir='ltr'><strong>munitione</strong></span> <span class='ocrx_word' id='word_1_295' title='bbox 815 3992 974 4053; x_wconf 86' lang='lat' dir='ltr'><strong>atque</strong></span> <span class='ocrx_word' id='word_1_296' title='bbox 1003 3981 1302 4037; x_wconf 83' lang='lat' dir='ltr'><strong>obstaculo.</strong></span> 
     </span>
    </p>
   </div>
   <div class='ocr_carea' id='block_1_41' title="bbox 397 4073 1924 4145">
    <p class='ocr_par' dir='ltr' id='par_1_41' title="bbox 397 4073 1924 4145">
     <span class='ocr_line' id='line_1_41' title="bbox 397 4073 1924 4145; baseline -0.007 -12"><span class='ocrx_word' id='word_1_297' title='bbox 397 4079 452 4133; x_wconf 71' lang='lat'><strong>2.</strong></span> <span class='ocrx_word' id='word_1_298' title='bbox 499 4077 864 4132; x_wconf 78' lang='lat' dir='ltr'><strong>Detrimentum</strong></span> <span class='ocrx_word' id='word_1_299' title='bbox 907 4075 1044 4142; x_wconf 81' lang='lat' dir='ltr'><strong>quod</strong></span> <span class='ocrx_word' id='word_1_300' title='bbox 1087 4091 1116 4128; x_wconf 83' lang='lat' dir='ltr'><strong>e</strong></span> <span class='ocrx_word' id='word_1_301' title='bbox 1157 4073 1457 4145; x_wconf 69' lang='lat' dir='ltr'><strong>spectaculis</strong></span> <span class='ocrx_word' id='word_1_302' title='bbox 1502 4073 1662 4127; x_wconf 87' lang='lat' dir='ltr'><strong>oritur</strong></span> <span class='ocrx_word' id='word_1_303' title='bbox 1709 4073 1924 4124; x_wconf 81' lang='lat' dir='ltr'><strong>multum</strong></span> 
     </span>
    </p>
   </div>
   <div class='ocr_carea' id='block_1_42' title="bbox 323 4167 1924 4242">
    <p class='ocr_par' dir='ltr' id='par_1_42' title="bbox 323 4167 1924 4242">
     <span class='ocr_line' id='line_1_42' title="bbox 323 4167 1924 4242; baseline -0.006 -14"><span class='ocrx_word' id='word_1_304' title='bbox 323 4172 518 4228; x_wconf 69' lang='lat' dir='ltr'><strong>excedit</strong></span> <span class='ocrx_word' id='word_1_305' title='bbox 560 4173 870 4242; x_wconf 74' lang='lat' dir='ltr'><strong>voluptatem</strong></span> <span class='ocrx_word' id='word_1_306' title='bbox 923 4169 1042 4223; x_wconf 86' lang='lat' dir='ltr'><strong>inde</strong></span> <span class='ocrx_word' id='word_1_307' title='bbox 1081 4178 1359 4240; x_wconf 78' lang='lat' dir='ltr'><strong>acceptant.</strong></span> <span class='ocrx_word' id='word_1_308' title='bbox 1410 4167 1577 4234; x_wconf 79' lang='lat' dir='ltr'><strong>Quam</strong></span> <span class='ocrx_word' id='word_1_309' title='bbox 1622 4168 1816 4220; x_wconf 74' lang='lat' dir='ltr'><strong>diversa</strong></span> <span class='ocrx_word' id='word_1_310' title='bbox 1861 4167 1924 4218; x_wconf 81' lang='lat' dir='ltr'><strong>sit</strong></span> 
     </span>
    </p>
   </div>
   <div class='ocr_carea' id='block_1_43' title="bbox 317 4258 1925 4330">
    <p class='ocr_par' dir='ltr' id='par_1_43' title="bbox 317 4258 1925 4330">
     <span class='ocr_line' id='line_1_43' title="bbox 317 4258 1925 4330; baseline -0.006 -10"><span class='ocrx_word' id='word_1_311' title='bbox 317 4264 532 4320; x_wconf 64' lang='lat' dir='ltr'><strong>air-tutis</strong></span> <span class='ocrx_word' id='word_1_312' title='bbox 561 4272 607 4318; x_wconf 78' lang='lat' dir='ltr'><strong>et</strong></span> <span class='ocrx_word' id='word_1_313' title='bbox 631 4263 738 4316; x_wconf 78' lang='lat' dir='ltr'><strong>vitii</strong></span> <span class='ocrx_word' id='word_1_314' title='bbox 759 4262 1010 4330; x_wconf 80' lang='lat' dir='ltr'><strong>voluptas.</strong></span> <span class='ocrx_word' id='word_1_315' title='bbox 1032 4290 1102 4300; x_wconf 93' lang='lat'><strong>—</strong></span> <span class='ocrx_word' id='word_1_316' title='bbox 1129 4259 1237 4315; x_wconf 78' lang='lat' dir='ltr'><strong>Nec</strong></span> <span class='ocrx_word' id='word_1_317' title='bbox 1269 4259 1396 4314; x_wconf 89' lang='lat' dir='ltr'><strong>mihi</strong></span> <span class='ocrx_word' id='word_1_318' title='bbox 1440 4258 1566 4313; x_wconf 87' lang='lat' dir='ltr'><strong>illud</strong></span> <span class='ocrx_word' id='word_1_319' title='bbox 1605 4258 1848 4326; x_wconf 86' lang='lat' dir='ltr'><strong>objicias,</strong></span> <span class='ocrx_word' id='word_1_320' title='bbox 1891 4271 1925 4310; x_wconf 91' lang='lat' dir='ltr'><strong>o</strong></span> 
     </span>
    </p>
   </div>
   <div class='ocr_carea' id='block_1_44' title="bbox 327 4348 1925 4428">
    <p class='ocr_par' dir='ltr' id='par_1_44' title="bbox 327 4348 1925 4428">
     <span class='ocr_line' id='line_1_44' title="bbox 327 4348 1925 4428; baseline -0.006 -16"><span class='ocrx_word' id='word_1_321' title='bbox 327 4359 490 4422; x_wconf 82' lang='lat' dir='ltr'><strong>bone,</strong></span> <span class='ocrx_word' id='word_1_322' title='bbox 527 4353 667 4428; x_wconf 89' lang='lat' dir='ltr'><strong>quod</strong></span> <span class='ocrx_word' id='word_1_323' title='bbox 694 4355 1019 4423; x_wconf 90' lang='lat' dir='ltr'><strong>voluptatem</strong></span> <span class='ocrx_word' id='word_1_324' title='bbox 1051 4353 1241 4408; x_wconf 81' lang='lat' dir='ltr'><strong>habeat</strong></span> <span class='ocrx_word' id='word_1_325' title='bbox 1269 4352 1368 4406; x_wconf 87' lang='lat' dir='ltr'><strong>hoc</strong></span> <span class='ocrx_word' id='word_1_326' title='bbox 1398 4352 1759 4420; x_wconf 88' lang='lat' dir='ltr'><strong>spectaculum</strong></span> <span class='ocrx_word' id='word_1_327' title='bbox 1786 4364 1800 4414; x_wconf 86' lang='lat'><strong>;</strong></span> <span class='ocrx_word' id='word_1_328' title='bbox 1831 4348 1925 4404; x_wconf 92' lang='lat' dir='ltr'><strong>sed</strong></span> 
     </span>
    </p>
   </div>
   <div class='ocr_carea' id='block_1_45' title="bbox 331 4441 1925 4515">
    <p class='ocr_par' dir='ltr' id='par_1_45' title="bbox 331 4441 1925 4515">
     <span class='ocr_line' id='line_1_45' title="bbox 331 4441 1925 4515; baseline -0.004 -15"><span class='ocrx_word' id='word_1_329' title='bbox 331 4447 436 4502; x_wconf 86' lang='lat' dir='ltr'><strong>hoc</strong></span> <span class='ocrx_word' id='word_1_330' title='bbox 477 4448 649 4515; x_wconf 87' lang='lat' dir='ltr'><strong>potius</strong></span> <span class='ocrx_word' id='word_1_331' title='bbox 683 4445 839 4510; x_wconf 86' lang='lat' dir='ltr'><strong>doce,</strong></span> <span class='ocrx_word' id='word_1_332' title='bbox 880 4460 947 4498; x_wconf 91' lang='lat' dir='ltr'><strong>an</strong></span> <span class='ocrx_word' id='word_1_333' title='bbox 984 4443 1188 4498; x_wconf 90' lang='lat' dir='ltr'><strong>nullum</strong></span> <span class='ocrx_word' id='word_1_334' title='bbox 1233 4442 1346 4496; x_wconf 60' lang='lat' dir='ltr'><strong>haec</strong></span> <span class='ocrx_word' id='word_1_335' title='bbox 1384 4443 1628 4510; x_wconf 84' lang='lat' dir='ltr'><strong>voluptas</strong></span> <span class='ocrx_word' id='word_1_336' title='bbox 1671 4441 1925 4494; x_wconf 88' lang='lat' dir='ltr'><strong>damnum</strong></span> 
     </span>
    </p>
   </div>
   <div class='ocr_carea' id='block_1_46' title="bbox 325 4533 1928 4605">
    <p class='ocr_par' dir='ltr' id='par_1_46' title="bbox 325 4533 1928 4605">
     <span class='ocr_line' id='line_1_46' title="bbox 325 4533 1928 4605; baseline -0.002 -14"><span class='ocrx_word' id='word_1_337' title='bbox 325 4538 536 4592; x_wconf 81' lang='lat' dir='ltr'><strong>afferat.</strong></span> <span class='ocrx_word' id='word_1_338' title='bbox 585 4536 736 4605; x_wconf 86' lang='lat' dir='ltr'><strong>Quod</strong></span> <span class='ocrx_word' id='word_1_339' title='bbox 777 4535 919 4592; x_wconf 89' lang='lat' dir='ltr'><strong>enim</strong></span> <span class='ocrx_word' id='word_1_340' title='bbox 963 4551 1028 4590; x_wconf 91' lang='lat' dir='ltr'><strong>uc</strong></span> <span class='ocrx_word' id='word_1_341' title='bbox 1074 4550 1196 4589; x_wconf 91' lang='lat' dir='ltr'><strong>cum</strong></span> <span class='ocrx_word' id='word_1_342' title='bbox 1237 4533 1507 4602; x_wconf 88' lang='lat' dir='ltr'><strong>voluptate</strong></span> <span class='ocrx_word' id='word_1_343' title='bbox 1549 4533 1763 4601; x_wconf 82' lang='lat' dir='ltr'><strong>quidem</strong></span> <span class='ocrx_word' id='word_1_344' title='bbox 1815 4534 1928 4587; x_wconf 71' lang='lat' dir='ltr'><strong>lucc</strong></span> 
     </span>
    </p>
   </div>
   <div class='ocr_carea' id='block_1_47' title="bbox 327 4625 1923 4695">
    <p class='ocr_par' dir='ltr' id='par_1_47' title="bbox 327 4625 1923 4695">
     <span class='ocr_line' id='line_1_47' title="bbox 327 4625 1923 4695; baseline -0.004 -14"><span class='ocrx_word' id='word_1_345' title='bbox 327 4641 420 4682; x_wconf 85' lang='lat' dir='ltr'><strong>res</strong></span> <span class='ocrx_word' id='word_1_346' title='bbox 459 4629 737 4695; x_wconf 86' lang='lat' dir='ltr'><strong>conjuncta</strong></span> <span class='ocrx_word' id='word_1_347' title='bbox 767 4627 855 4687; x_wconf 84' lang='lat' dir='ltr'><strong>sit,</strong></span> <span class='ocrx_word' id='word_1_348' title='bbox 902 4625 1026 4678; x_wconf 88' lang='lat' dir='ltr'><strong>hinc</strong></span> <span class='ocrx_word' id='word_1_349' title='bbox 1053 4625 1144 4678; x_wconf 87' lang='lat' dir='ltr'><strong>tibi</strong></span> <span class='ocrx_word' id='word_1_350' title='bbox 1187 4625 1524 4693; x_wconf 89' lang='lat' dir='ltr'><strong>perspicuum</strong></span> <span class='ocrx_word' id='word_1_351' title='bbox 1565 4639 1685 4678; x_wconf 81' lang='lat' dir='ltr'><strong>esse</strong></span> <span class='ocrx_word' id='word_1_352' title='bbox 1727 4632 1923 4690; x_wconf 89' lang='lat' dir='ltr'><strong>potest.</strong></span> 
     </span>
    </p>
   </div>
   <div class='ocr_carea' id='block_1_48' title="bbox 317 4716 1926 4785">
    <p class='ocr_par' dir='ltr' id='par_1_48' title="bbox 317 4716 1926 4785">
     <span class='ocr_line' id='line_1_48' title="bbox 317 4716 1926 4785; baseline -0.004 -10"><span class='ocrx_word' id='word_1_353' title='bbox 317 4721 465 4776; x_wconf 67' lang='lat' dir='ltr'><strong>Cum</strong></span> <span class='ocrx_word' id='word_1_354' title='bbox 495 4735 523 4773; x_wconf 88' lang='lat' dir='ltr'><strong>a</strong></span> <span class='ocrx_word' id='word_1_355' title='bbox 551 4720 880 4775; x_wconf 83' lang='lat' dir='ltr'><strong>circensibus</strong></span> <span class='ocrx_word' id='word_1_356' title='bbox 921 4718 1205 4773; x_wconf 87' lang='lat' dir='ltr'><strong>reverteris</strong></span> <span class='ocrx_word' id='word_1_357' title='bbox 1225 4759 1239 4782; x_wconf 87' lang='lat'><strong>,</strong></span> <span class='ocrx_word' id='word_1_358' title='bbox 1267 4732 1488 4772; x_wconf 89' lang='lat' dir='ltr'><strong>occurre</strong></span> <span class='ocrx_word' id='word_1_359' title='bbox 1519 4718 1595 4771; x_wconf 88' lang='lat' dir='ltr'><strong>eis</strong></span> <span class='ocrx_word' id='word_1_360' title='bbox 1625 4717 1712 4785; x_wconf 89' lang='lat' dir='ltr'><strong>qui</strong></span> <span class='ocrx_word' id='word_1_361' title='bbox 1741 4716 1806 4769; x_wconf 88' lang='lat' dir='ltr'><strong>ab</strong></span> <span class='ocrx_word' id='word_1_362' title='bbox 1833 4731 1926 4770; x_wconf 91' lang='lat' dir='ltr'><strong>cc-</strong></span> 
     </span>
    </p>
   </div>
   <div class='ocr_carea' id='block_1_49' title="bbox 319 4807 1925 4877">
    <p class='ocr_par' dir='ltr' id='par_1_49' title="bbox 319 4807 1925 4877">
     <span class='ocr_line' id='line_1_49' title="bbox 319 4807 1925 4877; baseline -0.004 -12"><span class='ocrx_word' id='word_1_363' title='bbox 319 4813 493 4868; x_wconf 60' lang='lat' dir='ltr'><strong>rﬁlesia</strong></span> <span class='ocrx_word' id='word_1_364' title='bbox 522 4811 764 4874; x_wconf 84' lang='lat' dir='ltr'><strong>redeunt,</strong></span> <span class='ocrx_word' id='word_1_365' title='bbox 801 4820 853 4863; x_wconf 85' lang='lat' dir='ltr'><strong>et</strong></span> <span class='ocrx_word' id='word_1_366' title='bbox 891 4811 1168 4864; x_wconf 73' lang='lat' dir='ltr'><strong>considera</strong></span> <span class='ocrx_word' id='word_1_367' title='bbox 1212 4809 1528 4877; x_wconf 78' lang='lat' dir='ltr'><strong>diligenter,</strong></span> <span class='ocrx_word' id='word_1_368' title='bbox 1565 4820 1683 4862; x_wconf 84' lang='lat' dir='ltr'><strong>uter</strong></span> <span class='ocrx_word' id='word_1_369' title='bbox 1712 4807 1925 4860; x_wconf 83' lang='lat' dir='ltr'><strong>tandem</strong></span> 
     </span>
    </p>
   </div>
   <div class='ocr_carea' id='block_1_50' title="bbox 326 4899 1927 4973">
    <p class='ocr_par' dir='ltr' id='par_1_50' title="bbox 326 4899 1927 4973">
     <span class='ocr_line' id='line_1_50' title="bbox 326 4899 1927 4973; baseline -0.004 -15"><span class='ocrx_word' id='word_1_370' title='bbox 326 4903 534 4973; x_wconf 81' lang='lat' dir='ltr'><strong>majore</strong></span> <span class='ocrx_word' id='word_1_371' title='bbox 571 4903 840 4970; x_wconf 86' lang='lat' dir='ltr'><strong>voluptate</strong></span> <span class='ocrx_word' id='word_1_372' title='bbox 884 4901 1222 4970; x_wconf 84' lang='lat' dir='ltr'><strong>perfruatur:</strong></span> <span class='ocrx_word' id='word_1_373' title='bbox 1254 4903 1370 4954; x_wconf 42' lang='lat' dir='ltr'><strong>isne</strong></span> <span class='ocrx_word' id='word_1_374' title='bbox 1395 4901 1484 4970; x_wconf 85' lang='lat' dir='ltr'><strong>qui</strong></span> <span class='ocrx_word' id='word_1_375' title='bbox 1529 4899 1800 4970; x_wconf 80' lang='lat' dir='ltr'><strong>prophetis</strong></span> <span class='ocrx_word' id='word_1_376' title='bbox 1833 4916 1927 4952; x_wconf 89' lang='lat' dir='ltr'><strong>att-</strong></span> 
     </span>
    </p>
   </div>
   <div class='ocr_carea' id='block_1_51' title="bbox 326 4993 1923 5062">
    <p class='ocr_par' dir='ltr' id='par_1_51' title="bbox 326 4993 1923 5062">
     <span class='ocr_line' id='line_1_51' title="bbox 326 4993 1923 5062; baseline -0.006 -10"><span class='ocrx_word' id='word_1_377' title='bbox 326 4997 480 5062; x_wconf 82' lang='lat' dir='ltr'><strong>ditis,</strong></span> <span class='ocrx_word' id='word_1_378' title='bbox 524 5004 574 5050; x_wconf 88' lang='lat' dir='ltr'><strong>et</strong></span> <span class='ocrx_word' id='word_1_379' title='bbox 608 4995 977 5049; x_wconf 84' lang='lat' dir='ltr'><strong>benedictione</strong></span> <span class='ocrx_word' id='word_1_380' title='bbox 1005 5036 1021 5061; x_wconf 58' lang='grc' dir='ltr'>ι</span> <span class='ocrx_word' id='word_1_381' title='bbox 1062 5010 1122 5046; x_wconf 81' lang='lat' dir='ltr'><strong>ac</strong></span> <span class='ocrx_word' id='word_1_382' title='bbox 1161 4993 1418 5047; x_wconf 65' lang='lat' dir='ltr'><strong>doctrina:</strong></span> <span class='ocrx_word' id='word_1_383' title='bbox 1447 4994 1620 5047; x_wconf 84' lang='lat' dir='ltr'><strong>fructu</strong></span> <span class='ocrx_word' id='word_1_384' title='bbox 1651 5001 1923 5061; x_wconf 77' lang='lat' dir='ltr'><strong>percepto,</strong></span> 
     </span>
    </p>
   </div>
   <div class='ocr_carea' id='block_1_52' title="bbox 325 5085 1928 5156">
    <p class='ocr_par' dir='ltr' id='par_1_52' title="bbox 325 5085 1928 5156">
     <span class='ocr_line' id='line_1_52' title="bbox 325 5085 1928 5156; baseline -0.006 -13"><span class='ocrx_word' id='word_1_385' title='bbox 325 5089 597 5156; x_wconf 83' lang='lat' dir='ltr'><strong>simulque</strong></span> <span class='ocrx_word' id='word_1_386' title='bbox 627 5088 791 5141; x_wconf 86' lang='lat' dir='ltr'><strong>Deum</strong></span> <span class='ocrx_word' id='word_1_387' title='bbox 823 5101 916 5153; x_wconf 87' lang='lat' dir='ltr'><strong>pro</strong></span> <span class='ocrx_word' id='word_1_388' title='bbox 942 5087 1052 5139; x_wconf 84' lang='lat' dir='ltr'><strong>suis</strong></span> <span class='ocrx_word' id='word_1_389' title='bbox 1079 5086 1307 5154; x_wconf 72' lang='lat' dir='ltr'><strong>peccatis</strong></span> <span class='ocrx_word' id='word_1_390' title='bbox 1347 5085 1684 5152; x_wconf 83' lang='lat' dir='ltr'><strong>deprecatus,</strong></span> <span class='ocrx_word' id='word_1_391' title='bbox 1725 5093 1776 5138; x_wconf 86' lang='lat' dir='ltr'><strong>et</strong></span> <span class='ocrx_word' id='word_1_392' title='bbox 1800 5099 1928 5138; x_wconf 86' lang='lat' dir='ltr'><strong>con-</strong></span> 
     </span>
    </p>
   </div>
   <div class='ocr_carea' id='block_1_53' title="bbox 325 5175 1926 5250">
    <p class='ocr_par' dir='ltr' id='par_1_53' title="bbox 325 5175 1926 5250">
     <span class='ocr_line' id='line_1_53' title="bbox 325 5175 1926 5250; baseline -0.007 -11"><span class='ocrx_word' id='word_1_393' title='bbox 325 5184 554 5239; x_wconf 81' lang='lat' dir='ltr'><strong>scientia</strong></span> <span class='ocrx_word' id='word_1_394' title='bbox 585 5182 910 5250; x_wconf 87' lang='lat' dir='ltr'><strong>aliquantum</strong></span> <span class='ocrx_word' id='word_1_395' title='bbox 943 5189 1235 5233; x_wconf 83' lang='lat' dir='ltr'><strong>c..ouerata</strong></span> <span class='ocrx_word' id='word_1_396' title='bbox 1260 5220 1273 5242; x_wconf 92' lang='lat'><strong>,</strong></span> <span class='ocrx_word' id='word_1_397' title='bbox 1325 5192 1422 5230; x_wconf 90' lang='lat' dir='ltr'><strong>nec</strong></span> <span class='ocrx_word' id='word_1_398' title='bbox 1447 5176 1601 5246; x_wconf 89' lang='lat' dir='ltr'><strong>cnlpa</strong></span> <span class='ocrx_word' id='word_1_399' title='bbox 1635 5177 1739 5229; x_wconf 87' lang='lat' dir='ltr'><strong>ulla</strong></span> <span class='ocrx_word' id='word_1_400' title='bbox 1767 5175 1926 5230; x_wconf 88' lang='lat' dir='ltr'><strong>sintili</strong></span> 
     </span>
    </p>
   </div>
   <div class='ocr_carea' id='block_1_54' title="bbox 326 5270 1928 5339">
    <p class='ocr_par' dir='ltr' id='par_1_54' title="bbox 326 5270 1928 5339">
     <span class='ocr_line' id='line_1_54' title="bbox 326 5270 1928 5339; baseline -0.004 -9"><span class='ocrx_word' id='word_1_401' title='bbox 326 5275 437 5330; x_wconf 86' lang='lat' dir='ltr'><strong>sibi</strong></span> <span class='ocrx_word' id='word_1_402' title='bbox 459 5274 706 5329; x_wconf 88' lang='lat' dir='ltr'><strong>conscius</strong></span> <span class='ocrx_word' id='word_1_403' title='bbox 731 5289 833 5325; x_wconf 82' lang='lat' dir='ltr'><strong>:an</strong></span> <span class='ocrx_word' id='word_1_404' title='bbox 862 5283 914 5324; x_wconf 90' lang='lat' dir='ltr'><strong>tu</strong></span> <span class='ocrx_word' id='word_1_405' title='bbox 938 5273 1026 5339; x_wconf 85' lang='lat' dir='ltr'><strong>qui</strong></span> <span class='ocrx_word' id='word_1_406' title='bbox 1057 5281 1279 5325; x_wconf 90' lang='lat' dir='ltr'><strong>matrem</strong></span> <span class='ocrx_word' id='word_1_407' title='bbox 1303 5270 1609 5334; x_wconf 89' lang='lat' dir='ltr'><strong>deseruisti,</strong></span> <span class='ocrx_word' id='word_1_408' title='bbox 1637 5271 1928 5337; x_wconf 85' lang='lat' dir='ltr'><strong>prepltctas</strong></span> 
     </span>
    </p>
   </div>
   <div class='ocr_carea' id='block_1_55' title="bbox 325 5361 1928 5435">
    <p class='ocr_par' dir='ltr' id='par_1_55' title="bbox 325 5361 1928 5435">
     <span class='ocr_line' id='line_1_55' title="bbox 325 5361 1928 5435; baseline -0.004 -15"><span class='ocrx_word' id='word_1_409' title='bbox 325 5365 728 5435; x_wconf 82' lang='lat' dir='ltr'><strong>contempsisti,</strong></span> <span class='ocrx_word' id='word_1_410' title='bbox 757 5365 918 5418; x_wconf 87' lang='lat' dir='ltr'><strong>Deum</strong></span> <span class='ocrx_word' id='word_1_411' title='bbox 951 5363 1172 5416; x_wconf 72' lang='lat' dir='ltr'><strong>ail‘ccisti</strong></span> <span class='ocrx_word' id='word_1_412' title='bbox 1199 5361 1544 5424; x_wconf 83' lang='lat' dir='ltr'><strong>contumelia,</strong></span> <span class='ocrx_word' id='word_1_413' title='bbox 1571 5377 1689 5414; x_wconf 90' lang='lat' dir='ltr'><strong>cunt</strong></span> <span class='ocrx_word' id='word_1_414' title='bbox 1716 5361 1928 5414; x_wconf 77' lang='lat' dir='ltr'><strong>diabolo</strong></span> 
     </span>
    </p>
   </div>
   <div class='ocr_carea' id='block_1_56' title="bbox 326 5451 1929 5517">
    <p class='ocr_par' dir='ltr' id='par_1_56' title="bbox 326 5451 1929 5517">
     <span class='ocr_line' id='line_1_56' title="bbox 326 5451 1929 5517; baseline -0.004 -5"><span class='ocrx_word' id='word_1_415' title='bbox 326 5457 561 5512; x_wconf 79' lang='lat' dir='ltr'><strong>choreas</strong></span> <span class='ocrx_word' id='word_1_416' title='bbox 601 5456 794 5510; x_wconf 76' lang='lat' dir='ltr'><strong>duxisti</strong></span> <span class='ocrx_word' id='word_1_417' title='bbox 822 5497 833 5517; x_wconf 92' lang='lat'><strong>,</strong></span> <span class='ocrx_word' id='word_1_418' title='bbox 880 5451 1323 5507; x_wconf 75' lang='lat' dir='ltr'><strong>tnalcdirentiitus</strong></span> <span class='ocrx_word' id='word_1_419' title='bbox 1367 5455 1504 5506; x_wconf 86' lang='lat' dir='ltr'><strong>inter</strong></span> <span class='ocrx_word' id='word_1_420' title='bbox 1545 5467 1604 5506; x_wconf 87' lang='lat' dir='ltr'><strong>se</strong></span> <span class='ocrx_word' id='word_1_421' title='bbox 1647 5469 1708 5506; x_wconf 89' lang='lat' dir='ltr'><strong>ac</strong></span> <span class='ocrx_word' id='word_1_422' title='bbox 1747 5455 1929 5506; x_wconf 66' lang='grc' dir='ltr'><strong>ρεπιιγὶ-</strong></span> 
     </span>
    </p>
   </div>
   <div class='ocr_carea' id='block_1_57' title="bbox 325 5544 1926 5614">
    <p class='ocr_par' dir='ltr' id='par_1_57' title="bbox 325 5544 1926 5614">
     <span class='ocr_line' id='line_1_57' title="bbox 325 5544 1926 5614; baseline -0.001 -16"><span class='ocrx_word' id='word_1_423' title='bbox 325 5547 597 5604; x_wconf 73' lang='lat' dir='ltr'><strong>ciatttiltus</strong></span> <span class='ocrx_word' id='word_1_424' title='bbox 623 5562 780 5600; x_wconf 85' lang='lat' dir='ltr'><strong>aures</strong></span> <span class='ocrx_word' id='word_1_425' title='bbox 810 5546 1103 5614; x_wconf 66' lang='lat' dir='ltr'><strong>prtebttisti,</strong></span> <span class='ocrx_word' id='word_1_426' title='bbox 1132 5545 1388 5613; x_wconf 87' lang='lat' dir='ltr'><strong>temporis</strong></span> <span class='ocrx_word' id='word_1_427' title='bbox 1414 5544 1645 5613; x_wconf 84' lang='lat' dir='ltr'><strong>denique</strong></span> <span class='ocrx_word' id='word_1_428' title='bbox 1669 5544 1926 5613; x_wconf 84' lang='lat' dir='ltr'><strong>jacturattt</strong></span> 
     </span>
    </p>
   </div>
   <div class='ocr_carea' id='block_1_58' title="bbox 327 5639 1928 5708">
    <p class='ocr_par' dir='ltr' id='par_1_58' title="bbox 327 5639 1928 5708">
     <span class='ocr_line' id='line_1_58' title="bbox 327 5639 1928 5708; baseline -0.002 -12"><span class='ocrx_word' id='word_1_429' title='bbox 327 5639 546 5702; x_wconf 67' lang='lat' dir='ltr'><strong>fetiixti;</strong></span> <span class='ocrx_word' id='word_1_430' title='bbox 594 5656 690 5694; x_wconf 81' lang='lat' dir='ltr'><strong>nec</strong></span> <span class='ocrx_word' id='word_1_431' title='bbox 736 5641 1009 5708; x_wconf 83' lang='lat' dir='ltr'><strong>spirituale</strong></span> <span class='ocrx_word' id='word_1_432' title='bbox 1061 5641 1138 5692; x_wconf 79' lang='lat' dir='ltr'><strong>vel</strong></span> <span class='ocrx_word' id='word_1_433' title='bbox 1187 5640 1441 5693; x_wconf 46' lang='lat' dir='ltr'><strong>sa‘culat&#39;e</strong></span> <span class='ocrx_word' id='word_1_434' title='bbox 1498 5640 1662 5693; x_wconf 87' lang='lat' dir='ltr'><strong>ullttttt</strong></span> <span class='ocrx_word' id='word_1_435' title='bbox 1723 5640 1928 5693; x_wconf 81' lang='lat' dir='ltr'><strong>ltlt‘l‘um</strong></span> 
     </span>
    </p>
   </div>
   <div class='ocr_carea' id='block_1_59' title="bbox 388 5816 1785 5880">
    <p class='ocr_par' dir='ltr' id='par_1_59' title="bbox 388 5816 1785 5880">
     <span class='ocr_line' id='line_1_59' title="bbox 388 5816 1785 5880; baseline -0.006 -10"><span class='ocrx_word' id='word_1_436' title='bbox 388 5825 413 5855; x_wconf 74' lang='grc'><strong><em>⁸</em></strong></span> <span class='ocrx_word' id='word_1_437' title='bbox 448 5824 520 5872; x_wconf 69' lang='lat' dir='ltr'><strong>sic</strong></span> <span class='ocrx_word' id='word_1_438' title='bbox 542 5822 673 5870; x_wconf 81' lang='lat' dir='ltr'><strong>Colb.</strong></span> <span class='ocrx_word' id='word_1_439' title='bbox 705 5832 858 5880; x_wconf 80' lang='lat' dir='ltr'><strong>unus;</strong></span> <span class='ocrx_word' id='word_1_440' title='bbox 887 5817 1048 5868; x_wconf 74' lang='lat' dir='ltr'><strong>Morel.</strong></span> <span class='ocrx_word' id='word_1_441' title='bbox 1078 5826 1258 5877; x_wconf 80' lang='lat' dir='ltr'><strong>autem,</strong></span> <span class='ocrx_word' id='word_1_442' title='bbox 1285 5816 1470 5869; x_wconf 75' lang='lat' dir='ltr'><strong>divinas</strong></span> <span class='ocrx_word' id='word_1_443' title='bbox 1496 5816 1785 5877; x_wconf 69' lang='lat' dir='ltr'><strong>St&#39;riplttt&#39;us&#39;.</strong></span> 
     </span>
    </p>
   </div>
   <div class='ocr_carea' id='block_1_60' title="bbox 1537 351 2260 424">
    <p class='ocr_par' dir='ltr' id='par_1_60' title="bbox 1537 351 2260 424">
     <span class='ocr_line' id='line_1_60' title="bbox 1537 351 2260 424; baseline -0.025 0"><span class='ocrx_word' id='word_1_444' title='bbox 1537 368 1628 424; x_wconf 79' lang='lat' dir='ltr'><strong>DE</strong></span> <span class='ocrx_word' id='word_1_445' title='bbox 1671 361 1855 420; x_wconf 78' lang='lat' dir='ltr'><strong>ANNA</strong></span> <span class='ocrx_word' id='word_1_446' title='bbox 1893 353 2131 415; x_wconf 75' lang='lat' dir='ltr'><strong>SERMO</strong></span> <span class='ocrx_word' id='word_1_447' title='bbox 2170 351 2260 408; x_wconf 72' lang='lat' dir='ltr'><strong>IV.</strong></span> 
     </span>
    </p>
   </div>
   <div class='ocr_carea' id='block_1_61' title="bbox 3485 334 3592 390">
    <p class='ocr_par' dir='ltr' id='par_1_61' title="bbox 3485 334 3592 390">
     <span class='ocr_line' id='line_1_61' title="bbox 3485 334 3592 390; baseline -0.019 1"><span class='ocrx_word' id='word_1_448' title='bbox 3485 334 3592 390; x_wconf 70' lang='lat'><strong>06!</strong></span> 
     </span>
    </p>
   </div>
   <div class='ocr_carea' id='block_1_62' title="bbox 1991 457 3591 538">
    <p class='ocr_par' dir='ltr' id='par_1_62' title="bbox 1991 457 3591 538">
     <span class='ocr_line' id='line_1_62' title="bbox 1991 457 3591 538; baseline -0.011 -9"><span class='ocrx_word' id='word_1_449' title='bbox 1991 474 2114 529; x_wconf 90' lang='lat' dir='ltr'><strong>inde</strong></span> <span class='ocrx_word' id='word_1_450' title='bbox 2165 470 2380 526; x_wconf 86' lang='lat' dir='ltr'><strong>domum</strong></span> <span class='ocrx_word' id='word_1_451' title='bbox 2421 475 2683 538; x_wconf 81' lang='lat' dir='ltr'><strong>reportes.</strong></span> <span class='ocrx_word' id='word_1_452' title='bbox 2741 465 2926 535; x_wconf 78' lang='lat' dir='ltr'><strong>Itaque</strong></span> <span class='ocrx_word' id='word_1_453' title='bbox 2966 461 3051 518; x_wconf 77' lang='lat' dir='ltr'><strong>vel</strong></span> <span class='ocrx_word' id='word_1_454' title='bbox 3090 457 3380 530; x_wconf 87' lang='lat' dir='ltr'><strong>voluptatis</strong></span> <span class='ocrx_word' id='word_1_455' title='bbox 3421 457 3591 527; x_wconf 80' lang='lat' dir='ltr'><strong>gratia</strong></span> 
     </span>
    </p>
   </div>
   <div class='ocr_carea' id='block_1_63' title="bbox 1990 546 3597 631">
    <p class='ocr_par' dir='ltr' id='par_1_63' title="bbox 1990 546 3597 631">
     <span class='ocr_line' id='line_1_63' title="bbox 1990 546 3597 631; baseline -0.012 -11"><span class='ocrx_word' id='word_1_456' title='bbox 1990 566 2077 620; x_wconf 92' lang='lat' dir='ltr'><strong>hic</strong></span> <span class='ocrx_word' id='word_1_457' title='bbox 2100 565 2290 619; x_wconf 89' lang='lat' dir='ltr'><strong>adesse</strong></span> <span class='ocrx_word' id='word_1_458' title='bbox 2316 567 2552 631; x_wconf 89' lang='lat' dir='ltr'><strong>oportet.</strong></span> <span class='ocrx_word' id='word_1_459' title='bbox 2586 557 2698 612; x_wconf 91' lang='lat' dir='ltr'><strong>Illic</strong></span> <span class='ocrx_word' id='word_1_460' title='bbox 2738 555 2882 611; x_wconf 89' lang='lat' dir='ltr'><strong>enim</strong></span> <span class='ocrx_word' id='word_1_461' title='bbox 2931 551 3187 609; x_wconf 89' lang='lat' dir='ltr'><strong>continuo</strong></span> <span class='ocrx_word' id='word_1_462' title='bbox 3228 546 3471 619; x_wconf 86' lang='lat' dir='ltr'><strong>sequitur</strong></span> <span class='ocrx_word' id='word_1_463' title='bbox 3501 547 3597 601; x_wconf 83' lang='lat' dir='ltr'><strong>da-</strong></span> 
     </span>
    </p>
   </div>
   <div class='ocr_carea' id='block_1_64' title="bbox 1990 639 3594 717">
    <p class='ocr_par' dir='ltr' id='par_1_64' title="bbox 1990 639 3594 717">
     <span class='ocr_line' id='line_1_64' title="bbox 1990 639 3594 717; baseline -0.011 -4"><span class='ocrx_word' id='word_1_464' title='bbox 1990 658 2193 713; x_wconf 88' lang='lat' dir='ltr'><strong>mnatio</strong></span> <span class='ocrx_word' id='word_1_465' title='bbox 2216 654 2360 717; x_wconf 82' lang='lat' dir='ltr'><strong>facti,</strong></span> <span class='ocrx_word' id='word_1_466' title='bbox 2391 651 2720 709; x_wconf 90' lang='lat' dir='ltr'><strong>conscientia</strong></span> <span class='ocrx_word' id='word_1_467' title='bbox 2745 645 3069 710; x_wconf 82' lang='lat' dir='ltr'><strong>accusatrix,</strong></span> <span class='ocrx_word' id='word_1_468' title='bbox 3103 641 3415 712; x_wconf 72' lang='lat' dir='ltr'><strong>pmnitentia</strong></span> <span class='ocrx_word' id='word_1_469' title='bbox 3437 639 3509 694; x_wconf 89' lang='lat' dir='ltr'><strong>ob</strong></span> <span class='ocrx_word' id='word_1_470' title='bbox 3530 653 3594 695; x_wconf 85' lang='lat' dir='ltr'><strong>ea</strong></span> 
     </span>
    </p>
   </div>
   <div class='ocr_carea' id='block_1_65' title="bbox 1993 734 3600 824">
    <p class='ocr_par' dir='ltr' id='par_1_65' title="bbox 1993 734 3600 824">
     <span class='ocr_line' id='line_1_65' title="bbox 1993 734 3600 824; baseline -0.011 -18"><span class='ocrx_word' id='word_1_471' title='bbox 1993 769 2113 824; x_wconf 73' lang='lat' dir='ltr'><strong>qua:</strong></span> <span class='ocrx_word' id='word_1_472' title='bbox 2139 751 2499 819; x_wconf 85' lang='lat' dir='ltr'><strong>contigerunt,</strong></span> <span class='ocrx_word' id='word_1_473' title='bbox 2535 744 2770 801; x_wconf 82' lang='lat' dir='ltr'><strong>dedecus</strong></span> <span class='ocrx_word' id='word_1_474' title='bbox 2790 750 2845 798; x_wconf 91' lang='lat' dir='ltr'><strong>et</strong></span> <span class='ocrx_word' id='word_1_475' title='bbox 2869 737 3239 810; x_wconf 88' lang='lat' dir='ltr'><strong>opprobrium,</strong></span> <span class='ocrx_word' id='word_1_476' title='bbox 3278 744 3336 791; x_wconf 89' lang='lat' dir='ltr'><strong>ttt</strong></span> <span class='ocrx_word' id='word_1_477' title='bbox 3356 734 3442 789; x_wconf 78' lang='lat' dir='ltr'><strong>vix</strong></span> <span class='ocrx_word' id='word_1_478' title='bbox 3467 748 3600 790; x_wconf 85' lang='lat' dir='ltr'><strong>ocu-</strong></span> 
     </span>
    </p>
   </div>
   <div class='ocr_carea' id='block_1_66' title="bbox 1994 829 3600 905">
    <p class='ocr_par' dir='ltr' id='par_1_66' title="bbox 1994 829 3600 905">
     <span class='ocr_line' id='line_1_66' title="bbox 1994 829 3600 905; baseline -0.016 0"><span class='ocrx_word' id='word_1_479' title='bbox 1994 851 2076 905; x_wconf 91' lang='lat' dir='ltr'><strong>los</strong></span> <span class='ocrx_word' id='word_1_480' title='bbox 2100 849 2346 902; x_wconf 87' lang='lat' dir='ltr'><strong>attollere</strong></span> <span class='ocrx_word' id='word_1_481' title='bbox 2388 845 2592 900; x_wconf 89' lang='lat' dir='ltr'><strong>audeas</strong></span> <span class='ocrx_word' id='word_1_482' title='bbox 2620 860 2634 898; x_wconf 90' lang='lat'><strong>:</strong></span> <span class='ocrx_word' id='word_1_483' title='bbox 2677 841 2766 896; x_wconf 80' lang='lat' dir='ltr'><strong>hic</strong></span> <span class='ocrx_word' id='word_1_484' title='bbox 2796 837 2913 893; x_wconf 88' lang='lat' dir='ltr'><strong>vice</strong></span> <span class='ocrx_word' id='word_1_485' title='bbox 2938 850 3092 890; x_wconf 86' lang='lat' dir='ltr'><strong>versa</strong></span> <span class='ocrx_word' id='word_1_486' title='bbox 3118 833 3298 888; x_wconf 87' lang='lat' dir='ltr'><strong>omnia</strong></span> <span class='ocrx_word' id='word_1_487' title='bbox 3326 829 3600 886; x_wconf 87' lang='lat' dir='ltr'><strong>contrario</strong></span> 
     </span>
    </p>
   </div>
   <div class='ocr_carea' id='block_1_67' title="bbox 1997 929 3604 1001">
    <p class='ocr_par' dir='ltr' id='par_1_67' title="bbox 1997 929 3604 1001">
     <span class='ocr_line' id='line_1_67' title="bbox 1997 929 3604 1001; baseline -0.013 -5"><span class='ocrx_word' id='word_1_488' title='bbox 1997 942 2158 997; x_wconf 88' lang='lat' dir='ltr'><strong>modo</strong></span> <span class='ocrx_word' id='word_1_489' title='bbox 2196 955 2256 995; x_wconf 88' lang='lat' dir='ltr'><strong>se</strong></span> <span class='ocrx_word' id='word_1_490' title='bbox 2290 939 2508 1001; x_wconf 89' lang='lat' dir='ltr'><strong>habent,</strong></span> <span class='ocrx_word' id='word_1_491' title='bbox 2537 934 2728 991; x_wconf 85' lang='lat' dir='ltr'><strong>fiducia</strong></span> <span class='ocrx_word' id='word_1_492' title='bbox 2752 940 2807 988; x_wconf 90' lang='lat' dir='ltr'><strong>et</strong></span> <span class='ocrx_word' id='word_1_493' title='bbox 2833 932 2945 987; x_wconf 87' lang='lat' dir='ltr'><strong>oris</strong></span> <span class='ocrx_word' id='word_1_494' title='bbox 2971 929 3216 992; x_wconf 89' lang='lat' dir='ltr'><strong>libertas,</strong></span> <span class='ocrx_word' id='word_1_495' title='bbox 3255 934 3311 980; x_wconf 92' lang='lat' dir='ltr'><strong>et</strong></span> <span class='ocrx_word' id='word_1_496' title='bbox 3338 939 3462 980; x_wconf 89' lang='lat' dir='ltr'><strong>cum</strong></span> <span class='ocrx_word' id='word_1_497' title='bbox 3485 938 3604 976; x_wconf 82' lang='lat' dir='ltr'><strong>ont-</strong></span> 
     </span>
    </p>
   </div>
   <div class='ocr_carea' id='block_1_68' title="bbox 1998 1013 3604 1118">
    <p class='ocr_par' dir='ltr' id='par_1_68' title="bbox 1998 1013 3604 1118">
     <span class='ocr_line' id='line_1_68' title="bbox 1998 1013 3604 1118; baseline -0.016 -27"><span class='ocrx_word' id='word_1_498' title='bbox 1998 1035 2156 1118; x_wconf 68' lang='lat' dir='ltr'><strong>qibus</strong></span> <span class='ocrx_word' id='word_1_499' title='bbox 2184 1031 2431 1103; x_wconf 89' lang='lat' dir='ltr'><strong>loquendi</strong></span> <span class='ocrx_word' id='word_1_500' title='bbox 2474 1029 2697 1084; x_wconf 82' lang='lat' dir='ltr'><strong>facultas</strong></span> <span class='ocrx_word' id='word_1_501' title='bbox 2736 1024 2806 1080; x_wconf 90' lang='lat' dir='ltr'><strong>de</strong></span> <span class='ocrx_word' id='word_1_502' title='bbox 2843 1022 3092 1079; x_wconf 88' lang='lat' dir='ltr'><strong>omnibus</strong></span> <span class='ocrx_word' id='word_1_503' title='bbox 3131 1033 3253 1090; x_wconf 66' lang='lat' dir='ltr'><strong>qua:</strong></span> <span class='ocrx_word' id='word_1_504' title='bbox 3292 1016 3380 1072; x_wconf 89' lang='lat' dir='ltr'><strong>hic</strong></span> <span class='ocrx_word' id='word_1_505' title='bbox 3421 1013 3604 1069; x_wconf 86' lang='lat' dir='ltr'><strong>audita</strong></span> 
     </span>
    </p>
   </div>
   <div class='ocr_carea' id='block_1_69' title="bbox 2000 1105 3676 1193">
    <p class='ocr_par' dir='ltr' id='par_1_69' title="bbox 2000 1105 3676 1193">
     <span class='ocr_line' id='line_1_69' title="bbox 2000 1105 3676 1193; baseline -0.014 -11"><span class='ocrx_word' id='word_1_506' title='bbox 2000 1105 2143 1182; x_wconf 57' lang='lat' dir='ltr'><strong>s-unt.</strong></span> <span class='ocrx_word' id='word_1_507' title='bbox 2174 1122 2399 1193; x_wconf 86' lang='lat' dir='ltr'><strong>Quando</strong></span> <span class='ocrx_word' id='word_1_508' title='bbox 2430 1122 2591 1193; x_wconf 88' lang='lat' dir='ltr'><strong>igitur</strong></span> <span class='ocrx_word' id='word_1_509' title='bbox 2616 1120 2669 1173; x_wconf 91' lang='lat' dir='ltr'><strong>in</strong></span> <span class='ocrx_word' id='word_1_510' title='bbox 2697 1118 2870 1171; x_wconf 82' lang='lat' dir='ltr'><strong>forum</strong></span> <span class='ocrx_word' id='word_1_511' title='bbox 2899 1125 2949 1170; x_wconf 93' lang='lat' dir='ltr'><strong>te</strong></span> <span class='ocrx_word' id='word_1_512' title='bbox 2979 1110 3292 1173; x_wconf 88' lang='lat' dir='ltr'><strong>contuleris,</strong></span> <span class='ocrx_word' id='word_1_513' title='bbox 3320 1115 3377 1165; x_wconf 92' lang='lat' dir='ltr'><strong>et</strong></span> <span class='ocrx_word' id='word_1_514' title='bbox 3401 1105 3606 1160; x_wconf 80' lang='lat' dir='ltr'><strong>videris</strong></span> <span class='ocrx_word' id='word_1_515' title='bbox 3673 1174 3676 1177; x_wconf 20' lang='grc' dir='ltr'>λ</span> 
     </span>
    </p>
   </div>
   <div class='ocr_carea' id='block_1_70' title="bbox 2001 1196 3606 1284">
    <p class='ocr_par' dir='ltr' id='par_1_70' title="bbox 2001 1196 3606 1284">
     <span class='ocr_line' id='line_1_70' title="bbox 2001 1196 3606 1284; baseline -0.015 -10"><span class='ocrx_word' id='word_1_516' title='bbox 2001 1233 2191 1274; x_wconf 81' lang='lat' dir='ltr'><strong>omnes</strong></span> <span class='ocrx_word' id='word_1_517' title='bbox 2204 1216 2277 1271; x_wconf 83' lang='lat' dir='ltr'><strong>ad</strong></span> <span class='ocrx_word' id='word_1_518' title='bbox 2303 1211 2653 1284; x_wconf 88' lang='lat' dir='ltr'><strong>spectandum</strong></span> <span class='ocrx_word' id='word_1_519' title='bbox 2685 1221 3030 1271; x_wconf 87' lang='lat' dir='ltr'><strong>concurrere,</strong></span> <span class='ocrx_word' id='word_1_520' title='bbox 3059 1213 3115 1258; x_wconf 90' lang='lat' dir='ltr'><strong>tu</strong></span> <span class='ocrx_word' id='word_1_521' title='bbox 3140 1201 3206 1257; x_wconf 88' lang='lat' dir='ltr'><strong>ad</strong></span> <span class='ocrx_word' id='word_1_522' title='bbox 3241 1196 3524 1256; x_wconf 85' lang='lat' dir='ltr'><strong>ecclesiam</strong></span> <span class='ocrx_word' id='word_1_523' title='bbox 3550 1205 3606 1250; x_wconf 74' lang='lat' dir='ltr'><strong>te</strong></span> 
     </span>
    </p>
   </div>
   <div class='ocr_carea' id='block_1_71' title="bbox 2003 1298 3606 1379">
    <p class='ocr_par' dir='ltr' id='par_1_71' title="bbox 2003 1298 3606 1379">
     <span class='ocr_line' id='line_1_71' title="bbox 2003 1298 3606 1379; baseline -0.016 -11"><span class='ocrx_word' id='word_1_524' title='bbox 2003 1311 2287 1368; x_wconf 83' lang='lat' dir='ltr'><strong>confestim</strong></span> <span class='ocrx_word' id='word_1_525' title='bbox 2325 1307 2571 1379; x_wconf 89' lang='lat' dir='ltr'><strong>recipito,</strong></span> <span class='ocrx_word' id='word_1_526' title='bbox 2617 1312 2673 1360; x_wconf 91' lang='lat' dir='ltr'><strong>et</strong></span> <span class='ocrx_word' id='word_1_527' title='bbox 2715 1305 2767 1358; x_wconf 94' lang='lat' dir='ltr'><strong>in</strong></span> <span class='ocrx_word' id='word_1_528' title='bbox 2809 1316 2873 1358; x_wconf 87' lang='lat' dir='ltr'><strong>ea</strong></span> <span class='ocrx_word' id='word_1_529' title='bbox 2914 1298 3184 1370; x_wconf 72' lang='lat' dir='ltr'><strong>pauliSper</strong></span> <span class='ocrx_word' id='word_1_530' title='bbox 3216 1298 3606 1356; x_wconf 75' lang='lat' dir='ltr'><strong>commoratus,</strong></span> 
     </span>
    </p>
   </div>
   <div class='ocr_carea' id='block_1_72' title="bbox 2005 1377 3608 1478">
    <p class='ocr_par' dir='ltr' id='par_1_72' title="bbox 2005 1377 3608 1478">
     <span class='ocr_line' id='line_1_72' title="bbox 2005 1377 3608 1478; baseline -0.016 -20"><span class='ocrx_word' id='word_1_531' title='bbox 2005 1412 2260 1478; x_wconf 87' lang='lat' dir='ltr'><strong>perpetua</strong></span> <span class='ocrx_word' id='word_1_532' title='bbox 2289 1377 2453 1458; x_wconf 85' lang='lat' dir='ltr'><strong>divini</strong></span> <span class='ocrx_word' id='word_1_533' title='bbox 2477 1397 2623 1454; x_wconf 89' lang='lat' dir='ltr'><strong>verbi</strong></span> <span class='ocrx_word' id='word_1_534' title='bbox 2649 1393 2924 1464; x_wconf 78' lang='lat' dir='ltr'><strong>voluptate</strong></span> <span class='ocrx_word' id='word_1_535' title='bbox 2951 1388 3150 1445; x_wconf 66' lang='lat' dir='ltr'><strong>fruere.</strong></span> <span class='ocrx_word' id='word_1_536' title='bbox 3180 1384 3237 1441; x_wconf 89' lang='lat' dir='ltr'><strong>Si</strong></span> <span class='ocrx_word' id='word_1_537' title='bbox 3261 1382 3405 1440; x_wconf 90' lang='lat' dir='ltr'><strong>enim</strong></span> <span class='ocrx_word' id='word_1_538' title='bbox 3424 1377 3608 1436; x_wconf 79' lang='lat' dir='ltr'><strong>turba:</strong></span> 
     </span>
    </p>
   </div>
   <div class='ocr_carea' id='block_1_73' title="bbox 2006 1473 3612 1571">
    <p class='ocr_par' dir='ltr' id='par_1_73' title="bbox 2006 1473 3612 1571">
     <span class='ocr_line' id='line_1_73' title="bbox 2006 1473 3612 1571; baseline -0.019 -15"><span class='ocrx_word' id='word_1_539' title='bbox 2006 1473 2210 1571; x_wconf 80' lang='lat' dir='ltr'><strong>impetu</strong></span> <span class='ocrx_word' id='word_1_540' title='bbox 2259 1496 2564 1552; x_wconf 85' lang='lat' dir='ltr'><strong>abstractus</strong></span> <span class='ocrx_word' id='word_1_541' title='bbox 2608 1491 2737 1546; x_wconf 82' lang='lat' dir='ltr'><strong>illnc</strong></span> <span class='ocrx_word' id='word_1_542' title='bbox 2783 1483 3094 1558; x_wconf 80' lang='lat' dir='ltr'><strong>perveneris</strong></span> <span class='ocrx_word' id='word_1_543' title='bbox 3139 1477 3289 1535; x_wconf 80' lang='lat' dir='ltr'><strong>bnevi</strong></span> <span class='ocrx_word' id='word_1_544' title='bbox 3337 1473 3612 1543; x_wconf 85' lang='lat' dir='ltr'><strong>voluptate</strong></span> 
     </span>
    </p>
   </div>
   <div class='ocr_carea' id='block_1_74' title="bbox 2007 1564 3610 1655">
    <p class='ocr_par' dir='ltr' id='par_1_74' title="bbox 2007 1564 3610 1655">
     <span class='ocr_line' id='line_1_74' title="bbox 2007 1564 3610 1655; baseline -0.022 -4"><span class='ocrx_word' id='word_1_545' title='bbox 2007 1564 2262 1651; x_wconf 66' lang='lat' dir='ltr'><strong>delinitus</strong></span> <span class='ocrx_word' id='word_1_546' title='bbox 2286 1632 2301 1655; x_wconf 89' lang='lat'><strong>,</strong></span> <span class='ocrx_word' id='word_1_547' title='bbox 2347 1587 2488 1643; x_wconf 87' lang='lat' dir='ltr'><strong>male</strong></span> <span class='ocrx_word' id='word_1_548' title='bbox 2521 1581 2742 1640; x_wconf 85' lang='lat' dir='ltr'><strong>habebis</strong></span> <span class='ocrx_word' id='word_1_549' title='bbox 2786 1594 2883 1649; x_wconf 89' lang='lat' dir='ltr'><strong>per</strong></span> <span class='ocrx_word' id='word_1_550' title='bbox 2929 1585 3092 1630; x_wconf 82' lang='lat' dir='ltr'><strong>totam</strong></span> <span class='ocrx_word' id='word_1_551' title='bbox 3122 1575 3438 1641; x_wconf 84' lang='lat' dir='ltr'><strong>sequentem</strong></span> <span class='ocrx_word' id='word_1_552' title='bbox 3463 1564 3610 1619; x_wconf 88' lang='lat' dir='ltr'><strong>diem</strong></span> 
     </span>
    </p>
   </div>
   <div class='ocr_carea' id='block_1_75' title="bbox 2009 1655 3611 1758">
    <p class='ocr_par' dir='ltr' id='par_1_75' title="bbox 2009 1655 3611 1758">
     <span class='ocr_line' id='line_1_75' title="bbox 2009 1655 3611 1758; baseline -0.021 -16"><span class='ocrx_word' id='word_1_553' title='bbox 2009 1696 2171 1758; x_wconf 89' lang='lat' dir='ltr'><strong>atque</strong></span> <span class='ocrx_word' id='word_1_554' title='bbox 2198 1685 2361 1739; x_wconf 90' lang='lat' dir='ltr'><strong>etiam</strong></span> <span class='ocrx_word' id='word_1_555' title='bbox 2388 1679 2570 1749; x_wconf 88' lang='lat' dir='ltr'><strong>plures</strong></span> <span class='ocrx_word' id='word_1_556' title='bbox 2590 1676 2866 1742; x_wconf 90' lang='lat' dir='ltr'><strong>deinceps,</strong></span> <span class='ocrx_word' id='word_1_557' title='bbox 2897 1679 3045 1725; x_wconf 89' lang='lat' dir='ltr'><strong>tuum</strong></span> <span class='ocrx_word' id='word_1_558' title='bbox 3081 1665 3247 1736; x_wconf 86' lang='lat' dir='ltr'><strong>ipsius</strong></span> <span class='ocrx_word' id='word_1_559' title='bbox 3283 1663 3481 1716; x_wconf 81' lang='lat' dir='ltr'><strong>factum</strong></span> <span class='ocrx_word' id='word_1_560' title='bbox 3509 1655 3611 1711; x_wconf 92' lang='lat' dir='ltr'><strong>da-</strong></span> 
     </span>
    </p>
   </div>
   <div class='ocr_carea' id='block_1_76' title="bbox 2014 1754 3616 1843">
    <p class='ocr_par' dir='ltr' id='par_1_76' title="bbox 2014 1754 3616 1843">
     <span class='ocr_line' id='line_1_76' title="bbox 2014 1754 3616 1843; baseline -0.019 -11"><span class='ocrx_word' id='word_1_561' title='bbox 2014 1754 2205 1832; x_wconf 82' lang='lat' dir='ltr'><strong>mnans</strong></span> <span class='ocrx_word' id='word_1_562' title='bbox 2231 1792 2243 1828; x_wconf 93' lang='lat'>:</span> <span class='ocrx_word' id='word_1_563' title='bbox 2274 1770 2418 1843; x_wconf 89' lang='lat' dir='ltr'><strong>quod</strong></span> <span class='ocrx_word' id='word_1_564' title='bbox 2443 1770 2490 1826; x_wconf 87' lang='lat' dir='ltr'><strong>si</strong></span> <span class='ocrx_word' id='word_1_565' title='bbox 2521 1767 2792 1839; x_wconf 87' lang='lat' dir='ltr'><strong>paulisper</strong></span> <span class='ocrx_word' id='word_1_566' title='bbox 2833 1773 2884 1817; x_wconf 92' lang='lat' dir='ltr'><strong>te</strong></span> <span class='ocrx_word' id='word_1_567' title='bbox 2911 1756 3239 1820; x_wconf 86' lang='lat' dir='ltr'><strong>cohibueris,</strong></span> <span class='ocrx_word' id='word_1_568' title='bbox 3269 1754 3531 1822; x_wconf 85' lang='lat' dir='ltr'><strong>integrant</strong></span> <span class='ocrx_word' id='word_1_569' title='bbox 3558 1756 3616 1802; x_wconf 88' lang='lat' dir='ltr'><strong>et</strong></span> 
     </span>
    </p>
   </div>
   <div class='ocr_carea' id='block_1_77' title="bbox 2012 1839 3614 1932">
    <p class='ocr_par' dir='ltr' id='par_1_77' title="bbox 2012 1839 3614 1932">
     <span class='ocr_line' id='line_1_77' title="bbox 2012 1839 3614 1932; baseline -0.023 -3"><span class='ocrx_word' id='word_1_570' title='bbox 2012 1886 2254 1928; x_wconf 86' lang='lat' dir='ltr'><strong>securam</strong></span> <span class='ocrx_word' id='word_1_571' title='bbox 2294 1839 2362 1921; x_wconf 37' lang='lat' dir='ltr'><strong>‘in</strong></span> <span class='ocrx_word' id='word_1_572' title='bbox 2411 1863 2673 1932; x_wconf 89' lang='lat' dir='ltr'><strong>reliquum</strong></span> <span class='ocrx_word' id='word_1_573' title='bbox 2729 1856 2839 1913; x_wconf 90' lang='lat' dir='ltr'><strong>diei</strong></span> <span class='ocrx_word' id='word_1_574' title='bbox 2888 1855 3216 1922; x_wconf 85' lang='lat' dir='ltr'><strong>voluptatem</strong></span> <span class='ocrx_word' id='word_1_575' title='bbox 3264 1843 3507 1901; x_wconf 84' lang='lat' dir='ltr'><strong>habebis.</strong></span> <span class='ocrx_word' id='word_1_576' title='bbox 3557 1839 3614 1894; x_wconf 93' lang='lat' dir='ltr'><strong>ld</strong></span> 
     </span>
    </p>
   </div>
   <div class='ocr_carea' id='block_1_78' title="bbox 2013 1935 3617 2020">
    <p class='ocr_par' dir='ltr' id='par_1_78' title="bbox 2013 1935 3617 2020">
     <span class='ocr_line' id='line_1_78' title="bbox 2013 1935 3617 2020; baseline -0.023 0"><span class='ocrx_word' id='word_1_577' title='bbox 2013 1967 2157 2020; x_wconf 90' lang='lat' dir='ltr'><strong>enim</strong></span> <span class='ocrx_word' id='word_1_578' title='bbox 2186 1976 2292 2016; x_wconf 91' lang='lat' dir='ltr'><strong>non</strong></span> <span class='ocrx_word' id='word_1_579' title='bbox 2319 1959 2405 2012; x_wconf 88' lang='lat' dir='ltr'><strong>hic</strong></span> <span class='ocrx_word' id='word_1_580' title='bbox 2448 1963 2677 2015; x_wconf 88' lang='lat' dir='ltr'><strong>tantum,</strong></span> <span class='ocrx_word' id='word_1_581' title='bbox 2720 1949 2814 2006; x_wconf 88' lang='lat' dir='ltr'><strong>sed</strong></span> <span class='ocrx_word' id='word_1_582' title='bbox 2854 1947 3015 2002; x_wconf 90' lang='lat' dir='ltr'><strong>etiant</strong></span> <span class='ocrx_word' id='word_1_583' title='bbox 3058 1946 3111 2001; x_wconf 89' lang='lat' dir='ltr'><strong>in</strong></span> <span class='ocrx_word' id='word_1_584' title='bbox 3153 1940 3271 1995; x_wconf 86' lang='lat' dir='ltr'><strong>aliis</strong></span> <span class='ocrx_word' id='word_1_585' title='bbox 3314 1935 3476 1990; x_wconf 86' lang='lat' dir='ltr'><strong>rebus</strong></span> <span class='ocrx_word' id='word_1_586' title='bbox 3517 1946 3617 1985; x_wconf 87' lang='lat' dir='ltr'><strong>usu</strong></span> 
     </span>
    </p>
   </div>
   <div class='ocr_carea' id='block_1_79' title="bbox 2015 2025 3617 2112">
    <p class='ocr_par' dir='ltr' id='par_1_79' title="bbox 2015 2025 3617 2112">
     <span class='ocr_line' id='line_1_79' title="bbox 2015 2025 3617 2112; baseline -0.026 0"><span class='ocrx_word' id='word_1_587' title='bbox 2015 2057 2200 2112; x_wconf 89' lang='lat' dir='ltr'><strong>venire</strong></span> <span class='ocrx_word' id='word_1_588' title='bbox 2239 2052 2377 2105; x_wconf 84' lang='lat' dir='ltr'><strong>solet</strong></span> <span class='ocrx_word' id='word_1_589' title='bbox 2407 2066 2419 2102; x_wconf 87' lang='lat'><strong>:</strong></span> <span class='ocrx_word' id='word_1_590' title='bbox 2451 2045 2637 2100; x_wconf 87' lang='lat' dir='ltr'><strong>vitium</strong></span> <span class='ocrx_word' id='word_1_591' title='bbox 2673 2041 2818 2097; x_wconf 82' lang='lat' dir='ltr'><strong>enim</strong></span> <span class='ocrx_word' id='word_1_592' title='bbox 2859 2043 3289 2092; x_wconf 84' lang='lat' dir='ltr'><strong>momentaneam</strong></span> <span class='ocrx_word' id='word_1_593' title='bbox 3334 2025 3496 2080; x_wconf 88' lang='lat' dir='ltr'><strong>habet</strong></span> <span class='ocrx_word' id='word_1_594' title='bbox 3524 2038 3617 2073; x_wconf 88' lang='lat' dir='ltr'><strong>vo-</strong></span> 
     </span>
    </p>
   </div>
   <div class='ocr_carea' id='block_1_80' title="bbox 2019 2125 3617 2219">
    <p class='ocr_par' dir='ltr' id='par_1_80' title="bbox 2019 2125 3617 2219">
     <span class='ocr_line' id='line_1_80' title="bbox 2019 2125 3617 2219; baseline -0.023 -15"><span class='ocrx_word' id='word_1_595' title='bbox 2019 2151 2273 2219; x_wconf 80' lang='lat' dir='ltr'><strong>luptatem</strong></span> <span class='ocrx_word' id='word_1_596' title='bbox 2297 2187 2312 2211; x_wconf 95' lang='lat'><strong>,</strong></span> <span class='ocrx_word' id='word_1_597' title='bbox 2347 2142 2599 2198; x_wconf 82' lang='lat' dir='ltr'><strong>dolorem</strong></span> <span class='ocrx_word' id='word_1_598' title='bbox 2642 2149 2771 2191; x_wconf 85' lang='lat' dir='ltr'><strong>vero</strong></span> <span class='ocrx_word' id='word_1_599' title='bbox 2814 2141 3172 2202; x_wconf 87' lang='lat' dir='ltr'><strong>perpetuum;</strong></span> <span class='ocrx_word' id='word_1_600' title='bbox 3219 2127 3390 2177; x_wconf 85' lang='lat' dir='ltr'><strong>virtus</strong></span> <span class='ocrx_word' id='word_1_601' title='bbox 3429 2125 3617 2172; x_wconf 75' lang='lat' dir='ltr'><strong>contra</strong></span> 
     </span>
    </p>
   </div>
   <div class='ocr_carea' id='block_1_81' title="bbox 2016 2206 3620 2298">
    <p class='ocr_par' dir='ltr' id='par_1_81' title="bbox 2016 2206 3620 2298">
     <span class='ocr_line' id='line_1_81' title="bbox 2016 2206 3620 2298; baseline -0.024 0"><span class='ocrx_word' id='word_1_602' title='bbox 2016 2243 2255 2298; x_wconf 86' lang='lat' dir='ltr'><strong>laborem</strong></span> <span class='ocrx_word' id='word_1_603' title='bbox 2288 2237 2527 2298; x_wconf 83' lang='lat' dir='ltr'><strong>brevem,</strong></span> <span class='ocrx_word' id='word_1_604' title='bbox 2563 2229 2794 2285; x_wconf 82' lang='lat' dir='ltr'><strong>fructum</strong></span> <span class='ocrx_word' id='word_1_605' title='bbox 2819 2237 2948 2279; x_wconf 89' lang='lat' dir='ltr'><strong>vero</strong></span> <span class='ocrx_word' id='word_1_606' title='bbox 2989 2233 3109 2276; x_wconf 90' lang='lat' dir='ltr'><strong>cum</strong></span> <span class='ocrx_word' id='word_1_607' title='bbox 3151 2213 3424 2270; x_wconf 89' lang='lat' dir='ltr'><strong>hilaritate</strong></span> <span class='ocrx_word' id='word_1_608' title='bbox 3464 2206 3620 2263; x_wconf 83' lang='lat' dir='ltr'><strong>inde.—</strong></span> 
     </span>
    </p>
   </div>
   <div class='ocr_carea' id='block_1_82' title="bbox 2018 2305 3621 2398">
    <p class='ocr_par' dir='ltr' id='par_1_82' title="bbox 2018 2305 3621 2398">
     <span class='ocr_line' id='line_1_82' title="bbox 2018 2305 3621 2398; baseline -0.023 -6"><span class='ocrx_word' id='word_1_609' title='bbox 2018 2338 2302 2392; x_wconf 90' lang='lat' dir='ltr'><strong>sinentem.</strong></span> <span class='ocrx_word' id='word_1_610' title='bbox 2334 2327 2495 2392; x_wconf 77' lang='lat' dir='ltr'><strong>Verbi</strong></span> <span class='ocrx_word' id='word_1_611' title='bbox 2525 2326 2696 2398; x_wconf 90' lang='lat' dir='ltr'><strong>gratia</strong></span> <span class='ocrx_word' id='word_1_612' title='bbox 2719 2364 2733 2388; x_wconf 94' lang='lat'><strong>,</strong></span> <span class='ocrx_word' id='word_1_613' title='bbox 2776 2326 3023 2391; x_wconf 86' lang='lat' dir='ltr'><strong>precatus</strong></span> <span class='ocrx_word' id='word_1_614' title='bbox 3062 2322 3148 2370; x_wconf 89' lang='lat' dir='ltr'><strong>est</strong></span> <span class='ocrx_word' id='word_1_615' title='bbox 3189 2309 3386 2380; x_wconf 89' lang='lat' dir='ltr'><strong>aliquis</strong></span> <span class='ocrx_word' id='word_1_616' title='bbox 3427 2305 3621 2367; x_wconf 91' lang='lat' dir='ltr'><strong>Deum,</strong></span> 
     </span>
    </p>
   </div>
   <div class='ocr_carea' id='block_1_83' title="bbox 2011 2396 3623 2500">
    <p class='ocr_par' dir='ltr' id='par_1_83' title="bbox 2011 2396 3623 2500">
     <span class='ocr_line' id='line_1_83' title="bbox 2011 2396 3623 2500; baseline -0.022 -15"><span class='ocrx_word' id='word_1_617' title='bbox 2011 2431 2288 2500; x_wconf 68' lang='lat' dir='ltr'><strong>lacrymas</strong></span> <span class='ocrx_word' id='word_1_618' title='bbox 2327 2422 2485 2487; x_wconf 82' lang='lat' dir='ltr'><strong>fudit,</strong></span> <span class='ocrx_word' id='word_1_619' title='bbox 2517 2396 2731 2475; x_wconf 86' lang='lat' dir='ltr'><strong>modico</strong></span> <span class='ocrx_word' id='word_1_620' title='bbox 2770 2424 3013 2482; x_wconf 85' lang='lat' dir='ltr'><strong>tempore</strong></span> <span class='ocrx_word' id='word_1_621' title='bbox 3053 2410 3194 2463; x_wconf 88' lang='lat' dir='ltr'><strong>inter</strong></span> <span class='ocrx_word' id='word_1_622' title='bbox 3232 2399 3495 2458; x_wconf 87' lang='lat' dir='ltr'><strong>orandum</strong></span> <span class='ocrx_word' id='word_1_623' title='bbox 3521 2396 3623 2456; x_wconf 43' lang='lat' dir='ltr'><strong>do.-</strong></span> 
     </span>
    </p>
   </div>
   <div class='ocr_carea' id='block_1_84' title="bbox 2021 2496 3622 2587">
    <p class='ocr_par' dir='ltr' id='par_1_84' title="bbox 2021 2496 3622 2587">
     <span class='ocr_line' id='line_1_84' title="bbox 2021 2496 3622 2587; baseline -0.024 -9"><span class='ocrx_word' id='word_1_624' title='bbox 2021 2496 2156 2587; x_wconf 50' lang='lat' dir='ltr'><strong>luit}</strong></span> <span class='ocrx_word' id='word_1_625' title='bbox 2186 2519 2325 2575; x_wconf 89' lang='lat' dir='ltr'><strong>alius</strong></span> <span class='ocrx_word' id='word_1_626' title='bbox 2347 2524 2457 2571; x_wconf 92' lang='lat' dir='ltr'><strong>tota</strong></span> <span class='ocrx_word' id='word_1_627' title='bbox 2479 2513 2568 2569; x_wconf 89' lang='lat' dir='ltr'><strong>die</strong></span> <span class='ocrx_word' id='word_1_628' title='bbox 2594 2525 2656 2566; x_wconf 86' lang='lat' dir='ltr'><strong>se</strong></span> <span class='ocrx_word' id='word_1_629' title='bbox 2675 2505 2984 2566; x_wconf 87' lang='lat' dir='ltr'><strong>oblectavit,</strong></span> <span class='ocrx_word' id='word_1_630' title='bbox 3008 2497 3202 2556; x_wconf 86' lang='lat' dir='ltr'><strong>deinde</strong></span> <span class='ocrx_word' id='word_1_631' title='bbox 3223 2496 3622 2562; x_wconf 80' lang='lat' dir='ltr'><strong>eleemosyuam</strong></span> 
     </span>
    </p>
   </div>
   <div class='ocr_carea' id='block_1_85' title="bbox 2014 2589 3624 2681">
    <p class='ocr_par' dir='ltr' id='par_1_85' title="bbox 2014 2589 3624 2681">
     <span class='ocr_line' id='line_1_85' title="bbox 2014 2589 3624 2681; baseline -0.024 -9"><span class='ocrx_word' id='word_1_632' title='bbox 2014 2613 2190 2680; x_wconf 81' lang='lat' dir='ltr'><strong>dedit,</strong></span> <span class='ocrx_word' id='word_1_633' title='bbox 2219 2608 2502 2681; x_wconf 87' lang='lat' dir='ltr'><strong>jejunavit,</strong></span> <span class='ocrx_word' id='word_1_634' title='bbox 2531 2601 2676 2659; x_wconf 87' lang='lat' dir='ltr'><strong>aliud</strong></span> <span class='ocrx_word' id='word_1_635' title='bbox 2717 2598 2916 2670; x_wconf 89' lang='lat' dir='ltr'><strong>aliquid</strong></span> <span class='ocrx_word' id='word_1_636' title='bbox 2956 2593 3080 2652; x_wconf 92' lang='lat' dir='ltr'><strong>boui</strong></span> <span class='ocrx_word' id='word_1_637' title='bbox 3121 2589 3269 2654; x_wconf 82' lang='lat' dir='ltr'><strong>fecit,</strong></span> <span class='ocrx_word' id='word_1_638' title='bbox 3311 2594 3403 2642; x_wconf 91' lang='lat' dir='ltr'><strong>aut</strong></span> <span class='ocrx_word' id='word_1_639' title='bbox 3432 2590 3624 2638; x_wconf 91' lang='lat' dir='ltr'><strong>contu-</strong></span> 
     </span>
    </p>
   </div>
   <div class='ocr_carea' id='block_1_86' title="bbox 2026 2681 3627 2773">
    <p class='ocr_par' dir='ltr' id='par_1_86' title="bbox 2026 2681 3627 2773">
     <span class='ocr_line' id='line_1_86' title="bbox 2026 2681 3627 2773; baseline -0.026 -10"><span class='ocrx_word' id='word_1_640' title='bbox 2026 2707 2242 2763; x_wconf 90' lang='lat' dir='ltr'><strong>meliam</strong></span> <span class='ocrx_word' id='word_1_641' title='bbox 2284 2714 2473 2773; x_wconf 90' lang='lat' dir='ltr'><strong>passus</strong></span> <span class='ocrx_word' id='word_1_642' title='bbox 2513 2713 2619 2752; x_wconf 94' lang='lat' dir='ltr'><strong>non</strong></span> <span class='ocrx_word' id='word_1_643' title='bbox 2660 2691 2887 2765; x_wconf 83' lang='lat' dir='ltr'><strong>regessit</strong></span> <span class='ocrx_word' id='word_1_644' title='bbox 2925 2685 3166 2745; x_wconf 89' lang='lat' dir='ltr'><strong>convicia</strong></span> <span class='ocrx_word' id='word_1_645' title='bbox 3207 2699 3220 2735; x_wconf 93' lang='lat'>:</span> <span class='ocrx_word' id='word_1_646' title='bbox 3256 2681 3301 2735; x_wconf 88' lang='lat' dir='ltr'><strong>is</strong></span> <span class='ocrx_word' id='word_1_647' title='bbox 3342 2685 3627 2748; x_wconf 79' lang='lat' dir='ltr'><strong>postquam</strong></span> 
     </span>
    </p>
   </div>
   <div class='ocr_carea' id='block_1_87' title="bbox 2025 2773 3627 2866">
    <p class='ocr_par' dir='ltr' id='par_1_87' title="bbox 2025 2773 3627 2866">
     <span class='ocr_line' id='line_1_87' title="bbox 2025 2773 3627 2866; baseline -0.025 -9"><span class='ocrx_word' id='word_1_648' title='bbox 2025 2801 2186 2857; x_wconf 93' lang='lat' dir='ltr'><strong>unico</strong></span> <span class='ocrx_word' id='word_1_649' title='bbox 2226 2795 2484 2866; x_wconf 86' lang='lat' dir='ltr'><strong>temporis</strong></span> <span class='ocrx_word' id='word_1_650' title='bbox 2531 2795 2805 2847; x_wconf 90' lang='lat' dir='ltr'><strong>momento</strong></span> <span class='ocrx_word' id='word_1_651' title='bbox 2844 2779 3156 2855; x_wconf 88' lang='lat' dir='ltr'><strong>perduravit</strong></span> <span class='ocrx_word' id='word_1_652' title='bbox 3204 2782 3260 2830; x_wconf 89' lang='lat' dir='ltr'><strong>et</strong></span> <span class='ocrx_word' id='word_1_653' title='bbox 3298 2773 3432 2828; x_wconf 89' lang='lat' dir='ltr'><strong>iram</strong></span> <span class='ocrx_word' id='word_1_654' title='bbox 3475 2783 3627 2823; x_wconf 89' lang='lat' dir='ltr'><strong>com-</strong></span> 
     </span>
    </p>
   </div>
   <div class='ocr_carea' id='block_1_88' title="bbox 2027 2862 3631 2964">
    <p class='ocr_par' dir='ltr' id='par_1_88' title="bbox 2027 2862 3631 2964">
     <span class='ocr_line' id='line_1_88' title="bbox 2027 2862 3631 2964; baseline -0.024 -15"><span class='ocrx_word' id='word_1_655' title='bbox 2027 2892 2245 2964; x_wconf 86' lang='lat' dir='ltr'><strong>pressit,</strong></span> <span class='ocrx_word' id='word_1_656' title='bbox 2287 2862 2546 2943; x_wconf 80' lang='lat' dir='ltr'><strong>memoria</strong></span> <span class='ocrx_word' id='word_1_657' title='bbox 2587 2889 2735 2937; x_wconf 91' lang='lat' dir='ltr'><strong>recte</strong></span> <span class='ocrx_word' id='word_1_658' title='bbox 2774 2878 3036 2934; x_wconf 87' lang='lat' dir='ltr'><strong>factorum</strong></span> <span class='ocrx_word' id='word_1_659' title='bbox 3079 2868 3295 2925; x_wconf 85' lang='lat' dir='ltr'><strong>assidue</strong></span> <span class='ocrx_word' id='word_1_660' title='bbox 3330 2862 3529 2934; x_wconf 70' lang='lat' dir='ltr'><strong>gaudt-t</strong></span> <span class='ocrx_word' id='word_1_661' title='bbox 3568 2872 3631 2911; x_wconf 90' lang='lat' dir='ltr'><strong>ac</strong></span> 
     </span>
    </p>
   </div>
   <div class='ocr_carea' id='block_1_89' title="bbox 2027 2952 3628 3040">
    <p class='ocr_par' dir='ltr' id='par_1_89' title="bbox 2027 2952 3628 3040">
     <span class='ocr_line' id='line_1_89' title="bbox 2027 2952 3628 3040; baseline -0.022 0"><span class='ocrx_word' id='word_1_662' title='bbox 2027 2952 2258 3040; x_wconf 75' lang='lat' dir='ltr'><strong>lzetatur.</strong></span> <span class='ocrx_word' id='word_1_663' title='bbox 2293 2981 2362 3037; x_wconf 82' lang='lat' dir='ltr'><strong>At</strong></span> <span class='ocrx_word' id='word_1_664' title='bbox 2394 2979 2447 3034; x_wconf 92' lang='lat' dir='ltr'><strong>in</strong></span> <span class='ocrx_word' id='word_1_665' title='bbox 2469 2973 2614 3032; x_wconf 84' lang='lat' dir='ltr'><strong>vitiis</strong></span> <span class='ocrx_word' id='word_1_666' title='bbox 2649 2968 2979 3028; x_wconf 89' lang='lat' dir='ltr'><strong>contrarium</strong></span> <span class='ocrx_word' id='word_1_667' title='bbox 3006 2963 3237 3020; x_wconf 88' lang='lat' dir='ltr'><strong>accidit:</strong></span> <span class='ocrx_word' id='word_1_668' title='bbox 3263 2956 3442 3014; x_wconf 90' lang='lat' dir='ltr'><strong>intulit</strong></span> <span class='ocrx_word' id='word_1_669' title='bbox 3479 2952 3628 3020; x_wconf 88' lang='lat' dir='ltr'><strong>quis-</strong></span> 
     </span>
    </p>
   </div>
   <div class='ocr_carea' id='block_1_90' title="bbox 2030 3055 3632 3149">
    <p class='ocr_par' dir='ltr' id='par_1_90' title="bbox 2030 3055 3632 3149">
     <span class='ocr_line' id='line_1_90' title="bbox 2030 3055 3632 3149; baseline -0.022 -16"><span class='ocrx_word' id='word_1_670' title='bbox 2030 3079 2172 3149; x_wconf 88' lang='lat' dir='ltr'><strong>piant</strong></span> <span class='ocrx_word' id='word_1_671' title='bbox 2201 3073 2450 3144; x_wconf 90' lang='lat' dir='ltr'><strong>injuriam</strong></span> <span class='ocrx_word' id='word_1_672' title='bbox 2485 3074 2580 3124; x_wconf 89' lang='lat' dir='ltr'><strong>aut</strong></span> <span class='ocrx_word' id='word_1_673' title='bbox 2617 3063 2805 3121; x_wconf 90' lang='lat' dir='ltr'><strong>retulit</strong></span> <span class='ocrx_word' id='word_1_674' title='bbox 2836 3079 2850 3115; x_wconf 88' lang='lat'>:</span> <span class='ocrx_word' id='word_1_675' title='bbox 2891 3056 3089 3114; x_wconf 89' lang='lat' dir='ltr'><strong>deinde</strong></span> <span class='ocrx_word' id='word_1_676' title='bbox 3129 3055 3349 3110; x_wconf 85' lang='lat' dir='ltr'><strong>domum</strong></span> <span class='ocrx_word' id='word_1_677' title='bbox 3379 3057 3632 3102; x_wconf 78' lang='lat' dir='ltr'><strong>reversus</strong></span> 
     </span>
    </p>
   </div>
   <div class='ocr_carea' id='block_1_91' title="bbox 2027 3137 3633 3229">
    <p class='ocr_par' dir='ltr' id='par_1_91' title="bbox 2027 3137 3633 3229">
     <span class='ocr_line' id='line_1_91' title="bbox 2027 3137 3633 3229; baseline -0.024 0"><span class='ocrx_word' id='word_1_678' title='bbox 2027 3137 2234 3229; x_wconf 74' lang='lat' dir='ltr'><strong>arrodit</strong></span> <span class='ocrx_word' id='word_1_679' title='bbox 2253 3137 2361 3223; x_wconf 42' lang='lat' dir='ltr'><strong>&#39;cor</strong></span> <span class='ocrx_word' id='word_1_680' title='bbox 2382 3179 2566 3228; x_wconf 89' lang='lat' dir='ltr'><strong>suum,</strong></span> <span class='ocrx_word' id='word_1_681' title='bbox 2588 3160 2717 3216; x_wconf 90' lang='lat' dir='ltr'><strong>dum</strong></span> <span class='ocrx_word' id='word_1_682' title='bbox 2742 3154 2902 3213; x_wconf 87' lang='lat' dir='ltr'><strong>verba</strong></span> <span class='ocrx_word' id='word_1_683' title='bbox 2942 3166 3037 3208; x_wconf 90' lang='lat' dir='ltr'><strong>sua</strong></span> <span class='ocrx_word' id='word_1_684' title='bbox 3064 3153 3298 3217; x_wconf 89' lang='lat' dir='ltr'><strong>reputat,</strong></span> <span class='ocrx_word' id='word_1_685' title='bbox 3327 3156 3446 3212; x_wconf 71' lang='lat' dir='ltr'><strong>qua:</strong></span> <span class='ocrx_word' id='word_1_686' title='bbox 3473 3137 3633 3194; x_wconf 82' lang='lat' dir='ltr'><strong>toties</strong></span> 
     </span>
    </p>
   </div>
   <div class='ocr_carea' id='block_1_92' title="bbox 2028 3235 3632 3338">
    <p class='ocr_par' dir='ltr' id='par_1_92' title="bbox 2028 3235 3632 3338">
     <span class='ocr_line' id='line_1_92' title="bbox 2028 3235 3632 3338; baseline -0.024 -16"><span class='ocrx_word' id='word_1_687' title='bbox 2028 3281 2192 3338; x_wconf 89' lang='lat' dir='ltr'><strong>grave</strong></span> <span class='ocrx_word' id='word_1_688' title='bbox 2232 3261 2461 3317; x_wconf 85' lang='lat' dir='ltr'><strong>attulere</strong></span> <span class='ocrx_word' id='word_1_689' title='bbox 2499 3256 2777 3311; x_wconf 88' lang='lat' dir='ltr'><strong>damnum.</strong></span> <span class='ocrx_word' id='word_1_690' title='bbox 2834 3249 3175 3316; x_wconf 84' lang='lat' dir='ltr'><strong>Quapropter</strong></span> <span class='ocrx_word' id='word_1_691' title='bbox 3213 3239 3257 3293; x_wconf 91' lang='lat' dir='ltr'><strong>si</strong></span> <span class='ocrx_word' id='word_1_692' title='bbox 3303 3235 3632 3305; x_wconf 87' lang='lat' dir='ltr'><strong>voluptatem</strong></span> 
     </span>
    </p>
   </div>
   <div class='ocr_carea' id='block_1_93' title="bbox 2031 3327 3630 3424">
    <p class='ocr_par' dir='ltr' id='par_1_93' title="bbox 2031 3327 3630 3424">
     <span class='ocr_line' id='line_1_93' title="bbox 2031 3327 3630 3424; baseline -0.024 -6"><span class='ocrx_word' id='word_1_693' title='bbox 2031 3327 2290 3422; x_wconf 59' lang='lat' dir='ltr'><strong>sectaris,</strong></span> <span class='ocrx_word' id='word_1_694' title='bbox 2335 3353 2525 3424; x_wconf 81' lang='lat' dir='ltr'><strong>Fugite</strong></span> <span class='ocrx_word' id='word_1_695' title='bbox 2566 3345 2819 3422; x_wconf 78' lang='lat' dir='ltr'><strong>juveniles</strong></span> <span class='ocrx_word' id='word_1_696' title='bbox 2870 3334 3305 3407; x_wconf 70' lang='lat' dir='ltr'><strong>concupiscentia:</strong></span> <span class='ocrx_word' id='word_1_697' title='bbox 3349 3330 3450 3402; x_wconf 78' lang='lat'><strong>(2.</strong></span> <span class='ocrx_word' id='word_1_698' title='bbox 3496 3327 3630 3382; x_wconf 84' lang='lat' dir='ltr'><strong>Tim.</strong></span> 
     </span>
    </p>
   </div>
   <div class='ocr_carea' id='block_1_94' title="bbox 2028 3421 3636 3522">
    <p class='ocr_par' dir='ltr' id='par_1_94' title="bbox 2028 3421 3636 3522">
     <span class='ocr_line' id='line_1_94' title="bbox 2028 3421 3636 3522; baseline -0.021 -14"><span class='ocrx_word' id='word_1_699' title='bbox 2028 3453 2085 3508; x_wconf 76' lang='grc'><strong>2.</strong></span> <span class='ocrx_word' id='word_1_700' title='bbox 2128 3449 2238 3522; x_wconf 74' lang='grc'><strong>22)</strong></span> <span class='ocrx_word' id='word_1_701' title='bbox 2264 3493 2278 3515; x_wconf 86' lang='grc'><em>,</em></span> <span class='ocrx_word' id='word_1_702' title='bbox 2321 3457 2375 3504; x_wconf 92' lang='lat' dir='ltr'><strong>et</strong></span> <span class='ocrx_word' id='word_1_703' title='bbox 2419 3421 2829 3516; x_wconf 81' lang='lat' dir='ltr'><strong>temperantiam</strong></span> <span class='ocrx_word' id='word_1_704' title='bbox 2876 3442 3168 3498; x_wconf 83' lang='lat' dir='ltr'><strong>exerceto,</strong></span> <span class='ocrx_word' id='word_1_705' title='bbox 3211 3425 3409 3484; x_wconf 85' lang='lat' dir='ltr'><strong>divinis</strong></span> <span class='ocrx_word' id='word_1_706' title='bbox 3455 3421 3636 3478; x_wconf 88' lang='lat' dir='ltr'><strong>verbis</strong></span> 
     </span>
    </p>
   </div>
   <div class='ocr_carea' id='block_1_95' title="bbox 2023 3515 3633 3602">
    <p class='ocr_par' dir='ltr' id='par_1_95' title="bbox 2023 3515 3633 3602">
     <span class='ocr_line' id='line_1_95' title="bbox 2023 3515 3633 3602; baseline -0.024 0"><span class='ocrx_word' id='word_1_707' title='bbox 2023 3515 2267 3602; x_wconf 82' lang='lat' dir='ltr'><strong>attentus</strong></span> <span class='ocrx_word' id='word_1_708' title='bbox 2290 3550 2427 3598; x_wconf 80' lang='lat' dir='ltr'><strong>eSIO.</strong></span> <span class='ocrx_word' id='word_1_709' title='bbox 2470 3515 2598 3592; x_wconf 69' lang='lat' dir='ltr'><strong>llaec</strong></span> <span class='ocrx_word' id='word_1_710' title='bbox 2624 3533 2747 3590; x_wconf 90' lang='lat' dir='ltr'><strong>ideo</strong></span> <span class='ocrx_word' id='word_1_711' title='bbox 2767 3531 2919 3585; x_wconf 89' lang='lat' dir='ltr'><strong>vobis</strong></span> <span class='ocrx_word' id='word_1_712' title='bbox 2958 3525 3207 3587; x_wconf 88' lang='lat' dir='ltr'><strong>dicimus,</strong></span> <span class='ocrx_word' id='word_1_713' title='bbox 3233 3531 3291 3576; x_wconf 91' lang='lat' dir='ltr'><strong>ut</strong></span> <span class='ocrx_word' id='word_1_714' title='bbox 3313 3533 3410 3574; x_wconf 90' lang='lat' dir='ltr'><strong>vos</strong></span> <span class='ocrx_word' id='word_1_715' title='bbox 3442 3515 3633 3571; x_wconf 87' lang='lat' dir='ltr'><strong>eadem</strong></span> 
     </span>
    </p>
   </div>
   <div class='ocr_carea' id='block_1_96' title="bbox 2033 3609 3602 3698">
    <p class='ocr_par' dir='ltr' id='par_1_96' title="bbox 2033 3609 3602 3698">
     <span class='ocr_line' id='line_1_96' title="bbox 2033 3609 3602 3698; baseline -0.021 -4"><span class='ocrx_word' id='word_1_716' title='bbox 2033 3638 2137 3694; x_wconf 90' lang='lat' dir='ltr'><strong>illis</strong></span> <span class='ocrx_word' id='word_1_717' title='bbox 2175 3634 2425 3698; x_wconf 90' lang='lat' dir='ltr'><strong>dicendo,</strong></span> <span class='ocrx_word' id='word_1_718' title='bbox 2469 3639 2524 3687; x_wconf 90' lang='lat' dir='ltr'><strong>et</strong></span> <span class='ocrx_word' id='word_1_719' title='bbox 2566 3628 2759 3683; x_wconf 88' lang='lat' dir='ltr'><strong>talibus</strong></span> <span class='ocrx_word' id='word_1_720' title='bbox 2797 3621 2976 3679; x_wconf 87' lang='lat' dir='ltr'><strong>verbis</strong></span> <span class='ocrx_word' id='word_1_721' title='bbox 3014 3612 3381 3678; x_wconf 88' lang='lat' dir='ltr'><strong>obtundendo,</strong></span> <span class='ocrx_word' id='word_1_722' title='bbox 3420 3609 3602 3666; x_wconf 86' lang='lat' dir='ltr'><strong>abstra</strong></span> 
     </span>
    </p>
   </div>
   <div class='ocr_carea' id='block_1_97' title="bbox 2028 3702 3635 3786">
    <p class='ocr_par' dir='ltr' id='par_1_97' title="bbox 2028 3702 3635 3786">
     <span class='ocr_line' id='line_1_97' title="bbox 2028 3702 3635 3786; baseline -0.02 0"><span class='ocrx_word' id='word_1_723' title='bbox 2028 3731 2174 3786; x_wconf 38' lang='lat' dir='ltr'><strong>*ltatis</strong></span> <span class='ocrx_word' id='word_1_724' title='bbox 2208 3743 2301 3784; x_wconf 90' lang='lat' dir='ltr'><strong>eos</strong></span> <span class='ocrx_word' id='word_1_725' title='bbox 2340 3725 2409 3780; x_wconf 89' lang='lat' dir='ltr'><strong>ab</strong></span> <span class='ocrx_word' id='word_1_726' title='bbox 2447 3721 2593 3778; x_wconf 93' lang='lat' dir='ltr'><strong>omni</strong></span> <span class='ocrx_word' id='word_1_727' title='bbox 2632 3718 2774 3776; x_wconf 85' lang='lat' dir='ltr'><strong>mala</strong></span> <span class='ocrx_word' id='word_1_728' title='bbox 2811 3710 3218 3775; x_wconf 85' lang='lat' dir='ltr'><strong>consuetudine,</strong></span> <span class='ocrx_word' id='word_1_729' title='bbox 3265 3715 3432 3776; x_wconf 87' lang='lat' dir='ltr'><strong>utque</strong></span> <span class='ocrx_word' id='word_1_730' title='bbox 3456 3702 3635 3758; x_wconf 89' lang='lat' dir='ltr'><strong>omnia</strong></span> 
     </span>
    </p>
   </div>
   <div class='ocr_carea' id='block_1_98' title="bbox 2033 3795 3634 3890">
    <p class='ocr_par' dir='ltr' id='par_1_98' title="bbox 2033 3795 3634 3890">
     <span class='ocr_line' id='line_1_98' title="bbox 2033 3795 3634 3890; baseline -0.021 -10"><span class='ocrx_word' id='word_1_731' title='bbox 2033 3822 2260 3880; x_wconf 86' lang='lat' dir='ltr'><strong>rationis</strong></span> <span class='ocrx_word' id='word_1_732' title='bbox 2301 3819 2478 3890; x_wconf 87' lang='lat' dir='ltr'><strong>potius</strong></span> <span class='ocrx_word' id='word_1_733' title='bbox 2517 3817 2683 3870; x_wconf 89' lang='lat' dir='ltr'><strong>ductu</strong></span> <span class='ocrx_word' id='word_1_734' title='bbox 2712 3818 2871 3882; x_wconf 85' lang='lat' dir='ltr'><strong>agant</strong></span> <span class='ocrx_word' id='word_1_735' title='bbox 2913 3800 3300 3878; x_wconf 88' lang='lat' dir='ltr'><strong>persuadeatis.</strong></span> <span class='ocrx_word' id='word_1_736' title='bbox 3346 3795 3634 3853; x_wconf 75' lang='lat' dir='ltr'><strong>nominum</strong></span> 
     </span>
    </p>
   </div>
   <div class='ocr_carea' id='block_1_99' title="bbox 2035 3886 3637 3983">
    <p class='ocr_par' dir='ltr' id='par_1_99' title="bbox 2035 3886 3637 3983">
     <span class='ocr_line' id='line_1_99' title="bbox 2035 3886 3637 3983; baseline -0.021 -11"><span class='ocrx_word' id='word_1_737' title='bbox 2035 3919 2179 3973; x_wconf 91' lang='lat' dir='ltr'><strong>enim</strong></span> <span class='ocrx_word' id='word_1_738' title='bbox 2225 3913 2314 3983; x_wconf 89' lang='lat' dir='ltr'><strong>qui</strong></span> <span class='ocrx_word' id='word_1_739' title='bbox 2359 3922 2563 3966; x_wconf 89' lang='lat' dir='ltr'><strong>temere</strong></span> <span class='ocrx_word' id='word_1_740' title='bbox 2601 3914 2658 3962; x_wconf 89' lang='lat' dir='ltr'><strong>et</strong></span> <span class='ocrx_word' id='word_1_741' title='bbox 2699 3905 2816 3958; x_wconf 86' lang='lat' dir='ltr'><strong>sine</strong></span> <span class='ocrx_word' id='word_1_742' title='bbox 2863 3900 3072 3955; x_wconf 67' lang='lat' dir='ltr'><strong>ratione</strong></span> <span class='ocrx_word' id='word_1_743' title='bbox 3118 3894 3364 3949; x_wconf 88' lang='lat' dir='ltr'><strong>feruntur</strong></span> <span class='ocrx_word' id='word_1_744' title='bbox 3406 3904 3475 3944; x_wconf 94' lang='lat' dir='ltr'><strong>nc</strong></span> <span class='ocrx_word' id='word_1_745' title='bbox 3511 3886 3637 3941; x_wconf 82' lang='lat' dir='ltr'><strong>dili-</strong></span> 
     </span>
    </p>
   </div>
   <div class='ocr_carea' id='block_1_100' title="bbox 2035 3987 3640 4083">
    <p class='ocr_par' dir='ltr' id='par_1_100' title="bbox 2035 3987 3640 4083">
     <span class='ocr_line' id='line_1_100' title="bbox 2035 3987 3640 4083; baseline -0.021 -16"><span class='ocrx_word' id='word_1_746' title='bbox 2035 4011 2214 4083; x_wconf 90' lang='lat' dir='ltr'><strong>gentia</strong></span> <span class='ocrx_word' id='word_1_747' title='bbox 2240 4004 2457 4080; x_wconf 91' lang='lat' dir='ltr'><strong>quidem</strong></span> <span class='ocrx_word' id='word_1_748' title='bbox 2486 3997 2762 4074; x_wconf 87' lang='lat' dir='ltr'><strong>probanda</strong></span> <span class='ocrx_word' id='word_1_749' title='bbox 2788 4005 2868 4051; x_wconf 92' lang='lat' dir='ltr'><strong>est</strong></span> <span class='ocrx_word' id='word_1_750' title='bbox 2905 4013 2917 4049; x_wconf 92' lang='lat'><strong>:</strong></span> <span class='ocrx_word' id='word_1_751' title='bbox 2964 3991 3014 4046; x_wconf 89' lang='lat' dir='ltr'><strong>id</strong></span> <span class='ocrx_word' id='word_1_752' title='bbox 3047 3991 3188 4060; x_wconf 85' lang='lat' dir='ltr'><strong>quod</strong></span> <span class='ocrx_word' id='word_1_753' title='bbox 3222 3987 3304 4041; x_wconf 70' lang='lat' dir='ltr'><strong>vel</strong></span> <span class='ocrx_word' id='word_1_754' title='bbox 3331 4002 3397 4041; x_wconf 81' lang='lat' dir='ltr'><strong>ex</strong></span> <span class='ocrx_word' id='word_1_755' title='bbox 3429 4000 3490 4040; x_wconf 88' lang='lat' dir='ltr'><strong>ea</strong></span> <span class='ocrx_word' id='word_1_756' title='bbox 3518 3999 3640 4053; x_wconf 78' lang='lat' dir='ltr'><strong>qtt.e</strong></span> 
     </span>
    </p>
   </div>
   <div class='ocr_carea' id='block_1_101' title="bbox 2037 4081 3638 4164">
    <p class='ocr_par' dir='ltr' id='par_1_101' title="bbox 2037 4081 3638 4164">
     <span class='ocr_line' id='line_1_101' title="bbox 2037 4081 3638 4164; baseline -0.021 0"><span class='ocrx_word' id='word_1_757' title='bbox 2037 4081 2201 4164; x_wconf 82' lang='lat' dir='ltr'><strong>instat</strong></span> <span class='ocrx_word' id='word_1_758' title='bbox 2245 4102 2469 4157; x_wconf 85' lang='lat' dir='ltr'><strong>collecta</strong></span> <span class='ocrx_word' id='word_1_759' title='bbox 2514 4096 2645 4151; x_wconf 88' lang='lat' dir='ltr'><strong>satis</strong></span> <span class='ocrx_word' id='word_1_760' title='bbox 2690 4088 2990 4161; x_wconf 82' lang='lat' dir='ltr'><strong>apparebit.</strong></span> <span class='ocrx_word' id='word_1_761' title='bbox 3041 4085 3175 4139; x_wconf 89' lang='lat' dir='ltr'><strong>Dum</strong></span> <span class='ocrx_word' id='word_1_762' title='bbox 3215 4081 3359 4137; x_wconf 92' lang='lat' dir='ltr'><strong>enim</strong></span> <span class='ocrx_word' id='word_1_763' title='bbox 3398 4087 3638 4135; x_wconf 88' lang='lat' dir='ltr'><strong>sanctam</strong></span> 
     </span>
    </p>
   </div>
   <div class='ocr_carea' id='block_1_102' title="bbox 2038 4183 3643 4261">
    <p class='ocr_par' dir='ltr' id='par_1_102' title="bbox 2038 4183 3643 4261">
     <span class='ocr_line' id='line_1_102' title="bbox 2038 4183 3643 4261; baseline -0.022 0"><span class='ocrx_word' id='word_1_764' title='bbox 2038 4205 2384 4261; x_wconf 86' lang='lat' dir='ltr'><strong>Pentecostes</strong></span> <span class='ocrx_word' id='word_1_765' title='bbox 2423 4189 2790 4248; x_wconf 85' lang='lat' dir='ltr'><strong>celebritatem</strong></span> <span class='ocrx_word' id='word_1_766' title='bbox 2847 4193 3103 4254; x_wconf 86' lang='lat' dir='ltr'><strong>agemus,</strong></span> <span class='ocrx_word' id='word_1_767' title='bbox 3150 4186 3296 4232; x_wconf 90' lang='lat' dir='ltr'><strong>tanta</strong></span> <span class='ocrx_word' id='word_1_768' title='bbox 3354 4183 3643 4228; x_wconf 70' lang='lat' dir='ltr'><strong>concurret</strong></span> 
     </span>
    </p>
   </div>
   <div class='ocr_carea' id='block_1_103' title="bbox 2039 4269 3639 4358">
    <p class='ocr_par' dir='ltr' id='par_1_103' title="bbox 2039 4269 3639 4358">
     <span class='ocr_line' id='line_1_103' title="bbox 2039 4269 3639 4358; baseline -0.023 -3"><span class='ocrx_word' id='word_1_769' title='bbox 2039 4294 2343 4357; x_wconf 90' lang='lat' dir='ltr'><strong>multitudo,</strong></span> <span class='ocrx_word' id='word_1_770' title='bbox 2368 4299 2426 4346; x_wconf 91' lang='lat' dir='ltr'><strong>ut</strong></span> <span class='ocrx_word' id='word_1_771' title='bbox 2447 4300 2637 4358; x_wconf 90' lang='lat' dir='ltr'><strong>magna</strong></span> <span class='ocrx_word' id='word_1_772' title='bbox 2675 4282 2763 4339; x_wconf 87' lang='lat' dir='ltr'><strong>hic</strong></span> <span class='ocrx_word' id='word_1_773' title='bbox 2802 4281 3041 4336; x_wconf 86' lang='lat' dir='ltr'><strong>locorum</strong></span> <span class='ocrx_word' id='word_1_774' title='bbox 3063 4273 3309 4345; x_wconf 87' lang='lat' dir='ltr'><strong>angustia</strong></span> <span class='ocrx_word' id='word_1_775' title='bbox 3341 4269 3639 4326; x_wconf 86' lang='lat' dir='ltr'><strong>laboretur.</strong></span> 
     </span>
    </p>
   </div>
   <div class='ocr_carea' id='block_1_104' title="bbox 2039 4359 3644 4446">
    <p class='ocr_par' dir='ltr' id='par_1_104' title="bbox 2039 4359 3644 4446">
     <span class='ocr_line' id='line_1_104' title="bbox 2039 4359 3644 4446; baseline -0.022 0"><span class='ocrx_word' id='word_1_776' title='bbox 2039 4391 2148 4446; x_wconf 87' lang='lat' dir='ltr'><strong>Nec</strong></span> <span class='ocrx_word' id='word_1_777' title='bbox 2197 4397 2374 4441; x_wconf 88' lang='lat' dir='ltr'><strong>tamen</strong></span> <span class='ocrx_word' id='word_1_778' title='bbox 2421 4382 2563 4434; x_wconf 93' lang='lat' dir='ltr'><strong>ltunc</strong></span> <span class='ocrx_word' id='word_1_779' title='bbox 2612 4381 2935 4433; x_wconf 86' lang='lat' dir='ltr'><strong>conventum</strong></span> <span class='ocrx_word' id='word_1_780' title='bbox 2982 4365 3162 4437; x_wconf 88' lang='lat' dir='ltr'><strong>magni</strong></span> <span class='ocrx_word' id='word_1_781' title='bbox 3210 4364 3368 4428; x_wconf 88' lang='lat' dir='ltr'><strong>facio,</strong></span> <span class='ocrx_word' id='word_1_782' title='bbox 3400 4359 3644 4430; x_wconf 87' lang='lat' dir='ltr'><strong>quando-</strong></span> 
     </span>
    </p>
   </div>
   <div class='ocr_carea' id='block_1_105' title="bbox 2039 4457 3641 4554">
    <p class='ocr_par' dir='ltr' id='par_1_105' title="bbox 2039 4457 3641 4554">
     <span class='ocr_line' id='line_1_105' title="bbox 2039 4457 3641 4554; baseline -0.017 -19"><span class='ocrx_word' id='word_1_783' title='bbox 2039 4481 2257 4554; x_wconf 91' lang='lat' dir='ltr'><strong>quidem</strong></span> <span class='ocrx_word' id='word_1_784' title='bbox 2306 4476 2474 4546; x_wconf 77' lang='lat' dir='ltr'><strong>ntagis</strong></span> <span class='ocrx_word' id='word_1_785' title='bbox 2525 4487 2588 4528; x_wconf 71' lang='lat' dir='ltr'><strong>ex</strong></span> <span class='ocrx_word' id='word_1_786' title='bbox 2636 4485 2787 4525; x_wconf 88' lang='lat' dir='ltr'><strong>more</strong></span> <span class='ocrx_word' id='word_1_787' title='bbox 2836 4465 2931 4532; x_wconf 88' lang='lat' dir='ltr'><strong>fit,</strong></span> <span class='ocrx_word' id='word_1_788' title='bbox 2963 4478 3126 4535; x_wconf 89' lang='lat' dir='ltr'><strong>quam</strong></span> <span class='ocrx_word' id='word_1_789' title='bbox 3171 4457 3449 4528; x_wconf 81' lang='lat' dir='ltr'><strong>religionis</strong></span> <span class='ocrx_word' id='word_1_790' title='bbox 3490 4469 3641 4524; x_wconf 79' lang='lat' dir='ltr'><strong>ergo.</strong></span> 
     </span>
    </p>
   </div>
   <div class='ocr_carea' id='block_1_106' title="bbox 2042 4549 3642 4643">
    <p class='ocr_par' dir='ltr' id='par_1_106' title="bbox 2042 4549 3642 4643">
     <span class='ocr_line' id='line_1_106' title="bbox 2042 4549 3642 4643; baseline -0.018 -16"><span class='ocrx_word' id='word_1_791' title='bbox 2042 4549 2179 4643; x_wconf 88' lang='lat' dir='ltr'><strong>Quid</strong></span> <span class='ocrx_word' id='word_1_792' title='bbox 2214 4571 2373 4642; x_wconf 87' lang='lat' dir='ltr'><strong>igitur</strong></span> <span class='ocrx_word' id='word_1_793' title='bbox 2404 4566 2510 4620; x_wconf 89' lang='lat' dir='ltr'><strong>illis</strong></span> <span class='ocrx_word' id='word_1_794' title='bbox 2537 4562 2789 4618; x_wconf 82' lang='lat' dir='ltr'><strong>miserius</strong></span> <span class='ocrx_word' id='word_1_795' title='bbox 2815 4601 2829 4626; x_wconf 93' lang='lat'><strong>,</strong></span> <span class='ocrx_word' id='word_1_796' title='bbox 2863 4571 3090 4628; x_wconf 88' lang='lat' dir='ltr'><strong>quormn</strong></span> <span class='ocrx_word' id='word_1_797' title='bbox 3120 4562 3175 4609; x_wconf 94' lang='lat' dir='ltr'><strong>et</strong></span> <span class='ocrx_word' id='word_1_798' title='bbox 3202 4549 3526 4620; x_wconf 78' lang='lat' dir='ltr'><strong>negligentia</strong></span> <span class='ocrx_word' id='word_1_799' title='bbox 3563 4557 3642 4600; x_wconf 84' lang='lat' dir='ltr'><strong>tot</strong></span> 
     </span>
    </p>
   </div>
   <div class='ocr_carea' id='block_1_107' title="bbox 2039 4642 3642 4723">
    <p class='ocr_par' dir='ltr' id='par_1_107' title="bbox 2039 4642 3642 4723">
     <span class='ocr_line' id='line_1_107' title="bbox 2039 4642 3642 4723; baseline -0.018 -1"><span class='ocrx_word' id='word_1_800' title='bbox 2039 4642 2236 4723; x_wconf 81' lang='lat' dir='ltr'><strong>referta</strong></span> <span class='ocrx_word' id='word_1_801' title='bbox 2287 4671 2368 4717; x_wconf 88' lang='lat' dir='ltr'><strong>est</strong></span> <span class='ocrx_word' id='word_1_802' title='bbox 2409 4659 2757 4719; x_wconf 89' lang='lat' dir='ltr'><strong>criminibus,</strong></span> <span class='ocrx_word' id='word_1_803' title='bbox 2805 4663 2858 4707; x_wconf 89' lang='lat' dir='ltr'><strong>et</strong></span> <span class='ocrx_word' id='word_1_804' title='bbox 2886 4649 3160 4720; x_wconf 85' lang='lat' dir='ltr'><strong>diligentia</strong></span> <span class='ocrx_word' id='word_1_805' title='bbox 3195 4645 3397 4700; x_wconf 92' lang='lat' dir='ltr'><strong>nullam</strong></span> <span class='ocrx_word' id='word_1_806' title='bbox 3429 4642 3642 4697; x_wconf 85' lang='lat' dir='ltr'><strong>laudent</strong></span> 
     </span>
    </p>
   </div>
   <div class='ocr_carea' id='block_1_108' title="bbox 2040 4733 3645 4831">
    <p class='ocr_par' dir='ltr' id='par_1_108' title="bbox 2040 4733 3645 4831">
     <span class='ocr_line' id='line_1_108' title="bbox 2040 4733 3645 4831; baseline -0.017 -17"><span class='ocrx_word' id='word_1_807' title='bbox 2040 4753 2420 4831; x_wconf 81' lang='lat' dir='ltr'><strong>promeretur?</strong></span> <span class='ocrx_word' id='word_1_808' title='bbox 2468 4747 2720 4819; x_wconf 85' lang='lat' dir='ltr'><strong>Quisquis</strong></span> <span class='ocrx_word' id='word_1_809' title='bbox 2767 4744 2909 4800; x_wconf 88' lang='lat' dir='ltr'><strong>enim</strong></span> <span class='ocrx_word' id='word_1_810' title='bbox 2954 4742 3070 4795; x_wconf 85' lang='lat' dir='ltr'><strong>zelo</strong></span> <span class='ocrx_word' id='word_1_811' title='bbox 3126 4736 3339 4806; x_wconf 83' lang='lat' dir='ltr'><strong>pietatis</strong></span> <span class='ocrx_word' id='word_1_812' title='bbox 3386 4733 3453 4787; x_wconf 84' lang='lat' dir='ltr'><strong>ad</strong></span> <span class='ocrx_word' id='word_1_813' title='bbox 3505 4735 3645 4787; x_wconf 78' lang='lat' dir='ltr'><strong>hunc</strong></span> 
     </span>
    </p>
   </div>
   <div class='ocr_carea' id='block_1_109' title="bbox 2039 4828 3640 4912">
    <p class='ocr_par' dir='ltr' id='par_1_109' title="bbox 2039 4828 3640 4912">
     <span class='ocr_line' id='line_1_109' title="bbox 2039 4828 3640 4912; baseline -0.021 -2"><span class='ocrx_word' id='word_1_814' title='bbox 2039 4863 2240 4910; x_wconf 62' lang='lat' dir='ltr'><strong>coelum</strong></span> <span class='ocrx_word' id='word_1_815' title='bbox 2280 4843 2458 4904; x_wconf 87' lang='lat' dir='ltr'><strong>sobrie</strong></span> <span class='ocrx_word' id='word_1_816' title='bbox 2494 4844 2790 4912; x_wconf 78' lang='lat' dir='ltr'><strong>cupidoque</strong></span> <span class='ocrx_word' id='word_1_817' title='bbox 2831 4835 3060 4902; x_wconf 87' lang='lat' dir='ltr'><strong>accedit,</strong></span> <span class='ocrx_word' id='word_1_818' title='bbox 3094 4832 3210 4888; x_wconf 90' lang='lat' dir='ltr'><strong>sine</strong></span> <span class='ocrx_word' id='word_1_819' title='bbox 3238 4828 3640 4884; x_wconf 84' lang='lat' dir='ltr'><strong>intermissione</strong></span> 
     </span>
    </p>
   </div>
   <div class='ocr_carea' id='block_1_110' title="bbox 2042 4922 3647 5004">
    <p class='ocr_par' dir='ltr' id='par_1_110' title="bbox 2042 4922 3647 5004">
     <span class='ocr_line' id='line_1_110' title="bbox 2042 4922 3647 5004; baseline -0.02 -1"><span class='ocrx_word' id='word_1_820' title='bbox 2042 4948 2144 5003; x_wconf 87' lang='lat' dir='ltr'><strong>hoc</strong></span> <span class='ocrx_word' id='word_1_821' title='bbox 2176 4946 2352 4999; x_wconf 88' lang='lat' dir='ltr'><strong>facere</strong></span> <span class='ocrx_word' id='word_1_822' title='bbox 2395 4941 2577 5004; x_wconf 87' lang='lat' dir='ltr'><strong>debet,</strong></span> <span class='ocrx_word' id='word_1_823' title='bbox 2609 4948 2663 4992; x_wconf 85' lang='lat' dir='ltr'><strong>et</strong></span> <span class='ocrx_word' id='word_1_824' title='bbox 2693 4951 2800 4990; x_wconf 92' lang='lat' dir='ltr'><strong>non</strong></span> <span class='ocrx_word' id='word_1_825' title='bbox 2833 4948 2955 4990; x_wconf 86' lang='lat' dir='ltr'><strong>cum</strong></span> <span class='ocrx_word' id='word_1_826' title='bbox 2987 4930 3114 4995; x_wconf 85' lang='lat' dir='ltr'><strong>illis,</strong></span> <span class='ocrx_word' id='word_1_827' title='bbox 3149 4927 3237 4996; x_wconf 86' lang='lat' dir='ltr'><strong>qui</strong></span> <span class='ocrx_word' id='word_1_828' title='bbox 3285 4926 3335 4977; x_wconf 93' lang='lat' dir='ltr'><strong>iu</strong></span> <span class='ocrx_word' id='word_1_829' title='bbox 3368 4922 3505 4976; x_wconf 84' lang='lat' dir='ltr'><strong>festo</strong></span> <span class='ocrx_word' id='word_1_830' title='bbox 3539 4931 3647 4973; x_wconf 84' lang='lat' dir='ltr'><strong>tan-</strong></span> 
     </span>
    </p>
   </div>
   <div class='ocr_carea' id='block_1_111' title="bbox 2044 5017 3648 5099">
    <p class='ocr_par' dir='ltr' id='par_1_111' title="bbox 2044 5017 3648 5099">
     <span class='ocr_line' id='line_1_111' title="bbox 2044 5017 3648 5099; baseline -0.017 -4"><span class='ocrx_word' id='word_1_831' title='bbox 2044 5053 2152 5096; x_wconf 91' lang='lat' dir='ltr'><strong>tum</strong></span> <span class='ocrx_word' id='word_1_832' title='bbox 2187 5038 2496 5099; x_wconf 83' lang='lat' dir='ltr'><strong>conlinunt,</strong></span> <span class='ocrx_word' id='word_1_833' title='bbox 2542 5031 2800 5086; x_wconf 85' lang='lat' dir='ltr'><strong>accedere</strong></span> <span class='ocrx_word' id='word_1_834' title='bbox 2824 5069 2836 5091; x_wconf 85' lang='lat'><strong>,</strong></span> <span class='ocrx_word' id='word_1_835' title='bbox 2869 5035 2922 5082; x_wconf 89' lang='lat' dir='ltr'><strong>ct</strong></span> <span class='ocrx_word' id='word_1_836' title='bbox 2961 5040 3080 5080; x_wconf 90' lang='lat' dir='ltr'><strong>cum</strong></span> <span class='ocrx_word' id='word_1_837' title='bbox 3131 5020 3233 5075; x_wconf 88' lang='lat' dir='ltr'><strong>illis</strong></span> <span class='ocrx_word' id='word_1_838' title='bbox 3263 5017 3515 5074; x_wconf 87' lang='lat' dir='ltr'><strong>recedere</strong></span> <span class='ocrx_word' id='word_1_839' title='bbox 3540 5057 3552 5079; x_wconf 87' lang='lat'><strong>,</strong></span> <span class='ocrx_word' id='word_1_840' title='bbox 3590 5022 3648 5068; x_wconf 91' lang='lat' dir='ltr'><strong>ut</strong></span> 
     </span>
    </p>
   </div>
   <div class='ocr_carea' id='block_1_112' title="bbox 2041 5114 3294 5204">
    <p class='ocr_par' dir='ltr' id='par_1_112' title="bbox 2041 5114 3294 5204">
     <span class='ocr_line' id='line_1_112' title="bbox 2041 5114 3294 5204; baseline -0.02 -16"><span class='ocrx_word' id='word_1_841' title='bbox 2041 5134 2129 5204; x_wconf 90' lang='lat' dir='ltr'><strong>qui</strong></span> <span class='ocrx_word' id='word_1_842' title='bbox 2164 5143 2364 5186; x_wconf 87' lang='lat' dir='ltr'><strong>temere</strong></span> <span class='ocrx_word' id='word_1_843' title='bbox 2400 5125 2619 5190; x_wconf 81' lang='lat' dir='ltr'><strong>pecudis</strong></span> <span class='ocrx_word' id='word_1_844' title='bbox 2656 5123 2706 5175; x_wconf 92' lang='lat' dir='ltr'><strong>in</strong></span> <span class='ocrx_word' id='word_1_845' title='bbox 2741 5134 2947 5174; x_wconf 89' lang='lat' dir='ltr'><strong>morem</strong></span> <span class='ocrx_word' id='word_1_846' title='bbox 2980 5114 3294 5169; x_wconf 88' lang='lat' dir='ltr'><strong>abducatur.</strong></span> 
     </span>
    </p>
   </div>
   <div class='ocr_carea' id='block_1_113' title="bbox 2114 5203 3648 5293">
    <p class='ocr_par' dir='ltr' id='par_1_113' title="bbox 2114 5203 3648 5293">
     <span class='ocr_line' id='line_1_113' title="bbox 2114 5203 3648 5293; baseline -0.016 -12"><span class='ocrx_word' id='word_1_847' title='bbox 2114 5228 2168 5281; x_wconf 79' lang='grc'><strong>5.</strong></span> <span class='ocrx_word' id='word_1_848' title='bbox 2213 5223 2475 5293; x_wconf 86' lang='lat' dir='ltr'><strong>Equidem</strong></span> <span class='ocrx_word' id='word_1_849' title='bbox 2513 5226 2750 5289; x_wconf 89' lang='lat' dir='ltr'><strong>poteram</strong></span> <span class='ocrx_word' id='word_1_850' title='bbox 2784 5215 2884 5268; x_wconf 88' lang='lat' dir='ltr'><strong>hoc</strong></span> <span class='ocrx_word' id='word_1_851' title='bbox 2914 5209 3193 5267; x_wconf 83' lang='lat' dir='ltr'><strong>exordium</strong></span> <span class='ocrx_word' id='word_1_852' title='bbox 3235 5205 3502 5261; x_wconf 83' lang='lat' dir='ltr'><strong>sermonis</strong></span> <span class='ocrx_word' id='word_1_853' title='bbox 3531 5203 3648 5257; x_wconf 61' lang='lat' dir='ltr'><strong>diuo</strong></span> 
     </span>
    </p>
   </div>
   <div class='ocr_carea' id='block_1_114' title="bbox 2045 5299 3648 5378">
    <p class='ocr_par' dir='ltr' id='par_1_114' title="bbox 2045 5299 3648 5378">
     <span class='ocr_line' id='line_1_114' title="bbox 2045 5299 3648 5378; baseline -0.016 -5"><span class='ocrx_word' id='word_1_854' title='bbox 2045 5321 2148 5373; x_wconf 89' lang='lat' dir='ltr'><strong>tius</strong></span> <span class='ocrx_word' id='word_1_855' title='bbox 2189 5315 2519 5377; x_wconf 83' lang='lat' dir='ltr'><strong>extendere;</strong></span> <span class='ocrx_word' id='word_1_856' title='bbox 2561 5325 2746 5365; x_wconf 89' lang='lat' dir='ltr'><strong>verum</strong></span> <span class='ocrx_word' id='word_1_857' title='bbox 2778 5307 3028 5378; x_wconf 86' lang='lat' dir='ltr'><strong>quoniam</strong></span> <span class='ocrx_word' id='word_1_858' title='bbox 3069 5303 3180 5359; x_wconf 87' lang='lat' dir='ltr'><strong>scio</strong></span> <span class='ocrx_word' id='word_1_859' title='bbox 3230 5316 3326 5355; x_wconf 87' lang='lat' dir='ltr'><strong>vos</strong></span> <span class='ocrx_word' id='word_1_860' title='bbox 3367 5299 3499 5354; x_wconf 87' lang='lat' dir='ltr'><strong>citra</strong></span> <span class='ocrx_word' id='word_1_861' title='bbox 3546 5313 3648 5351; x_wconf 85' lang='lat' dir='ltr'><strong>no-</strong></span> 
     </span>
    </p>
   </div>
   <div class='ocr_carea' id='block_1_115' title="bbox 2043 5392 3646 5471">
    <p class='ocr_par' dir='ltr' id='par_1_115' title="bbox 2043 5392 3646 5471">
     <span class='ocr_line' id='line_1_115' title="bbox 2043 5392 3646 5471; baseline -0.016 -4"><span class='ocrx_word' id='word_1_862' title='bbox 2043 5424 2207 5468; x_wconf 87' lang='lat' dir='ltr'><strong>strattt</strong></span> <span class='ocrx_word' id='word_1_863' title='bbox 2257 5409 2629 5471; x_wconf 81' lang='lat' dir='ltr'><strong>munitionem,</strong></span> <span class='ocrx_word' id='word_1_864' title='bbox 2677 5412 2735 5457; x_wconf 91' lang='lat' dir='ltr'><strong>ut</strong></span> <span class='ocrx_word' id='word_1_865' title='bbox 2779 5402 2929 5455; x_wconf 87' lang='lat' dir='ltr'><strong>vobis</strong></span> <span class='ocrx_word' id='word_1_866' title='bbox 2978 5399 3194 5468; x_wconf 81' lang='lat' dir='ltr'><strong>dignum</strong></span> <span class='ocrx_word' id='word_1_867' title='bbox 3245 5404 3321 5447; x_wconf 78' lang='lat' dir='ltr'><strong>est</strong></span> <span class='ocrx_word' id='word_1_868' title='bbox 3371 5392 3646 5453; x_wconf 84' lang='lat' dir='ltr'><strong>facietttes,</strong></span> 
     </span>
    </p>
   </div>
   <div class='ocr_carea' id='block_1_116' title="bbox 2044 5487 3648 5577">
    <p class='ocr_par' dir='ltr' id='par_1_116' title="bbox 2044 5487 3648 5577">
     <span class='ocr_line' id='line_1_116' title="bbox 2044 5487 3648 5577; baseline -0.014 -17"><span class='ocrx_word' id='word_1_869' title='bbox 2044 5507 2194 5577; x_wconf 85' lang='lat' dir='ltr'><strong>plura</strong></span> <span class='ocrx_word' id='word_1_870' title='bbox 2225 5504 2386 5558; x_wconf 87' lang='lat' dir='ltr'><strong>etiam</strong></span> <span class='ocrx_word' id='word_1_871' title='bbox 2416 5501 2688 5562; x_wconf 82' lang='lat' dir='ltr'><strong>dicturos,</strong></span> <span class='ocrx_word' id='word_1_872' title='bbox 2726 5512 2882 5566; x_wconf 88' lang='lat' dir='ltr'><strong>quant</strong></span> <span class='ocrx_word' id='word_1_873' title='bbox 2916 5496 3057 5548; x_wconf 88' lang='lat' dir='ltr'><strong>dicta</strong></span> <span class='ocrx_word' id='word_1_874' title='bbox 3087 5501 3234 5557; x_wconf 80' lang='lat' dir='ltr'><strong>sunt,</strong></span> <span class='ocrx_word' id='word_1_875' title='bbox 3282 5504 3348 5543; x_wconf 91' lang='lat' dir='ltr'><strong>ne</strong></span> <span class='ocrx_word' id='word_1_876' title='bbox 3393 5487 3648 5541; x_wconf 79' lang='lat' dir='ltr'><strong>molestus</strong></span> 
     </span>
    </p>
   </div>
   <div class='ocr_carea' id='block_1_117' title="bbox 2042 5579 3652 5657">
    <p class='ocr_par' dir='ltr' id='par_1_117' title="bbox 2042 5579 3652 5657">
     <span class='ocr_line' id='line_1_117' title="bbox 2042 5579 3652 5657; baseline -0.012 -5"><span class='ocrx_word' id='word_1_877' title='bbox 2042 5599 2142 5652; x_wconf 90' lang='lat' dir='ltr'><strong>sim</strong></span> <span class='ocrx_word' id='word_1_878' title='bbox 2172 5597 2378 5650; x_wconf 91' lang='lat' dir='ltr'><strong>illorum</strong></span> <span class='ocrx_word' id='word_1_879' title='bbox 2402 5588 2860 5657; x_wconf 80' lang='lat' dir='ltr'><strong>objurgation&#39;tbus</strong></span> <span class='ocrx_word' id='word_1_880' title='bbox 2887 5584 3241 5643; x_wconf 84' lang='lat' dir='ltr'><strong>immorando,</strong></span> <span class='ocrx_word' id='word_1_881' title='bbox 3270 5581 3468 5650; x_wconf 89' lang='lat' dir='ltr'><strong>reliqua</strong></span> <span class='ocrx_word' id='word_1_882' title='bbox 3497 5579 3652 5633; x_wconf 85' lang='lat' dir='ltr'><strong>vobis</strong></span> 
     </span>
    </p>
   </div>
   <div class='ocr_carea' id='block_1_118' title="bbox 2043 5672 3646 5751">
    <p class='ocr_par' dir='ltr' id='par_1_118' title="bbox 2043 5672 3646 5751">
     <span class='ocr_line' id='line_1_118' title="bbox 2043 5672 3646 5751; baseline -0.012 -7"><span class='ocrx_word' id='word_1_883' title='bbox 2043 5692 2221 5745; x_wconf 89' lang='lat' dir='ltr'><strong>omnia</strong></span> <span class='ocrx_word' id='word_1_884' title='bbox 2241 5687 2697 5751; x_wconf 84' lang='lat' dir='ltr'><strong>c0unuittcns,ad</strong></span> <span class='ocrx_word' id='word_1_885' title='bbox 2719 5682 2930 5736; x_wconf 88' lang='lat' dir='ltr'><strong>solitam</strong></span> <span class='ocrx_word' id='word_1_886' title='bbox 2963 5679 3261 5734; x_wconf 82' lang='lat' dir='ltr'><strong>doctrinam</strong></span> <span class='ocrx_word' id='word_1_887' title='bbox 3297 5685 3350 5730; x_wconf 88' lang='lat' dir='ltr'><strong>et</strong></span> <span class='ocrx_word' id='word_1_888' title='bbox 3380 5674 3441 5728; x_wconf 86' lang='lat' dir='ltr'><strong>ad</strong></span> <span class='ocrx_word' id='word_1_889' title='bbox 3478 5672 3646 5726; x_wconf 79' lang='lat' dir='ltr'><strong>histo-</strong></span> 
     </span>
    </p>
   </div>
   <div class='ocr_carea' id='block_1_119' title="bbox 2051 5765 3647 5844">
    <p class='ocr_par' dir='ltr' id='par_1_119' title="bbox 2051 5765 3647 5844">
     <span class='ocr_line' id='line_1_119' title="bbox 2051 5765 3647 5844; baseline -0.011 -7"><span class='ocrx_word' id='word_1_890' title='bbox 2051 5788 2181 5837; x_wconf 82' lang='lat' dir='ltr'><strong>riattt</strong></span> <span class='ocrx_word' id='word_1_891' title='bbox 2214 5783 2278 5836; x_wconf 85' lang='lat' dir='ltr'><strong>dc</strong></span> <span class='ocrx_word' id='word_1_892' title='bbox 2306 5783 2454 5832; x_wconf 68' lang='lat' dir='ltr'><strong>Atina</strong></span> <span class='ocrx_word' id='word_1_893' title='bbox 2486 5787 2744 5832; x_wconf 76' lang='lat' dir='ltr'><strong>revertor.</strong></span> <span class='ocrx_word' id='word_1_894' title='bbox 2777 5775 2960 5844; x_wconf 82' lang='lat' dir='ltr'><strong>Neque</strong></span> <span class='ocrx_word' id='word_1_895' title='bbox 2992 5772 3279 5836; x_wconf 75' lang='lat' dir='ltr'><strong>ltlll‘Cllllltl,</strong></span> <span class='ocrx_word' id='word_1_896' title='bbox 3307 5767 3444 5838; x_wconf 82' lang='lat' dir='ltr'><strong>quod</strong></span> <span class='ocrx_word' id='word_1_897' title='bbox 3471 5765 3647 5822; x_wconf 67' lang='lat' dir='ltr'><strong>adhuc</strong></span> 
     </span>
    </p>
   </div>
  </div>
