4178 6330
642 336 750 397 065

621 448 678 506 in
719 450 912 507 eodem
937 448 1595 529 argumentolhasreamus.
1644 446 1762 502 Non
1801 446 1944 502 enim
1988 456 2206 514 possum

1363 331 1422 393 S.
1459 330 1735 393 JORNNIS
1759 323 2234 390 CHRYSOSTOII
2270 324 2589 387 ARCHIEP.
2625 330 3163 395 CONS‘I'ANTINOB.

2313 440 2368 495 ϐ.
2396 442 2584 524 'l).'De
2627 444 2721 502 Dei
2765 454 2947 504 autem
2988 446 3157 519 gloria
3201 461 3310 503 no
3360 447 3461 516 sic,
3498 458 3558 505 at
3589 455 3906 521 quosi-udo?

625 541 903 598 mulierem
933 541 1069 595 hanc
1096 555 1159 594 ex
1190 539 1372 595 animo
1396 553 1518 595 tneo
1561 539 1820 602 eximere,
1866 549 2033 607 usque
2071 533 2209 588 adeo
2323 531 2718 592 Vertumnum
2739 536 2836 592 Dei
2859 540 2912 592 in
2930 548 3172 598 aeternam
3198 537 3538 615 oriundusei.
3583 542 3679 598 ιο.
3709 543 3791 614 8).
3843 543 3907 599 ld

625 634 850 689 formam
870 629 1064 688 animae
1087 631 1203 702 ejus
1227 645 1291 687 ac
1315 629 1761 702 pulchritudinem
1787 627 2041 681 admiror.
2067 626 2205 680 Amo

618 725 762 780 enim
791 723 977 778 oculos
1021 739 1310 794 numquam
1343 737 1448 776 non
1494 721 1633 775 inter
1673 715 1995 788 precandum
2026 715 2200 786 lacry-

623 825 854 882 tnantes,
883 824 938 870 et
962 830 1026 871 os
1051 815 1292 886 labiaque
1319 828 1422 868 non
1450 811 1719 867 accersitis
1749 810 1881 865 fucis
1910 807 2202 872 rubricata,

618 906 714 962 sed
741 908 930 979 gratiis
963 907 1074 963 Deo
1100 907 1321 978 agendis
1347 916 1531 962 ornata
1552 947 1567 971 ,
1599 904 1771 975 qualia
1801 912 1952 959 erant
1980 901 2203 973 hujusce

618 997 864 1053 mulieris
893 1038 911 1063 ,
959 997 1110 1067 cujus
1159 994 1550 1066 philosophiam
1598 1005 1874 1064 tantopere
1917 993 2198 1048 admiror:

615 1089 860 1145 admiror
880 1098 1056 1143 autem
1095 1087 1263 1158 magis
1286 1129 1302 1152 ,
1341 1087 1483 1158 quod
1516 1088 1707 1142 mulier
1748 1101 1868 1142 cum
1911 1093 2092 1149 esset,
2133 1083 2199 1138 ad

618 1182 760 1236 inme
786 1180 1002 1236 modum
1033 1180 1404 1252 philusophata
1430 1189 1550 1243 est;
1583 1179 1795 1245 mulier,
1817 1180 2054 1250 inquam,
2081 1192 2201 1249 qua

615 1271 839 1325 multum
885 1279 940 1326 ct
985 1287 1014 1325 a
1059 1272 1240 1327 multis
1282 1272 1421 1326 male
1458 1270 1626 1326 audit.
1657 1273 1698 1326 Α
1725 1270 1965 1335 muliere,
2007 1268 2197 1338 inquit,

612 1361 816 1416 initium
860 1362 1052 1431 peccati
1071 1402 1087 1426 ,
1119 1379 1209 1434 per
1247 1380 1360 1418 eam
1399 1380 1570 1420 omnes
1607 1364 1757 1416 morti
1785 1362 1988 1417 obnoxii
2023 1377 2199 1417 saeuis

619 1452 805 1523 (Eucti.
830 1453 921 1511 25.
949 1455 1041 1526 53)
1070 1473 1084 1510 :
1111 1465 1161 1510 et
1194 1457 1380 1511 iterum
1406 1475 1420 1510 :
1447 1456 1614 1525 Parva
1635 1465 1707 1510 est
1730 1455 1958 1525 qualibet
1981 1455 2196 1521 malitia,

612 1544 660 1598 si
687 1543 755 1596 ad
785 1545 1006 1598 mulieris
1033 1543 1286 1622 tristitiam.
1316 1549 1606 1617 conferatur
1644 1545 1820 1618 (Ibid.
1850 1563 1898 1601 ο.
1953 1544 2024 1600 96
2045 1544 2090 1616 ).
2130 1543 2199 1599 Et

614 1635 810 1690 Paulus
835 1635 982 1701 dicit,
1011 1635 1177 1690 Adam
1205 1638 1337 1692 enim
1365 1654 1466 1693 non
1492 1649 1563 1693 est
1588 1640 1846 1710 deceptus,
1889 1640 2070 1694 mulier
2095 1655 2195 1697 att-

614 1735 715 1779 tent
740 1724 949 1792 decepta
987 1728 1258 1780 constituta
1295 1736 1370 1781 est
1405 1728 1458 1782 in
1502 1729 1915 1797 praevaricatione
1940 1727 1961 1802 (
1983 1729 2033 1783 Ι.
2059 1727 2192 1783 Tim.

611 1814 667 1869 2.
697 1816 811 1886 ιι).
840 1815 952 1873 Hoc
970 1825 1053 1873 est
1073 1833 1170 1872 cur
1193 1818 1338 1873 illam
1361 1819 1593 1875 maxime
1612 1820 1865 1886 admirer,
1890 1819 2029 1890 quod
2057 1819 2195 1875 hanc

613 1903 1041 1962 criminationem
1069 1891 1318 1973 diluerit,
1346 1909 1488 1981 quod
1519 1910 1655 1965 hanc
1678 1911 2071 1968 accusationem
2103 1925 2194 1967 re-

609 1994 825 2073 iecerit,
851 1997 995 2068 quod
1024 2013 1145 2054 cum
1183 2010 1329 2055 esset
1357 2015 1422 2056 ex
1449 2000 1698 2060 incusato
1727 2017 1880 2068 sexu,
1910 2002 2194 2073 opprobria

612 2067 712 2138 ista
738 2067 918 2142 omnia
954 2087 1289 2156 discusserit,
1317 2105 1489 2162 reque
1506 2091 1621 2162 ipsa
1650 2067 1912 2155 docuerit,
1943 2093 2062 2148 illas
2086 2107 2192 2149 non

610 2174 747 2230 tales
769 2185 955 2232 natura
983 2177 1167 2246 ﬁnisse,
1190 2181 1282 2235 sed
1307 2181 1576 2237 voluntate
1600 2184 1917 2252 propriaque
1941 2185 2188 2254 segnitie,

609 2271 667 2317 et
697 2263 819 2320 huic
845 2281 1058 2338 quoque
1083 2270 1235 2324 sexui
1263 2268 1332 2324 ad
1353 2270 1562 2326 virtutis
1587 2269 1851 2341 fastigium
1879 2272 2042 2328 licere
2070 2286 2192 2342 per-

609 2357 837 2428 tingere.
870 2358 1275 2416 Contentiosum
1318 2360 1460 2416 enim
1490 2371 1572 2417 est
1615 2361 1716 2419 hoc
1753 2364 1950 2420 animal
1978 2373 2032 2419 et
2060 2379 2189 2434 pro-

611 2457 816 2500 tervum
834 2487 852 2512 ,
879 2458 934 2503 et
961 2449 1004 2504 si
1035 2449 1101 2505 ad
1127 2450 1384 2507 malitiam
1411 2450 1675 2514 declinet,
1708 2467 1898 2523 magna
1927 2454 2064 2510 mala
2097 2469 2191 2525 pa-

608 2545 756 2605 trat;
799 2539 842 2593 si
870 2539 937 2594 ad
968 2541 1217 2597 virtutem
1259 2556 1320 2599 se
1360 2543 1627 2613 applicet,
1658 2544 1833 2599 anima
1873 2546 2031 2601 citius
2069 2561 2189 2602 eam

605 2627 895 2697 destituat,
926 2646 1087 2702 quam
1119 2633 1449 2702 propositum
1475 2641 1663 2690 mutet.

677 2715 967 2790 Εεροηὶηη·
1002 2721 1163 2790 Annis
1201 2724 1569 2780 cratim—Ita
1609 2726 1766 2795 igitur
1815 2729 1929 2782 haec
1973 2743 2185 2801 quoque

605 2813 851 2864 naturam
889 2824 1043 2864 suam
1083 2812 1371 2880 superavit,
1415 2815 1784 2870 necessitatem
1833 2820 2092 2888 pervicit,
2132 2829 2188 2877 et

603 2897 917 2955 assiduitate
955 2901 1203 2970 precandi
1247 2904 1418 2960 vulvas
1445 2908 1613 2962 sterili
1657 2908 1823 2964 illium
1859 2912 2179 2982 impetravit.

602 2987 941 3060 Quapropter
975 3005 1186 3055 rursum
1230 2994 1298 3050 ad
1336 3010 1528 3066 preces
1567 2998 1843 3071 confugit,
1874 3002 2035 3057 etiam
2065 3012 2188 3074 post

605 3079 948 3151 impetratam
975 3085 1201 3154 gratiam
1229 3087 1296 3144 ad
1332 3087 1474 3145 hunc
1513 3091 1728 3146 modum
1759 3092 1982 3165 loquens
2007 3113 2022 3149 :
2044 3095 2183 3153 Cou-

603 3170 865 3238 ﬁrtuetunt
886 3182 961 3228 est
983 3191 1072 3229 cor
1095 3193 1261 3233 meum
1287 3179 1340 3233 iu
1364 3178 1604 3248 Domino,
1626 3185 1900 3240 exaltatum
1925 3195 2002 3242 est
2026 3203 2187 3244 carust

602 3276 771 3316 meum
796 3262 852 3321 in
879 3263 990 3319 Deo
1014 3283 1142 3327 meo.
1187 3268 1328 3337 Quid
1361 3271 1659 3341 significent
1684 3274 1799 3331 haec
1828 3277 1987 3333 verba
2005 3319 2020 3344 ,
2045 3278 2183 3336 Cou-

597 3351 863 3442 friuutant
907 3363 980 3410 est
1018 3372 1106 3410 eor
1140 3373 1304 3414 meam
1343 3362 1395 3415 in
1428 3361 1668 3429 Domino,
1709 3380 1882 3437 nuper
1918 3384 2007 3426 me
2042 3371 2184 3442 apud

601 3441 879 3499 raritatem
901 3456 1130 3502 vestram
1153 3449 1468 3508 disseruisse
1493 3455 1640 3509 scitis
1659 3455 1760 3526 (n):
1777 3471 2019 3529 superest
2042 3441 2186 3520 nunc

603 3540 665 3586 ut
687 3547 751 3588 ea
775 3549 894 3603 quae
928 3535 1185 3609 deinceps
1217 3554 1544 3612 sequuntur,
1589 3546 2019 3620 interpretemur.
2047 3553 2182 3611 Cum

601 3621 745 3686 enim
771 3623 1023 3693 dixisset,
1062 3629 1426 3699 Conﬁrmatmu
1452 3646 1526 3690 est
1552 3652 1640 3691 cor
1663 3655 1826 3694 meum
1849 3643 1903 3696 in
1926 3641 2148 3699 Domino
2164 3687 2182 3713 ,

605 3729 729 3785 suos
758 3715 1030 3784 suhjunxit
1052 3737 1066 3772 :
1088 3718 1383 3778 Faustum
1402 3736 1474 3780 est
1497 3713 1654 3781 cornu
1673 3746 1838 3784 meum
1854 3731 1908 3785 in
1924 3731 2032 3788 Deo
2073 3750 2187 3790 meo

609 3804 686 3875 (ί.
729 3805 855 3877 Reg.
885 3807 941 3861 εὶ.
976 3810 1047 3879 Ι).
1076 3809 1210 3879 Quid
1239 3823 1342 3880 est,
1373 3815 1541 3871 Cornu
1568 3821 1774 3875 meum?
1797 3820 2007 3878 Etenim
2035 3825 2184 3882 Scri-

605 3903 757 3966 ptura
787 3897 888 3950 hac
915 3896 1151 3957 dictione
1173 3917 1318 3978 sepe
1343 3903 1416 3958 uti
1442 3908 1614 3974 solet;
1647 3911 1784 3965 sicut
1804 3914 2016 3982 quando
2033 3915 2184 3985 dicit,

609 3982 901 4039 limitatqu
929 3998 1003 4043 est
1026 4005 1184 4046 corna
1203 3993 1496 4066 ejusU’sal.
1517 3998 1602 4052 τι.
1635 4000 1690 4054 ll
1703 4004 1744 4069 ),
1769 4013 1823 4057 et
1847 4021 1861 4057 :
1890 3982 2184 4075 Eutltatuni

606 4084 681 4129 est
708 4092 865 4134 contu
890 4080 1068 4134 cltristi
1096 4083 1207 4152 ejus
1235 4083 1310 4155 (l.
1342 4086 1467 4159 Reg.
1494 4087 1549 4142 2.
1583 4089 1691 4158 10).
1719 4094 1854 4161 Quid
1883 4096 2041 4166 igitur
2067 4108 2184 4156 tan-

604 4179 727 4224 dem
753 4186 921 4226 cornu
951 4177 1226 4231 nominat?
1249 4178 1569 4248 Potentiam,
1590 4184 1833 4254 gloriam,
1862 4189 2182 4262 claritatem,

605 4275 633 4312 a
686 4260 854 4316 brutis
897 4265 1256 4323 animantibus
1295 4268 1432 4326 hanc
1469 4274 1832 4345 metaphoram
1877 4260 2181 4340 mutuatus:

606 4365 728 4405 nam
754 4351 894 4409 Deus
922 4359 1220 4414 ornamenti
1249 4374 1312 4416 ac
1338 4361 1428 4419 teli
1460 4364 1575 4420 vice
1598 4380 1796 4422 cornua
1826 4369 1929 4426 illis
1957 4372 2183 4443 addidit,

603 4443 796 4511 quibus
837 4447 1046 4503 amissis
1079 4451 1400 4521 prmeipuarn
1434 4455 1622 4512 virium
1662 4468 1867 4529 partem
1896 4465 2181 4521 amittunt:

605 4543 660 4588 et
688 4537 825 4592 sicut
855 4537 1073 4596 inermis
1100 4543 1255 4599 miles
1273 4586 1286 4608 ,
1320 4547 1390 4600 ita
1418 4557 1472 4603 et
1504 4557 1686 4606 taurus
1711 4551 1911 4625 absque
1933 4559 2185 4615 cornibus

611 4625 859 4704 perfacile
883 4631 1109 4700 capitur.
1141 4631 1282 4692 Nihil
1311 4635 1468 4710 igitur
1494 4639 1636 4695 aliud
1661 4642 1791 4698 dicit
1819 4643 1934 4701 lucc
1961 4648 2181 4718 mulier,

605 4733 784 4782 quam,
814 4719 1051 4775 Exaltata
1074 4731 1154 4778 est
1172 4723 1340 4794 gloria
1371 4741 1507 4782 mea.
1533 4729 1599 4784 Et
1622 4734 1889 4801 quomodo
1912 4738 2141 4799 exaltata
2161 4740 2187 4792 τ

611 4813 675 4864 In
705 4809 816 4864 Deo
843 4827 983 4876 meo,
1028 4813 1217 4884 inquit.
1251 4816 1375 4872 Ideo
1417 4819 1470 4873 iu
1501 4827 1611 4874 tuto
1636 4831 1718 4877 est
1749 4823 1862 4880 haec
1890 4827 2184 4897 celsitudo,

608 4913 807 4973 utqute
857 4904 1062 4960 limam
1106 4916 1266 4980 atque
1312 4909 1639 4967 immobilem
1689 4915 1921 4973 radicem
1972 4919 2184 4978 habeat.

606 4991 784 5048 Gloria
829 4998 970 5048 enim
1011 5011 1130 5067 qua:
1175 5007 1261 5053 est
1300 4999 1370 5054 ab
1409 5000 1733 5070 hominibus,
1779 5008 2186 5078 glorificautiutn

607 5084 861 5140 vilitatem
894 5086 1128 5142 imitatttr
1150 5129 1166 5153 ,
1211 5090 1352 5147 unde
1383 5090 1442 5146 fit
1469 5103 1528 5148 ut
1556 5095 1708 5153 facile
1733 5101 2103 5170 subvertatur;
2133 5116 2189 5164 at

608 5192 715 5230 non
736 5176 815 5230 sic
837 5176 927 5232 Dei
949 5177 1247 5247 gloria,sed
1270 5183 1557 5240 immobilis
1577 5199 1756 5246 manet
1775 5192 1826 5246 in
1848 5206 2186 5264 perpetuum.

610 5271 782 5338 Atque
811 5267 927 5324 haec
958 5277 1180 5334 utraque
1225 5276 1485 5347 propheta
1529 5277 1843 5350 declarans,
1894 5295 2002 5341 tam
2049 5288 2191 5347 illius

609 5359 963 5427 debilitatem,
1011 5378 1171 5432 quam
1219 5366 1374 5436 hujus
1421 5368 1748 5438 firmitatem,
1792 5375 1871 5430 sic
1919 5377 2187 5449 loquitur:

613 5448 792 5505 Omnis
815 5469 935 5506 caro
959 5455 1147 5522 [cuum
1171 5495 1185 5520 ,
1225 5468 1272 5510 et
1300 5459 1464 5512 omnis
1488 5459 1654 5530 g'ort'a
1684 5461 1897 5519 hominis
1930 5448 2188 5536 (diuquam

611 5542 706 5607 ﬂos
732 5541 872 5608 fani.
893 5539 1113 5597 Exstruit
1140 5548 1346 5614 frenum,
1380 5558 1424 5600 et
1450 5549 1546 5617 ﬂos
1574 5551 1685 5620 ejus
1707 5551 1889 5608 decidit
1919 5556 2069 5614 (leui.
2093 5560 2184 5615 40.

673 5674 1042 5756 (φιδςξηιᾳὶηιε
1077 5678 1126 5728 in
1163 5692 1259 5743 quo
1298 5681 1400 5731 hac
1444 5682 1826 5746 explicabuntur,
1865 5688 1948 5752 qui
1991 5701 2190 5756 quartus

611 5744 736 5797 erat,
759 5737 1008 5790 intauidit

2309 627 2451 697 quod
2469 629 2552 684 vel
2578 629 2632 685 in
2654 629 2754 686 hac
2773 631 2998 688 muliere
3027 642 3194 703 patet.
3224 632 3400 705 Reges
3418 633 3563 691 enim
3583 645 3636 692 et
3655 635 3817 693 duces
3845 648 3904 694 et

2307 717 2570 790 dynastat,
2593 722 2684 790 qui
2711 722 2845 777 nihil
2868 737 2975 779 non
3002 732 3295 793 tentarunt,
3319 735 3379 782 ut
3399 728 3756 784 immortalem
3778 740 3906 799 post

2307 822 2368 865 se
2398 810 2764 879 relinquerent
2808 814 3123 870 memoriam
3147 855 3164 883 ,
3207 816 3457 886 sepulcra
3483 818 3588 874 sibi
3616 819 3899 890 splendida

2306 899 2812 970 exaedificaveruut,
2868 915 2923 960 et
2971 913 3176 962 statuas
3229 917 3392 978 atque
3442 907 3648 979 efﬁgies
3701 911 3900 966 multas

2308 991 2490 1047 multis
2517 993 2569 1047 in
2599 994 2731 1049 locis
2762 1006 3076 1065 posuerunt,
3107 1002 3164 1055 et
3191 1014 3370 1055 rerum
3398 1010 3676 1072 gestarum
3702 1019 3898 1060 mono-

2307 1090 2488 1137 menta
2533 1082 2814 1139 innumera
2859 1086 3232 1156 reliquerunt,
3281 1104 3423 1146 nunc
3471 1098 3715 1147 tacentur
3743 1102 3801 1148 et
3827 1108 3900 1150 ne

2304 1174 2520 1229 nomine
2544 1175 2758 1245 quidem
2789 1177 2899 1231 noti
2942 1187 3107 1234 sunt:
3132 1179 3247 1237 hac
3272 1193 3450 1240 autem
3478 1186 3671 1241 mulier
3698 1186 3898 1257 ubique

2301 1266 2537 1335 gentium
2562 1283 2703 1322 nunc
2726 1268 3057 1337 celebratur;
3083 1281 3139 1329 et
3165 1273 3281 1329 sive
3327 1275 3380 1330 in
3423 1274 3697 1348 Scythiam
3729 1279 3897 1349 proli.

2300 1359 2523 1415 ciscaris
2545 1400 2560 1424 ,
2591 1361 2707 1416 sive
2734 1361 2787 1416 in
2817 1361 3108 1435 Egyptian
3132 1406 3150 1434 ,
3195 1368 3312 1423 sive
3339 1368 3394 1423 in
3421 1367 3648 1438 Indiam,
3679 1371 3797 1428 sive
3822 1371 3894 1426 ad

2302 1447 2451 1517 ipsos
2473 1449 2621 1503 orbis
2645 1451 2926 1515 terminos.
2943 1467 3133 1509 omnes
3158 1455 3346 1513 audies
3369 1465 3517 1527 gesta
3542 1458 3660 1528 ejus
3687 1459 3892 1515 dea-st-

2301 1547 2476 1596 tantes
2498 1558 2513 1596 :
2535 1541 2766 1612 denique
2775 1554 3049 1614 ,quantum
3077 1555 3338 1607 terrarum
3362 1563 3403 1604 a
3422 1551 3538 1606 sole
3565 1551 3891 1621 illustratur,

2301 1639 2470 1686 totum
2519 1631 2622 1687 hoc
2666 1634 2819 1692 Anna
2849 1649 2943 1690 sua
2972 1635 3140 1706 gloria
3167 1648 3416 1710 occupat.
3443 1639 3554 1697 Nec
3581 1641 3684 1698 hoc
3711 1644 3892 1706 solum

2298 1721 2652 1780 admiratione
2677 1716 2896 1796 dignum
2922 1737 3004 1784 est
3023 1769 3041 1795 ,
3078 1729 3220 1800 quod
3252 1731 3451 1802 ubique
3479 1743 3744 1791 terrarum
3770 1735 3892 1793 hac

2300 1813 2498 1868 mulier
2520 1815 2764 1881 canitur;
2813 1817 2907 1872 sed
2952 1819 3094 1889 quod
3128 1820 3441 1889 sapientiam
3469 1823 3586 1894 ejus
3608 1839 3673 1880 ac
3703 1825 3891 1898 longa-

2298 1901 2593 1959 uimitatem
2625 1913 2679 1960 et
2707 1906 3040 1962 tolerantiam
3071 1922 3261 1966 omnes
3291 1920 3486 1967 norunt
3508 1955 3522 1974 .
3554 1914 3607 1968 in
3631 1915 3844 1985 oppidis
3865 1955 3889 1982 ,

2297 1993 2349 2047 iu
2375 1995 2541 2064 agris,
2572 1996 2623 2049 in
2651 1997 2920 2065 domibus,
2948 1999 3001 2055 in
3029 2002 3240 2066 castris,
3271 2003 3322 2057 iu
3354 2005 3597 2069 navibus,
3629 2007 3681 2062 in
3707 2006 3886 2064 ofﬁci-

2297 2083 2400 2148 nis,
2428 2084 2659 2156 denique
2702 2103 2961 2159 nusquam
3007 2106 3113 2146 non
3143 2092 3334 2150 laudes
3355 2095 3473 2164 ejus
3501 2096 3703 2152 audies.
3733 2099 3883 2167 Quu-

2297 2175 2395 2230 ties
2431 2178 2576 2231 enim
2619 2178 2823 2233 clarum
2871 2181 3101 2251 aliquem
3150 2184 3379 2242 reddere
3427 2187 3537 2243 Dio
3585 2191 3884 2260 placuerit,

2295 2267 2504 2322 etiamsi
2551 2282 2696 2324 mors
2746 2271 3084 2341 interveniat,
3106 2284 3198 2329 aut
3245 2275 3519 2347 longitudo
3556 2290 3883 2349 temporum.

2293 2369 2383 2414 aut
2407 2359 2618 2430 quidvis
2643 2361 2785 2417 aliud
2811 2403 2826 2428 ,
2857 2374 3035 2420 manet
3060 2374 3236 2422 tamen
3263 2368 3432 2439 gloria
3458 2369 3600 2426 illius
3623 2381 3889 2442 perpetuo

2293 2449 2494 2507 ﬂorens
2516 2493 2530 2516 ,
2577 2463 2632 2508 et
2677 2454 2973 2511 claritatem
3001 2457 3118 2527 ejus
3157 2459 3446 2516 obscurare
3475 2464 3670 2533 poterit
3700 2480 3883 2521 nemo.

2294 2541 2443 2598 lianc
2466 2545 2535 2599 oh
2556 2561 2670 2600 rem
2697 2556 2753 2601 et
2781 2548 2894 2617 ipsa
2920 2549 3174 2606 erudiens
3198 2551 3492 2621 auditores,
3514 2555 3656 2625 quod
3679 2571 3788 2615 nos
3814 2559 3887 2612 sit

2292 2636 2702 2708 confugiendum
2742 2640 2808 2694 ad
2837 2639 2952 2696 hinc
2988 2639 3128 2698 ﬂuxa
3148 2683 3166 2709 ,
3209 2644 3304 2700 sed
3330 2645 3397 2701 ad
3422 2662 3547 2703 eum
3571 2663 3602 2700 a
3630 2664 3740 2719 quo
3763 2664 3882 2707 cer-

2294 2729 2496 2783 ussima
2529 2729 2666 2785 bona
2693 2745 3004 2800 speramus,
3034 2743 3309 2791 auctorem
3340 2736 3500 2807 hujus
3527 2738 3715 2809 glorite
3746 2739 3886 2796 iudi-

2290 2829 2399 2874 cat.
2427 2819 2561 2876 Cum
2601 2822 2742 2876 enim
2773 2821 3026 2889 dixisset,
3057 2823 3425 2894 Conﬁrmata:
3458 2838 3533 2882 est
3583 2846 3672 2883 cor
3714 2846 3885 2884 meum

2287 2911 2342 2964 in
2369 2908 2622 2976 Domino,
2654 2911 2964 2982 subjunxit,
2998 2912 3293 2970 Exeuntem
3318 2927 3390 2972 est
3413 2934 3574 2972 cornu
3612 2935 3786 2974 meum
3819 2925 3885 2977 iu

2289 3001 2400 3057 Deo
2428 3005 2810 3075 meo:duplicia
2842 3005 3000 3062 nobis
3027 3007 3113 3063 his
3137 3007 3316 3064 verbis
3343 3008 3694 3065 subindicans
3717 3011 3881 3076 bona,

2288 3113 2410 3166 qua:
2434 3112 2539 3152 non
2571 3107 2775 3154 temere
2800 3097 2960 3154 simul
2991 3098 3084 3154 uni
3110 3100 3444 3172 contingunt.
3473 3100 3607 3157 Nam
3633 3111 3691 3159 et
3714 3117 3745 3156 a
3777 3102 3883 3157 llu-

2289 3188 2544 3252 minibus,
2577 3189 2784 3260 inquit,
2815 3189 3039 3246 liberata
3066 3205 3209 3259 sum,
3241 3191 3585 3263 ignominiam
3615 3193 3884 3264 deposui.

2288 3280 2634 3335 securitatem
2685 3289 2846 3352 atque
2889 3281 3152 3338 honorem
3196 3293 3524 3354 consequuta
3567 3299 3726 3362 sum.
3752 3283 3885 3340 ﬂare

2287 3379 2466 3425 autem
2489 3379 2718 3441 utraque
2737 3385 2844 3426 non
2871 3371 3026 3428 facile
3045 3373 3287 3430 invenias
3302 3373 3354 3428 in
3376 3388 3542 3429 unum
3561 3375 3881 3431 convenire.

2287 3459 2435 3515 Multi
2467 3461 2610 3517 enim
2638 3477 2668 3517 a
2696 3461 2953 3532 periculis
2993 3461 3315 3531 liberantur,
3361 3465 3648 3535 gloriosam
3696 3475 3883 3521 tamen

2287 3551 2450 3605 vitam
2478 3566 2586 3606 non
2630 3553 2830 3608 habent
2856 3569 2877 3607 :
2898 3551 2992 3608 alii
3034 3561 3221 3609 contra
3245 3553 3415 3625 gloria
3439 3553 3656 3626 quidem
3681 3563 3738 3611 et
3764 3555 3882 3620 cia-

2289 3641 2448 3696 ritate
2473 3640 2742 3707 fruuntur,
2774 3643 3023 3713 periculis
3047 3653 3228 3701 tamen
3252 3644 3324 3704 ob
3353 3648 3491 3702 hanc
3515 3646 3740 3717 gloriam
3768 3662 3878 3702 non

2287 3742 2493 3789 carent.
2520 3733 2679 3790 Verbi
2704 3735 2902 3807 gratia,
2921 3736 3073 3792 multi
3093 3751 3238 3808 saepe
3252 3737 3306 3793 in
3324 3751 3600 3794 carcerem
3617 3739 3878 3807 conjecti,

2288 3823 2509 3879 adulteri
2531 3865 2547 3890 ,
2575 3827 2793 3882 veneﬁci
2811 3869 2830 3893 ,
2855 3829 3221 3897 sepulcrorum
3247 3829 3613 3901 perfusam,
3648 3831 3879 3903 aliisque

2289 3915 2552 3972 similibus
2585 3917 2896 3974 criminibus
2935 3920 3188 3987 obnoxii,
3224 3920 3420 3978 deinde
3459 3922 3684 3992 iubente
3728 3923 3879 3994 regia

2288 4005 2570 4062 clementia
2597 4008 2799 4064 dimissi
2830 4019 2954 4065 sunt
2982 4010 3107 4067 inde
3129 4029 3144 4065 :
3168 4012 3222 4067 hi
3247 4027 3278 4068 a
3305 4028 3463 4084 piens
3490 4014 3705 4086 quidem
3735 4015 3876 4070 lihe-

2288 4098 2385 4149 rati
2412 4108 2570 4160 sunt,
2599 4109 2850 4155 caeterum
2900 4103 3091 4171 probra
3130 4120 3224 4158 sua
3263 4119 3370 4159 non
3397 4106 3784 4176 aboleverunt,
3817 4119 3878 4165 et

2286 4185 2520 4245 dedecus
2541 4203 2638 4245 eos
2663 4206 2950 4262 numquam
2977 4209 3086 4250 non
3114 4197 3480 4266 consequitur.
3510 4198 3613 4253 Alii
3645 4200 3744 4254 viri
3773 4201 3878 4256 mi-

2288 4277 2470 4335 Iitares
2518 4295 2584 4336 ac
2635 4283 2881 4351 generosi
2906 4325 2923 4352 ,
2978 4287 3321 4357 conspicuam
3372 4298 3532 4359 atque
3581 4289 3877 4360 gloriosam

2288 4369 2497 4426 vivendi
2525 4372 2785 4428 rationem
2811 4376 3062 4444 amplexi,
3081 4377 3285 4433 bellicis
3311 4379 3561 4448 periculis
3587 4395 3707 4435 sese
3730 4380 3880 4452 obji-

2287 4463 2522 4528 cientes,
2563 4465 2723 4519 multa
2767 4481 2910 4536 saepe
2940 4468 3156 4523 vulnera
3186 4469 3454 4538 accipiunt
3474 4509 3490 4533 ,
3520 4477 3577 4524 et
3601 4481 3878 4542 postremo

2290 4551 2568 4606 immatura
2623 4565 2792 4611 morte
2833 4555 3405 4630 absumuntur:atquc
3435 4560 3487 4614 hi
3532 4575 3640 4630 pra:
3682 4561 3874 4631 gloria:

2287 4657 2470 4698 amore
2497 4647 2782 4702 securitate
2810 4663 2869 4703 se
2898 4649 2996 4720 ipsi
3031 4651 3324 4719 privarunt.

2358 4738 2413 4792 4.
2445 4737 2580 4794 Huic
2607 4753 2734 4793 vero
2779 4741 2983 4795 mulieri
3032 4740 3146 4795 haec
3173 4751 3398 4812 utraque
3422 4741 3786 4813 contigerunt,
3819 4752 3879 4798 ut

2289 4843 2406 4897 qure
2431 4836 2487 4882 et
2513 4829 2797 4884 securitate
2832 4830 2988 4886 simul
3033 4840 3089 4887 et
3115 4831 3284 4902 gloria
3316 4835 3477 4902 potita
3508 4844 3608 4888 est.
3639 4834 3783 4890 Idem
3822 4845 3880 4889 et

2291 4919 2461 4972 tribus
2491 4919 2594 4973 illis
2616 4921 3009 4988 puerisaccidit
3032 4921 3194 4991 (Dan.
3225 4924 3283 4992 5)
3315 4945 3329 4980 :
3358 4940 3480 4978 nam
3503 4934 3560 4980 et
3578 4925 3876 4993 periculum

2290 5023 2574 5066 evaserunt
2603 5030 2634 5068 e
2657 5029 2786 5086 rogo
2813 5014 3042 5081 liberati,
3070 5025 3126 5071 et
3152 5015 3384 5074 illustres
3411 5025 3537 5072 sunt
3559 5018 3706 5086 facti,
3733 5020 3879 5089 quod

2289 5106 2677 5172 snpernaturali
2701 5107 2860 5162 modo
2886 5107 3042 5177 hujus
3067 5107 3318 5164 elementi
3348 5110 3637 5178 potentiam
3654 5123 3882 5183 supera-

2291 5199 2510 5254 vissent.
2533 5199 2611 5254 Ad
2634 5199 2776 5256 hunc
2790 5214 2921 5256 sane
2945 5203 3160 5257 modum
3178 5201 3269 5257 Dei
3287 5203 3543 5260 heuellcia
3562 5219 3623 5261 se
3644 5205 3871 5266 habent:

2292 5290 2448 5344 simul
2479 5292 2620 5345 enim
2648 5301 2702 5346 et
2724 5301 2888 5346 tutam
2911 5302 2965 5349 ct
2993 5293 3255 5350 illustrem
3283 5294 3506 5366 largitur
3529 5297 3720 5372 vitam,
3737 5298 3879 5367 quod

2293 5381 2505 5447 quidem
2532 5391 2819 5452 utrumque
2849 5382 2962 5438 haec
2984 5384 3096 5454 ipsa
3136 5383 3366 5441 innuens
3390 5386 3601 5447 dicebat
3632 5405 3648 5442 :
3673 5386 3883 5457 Conﬁr-

2294 5483 2487 5526 matsut
2513 5483 2588 5528 est
2616 5491 2704 5527 cor
2745 5491 2916 5530 meum
2936 5477 2990 5530 in
3019 5475 3262 5536 Destino.
3302 5480 3585 5534 militum
3620 5491 3696 5536 est
3714 5498 3884 5543 cor-ta

2295 5579 2461 5617 nteant
2501 5564 2553 5617 in
2581 5564 2688 5620 Deo
2714 5582 2842 5621 utea.
2871 5566 2979 5622 Nee
3003 5568 3316 5639 simpliciter
3343 5569 3496 5629 dixit.
3519 5565 3588 5622 In
3618 5567 3746 5633 Deo,
3771 5574 3890 5630 sed.

2299 5653 2366 5707 In
2395 5654 2499 5708 Deo
2528 5671 2655 5719 meo,
2707 5656 2806 5711 sibi
2852 5657 2954 5726 ipsi
2982 5673 3247 5728 usurpans
3289 5675 3434 5727 eum,
3477 5664 3567 5732 qui
3625 5664 3723 5720 toti
3766 5666 3884 5719 orbi

2295 5755 2568 5811 terrarum
2607 5748 2908 5808 communis
2950 5758 3052 5812 est.
3085 5749 3197 5806 lloc
3233 5759 3412 5809 autem
3455 5751 3587 5812 fecit
3611 5768 3719 5812 non
3743 5751 3892 5811 illius
