4178 6330
327 518 628 580 dominium
677 524 946 575 minuens,
977 505 1072 563 sed
1115 519 1270 560 suum
1316 513 1559 556 amorem
1590 496 1833 552 indicans
1866 507 1931 547 ac

332 617 541 672 fovens.
566 612 658 668 Sic
702 608 847 662 enim
884 611 1152 657 amatores
1195 596 1415 652 solent:
1452 606 1557 647 non
1606 588 1783 645 ferunt
1829 600 1934 639 una

332 723 456 764 eum
486 703 671 759 inultis
701 710 902 761 amare,
948 692 1042 747 sed
1068 690 1322 746 eximium
1364 682 1647 755 quemdam
1675 695 1740 735 ac
1769 692 1936 748 pecu-

332 801 521 855 Iiaretn
570 806 809 847 amorem
857 802 966 858 pra:
1010 799 1069 840 se
1114 782 1255 837 ferre
1282 778 1488 834 volunt.
1536 774 1629 830 Sic
1667 779 1724 826 et
1768 768 1933 825 David

330 891 563 953 dicebat,
596 890 755 945 Dens,
786 882 1111 941 Deustmeus,
1138 874 1208 927 ad
1232 883 1277 926 te
1300 884 1446 923 mane
1465 866 1616 938 vigilo
1642 862 1811 935 (Psal.

332 984 411 1053 i).
444 951 731 1036 Nominata
757 973 902 1030 enim
928 964 1199 1025 communi
1227 963 1346 1033 ejus
1365 956 1752 1018 dominatione,
1781 951 1933 1053 addi-

327 1042 409 1130 dit
435 1086 553 1127 eam
592 1083 698 1139 qua
744 1060 1084 1137 peculiariter
1109 1064 1419 1111 sauetomm
1448 1048 1706 1104 Dominus
1735 1053 1836 1100 est.
1868 1042 1934 1097 Et

330 1180 568 1225 rursum,
603 1135 924 1214 Dmimeus.
970 1149 1174 1205 intende
1203 1148 1254 1200 in
1283 1161 1394 1209 me;
1422 1156 1583 1213 quare
1622 1135 1935 1206 dereliquisti

328 1276 414 1312 me
435 1254 607 1327 (Psal.
638 1251 731 1307 2i.
771 1247 869 1322 υτ
898 1247 965 1300 Et
991 1258 1226 1305 rursum,
1257 1236 1438 1290 Dicam
1485 1232 1611 1295 Deo,
1665 1230 1934 1284 Protectar

329 1326 473 1402 meas
497 1361 548 1398 es
577 1340 749 1413 (Psol.
774 1337 865 1394 90.
883 1336 944 1406 2)
968 1356 982 1391 :
1006 1335 1197 1413 anima:
1218 1330 1363 1385 enim
1391 1326 1646 1381 ferventis
1666 1333 1934 1413 accensa:-

327 1455 436 1509 qnc
482 1405 750 1490 desiderio
778 1437 902 1484 sunt
928 1405 1062 1482 hmo
1109 1405 1290 1477 iret-ba.
1325 1418 1471 1474 Idem
1499 1424 1553 1470 et
1596 1413 1712 1468 hac
1742 1410 1935 1465 mulier

329 1506 457 1584 fecit
504 1522 771 1579 Czeterum
800 1518 1044 1573 homines
1075 1514 1143 1568 ita
1176 1513 1348 1565 facere
1378 1506 1512 1563 nihil
1542 1507 1771 1561 mirum:
1809 1516 1931 1556 cum

329 1634 463 1675 vero
504 1618 671 1671 Deum
718 1613 821 1667 hoc
870 1610 1043 1679 ipsum
1093 1604 1267 1660 facere
1319 1599 1536 1662 videris,
1590 1608 1701 1650 tum
1743 1593 1935 1647 merito

330 1706 681 1777 obstupciias.
711 1697 1173 1773 Quemadmodum
1199 1696 1341 1747 enim
1364 1691 1418 1745 hi
1447 1704 1553 1743 non
1576 1693 1934 1741 inteommune

330 1799 481 1853 illum
529 1797 802 1857 invocant,
846 1790 1122 1861 premium
1183 1782 1445 1844 faciendo,
1478 1794 1636 1834 suum
1662 1792 1786 1833 eum
1813 1790 1935 1861 esse

330 1893 520 1948 volunt
552 1910 567 1945 :
600 1890 671 1943 ita
696 1896 753 1942 et
800 1885 912 1955 ipse
955 1896 1060 1937 non
1089 1880 1265 1935 solum
1291 1874 1648 1930 communiter
1679 1885 1779 1924 ima
1811 1860 1932 1924 cum

328 1984 454 2037 aliis
477 1995 664 2036 eorum
709 1977 871 2032 etiam
920 1974 1090 2028 Deum
1118 1984 1176 2024 se
1220 1966 1518 2037 ptotltetur,
1560 1962 1656 2017 sed
1684 1960 1936 2032 privatim

330 2077 591 2145 ipsorum.
621 2070 957 2139 Quapmpter
984 2064 1217 2125 dicebat,
1245 2059 1357 2132 Ego
1381 2074 1493 2114 sum
1514 2056 1652 2110 Deus
1678 2054 1937 2108 Abraham

330 2179 379 2225 et
417 2166 565 2221 Isaac
586 2173 633 2219 et
662 2162 824 2216 Iacob
856 2159 1047 2229 (Exod.
1073 2157 1126 2211 5.
1152 2153 1211 2226 6)
1244 2172 1257 2206 :
1291 2168 1397 2207 non
1428 2149 1753 2206 contrahens
1778 2162 1937 2202 suum

333 2258 646 2330 imperium,
678 2253 772 2309 sed
800 2250 1094 2307 extendens
1123 2246 1335 2317 potius;
1367 2258 1475 2298 non
1501 2242 1645 2296 enim
1668 2250 1775 2296 tam
1793 2238 1937 2294 mul-

334 2350 563 2405 titudine
612 2344 968 2407 subditorum,
1006 2354 1165 2409 quam
1211 2352 1396 2392 eorum
1427 2335 1625 2388 virtute
1674 2338 1939 2387 monstrat

335 2442 620 2513 imperium
663 2454 859 2501 suum;
911 2450 1084 2504 neque
1123 2442 1326 2487 tantum
1376 2429 1515 2483 Deus
1558 2425 1694 2486 cadi,
1739 2432 1935 2489 terrm,

331 2533 499 2588 maris
524 2541 581 2587 et
620 2546 808 2586 eorum
836 2543 957 2596 qua:
999 2529 1050 2580 in
1099 2524 1179 2578 eis
1222 2530 1347 2576 sunt
1393 2516 1650 2589 appellari
1696 2513 1892 2585 gaudet
1919 2552 1935 2577 ,

334 2634 590 2695 quantum
621 2621 667 2677 si
690 2622 832 2676 Deus
859 2618 1130 2673 Abraham
1161 2627 1217 2669 et
1246 2612 1391 2666 Isaac
1421 2619 1476 2665 ct
1501 2608 1668 2664 Jacob
1695 2616 1934 2661 vocetur.

335 2716 403 2771 Et
430 2713 575 2784 quod
616 2713 668 2767 in
699 2709 1007 2766 hominibus
1046 2720 1151 2761 non
1196 2703 1454 2768 solemus,
1504 2700 1557 2754 in
1601 2698 1710 2753 Deo
1754 2696 1939 2751 videre

337 2806 484 2861 licet.
524 2802 763 2873 Exempli
793 2815 955 2856 causa
986 2821 999 2855 :
1027 2796 1169 2868 apud
1198 2794 1447 2848 homines
1469 2808 1497 2845 a
1529 2791 1763 2847 dominis
1788 2788 1939 2843 servi

335 2896 755 2967 appellationem
782 2899 1021 2954 sumunt,
1071 2899 1126 2945 et
1153 2889 1223 2942 ita
1253 2899 1444 2941 omnes
1491 2899 1557 2938 ex
1582 2897 1733 2937 more
1760 2880 1938 2949 loqui-

337 3002 459 3044 mur
491 3007 505 3042 :
542 2986 631 3040 Ille
662 2984 748 3039 vel
793 2984 881 3039 ille
924 2989 1239 3053 procurator
1266 2985 1362 3031 aut
1388 2975 1729 3044 dispensator
1758 2971 1936 3037 illius,

338 3077 423 3132 vel
453 3076 595 3131 illius
622 3073 774 3128 ducis
793 3082 848 3127 et
874 3070 1111 3143 praefecti
1140 3083 1155 3119 :
1190 3081 1350 3121 nemo
1373 3074 1554 3119 autem
1578 3062 1655 3116 sic
1680 3061 1936 3131 loquitur,

341 3170 435 3225 Ille
464 3168 549 3222 vel
574 3167 664 3222 ille
681 3164 974 3236 praefectus
992 3164 1139 3220 illius
1158 3159 1519 3231 procuratoris
1546 3164 1637 3210 aut
1656 3154 1941 3223 dispensa-

338 3260 471 3315 toris
503 3281 515 3316 :
544 3259 637 3314 sed
670 3258 910 3311 minores
952 3272 981 3308 a
1012 3252 1307 3321 majoribus
1336 3262 1553 3317 semper
1588 3246 1939 3301 deuominare

336 3350 736 3405 consuevimus.
770 3346 849 3401 De
889 3345 999 3399 Deo
1025 3352 1204 3397 autem
1243 3350 1429 3395 contra
1477 3338 1534 3392 fit
1569 3358 1582 3392 :
1611 3352 1719 3391 non
1764 3333 1939 3389 solum

338 3442 488 3498 enim
518 3441 788 3496 Abraham
832 3438 926 3493 Dei
957 3451 1098 3499 esse,
1147 3434 1241 3489 sed
1272 3433 1414 3487 Deus
1457 3430 1617 3485 etiam
1649 3424 1939 3497 Abrahami

339 3533 567 3597 dicitur,
600 3539 759 3601 atque
791 3531 860 3583 ita
900 3528 1157 3583 Dominus
1196 3541 1224 3578 a
1268 3537 1427 3579 servo
1472 3521 1793 3577 nominatur.
1830 3518 1943 3573 Hoc

339 3626 486 3681 idem
530 3623 690 3695 igitur
736 3632 792 3678 et
833 3621 1031 3677 Paulus
1076 3633 1196 3673 cum
1242 3616 1631 3677 admiraretur,
1679 3610 1939 3666 dicebat:

343 3718 683 3785 Quamobrem
722 3732 825 3769 non
872 3713 1119 3768 erubescit
1172 3709 1311 3764 Deus
1355 3708 1522 3763 vocari
1549 3706 1685 3760 Dens
1715 3705 1943 3775 ipsorum

342 3810 531 3884 (Hebr.
579 3811 666 3865 Il.
712 3807 824 3880 16).
876 3806 991 3861 Non
1039 3804 1325 3866 erubescit,
1376 3798 1564 3870 inquit,
1618 3798 1873 3852 Dominus
1911 3809 1943 3849 a

340 3904 516 3960 servis
542 3901 960 3973 appellationem
991 3912 1225 3952 sumere.
1271 3893 1448 3961 Quare
1497 3906 1603 3945 non
1634 3885 1944 3944 erubescit?

342 3994 428 4048 die
456 3992 743 4048 rationem.
775 3990 1035 4044 Nimirum
1064 3997 1121 4041 ut
1146 3995 1201 4042 et
1225 4000 1321 4039 nos
1349 3999 1475 4039 eum
1496 3982 1781 4036 imitemur.
1811 3978 1946 4045 Quia

345 4084 568 4151 hospites
592 4091 754 4144 eram,
789 4080 977 4150 inquit,
1010 4088 1056 4133 et
1099 4079 1306 4132 aduente
1334 4074 1494 4147 (Ibid.
1528 4090 1573 4127 υ.
1628 4072 1741 4143 l5).
1786 4070 1947 4140 Atqui

343 4174 427 4229 vel
458 4174 529 4227 ob
552 4175 656 4229 hoc
678 4173 851 4243 ipsum
877 4171 1199 4226 erubescere
1225 4168 1506 4238 Oportebat
1539 4184 1553 4220 :
1583 4166 1777 4234 hospes
1801 4163 1945 4218 enim

346 4267 467 4321 vilis
497 4276 552 4321 et
577 4264 1005 4321 contemnendus
1034 4278 1154 4319 esse
1186 4262 1413 4316 videtur.
1434 4262 1505 4313 At
1532 4258 1610 4313 illi
1640 4254 1808 4311 sancti
1837 4269 1944 4308 non

346 4370 413 4412 eo
436 4357 600 4411 modo
651 4355 893 4425 hospites
920 4364 1093 4419 erant,
1121 4369 1229 4424 quo
1278 4367 1378 4407 nos
1419 4345 1811 4422 putamus,sed
1843 4348 1950 4401 alio

345 4446 582 4518 quodam
626 4446 847 4500 minime
875 4445 1099 4515 vulgari.
1133 4444 1239 4499 Nos
1281 4442 1521 4512 hospites
1549 4455 1642 4498 eos
1677 4439 1951 4509 appellare

349 4536 612 4600 solemus,
646 4538 735 4605 qui
766 4535 952 4589 relicta
984 4550 1076 4589 sua
1109 4536 1275 4604 patria
1308 4533 1361 4586 in
1408 4533 1636 4588 alienam
1678 4531 1950 4600 regionem

352 4630 673 4698 perveniunt
697 4649 710 4683 ;
736 4628 808 4682 illi
836 4642 964 4682 vero
994 4643 1099 4682 non
1129 4628 1197 4681 ita
1226 4635 1379 4681 erant
1408 4626 1665 4696 hospites,
1695 4623 1788 4677 sed
1810 4620 1953 4693 quod

349 4719 539 4774 orbem
584 4718 899 4772 universum
944 4717 1306 4787 despicerent,
1352 4726 1407 4771 et
1454 4730 1673 4784 parvam
1707 4720 1957 4783 putarent

351 4824 472 4865 esse
502 4818 722 4870 terram.
747 4808 812 4863 ad
828 4809 1098 4864 ealeStem
1123 4809 1264 4863 illam
1283 4808 1552 4865 civitatem
1573 4806 1953 4875 respiciebant,

354 4914 459 4953 non
489 4902 815 4970 arrogantia,
856 4900 953 4957 sed
982 4902 1419 4971 magnanimitate
1445 4916 1460 4965 ;
1490 4915 1595 4954 non
1630 4898 1915 4954 insolentia
1936 4940 1953 4965 ,

353 4995 450 5048 sed
490 5005 711 5063 propter
737 4995 1012 5063 sapientia!
1039 4994 1297 5050 studium.
1328 4995 1617 5063 Postquam
1649 4994 1791 5048 enim
1824 5007 1957 5047 eon-

356 5085 595 5155 templati
628 5093 751 5139 sunt
796 5094 1006 5140 terrena
1038 5086 1318 5153 universa,
1364 5096 1419 5140 et
1463 5086 1959 5141 animadverterunt

359 5174 500 5231 fluxa
530 5193 649 5231 esse
672 5186 730 5233 et
756 5178 1024 5242 mortalia,
1055 5194 1156 5233 nec
1184 5178 1471 5249 quidquam
1506 5180 1590 5235 hic
1619 5180 1828 5234 firmum
1868 5188 1961 5233 aut

358 5270 571 5334 stabile,
619 5285 724 5323 non
769 5270 1010 5339 divitias,
1044 5287 1148 5325 non
1193 5272 1522 5341 potentiam,
1554 5287 1659 5326 non
1691 5272 1915 5343 gloriam
1940 5314 1956 5339 ,

361 5378 466 5414 non
501 5362 663 5414 vitam
710 5362 899 5429 ipsam,
926 5365 1018 5415 sed
1064 5364 1270 5433 singula
1322 5363 1478 5417 linem
1533 5364 1750 5428 habere,
1797 5373 1849 5417 et
1893 5364 1959 5418 ad

361 5467 516 5507 suum
560 5452 809 5523 quodque
851 5470 1138 5521 properare
1185 5457 1470 5509 terminum
1510 5457 1784 5511 :caalestia
1832 5472 1961 5511 vero

361 5559 470 5601 non
491 5545 638 5610 talia,
658 5546 751 5601 sed
776 5546 979 5601 inﬁnita
1003 5549 1447 5617 immortaliaqtte.
1465 5551 1769 5604 maluerunt
1790 5551 1961 5617 hospi-

360 5643 447 5694 tes
473 5650 595 5690 esse
640 5636 692 5689 in
723 5637 885 5691 rebus
914 5637 1069 5692 ﬂuxis
1100 5647 1155 5692 et
1196 5640 1719 5708 przetcrlabentibns,
1753 5652 1808 5695 ut
1840 5657 1963 5710 per-

366 5736 645 5783 manentes
674 5728 791 5782 illas
822 5732 1033 5800 assequi
1058 5740 1295 5800 possent.
1328 5730 1577 5798 Hospites
1607 5733 1765 5801 igitur
1786 5744 1960 5799 erant,

366 5833 474 5874 non
511 5817 652 5892 quod
683 5820 905 5888 patriam
936 5836 1039 5877 non
1071 5821 1351 5891 haberent,
1385 5821 1477 5878 sed
1506 5822 1647 5893 quod
1674 5826 1958 5895 sempiter-

1626 382 1714 439 DE
1752 377 1939 437 ANNA
1966 375 2201 435 SERMO
2239 378 2325 434 ιν.
2406 426 2407 429 η

2043 507 2169 549 nam
2194 494 2340 549 illam
2361 496 2589 565 patriam
2610 493 3003 553 desiderarent.
3032 493 3188 563 Quod
3209 494 3429 568 quidem
3451 508 3507 554 et
3534 503 3649 569 Ipse

2040 584 2391 653 significando
2432 586 2644 641 dicebat
2677 604 2691 641 :
2727 586 2829 653 Qui
2865 596 3031 641 autent
3073 586 3199 643 talia
3225 589 3521 656 loquntur,
3553 609 3645 661 po—

2044 675 2195 729 triam
2221 691 2276 729 se
2294 677 2553 746 requirere
2572 679 2843 731 ostendunt
2877 676 3061 747 (Hebr.
3095 679 3185 734 Η.
3234 679 3449 751 Η-ιϐ).
3476 681 3645 748 Quam

2045 768 2293 836 patriam,
2320 768 2595 824 obsceno?
2622 785 2748 823 nutu
2790 770 3021 838 priorem
3052 770 3193 827 illam
3224 788 3385 843 quam
3418 772 3655 845 relique-

2044 870 2168 916 runt
2191 861 2215 913 ?
2240 861 2477 927 Minime,
2506 862 2677 932 inquit
2707 884 2719 918 :
2755 863 2815 919 Si
2858 864 2992 916 enim
3034 864 3178 919 illius
3210 865 3608 920 recordabantur
3628 907 3645 933 ,

2026 951 2299 1026 integram
2324 954 2395 1006 eis
2420 962 2529 1006 erat
2557 954 2648 1007 illo
2672 956 2837 1007 redire
2866 968 2887 1009 :
2912 971 3047 1009 nunc
3077 965 3244 1012 autem
3270 957 3527 1012 mliorem
3556 959 3649 1011 ds-

2040 1042 2289 1109 siderant,
2318 1041 2413 1097 Itoc
2430 1054 2509 1098 est
2533 1045 2795 1109 ralem,
2822 1046 2971 1118 cujus
2993 1046 3169 1117 opifex
3193 1056 3245 1102 et
3272 1057 3471 1101 creator
3506 1044 3651 1101 Deus

2040 1145 2134 1190 est.
2170 1134 2293 1189 Ideo
2316 1152 2417 1189 non
2437 1137 2679 1191 erubescit
2699 1135 2841 1193 Deus
2860 1140 3030 1194 vocati
3060 1136 3205 1195 Deus
3228 1139 3459 1210 ipsorum
3478 1137 3534 1210 (1
3542 1138 3647 1195 bid.
3668 1208 3670 1211 τ

2044 1242 2092 1281 ν.
2125 1227 2239 1297 10).

2117 1320 2171 1375 5.
2201 1319 2417 1375 Assidue
2437 1321 2642 1392 precari
2680 1321 2933 1388 debemus,
2961 1330 3008 1376 et
3045 1323 3299 1379 actiones
3322 1324 3525 1378 crebras
3554 1340 3647 1379 tte-

2041 1413 2193 1484 gotiis
2241 1414 2557 1485 interponere
2578 1431 2599 1470 :
2623 1417 2719 1480 hoc
2754 1416 3093 1483 conﬁrmatur
3133 1417 3377 1486 mplis
3416 1426 3465 1470 et
3512 1432 3654 1471 corn-

2042 1506 2395 1577 paratienibus
2440 1523 2554 1560 cum
2596 1522 2659 1561 ea:
2686 1506 2904 1575 prandio
2946 1516 3054 1561 tum
3080 1524 3108 1561 e
3136 1507 3400 1575 fabrorum
3427 1508 3651 1576 artiﬁcio

2044 1598 2319 1660 deductis;
2382 1596 2595 1664 affectus
2646 1598 2907 1668 pra'cipua
2966 1615 3087 1668 pars
3135 1599 3397 1654 orationis.
3427 1626 3501 1640 --
3539 1596 3651 1653 Hos

2045 1691 2208 1761 igitur
2265 1706 2364 1746 nos
2433 1706 2649 1762 quoque
2721 1690 3030 1756 imitemur;
3075 1690 3444 1760 despiciemus
3507 1704 3649 1760 pm-

2047 1784 2243 1849 seutia,
2287 1783 2735 1853 concupiscamus
2774 1782 2952 1837 futura
2984 1791 3243 1839 :utamur
3290 1781 3391 1837 hac
3429 1781 3654 1838 muliere

2046 1875 2319 1944 magistra,
2354 1885 2408 1929 et
2436 1874 2503 1928 ad
2538 1874 2706 1928 Deum
2747 1888 2962 1942 semper
2999 1871 3392 1942 confugiamus,
3442 1871 3510 1926 ab
3537 1872 3651 1928 illo-

2047 1982 2151 2036 que
2173 1967 2352 2021 omnia
2376 1966 2751 2037 deposcamus.
2775 1965 2913 2021 Nihil
2936 1967 3081 2021 enim
3104 1964 3650 2037 precationizequale:

2047 2076 2111 2117 ea
2141 2062 2343 2131 quippe
2371 2070 2459 2117 est
2484 2076 2607 2131 quae
2650 2076 2720 2117 ex
2750 2059 3170 2129 impossibilibus
3202 2058 3477 2128 possibilia
3505 2058 3654 2124 facit,

2053 2168 2121 2210 ex
2148 2152 2456 2209 difﬁcilibus
2484 2152 2679 2219 facilia,
2705 2163 2762 2206 et
2784 2168 2849 2207 ex
2880 2151 3137 2206 tortuosis
3165 2160 3332 2206 recta.
3359 2150 3507 2204 lianc
3528 2149 3657 2204 bea-

2050 2255 2138 2301 tus
2164 2258 2380 2315 quoque
2419 2244 2591 2299 David
2622 2244 2912 2300 adhibebat
2940 2260 2961 2308 ;
2993 2244 3219 2313 ideoque
3246 2242 3459 2298 dicebat
3499 2261 3513 2297 :
3556 2242 3656 2297 Se-

2050 2338 2176 2408 pties
2200 2339 2252 2392 in
2273 2337 2357 2391 die
2379 2336 2586 2392 laudaui
2608 2345 2655 2391 te
2675 2346 2879 2407 prepter
2889 2336 3091 2406 judicia
3106 2335 3322 2405 justitic
3346 2343 3449 2388 tute
3481 2331 3654 2401 (Psal.

2038 2430 2175 2486 “8.
2221 2429 2367 2499 164).
2411 2429 2565 2498 Quod
2593 2430 2637 2484 si
2669 2444 2789 2492 rex,
2832 2427 3055 2483 iuliuitis
3079 2427 3225 2481 curis
3266 2427 3571 2491 immersus,
3603 2434 3657 2480 et

2050 2523 2105 2579 in
2134 2533 2244 2578 tam
2264 2508 2408 2577 varia
2424 2521 2911 2585 distractus,~toties
2937 2521 2988 2573 in
3011 2520 3101 2576 die
3113 2517 3431 2589 precabatur
3452 2517 3652 2571 Deum:

2052 2628 2215 2685 quam
2241 2613 2615 2669 defensionem
2640 2623 2736 2668 aut
2761 2613 2972 2667 veniam
2997 2611 3197 2666 habere
3222 2610 3518 2679 poterimus
3534 2623 3654 2675 nos,

2051 2706 2141 2777 qui
2193 2705 2245 2760 in
2275 2714 2427 2759 tanto
2465 2706 2578 2761 otio
2614 2703 2881 2774 (legimus,
2908 2717 3011 2758 nec
3040 2711 3215 2757 tamen
3250 2701 3401 2756 illum
3444 2700 3658 2755 assidue

2051 2812 2290 2863 oramus,
2323 2797 2484 2867 idque
2508 2810 2635 2850 eum
2664 2795 2789 2851 inde
2821 2803 3000 2849 tantus
3028 2792 3237 2848 fructus
3258 2793 3325 2845 sit
3353 2790 3509 2845 nobis
3532 2804 3659 2861 pro-

2053 2898 2311 2943 venturus
2332 2887 2355 2941 ἲ
2380 2887 2715 2956 Impossibile
2734 2886 2900 2951 enim,
2929 2883 3260 2953 impossibile
3284 2891 3390 2947 est,
3415 2882 3655 2950 inquam,

2054 2979 2327 3034 hominem
2356 2993 2461 3049 qna
2487 2978 2644 3034 decet
2669 2978 2947 3032 alacritate
2978 2982 3310 3045 precantem,
3344 2982 3401 3028 et
3439 2971 3658 3027 assidue

2049 3072 2224 3125 Deum
2269 3078 2537 3134 orantem,
2571 3084 2822 3139 umquam
2872 3069 2924 3120 in
2971 3072 3249 3135 peccatum
3300 3061 3557 3118 incidere.
3599 3060 3657 3116 Id

2052 3177 2156 3233 qua
2184 3161 2394 3217 ratione
2418 3160 2528 3223 fiat,
2552 3160 2665 3230 jam
2685 3159 2927 3213 dicturus
2952 3172 3093 3212 sum.
3117 3156 3217 3222 Qui
3243 3164 3482 3210 mentem
3501 3167 3655 3208 suam

2050 3253 2319 3318 accendit,
2343 3263 2398 3308 et
2423 3254 2659 3307 animum
2679 3250 2855 3307 erexit
2879 3260 3040 3320 atque
3061 3248 3130 3303 ad
3159 3247 3395 3303 caelestia
3420 3254 3659 3302 transtu-

2055 3348 2135 3410 lit,
2170 3356 2224 3401 et
2266 3348 2335 3399 ita
2364 3346 2656 3401 Dominum
2698 3358 2856 3401 suum
2895 3343 3182 3407 invocavit,
3216 3340 3560 3412 peccatisque
3599 3336 3656 3394 in

2052 3444 2372 3496 memoriam
2396 3440 2653 3506 reductis,
2699 3437 2769 3494 de
2811 3452 3000 3493 eorum
3042 3435 3361 3491 remissione
3399 3447 3524 3488 cum
3565 3430 3659 3486 illo

2053 3533 2395 3602 colloquutns
2420 3541 2524 3594 est,
2564 3532 2858 3586 obsecrans
2900 3539 2957 3584 ut
3007 3529 3248 3597 placatus
3290 3541 3355 3581 ac
3395 3523 3658 3596 propitius

2054 3625 2155 3681 sibi
2180 3640 2300 3681 esse
2326 3625 2596 3696 dignetur,
2622 3624 2667 3678 is
2688 3631 2811 3694 post
2839 3623 2973 3677 tales
2987 3622 3260 3676 orationes
3282 3632 3499 3675 omnem
3520 3631 3659 3687 pra:-

2055 3717 2227 3773 sentis
2256 3717 2379 3771 vitae
2406 3731 2590 3773 curam
2617 3716 2822 3783 objicit,
2849 3730 2945 3784 spe
2982 3713 3224 3783 erigitur,
3252 3725 3315 3766 ac
3345 3724 3507 3780 supra
3530 3723 3656 3786 ont-

2054 3826 2154 3865 -nes
2194 3809 2455 3865 humanas
2480 3808 2791 3865 affectiones
2818 3807 3129 3871 extollitur;
3157 3815 3208 3861 et
3238 3802 3352 3859 sive
3383 3801 3658 3859 inimicum

2054 3913 2181 3976 post
2211 3904 2576 3974 precationem
2623 3902 2835 3965 viderit,
2875 3901 2985 3969 jam
3028 3915 3133 3955 non
3166 3909 3436 3967 tamquam
3481 3895 3663 3952 inimi-

2057 4012 2179 4052 cum
2208 3996 2436 4066 aspiciet
2466 4017 2478 4053 :
2512 3995 2625 4050 sive
2650 3995 2930 4049 mulierem
2958 3992 3269 4057 formosam,
3298 3991 3417 4060 ejus
3441 4000 3663 4059 aspectu

2059 4103 2170 4143 non
2200 4086 2494 4157 frangetur,
2523 4086 2750 4140 durante
2793 4084 2969 4136 adhuc
3014 4083 3133 4153 igne
3174 4098 3271 4152 per
3300 4081 3664 4151 precationem

2062 4182 2205 4237 intus
2235 4194 2468 4235 accenso
2502 4187 2555 4233 ct
2577 4192 2795 4233 omnem
2825 4175 3117 4229 absurdam
3156 4175 3535 4245 cogitationem
3562 4171 3665 4237 dce

2055 4276 2317 4347 pellente.
2350 4274 2457 4331 Sed
2484 4276 2737 4345 quoniam
2768 4274 3012 4330 homines
3039 4288 3167 4328 eum
3194 4273 3381 4329 simus.
3418 4268 3572 4324 facile
3596 4266 3665 4323 ad

2058 4368 2343 4439 segnitiem
2367 4367 2684 4431 .relahimttr,
2736 4373 2922 4421 exacta
2973 4379 3075 4417 una
3108 4363 3342 4417 alterave
3372 4368 3463 4413 aut
3507 4358 3667 4416 tertia

2066 4472 2187 4532 post
2217 4461 2581 4530 precationem
2618 4458 2769 4521 hora,
2804 4457 2891 4511 ubi
2920 4455 3157 4510 senseris
3188 4453 3471 4522 pristinum
3521 4450 3668 4505 illum

2068 4552 2335 4608 fervorem
2381 4550 2637 4621 paulatim
2666 4550 2973 4619 frigescere,
3009 4561 3227 4600 recurre
3253 4543 3571 4615 quantocius
3601 4542 3667 4594 ad

2067 4662 2276 4715 preces.
2314 4644 2795 4714 frigescentemque
2835 4648 3069 4692 mentem
3104 4651 3291 4691 rursus
3324 4635 3581 4689 arcendo.
3615 4632 3669 4685 itl

2060 4741 2111 4795 si
2145 4755 2241 4808 per
2269 4748 2432 4793 totout
2469 4736 2609 4790 diem
2641 4735 2853 4795 feceris,
2883 4748 2980 4802 per
3005 4729 3280 4787 intervalla
3311 4728 3517 4783 crebris
3547 4743 3665 4795 pre-

2067 4833 2367 4889 cationibus
2398 4840 2448 4885 te
2473 4830 2647 4900 ipsum
2676 4826 2996 4889 accendens,
3023 4840 3127 4879 non
3156 4823 3309 4877 dabis
3330 4822 3669 4876 occasionem

2068 4925 2283 4981 diabolo
2327 4931 2419 4977 aut
2464 4922 2630 4975 ullum
2662 4919 2728 4973 ad
2782 4928 2899 4973 tuas
2943 4916 3299 4987 cogitationes
3348 4915 3570 4969 aditum.
3607 4912 3675 4966 Et

2068 5013 2520 5088 quemadmodum
2548 5013 2600 5065 in
2621 5009 2933 5080 apparando
2957 5006 3204 5078 prandio,
3227 5021 3351 5061 cum
3378 5014 3505 5075 potu
3531 5020 3668 5073 opus

2069 5118 2173 5176 est,
2201 5110 2246 5164 si
2272 5122 2408 5178 aqua
2441 5103 2613 5161 calida
2664 5104 2935 5173 frigescat,
2971 5100 3038 5155 ad
3067 5098 3243 5155 focum
3270 5097 3544 5153 admotam
3587 5111 3672 5151 ca-

2071 5205 2349 5261 Iefacimus
2374 5202 2453 5271 (α)
2477 5221 2489 5255 :
2510 5200 2582 5255 ita
2603 5208 2657 5253 et
2688 5199 2773 5251 hic
2803 5193 3103 5249 faciendum
3128 5202 3230 5259 est,
3267 5200 3325 5246 et
3344 5206 3404 5245 os
3433 5198 3675 5244 nostrum

2067 5297 2135 5351 ad
2168 5294 2508 5366 precationes
2538 5290 2687 5360 quasi
2719 5290 2783 5343 ad
2810 5302 3008 5357 prunas
3040 5284 3456 5347 admovendum,
3488 5292 3542 5335 ut
3573 5280 3676 5335 hoc

2073 5398 2230 5459 pacto
2262 5400 2415 5441 mens
2456 5382 2522 5438 ad
2557 5384 2809 5452 pietatem
2842 5393 3053 5433 rursum
3104 5374 3442 5431 accendatur.
3498 5372 3677 5425 imite-

2072 5497 2193 5535 mur
2240 5479 2399 5533 etiam
2450 5476 2631 5530 fabros
2679 5469 3053 5528 cmmentarios
3104 5486 3117 5522 :
3170 5466 3222 5519 hi
3273 5466 3415 5519 enim
3467 5463 3680 5531 quoties

2075 5571 2339 5628 lateritins
2390 5568 2564 5638 paries
2606 5561 3023 5619 exmdificandus
3068 5568 3172 5624 est,
3217 5558 3288 5610 ob
3336 5554 3679 5624 fragilitatem

2138 5708 2210 5768 (tt)
2244 5714 2311 5753 De
2359 5710 2471 5768 potu
2515 5711 2653 5762 aquae
2686 5694 2856 5768 calitlse
2892 5696 2942 5742 in
2973 5694 3189 5768 sabbato
3221 5690 3526 5768 montiooJem
3572 5685 3687 5768 facit

2072 5751 2287 5822 Justiittis
2335 5751 2449 5814 Dial.
2491 5751 2601 5811 cum
2639 5758 2891 5822 'l't'yphrnie
2920 5772 2966 5818 p.
2993 5758 3117 5814 2K3;
3147 5756 3221 5803 hic
3246 5760 3408 5800 autem
3432 5751 3495 5799 dc
3515 5751 3684 5812 quoli-

2076 5834 2218 5884 diauo
2238 5844 2325 5879 usu
2352 5830 2525 5889 agitur.
