4178 6330
544 502 787 562 materia
828 515 954 558 eum
983 498 1155 570 longis
1187 496 1345 568 lignis
1373 496 1662 566 stringunt,
1697 491 1858 563 idque
1885 504 1991 544 non
2037 501 2135 556 per

544 595 704 665 longa
730 590 1031 653 interstitis,
1061 587 1154 642 sed
1181 601 1280 658 per
1321 583 1552 650 modica,
1581 593 1640 639 ut
1676 594 1960 650 compages
1997 579 2134 632 late-

548 700 670 741 rum
715 681 879 738 tutior
906 681 978 735 sit
1014 679 1088 735 ob
1125 679 1391 749 lignorum
1436 673 1812 746 frequentiam.
1841 670 1984 725 idem
2016 669 2130 737 ipse

544 787 757 846 quoque
785 771 966 838 facito,
997 779 1053 826 et
1079 770 1218 826 sicut
1238 767 1312 823 illi
1337 763 1676 836 ligaminibus
1702 760 1895 833 ligneis
1923 757 2023 832 (α),
2057 758 2126 811 ita

543 879 600 922 tu
627 864 977 922 saecularibus
1015 861 1244 933 negotiis
1270 858 1605 931 precationes
1628 856 1846 911 crebras
1885 851 2129 922 interpo-

543 970 700 1022 nens,
727 956 892 1010 vitam
925 963 1068 1009 tuam
1093 952 1195 1007 hoc
1221 960 1381 1021 pacto
1406 948 1635 1002 munias.
1661 943 1812 1013 Quod
1843 943 1886 997 si
1909 941 2124 1006 feceris,

540 1049 753 1105 etiamsi
780 1047 1023 1118 plurimas
1055 1043 1302 1115 procella:
1328 1043 1598 1112 ingruant,
1627 1038 1740 1092 sive
1767 1035 2086 1092 tentationes
2106 1073 2121 1100 ,

550 1144 664 1199 sive
685 1141 974 1203 mmstitite,
1001 1140 1116 1194 sive
1135 1133 1483 1206 cogitationes
1501 1131 1766 1196 moleste,
1787 1129 1900 1185 sive
1917 1125 2128 1198 quidvis

541 1233 710 1300 aliud,
739 1230 870 1287 nihil
897 1229 1132 1299 dejicere
1176 1227 1370 1298 poterit
1394 1225 1611 1280 domum
1638 1230 1745 1276 tam
1772 1218 1975 1275 crebris
2002 1231 2126 1287 pre-

544 1326 850 1381 cationihus
892 1322 1110 1393 ligatam
1139 1329 1299 1387 atque
1332 1316 1612 1370 munitam.
1660 1314 1834 1375 Dices,
1863 1309 1964 1375 Qui
2009 1306 2125 1363 fieri

539 1424 716 1486 potest
745 1422 804 1469 ut
830 1413 993 1468 homo
1017 1409 1308 1491 smeplaris,
1338 1406 1636 1462 forensibus
1657 1401 1882 1472 negotiis
1907 1398 2119 1465 afﬁxus,

539 1507 710 1562 tribus
739 1505 887 1559 horis
912 1503 1016 1558 diei
1065 1509 1333 1571 precetur,
1373 1506 1429 1557 et
1472 1496 1538 1552 ad
1581 1494 1864 1551 ecclesiam
1907 1491 2124 1546 currat?

545 1599 748 1663 Potest,
777 1605 833 1652 et
860 1594 1013 1649 facile
1039 1600 1124 1648 est
1154 1608 1170 1658 ;
1197 1591 1320 1646 licet
1339 1591 1482 1645 enim
1503 1588 1569 1644 ad
1590 1587 1876 1644 ecclesiam
1905 1599 2123 1640 currere

541 1703 650 1742 non
679 1687 746 1742 sit
787 1684 1152 1748 commodum,
1201 1689 1375 1751 potest
1422 1681 1548 1734 inibi
1597 1679 1650 1733 in
1697 1677 1813 1732 foro
1856 1676 2124 1745 curithue

539 1777 804 1834 vestibulo
852 1776 1061 1832 haerens
1092 1772 1436 1829 nihilominus
1465 1772 1669 1840 precari
1701 1789 1713 1824 :
1741 1767 1808 1823 ad
1852 1767 1954 1823 hoc
1979 1767 2120 1821 enim

538 1878 717 1927 mente
745 1870 913 1942 magis
939 1881 1074 1939 opus
1099 1875 1181 1922 est
1207 1880 1365 1936 quam
1397 1877 1548 1929 voce,
1570 1861 1734 1918 animi
1777 1858 2123 1915 contentione

537 1963 705 2034 magis
746 1976 904 2033 quam
950 1966 1203 2016 manuum
1248 1954 1607 2013 extensione:
1654 1966 1755 2007 nec
1805 1960 1912 2005 tam
1958 1949 2122 2005 refert

532 2069 646 2124 quo
670 2052 910 2123 corporis
933 2049 1117 2105 habitu
1148 2046 1202 2103 id
1228 2044 1415 2114 facias,
1440 2058 1599 2116 quam
1639 2041 1962 2115 quoanimc
1986 2039 2120 2095 affe-

533 2149 624 2202 ctu
659 2161 673 2196 :
703 2141 1132 2212 quandoquidem
1171 2147 1228 2195 et
1269 2138 1384 2208 ipsa
1427 2138 1580 2192 Anna
1612 2149 1718 2190 non
1747 2132 1818 2188 ob
1852 2132 2119 2188 intensam

533 2235 993 2298 vociferationem,
1038 2231 1132 2288 sed
1178 2231 1249 2286 ob
1293 2230 1563 2285 internum
1609 2226 1788 2282 cordis
1828 2224 2118 2280 clamorem

533 2325 778 2381 exaudita
806 2333 907 2381 est.
941 2323 1080 2379 Dicit
1104 2321 1247 2378 enim
1277 2317 1569 2388 Scriptura,
1622 2313 1734 2371 Vos:
1756 2315 1865 2385 ejus
1897 2329 1998 2375 non
2023 2328 2118 2366 au-

533 2415 784 2479 diebatur,
825 2423 873 2468 et
903 2411 1155 2467 Dominus
1192 2409 1446 2466 exaudivit
1496 2423 1610 2461 eam
1651 2406 1730 2476 (i.
1774 2402 1902 2476 Reg.
1938 2404 1990 2458 1.
2023 2403 2114 2458 15.

533 2506 660 2576 i9).
712 2505 825 2559 Hoc
851 2511 908 2559 et
954 2502 1045 2558 alii
1095 2500 1247 2556 multi
1294 2514 1437 2569 stepe
1483 2499 1740 2559 fecerunt,
1767 2503 1824 2550 et
1849 2493 2116 2549 clamante

531 2597 676 2652 intlls
705 2595 1037 2667 magistratu,
1083 2592 1342 2656 minante,
1370 2595 1709 2657 exasperato,
1739 2585 1967 2651 furente,
2014 2582 2113 2653 ipsi

529 2694 630 2758 pro
658 2686 857 2742 foribus
899 2684 1062 2740 curia
1093 2690 1328 2745 stantes,
1363 2687 1644 2751 postquam
1672 2692 1732 2733 se
1772 2690 1927 2731 sacro
1954 2673 2109 2744 signo

536 2778 856 2840 munissent,
886 2783 941 2830 et
969 2787 1135 2844 pauca
1173 2772 1226 2827 in
1254 2771 1434 2826 animo
1461 2769 1680 2839 precati,
1711 2766 2018 2835 introgressi
2044 2764 2112 2820 ad

530 2883 654 2924 cum
685 2875 1020 2922 mutaverunt
1047 2864 1341 2928 hominem,
1370 2876 1434 2916 ac
1458 2860 1850 2930 mitigaverunt,
1875 2867 1930 2912 et
1963 2871 2112 2911 man-

528 2968 741 3016 suetum
766 2972 832 3013 es
860 2971 1052 3028 aspero
1080 2953 1425 3011 reddiderunt
1453 2969 1467 3006 :
1494 2966 1667 3022 neque
1693 2950 1796 3005 illis
1821 2959 1913 3003 aut
1938 2948 2107 3017 locus,

527 3057 621 3106 aut
644 3057 875 3121 tempus,
900 3055 992 3102 aut
1011 3045 1284 3102 silentium
1313 3041 1381 3099 ad
1412 3040 1734 3114 precandum
1760 3038 1854 3094 fuit
1883 3037 2109 3116 impedi-

529 3152 732 3198 mento.

597 3233 652 3286 6.
685 3231 798 3288 iloc
823 3230 984 3286 etiam
1015 3239 1071 3284 tu
1117 3227 1277 3284 facito
1305 3247 1320 3284 :
1349 3225 1635 3298 ingemisce
1675 3239 1878 3290 amare,
1907 3222 1961 3279 iu
1990 3237 2106 3279 me-

527 3321 750 3378 moriam
801 3335 994 3378 revoca
1040 3329 1126 3375 tua
1158 3327 1393 3390 peccata,
1437 3317 1650 3388 suspice
1695 3317 1750 3371 in
1779 3315 1993 3382 caelum,
2022 3313 2110 3370 dic

525 3411 584 3467 iu
608 3419 808 3474 mente,
841 3409 1085 3465 Miserere
1115 3410 1233 3473 mei,
1269 3407 1428 3472 Deus,
1458 3418 1514 3463 et
1540 3407 1813 3463 absolvistl
1842 3407 2106 3478 precatio-

524 3515 670 3557 nem.
697 3500 798 3568 Qui
821 3499 965 3556 enim
985 3498 1138 3567 dicit,
1165 3497 1426 3563 lliserere,
1452 3498 1837 3553 confessionem
1858 3495 2034 3563 oﬂert,
2053 3507 2108 3553 et

528 3601 805 3662 peccatum
823 3606 986 3661 suum
1015 3589 1256 3662 agnoscit
1287 3610 1302 3646 :
1333 3590 1597 3661 lapsorum
1623 3588 1766 3645 enim
1793 3597 1878 3644 est
1898 3587 2107 3643 miseri-

523 3682 759 3738 cordiam
790 3682 1082 3752 requirere.
1111 3681 1213 3751 Qui
1239 3681 1387 3757 dicit,
1423 3681 1665 3737 Miserere
1685 3681 1804 3746 eiei,
1826 3682 2104 3737 remissio-

527 3786 654 3827 nem
696 3771 1011 3828 delictorum
1057 3772 1264 3842 accepit
1309 3793 1322 3828 :
1365 3773 1454 3842 qui
1502 3773 1645 3828 enim
1689 3771 2107 3828 misericordiam

523 3871 885 3935 consequutus
903 3873 1007 3932 est,
1037 3880 1145 3920 non
1171 3865 1406 3934 punitur.
1432 3863 1532 3932 Qui
1552 3863 1700 3930 dicit,
1728 3863 1968 3919 limere
1985 3864 2105 3932 mei,

523 3949 746 4029 regnum
789 3957 1044 4013 calorum
1093 3957 1323 4012 obtinuit
1355 3978 1368 4013 :
1397 3949 1559 4028 quem
1587 3956 1730 4012 enim
1775 3955 1913 4012 Deus
1942 3957 2107 4013 mise-

523 4059 695 4117 ratur,
714 4063 821 4105 nou
847 4064 879 4104 a
906 4063 1062 4120 pana
1081 4048 1252 4106 solum
1277 4049 1481 4117 liberat,
1509 4049 1604 4104 sed
1629 4048 1925 4104 futurorum
1945 4049 2106 4105 etiam

527 4140 788 4196 bonorum
813 4140 1152 4212 possessione
1177 4139 1444 4212 dignatur.

597 4227 786 4284 Procul
807 4246 841 4283 ιι
868 4231 1052 4299 ωηιριο
1078 4229 1304 4285 habitare
1330 4229 1395 4286 an
1423 4239 1618 4285 excuset
1647 4246 1748 4284 non
1771 4229 2060 4286 accedentes
2081 4247 2103 4296 ,'

525 4322 710 4393 ubique
735 4337 884 4375 orare
905 4336 1186 4390 possumus.
1202 4320 1363 4376 —Ne
1386 4320 1543 4391 igitur
1563 4319 1934 4377 excusationes
1957 4335 2107 4390 quat-

527 4425 709 4468 ramus
752 4410 979 4481 dicendo
1032 4427 1138 4466 non
1192 4427 1313 4467 esse
1379 4412 1730 4482 propinquam
1785 4410 2107 4481 precationis

524 4503 693 4558 tndem
724 4524 738 4558 :
766 4517 864 4558 nos
907 4504 1047 4559 enim
1094 4504 1257 4574 ipsos,
1297 4504 1342 4558 si
1383 4503 1546 4559 sobrii
1593 4505 1871 4569 fuerimus,
1910 4505 2105 4575 templa

526 4592 622 4648 Dei
669 4591 795 4647 facit
843 4593 1010 4662 gratia
1053 4593 1301 4663 Spiritus,
1333 4603 1389 4648 ut
1439 4609 1626 4665 magna
1675 4595 1912 4666 undique.
1954 4596 2107 4652 nobis

527 4684 778 4754 precandi
810 4683 1030 4741 facultas
1077 4685 1233 4740 adsit.
1275 4679 1457 4755 Neque
1504 4688 1644 4741 enim
1676 4687 1798 4742 talis
1836 4697 1920 4744 est
1964 4687 2106 4759 apud

527 4789 628 4830 nos
654 4774 865 4830 divinus
889 4776 1085 4842 cultus,
1112 4777 1286 4847 qualis
1311 4776 1578 4846 quondam
1602 4778 1742 4849 apud
1759 4778 1973 4836 Judaeos
1993 4789 2108 4836 erat

527 4868 752 4924 multum
779 4867 981 4923 habens
1009 4868 1338 4924 sensibilium
1366 4869 1809 4937 ceremoniarum,
1841 4869 2109 4941 multaque

525 4959 836 5028 operatione
882 4958 1143 5030 indigens.
1191 4959 1303 5015 illic
1336 4971 1671 5030 prccaturum
1722 4961 2003 5031 oportebat
2041 4961 2107 5018 ad

525 5048 778 5118 templum
803 5051 1113 5118 ascendere,
1142 5057 1403 5107 turturem
1432 5068 1634 5118 emere,
1665 5053 1805 5125 ligna
1848 5063 1903 5109 et
1931 5053 2106 5125 ignem

524 5138 593 5195 ad
619 5154 809 5195 manus
838 5139 1053 5206 habere,
1081 5152 1294 5212 arrepto
1315 5142 1489 5198 cultro
1506 5143 1659 5198 altari
1680 5146 1950 5209 assistere,
1979 5143 2110 5200 alia-

521 5248 628 5304 que
666 5233 828 5290 multa
875 5244 1138 5307 praecepta
1192 5235 1448 5308 perlicere
1479 5255 1494 5292 :
1523 5235 1608 5294 hic
1653 5237 1782 5294 nihil
1829 5237 1952 5300 tale.
2000 5239 2096 5294 sed

525 5327 851 5398 ubicumque
879 5324 1066 5398 fueris,
1097 5337 1294 5400 presio
1319 5327 1414 5384 tibi
1431 5339 1512 5384 est
1537 5337 1592 5384 et
1620 5330 1805 5396 altare,
1834 5338 1889 5385 et
1913 5329 2105 5397 culter,

586 5499 662 5568 (ει)
693 5509 806 5568 oue
837 5504 938 5554 sint
968 5503 1050 5554 illa
1352 5503 1518 5568 multis
1539 5501 1922 5568 explanat/inuis,
1943 5511 1995 5554 et
2013 5517 2108 5568 non

525 5564 806 5630 testimonio
839 5571 1024 5630 tantum
1049 5564 1338 5630 itiéipnymi,
1649 5564 1876 5630 esemplo
1899 5566 2107 5630 quodam

527 5637 590 5675 es
613 5625 871 5678 ruderibus
886 5629 1041 5690 petito
1465 5629 1511 5678 in
1537 5626 1659 5676 libro
1682 5625 1993 5690 animum:
2015 5640 2108 5677 es-

523 5690 735 5753 plausta
777 5698 838 5753 et
888 5687 1219 5753 schematibus
1239 5688 1506 5751 “lustrata,
1530 5695 1660 5738 1pm.
1685 5687 1822 5752 3,,p.
1841 5688 1953 5749 διο.
1976 5701 2107 5753 φη.

529 5747 578 5804 iii
599 5747 761 5810 fallor,
775 5750 902 5801 itacui
917 5750 1062 5815 digna
1079 5759 1209 5801 S‘llll-

1326 382 1384 439 S.
1422 377 1702 437 JOANNIS
1735 366 2217 432 CllBYSOSTOII
2253 367 2569 429 ARCliIEP.
2611 360 3147 431 CONS'I'ANTINOP.

3733 367 3844 430 6‘38

2247 495 2303 542 et
2331 487 2542 544 victima
2575 505 2591 540 :
2621 498 2676 544 tu
2707 488 2824 559 ipse
2851 497 2907 546 et
2944 489 3136 557 altare,
3161 495 3218 545 et
3242 485 3515 550 sacerdos.
3540 494 3597 544 et
3621 489 3840 546 victima

2239 595 2320 638 es.
2354 580 2686 653 Ubicumque
2712 582 2855 638 enim
2885 582 3073 648 fueris,
3122 591 3276 653 potes
3318 581 3528 653 erigere
3566 579 3761 645 altare,
3789 581 3838 640 si

2238 673 2476 730 sobriam
2520 673 2680 731 modo
2721 673 3048 729 voluntatem
3096 671 3314 739 aﬂ'eras,
3340 687 3442 728 nec
3466 680 3521 727 te
3563 681 3658 727 aut
3685 670 3837 731 locus

2238 776 2332 823 aut
2360 774 2574 838 tempus
2619 765 2860 839 impedit,
2902 766 2996 838 sed
3024 763 3235 822 etiamsi
3261 779 3365 821 nec
3405 779 3581 837 genua
3605 764 3793 821 flectas
3813 805 3831 831 ,

2238 873 2340 914 nec
2381 867 2568 930 pectus
2597 859 2812 926 tundas,
2848 873 2950 915 nec
2976 871 3169 914 manus
3207 857 3276 913 ad
3303 857 3498 914 caelum
3546 856 3757 924 tendas,
3787 856 3835 911 si

2232 959 2471 1007 mentem
2510 950 2686 1007 solum
2713 949 2915 1007 afferas
2955 946 3233 1012 férvidam.
3265 948 3400 1004 nihil
3425 949 3521 1003 tibi
3545 949 3612 1003 ad
3641 962 3832 1018 preca-

2237 1044 2434 1099 tionem
2463 1042 2654 1098 deerit.
2702 1042 2854 1100 Licet
2881 1043 3041 1098 etiam
3073 1040 3281 1098 mulieri
3304 1040 3484 1097 colum
3509 1040 3711 1095 tenenti
3736 1049 3833 1094 aut

2231 1132 2393 1188 telam
2423 1133 2621 1189 tescnti
2665 1140 2850 1188 mente
2889 1132 3164 1202 suspicere
3192 1130 3247 1187 in
3295 1131 3509 1197 caelum,
3536 1139 3592 1186 et
3617 1128 3830 1185 ardenti

2230 1230 2450 1294 pectore
2476 1220 2660 1279 Deum‘
2673 1222 2924 1278 invocare
2955 1240 2972 1278 :
3002 1221 3127 1277 licet
3151 1222 3312 1277 etiam
3343 1220 3460 1278 viro
3484 1221 3541 1277 in
3565 1219 3684 1277 foro
3707 1234 3832 1276 ver-

2229 1314 2369 1370 santi
2406 1323 2499 1370 aut
2541 1314 2644 1372 iter
2672 1300 2888 1370 facienti
2925 1321 3128 1369 attente
3155 1312 3363 1385 precari
3394 1328 3410 1367 :
3439 1311 3598 1368 alteri
3641 1311 3827 1367 itidem

2231 1405 2282 1459 iu
2309 1405 2521 1461 officina
2549 1404 2757 1461 sedenti
2800 1419 2866 1460 ac
2887 1392 3060 1459 coria'
3077 1403 3254 1460 suenti
3282 1402 3517 1459 animam
3545 1402 3612 1458 ad
3637 1401 3824 1458 Domi-

2227 1513 2357 1554 num
2387 1499 2595 1569 erigere
2623 1515 2638 1550 :
2667 1497 2792 1553 licet
2818 1511 2976 1552 servo
3000 1496 3306 1564 obsonanti,
3334 1510 3400 1551 ac
3423 1510 3638 1551 sursum
3666 1494 3830 1550 deor-

2227 1607 2347 1662 sum
2379 1584 2681 1655 cursitanti,
2709 1588 2793 1644 vel
2823 1588 2877 1644 in
2906 1589 3082 1644 culina
3107 1588 3452 1656 ministranti,
3481 1586 3527 1643 si
3556 1602 3666 1665 qon
3696 1585 3825 1642 licet

2225 1682 2374 1738 adire
2397 1680 2703 1748 ecclesiam,
2725 1679 3091 1751 precationem
3113 1679 3368 1736 intentam
3389 1693 3453 1736 es
3475 1679 3584 1734 imo
3605 1686 3831 1750 pectore

2225 1776 2386 1832 ciere.
2432 1773 2545 1829 Non
2596 1772 2760 1843 pudet
2807 1772 2908 1828 loci
2951 1772 3119 1829 Deum
3149 1788 3165 1827 :
3193 1785 3358 1827 unum
3387 1771 3642 1842 postulat,
3669 1786 3824 1827 meu-

2226 1874 2332 1921 tem
2360 1864 2653 1920 ferventem
2673 1855 3026 1933 animamque
3038 1861 3355 1918 modestam.
3383 1862 3452 1918 Et
3471 1871 3531 1918 ut
3550 1863 3692 1918 scias
3711 1878 3822 1918 non

2229 1954 2410 2037 habitu
2439 1961 2534 2010 aut
2575 1953 2814 2010 locorum
2861 1961 3233 2024 temporumve
3275 1953 3672 2022 opportunitate
3697 1966 3825 2008 esse

2223 2044 2378 2116 opus,
2411 2043 2505 2099 sed
2549 2043 2733 2099 animo
2781 2043 2952 2114 probo
2988 2057 3052 2097 ac
3081 2043 3247 2113 vigili,
3291 2042 3491 2099 Paulus
3515 2043 3737 2113 supinus
3764 2043 3820 2100 in

2222 2151 2438 2195 carcere
2461 2137 2667 2206 iacens,
2694 2150 2800 2190 non
2831 2144 3044 2192 erectus
3069 2144 3220 2192 stans
3247 2134 3269 2205 (
3295 2150 3468 2206 neque
3490 2134 3634 2190 enim
3663 2149 3820 2190 com-

2222 2245 2317 2300 pes
2359 2229 2533 2299 lignea
2578 2227 2967 2297 permittebat),
3011 2227 3262 2297 quoniam
3307 2241 3497 2297 magna
3545 2225 3824 2282 alacritate

2220 2317 2536 2389 precabatur
2558 2316 2764 2387 jacens,
2795 2328 3067 2370 carcerem
3109 2315 3396 2382 concussit,
3439 2313 3660 2386 ejusque
3691 2313 3818 2370 fun-

2217 2410 2464 2472 damenta
2494 2406 2804 2474 commovit,
2833 2416 2890 2465 et
2930 2407 3204 2464 custodem
3251 2407 3458 2475 terruit,
3485 2421 3550 2464 ac
3577 2423 3703 2463 mox
3727 2409 3819 2462 i-

2218 2505 2428 2558 iiiatum
2455 2502 2522 2559 ad
2548 2503 2801 2575 mysteria
2828 2515 2978 2558 sacra
3004 2500 3252 2572 perduxit
3273 2500 3408 2572 (Act.
3438 2500 3551 2571 18).
3581 2500 3817 2556 Rursum

2218 2593 2478 2650 Ezechias
2502 2594 2592 2649 ille
2614 2609 2721 2649 non
2751 2602 2964 2649 erectus
2990 2602 3140 2648 stans
3164 2606 3337 2662 neque
3363 2591 3588 2662 genibus
3615 2590 3767 2647 ﬂexis
3796 2633 3814 2656 ,

2219 2686 2317 2743 sed
2347 2685 2571 2756 supinus
2600 2687 2653 2743 in
2681 2686 2818 2740 lecto
2837 2683 3039 2740 cubans
3059 2683 3128 2738 ob
3156 2682 3540 2748 infirmitatem,
3567 2698 3728 2739 versas
3744 2682 3815 2736 ad

2214 2781 2475 2851 parietem
2497 2777 2650 2842 facie,
2670 2777 2921 2848 quoniam
2949 2774 3203 2831 ardenter
3220 2784 3274 2830 et
3290 2772 3608 2844 temperanti
3631 2774 3816 2830 animo

2215 2872 2381 2927 Deum
2409 2869 2693 2937 iiwocavlt,
2725 2869 3048 2924 sententiam
3076 2866 3338 2921 adversus
3364 2880 3426 2921 se
3454 2865 3622 2921 latam
3648 2880 3814 2921 revo—

2213 2963 2374 3031 cavit,
2400 2977 2644 3032 magnam
2665 2960 2765 3019 sibi
2787 2959 3012 3031 gratiam
3031 2956 3355 3034 conciliavit,
3379 2966 3435 3010 et
3457 2957 3512 3012 in
3529 2955 3816 3026 pristinam

2213 3052 2491 3110 restitutus
2514 3060 2598 3108 est
2621 3050 2904 3105 sanitatem
2929 3050 3010 3120 (ι.
3061 3047 3187 3118 Reg.
3223 3047 3338 3119 20).
3365 3046 3475 3104 Nec
3492 3035 3672 3116 solum
3694 3063 3815 3102 ma-

2213 3143 2333 3214 gnis
2367 3151 2421 3198 et
2459 3140 2659 3217 sanctis
2696 3139 2826 3195 viris
2853 3140 2956 3194 hoc
2979 3138 3268 3209 contigisse
3293 3137 3504 3203 videas,
3531 3136 3626 3196 sed
3653 3135 3814 3192 malis

2213 3235 2396 3291 etiam.
2423 3231 2556 3288 Nam
2583 3242 2639 3288 et
2680 3231 2816 3286 latro
2845 3230 2956 3295 ille,
3005 3245 3112 3286 non
3155 3239 3307 3286 stans
3333 3231 3388 3285 in
3428 3230 3690 3296 oratorio,
3718 3239 3814 3286 aut

2211 3340 2383 3397 genua
2411 3323 2651 3389 flectens,
2678 3321 2772 3376 scd
2804 3321 2856 3377 in
2899 3335 3060 3375 cruce
3085 3319 3377 3386 distensus,
3424 3319 3606 3388 paucis
3629 3318 3814 3376 verbis

2217 3432 2440 3489 regnum
2467 3413 2720 3470 czelorum
2753 3411 3060 3483 impetravit
3088 3410 3240 3482 (Luc.
3269 3411 3360 3467 23.
3397 3409 3490 3467 Β.
3516 3408 3610 3484 35)
3633 3427 3646 3466 :
3668 3412 3811 3465 alius

2210 3511 2264 3565 in
2297 3509 2469 3565 lacum
2495 3519 2771 3563 omnecum
2815 3503 3114 3572 coniectus,
3141 3501 3278 3556 alius
3302 3492 3358 3556 in
3389 3499 3596 3555 foveam
3621 3499 3810 3557 bestiis

2209 3601 2452 3673 obiectus
2477 3639 2492 3664 ,
2539 3599 2678 3653 alius
2725 3596 2829 3652 ceti
2877 3595 3002 3650 alvo
3048 3594 3360 3661 conclusus,
3408 3593 3654 3649 invocato
3696 3592 3809 3649 Deo

2211 3693 2351 3748 mala
2384 3690 2632 3748 instantia
2679 3688 3066 3754 discusserunt,
3111 3685 3454 3756 divinamquc
3481 3685 3583 3741 sibi
3623 3684 3809 3742 conci-

2211 3786 2408 3843 liarunt
2434 3783 2881 3842 benevolentiam.
2917 3781 3032 3837 Hoc
3057 3794 3310 3837 sermone
3335 3779 3524 3836 hortor
3548 3789 3606 3836 ut
3629 3780 3808 3836 conti-

2211 3893 2316 3934 nue
2338 3875 2688 3945 frequentetls
2708 3871 2987 3940 ecclesias,
3008 3880 3060 3928 et
3086 3870 3236 3927 domi
3262 3885 3385 3927 cum
3407 3885 3600 3942 magna
3625 3871 3812 3941 quiete

2213 3965 2503 4036 precemiui
2531 3980 2627 4036 per
2652 3963 2843 4029 Otium,
2870 3977 3041 4033 genua
3067 3960 3365 4027 ﬂectentes,
3394 3975 3694 4030 manuqu
3718 3969 3811 4017 at-

2212 4058 2461 4114 tollentes
2477 4074 2495 4113 :
2514 4054 2658 4126 quod
2679 4055 2724 4109 si
2747 4062 2959 4125 tempus
2982 4061 3074 4108 aut
3097 4052 3252 4108 locus
3270 4065 3369 4106 nos
3398 4051 3451 4106 in
3468 4050 3812 4108 multitudine

2211 4147 2485 4204 hominum
2530 4124 2893 4215 deprehendat
2913 4184 2932 4212 ,
2963 4157 3070 4198 non
3117 4149 3202 4197 est
3229 4139 3301 4197 ob
3334 4140 3439 4198 hoc
3462 4156 3493 4197 a
3531 4141 3810 4198 consuetis

2209 4240 2545 4297 orationibus
2571 4237 2914 4302 cessandum,
2942 4235 3038 4292 sed
3068 4235 3139 4291 ita
3168 4245 3226 4291 ut
3253 4242 3486 4291 vestram
3523 4236 3805 4290 caritatem

2211 4317 2416 4392 monui.
2438 4328 2729 4400 precamini
2745 4336 2800 4384 et
2823 4328 3067 4382 iuvocate
3090 4325 3282 4392 Deum,
3301 4325 3436 4380 certi
3458 4325 3810 4382 nihilominus

2213 4423 2301 4478 tali
2332 4421 2642 4494 precatione
2662 4428 2839 4490 optata
2866 4431 2962 4473 vos
2982 4417 3380 4488 impetraturos.
3406 4414 3524 4471 Non
3545 4415 3664 4472 lucc
3683 4416 3808 4472 ideo

2214 4516 2322 4571 dixi
2351 4526 2409 4570 ut
2431 4512 2765 4586 applaudatis
2793 4518 2844 4566 et
2887 4508 3135 4571 laudetis,
3161 4505 3257 4563 sed
3299 4515 3350 4562 et
3377 4519 3542 4577 Opere
3567 4522 3632 4563 ea
3663 4523 3805 4578 pne-

2215 4608 2388 4675 stetis,
2417 4615 2584 4678 utque
2612 4614 2718 4661 tam
2749 4609 3066 4658 nocturnum
3095 4613 3254 4670 quam
3292 4597 3541 4653 diurnum
3589 4607 3647 4654 et
3671 4612 3804 4668 ope.

2213 4697 2362 4754 randi
2393 4708 2602 4767 tempus
2628 4695 2767 4749 votis
2796 4707 2860 4748 ac
2902 4689 3300 4762 precationibus
3323 4688 3620 4759 occupetis.
3649 4687 3805 4754 Quod

2211 4787 2256 4842 si
2288 4801 2377 4842 res
2403 4796 2613 4842 nostras
2637 4784 2718 4839 sic
2743 4781 3189 4851 disposuerimus,
3215 4786 3272 4835 et
3293 4788 3614 4850 prasentem
3641 4777 3805 4833 vitam

2213 4886 2326 4932 tuto
2355 4877 2747 4946 transigemus,
2792 4882 2848 4927 et
2887 4870 3102 4929 caeleste
3146 4883 3370 4941 regnum
3406 4881 3805 4938 assequemur:

2211 4983 2320 5040 quo
2366 4967 2521 5024 nobis
2548 4963 2794 5019 omnibus
2826 4961 3106 5032 pervenire
3133 4959 3310 5026 detur,
3351 4957 3522 5040 gratia
3563 4966 3619 5013 et
3651 4957 3810 5015 beni-

2212 5038 2412 5131 gnitate
2437 5058 2644 5114 Domini
2690 5052 2858 5119 nostri
2888 5053 3014 5110 Iesu
3039 5051 3262 5119 Christi,
3294 5067 3390 5123 per
3413 5038 3575 5122 quc
3601 5059 3659 5105 et
3679 5068 3809 5110 ιιιιιι

2211 5167 2318 5224 quo
2349 5151 2488 5207 Patri
2517 5149 2708 5220 gloria,
2736 5145 2894 5202 simul
2935 5159 3058 5200 cum
3100 5152 3290 5199 sancto
3331 5142 3555 5212 Spiritu,
3581 5149 3809 5200 nuucet

2213 5258 2446 5315 semper,
2468 5251 2523 5299 et
2549 5239 2603 5296 in
2627 5238 2820 5296 saecula
2849 5235 3191 5293 mulorum.
3219 5233 3414 5290 Amen.
