4178 6330
218 392 323 448 (σἷῦ

867 494 1100 551 SERMO
1141 493 1205 547 Υ.

217 618 473 672 ddtvrws
511 629 595 667 eos
621 612 707 682 qui
730 619 928 663 tantum
969 609 1022 660 in
1053 607 1191 678 festis
1222 605 1544 666 convenirent,
1574 612 1621 655 et
1669 600 1825 671 quid-

293 724 416 762 nam
443 708 507 761 sit
534 708 752 776 festum;
783 704 902 755 item
925 700 1169 755 adversus
1194 714 1277 752 eos
1304 697 1392 768 qui
1429 696 1666 749 incusant
1692 694 1826 747 diri-

293 816 415 853 nam
441 795 813 863 providentiam
834 834 850 861 ,
892 810 950 847 eo
991 793 1129 862 quod
1156 792 1209 845 in
1238 790 1334 843 hac
1363 791 1465 842 vita
1490 788 1697 857 quidam
1725 782 1828 841 sit?!

289 888 493 951 dit-iter,
524 887 733 957 quidam
764 900 1014 953 pauperes
1040 900 1059 936 :
1090 881 1225 950 quod
1254 888 1529 951 paupertas
1554 874 1826 931 utilissima

286 979 376 1043 sit,
404 986 451 1032 et
481 979 621 1045 quod
649 984 929 1047 paupertas
954 974 1071 1042 plus
1115 972 1389 1042 voluptatis
1437 987 1497 1023 ac
1540 969 1827 1023 securitatis

287 1070 476 1141 ubique
504 1064 719 1135 habeat,
746 1084 900 1137 quain
929 1066 1119 1121 divitia
1135 1082 1155 1131 ;
1184 1066 1406 1134 itemque
1442 1064 1505 1118 de
1544 1064 1713 1118 Anna.

294 1208 322 1264 i
336 1248 349 1262 .
373 1207 619 1272 Frustra,
641 1212 703 1259 ut
725 1203 957 1267 videtur,
978 1217 1073 1258 eos
1087 1201 1177 1271 qui
1198 1199 1522 1272 praecedenti
1542 1197 1824 1253 adfuerunt

213 1299 460 1352 «illectae
478 1338 494 1362 ,
526 1296 723 1351 hortati
747 1309 933 1350 sumus
952 1335 971 1361 ,
996 1301 1056 1348 ut
1090 1293 1142 1347 in
1166 1300 1390 1363 paterna
1413 1290 1575 1346 domo
1609 1302 1826 1359 permit-

216 1394 434 1451 ucrent,
457 1394 512 1441 et
537 1401 643 1440 non
675 1399 778 1439 una
807 1399 928 1439 cum
977 1383 1040 1438 iis
1061 1425 1075 1447 ,
1122 1382 1213 1452 qui
1243 1380 1394 1436 festis
1433 1381 1623 1435 diebus
1650 1379 1824 1433 solum

218 1477 315 1533 hic
338 1491 399 1532 se
424 1478 641 1541 sistunt,
672 1475 995 1531 accederent
1021 1473 1088 1529 ad
1120 1487 1219 1528 nos
1237 1516 1251 1539 ,
1279 1487 1343 1527 ac
1362 1485 1571 1526 rursum
1594 1469 1824 1525 decede-

213 1577 340 1623 rent
367 1585 382 1621 :
416 1569 526 1623 im'o
549 1581 679 1621 vero
720 1580 826 1620 non
859 1564 1077 1620 frustra.
1120 1562 1256 1618 Nam
1298 1562 1396 1617 etsi
1426 1560 1624 1616 nemini
1654 1575 1719 1615 ex
1746 1558 1826 1614 eis

214 1673 538 1731 persuasum
563 1669 708 1715 esset
728 1640 1177 1713 oratione'ncstra
1194 1697 1208 1723 ,
1231 1654 1387 1709 nobis
1408 1662 1589 1709 tamen
1612 1664 1821 1706 merces

212 1753 425 1823 integra
466 1760 681 1817 manet,
709 1750 1030 1822 plenamque
1072 1748 1332 1803 habemus
1359 1744 1502 1813 apud
1530 1743 1697 1799 Deum
1723 1741 1823 1797 de-

210 1843 541 1899 fensionem.
559 1841 923 1910 Quamobrem
942 1848 1153 1910 Oportet
1164 1837 1621 1897 concinnatorem,
1635 1835 1826 1889 etiam-

212 1937 259 1991 si
308 1951 471 1991 nemo
501 1935 742 1991 attendat
762 1975 779 2002 ,
815 1935 1021 1989 semina
1044 1933 1247 2002 jacere,
1276 1938 1332 1985 et
1360 1929 1636 2000 pecuniam
1657 1928 1826 1997 depo-

211 2042 349 2085 nere
372 2070 387 2094 ,
431 2036 488 2083 ut
520 2036 705 2098 postea
751 2027 894 2082 Deus
926 2040 1029 2081 non
1058 2024 1128 2079 ab
1157 2024 1275 2089 illo,
1310 2022 1406 2077 sed
1446 2037 1476 2076 a
1512 2021 1826 2076 numulariis

211 2119 481 2175 rationem
525 2125 794 2190 reposcat.
840 2116 995 2183 Quod
1041 2129 1172 2170 sane
1211 2114 1372 2169 etiam
1417 2126 1517 2166 nos
1560 2110 1820 2175 ferimus,

210 2211 518 2283 arguendo,
549 2207 881 2278 increpando
904 2248 919 2271 ,
947 2204 1304 2270 obsecrando,
1350 2198 1713 2257 admonendo.
1763 2200 1822 2255 In

212 2302 321 2357 hoc
345 2302 495 2357 enim
524 2299 677 2354 vobis
702 2297 1243 2353 commemoravimus
1270 2293 1436 2348 lilium
1462 2292 1613 2347 illum
1644 2299 1823 2361 pater-

210 2406 406 2447 narum
426 2390 737 2445 facultatum
752 2389 1180 2459 absumptorem,
1201 2384 1413 2440 tandem
1444 2383 1511 2438 ad
1545 2392 1822 2453 paternam

209 2484 437 2539 domum
488 2480 820 2552 postliminio
870 2493 1149 2535 reversum
1174 2517 1190 2541 ,
1242 2475 1657 2544 nniversamque
1705 2474 1823 2541 ejus

210 2574 513 2635 miseriam,
544 2570 764 2637 famem,
807 2569 1063 2635 dedecus,
1108 2566 1394 2638 opprobria
1424 2606 1439 2631 ,
1484 2573 1539 2620 et
1562 2562 1819 2635 quidquid

206 2665 352 2738 apud
376 2675 596 2720 exteros
622 2663 863 2734 pertulit,
890 2660 1212 2715 adduximus
1240 2659 1294 2713 in
1324 2657 1589 2722 medium,
1616 2665 1676 2709 ut
1719 2655 1823 2708 hoc

206 2755 464 2826 exemplo
487 2754 554 2810 ad
590 2754 942 2809 sobrietatem
970 2767 1067 2808 vos
1096 2750 1464 2822 redigeremus
1491 2765 1505 2802 τ
1537 2762 1709 2818 neque
1738 2746 1825 2811 hic

207 2860 523 2903 sermonem
560 2844 853 2907 finivimus,
881 2857 1063 2898 verum
1085 2842 1245 2897 etiam
1270 2847 1547 2910 paternam
1574 2853 1697 2908 erga
1729 2852 1824 2892 eos

208 2940 469 3012 pietatem
500 2936 868 2999 exhibuimus,
894 2949 1001 2990 non
1033 2933 1372 3005 negligentia:
1395 2945 1581 3001 poenas
1606 2930 1824 3000 exigen-

206 3040 312 3097 tes,
345 3030 442 3087 sed
475 3029 681 3099 supinis
708 3028 956 3083 manibus
984 3041 1081 3082 eos
1106 3025 1466 3093 excipientes,
1481 3022 1695 3078 veniam
1724 3022 1814 3077 de-

205 3123 478 3182 lictorum.
507 3120 892 3187 concedentes,
939 3126 1121 3191 aperta
1160 3116 1323 3171 domo
1366 3130 1607 3170 mensam
1652 3130 1824 3184 appu-

205 3223 427 3277 aentcs,
457 3211 719 3268 doctrina:
740 3211 942 3265 amictu
967 3224 1060 3264 eos
1086 3208 1430 3273 amicienles,
1462 3216 1823 3275 ceteramque

203 3319 431 3359 omnem
475 3317 661 3358 curam
713 3301 845 3371 ipsis
890 3299 1230 3355 adhibentes.
1285 3298 1365 3355 Illi
1416 3307 1597 3353 autem
1654 3295 1822 3351 lilium

206 3396 364 3450 illum
397 3408 503 3448 non
550 3400 678 3447 sunt
718 3390 947 3457 imitati,
980 3404 1082 3445 nec
1115 3405 1210 3446 eos
1239 3389 1409 3444 relicti
1451 3399 1624 3445 cmtus
1652 3390 1826 3458 paeni-

206 3487 339 3553 tIit,
380 3500 557 3555 neque
597 3485 655 3539 iu
684 3492 907 3552 paterna
945 3481 1108 3537 domo
1136 3488 1473 3546 manserunt,
1522 3479 1618 3535 sed
1648 3479 1823 3535 denuo

206 3577 617 3631 abscesserunt.
642 3574 886 3629 Vestrum
916 3572 1077 3642 igitur
1102 3580 1268 3636 esset,
1292 3579 1553 3638 vestrum,
1584 3571 1820 3640 inquam,

206 3668 300 3739 qui
330 3680 552 3735 semper
578 3664 857 3719 nobiscum
874 3664 1024 3728 estis,
1060 3662 1320 3717 reducere
1344 3662 1509 3733 ipsos,
1532 3663 1824 3731 persuade-

209 3774 384 3830 reqne
414 3769 472 3813 ut
502 3758 785 3813 nobiscum
829 3772 925 3827 per
956 3756 1196 3827 singulas
1224 3756 1478 3811 collectas
1506 3756 1673 3811 velint
1704 3756 1822 3811 festi

205 3868 333 3909 esse
359 3853 670 3925 participes.
718 3850 975 3919 Quamvis
1004 3850 1150 3905 enim
1194 3849 1516 3904 Pentecoste
1542 3848 1819 3919 prmteriit,

206 3946 409 4001 festum
449 3954 628 3999 tamen
660 3959 767 3999 non
814 3943 1103 4013 praeteriit;
1133 3942 1310 3997 omnis
1338 3942 1484 3996 enim
1523 3952 1822 3997 conventus

207 4038 409 4093 featum
442 4047 545 4092 est.
594 4035 747 4092 Unde
776 4037 878 4091 hoc
900 4036 1079 4105 patet?
1110 4036 1184 4090 Es
1219 4034 1348 4106 ipsis
1391 4034 1589 4090 Christi
1622 4036 1821 4101 verbis,

205 4129 444 4184 dicentis
469 4146 483 4182 :
518 4127 831 4198 Ubicumque
855 4128 1043 4196 fuerint
1074 4128 1175 4181 duo
1206 4128 1283 4182 uel
1314 4138 1413 4181 tres
1436 4130 1731 4198 congregati
1768 4130 1823 4182 in

206 4236 323 4274 meo
350 4220 577 4283 nomine,
609 4219 678 4273 ibi
698 4235 813 4273 sum
844 4220 898 4272 in
938 4219 1105 4271 medio
1132 4235 1307 4273 eorum
1332 4218 1544 4283 (Matth.
1576 4219 1664 4275 18.
1700 4219 1818 4290 20).

205 4310 434 4379 Quoties
464 4320 643 4367 autem
658 4307 904 4364 Christus
931 4310 1154 4365 interest
1183 4310 1236 4364 in
1260 4310 1439 4367 medio
1458 4320 1653 4377 ctetns,
1676 4312 1820 4383 quod

207 4402 391 4473 majus
414 4402 614 4473 quiuis
645 4401 763 4458 fcsti
786 4402 1203 4473 argumentum?

283 4534 561 4590 Fatorum
606 4546 819 4590 ornatus
867 4537 1084 4590 veri.—
1112 4535 1213 4594 Ubi
1264 4552 1416 4591 sacra
1466 4537 1711 4594 doctrina
1764 4549 1821 4595 et

206 4641 423 4698 preces,
457 4626 547 4681 ubi
571 4637 783 4695 patrum
816 4626 1219 4682 henedictiones
1240 4638 1295 4681 et
1324 4626 1520 4682 divinae
1547 4627 1681 4699 legis
1721 4645 1821 4684 an-

207 4719 494 4784 ditnrium,
517 4719 606 4773 ubi
634 4727 931 4773 conventus
958 4718 1207 4786 fratrum,
1223 4734 1598 4791 germanaeque
1621 4722 1819 4776 carita-

207 4812 283 4866 Iis
325 4811 624 4877 vinculum,
657 4811 747 4866 uhi
793 4827 913 4868 cum
948 4814 1060 4867 Deo
1098 4813 1445 4883 colloquium,
1475 4824 1530 4869 et
1560 4815 1653 4870 Dei
1696 4831 1820 4871 cum

212 4901 532 4957 hominibus
562 4917 764 4965 sermo.
798 4904 888 4974 qui
918 4902 1031 4959 fieri
1060 4912 1236 4974 potest
1262 4913 1318 4959 ut
1345 4904 1416 4960 ibi
1459 4921 1566 4961 non
1596 4908 1667 4962 sit
1687 4906 1820 4962 festa

205 4992 534 5048 celebritas?
573 4992 733 5048 Festa
760 4995 904 5048 enim
932 5009 1038 5049 non
1070 4994 1355 5049 multitudo
1385 4999 1817 5054 convenientium

208 5082 394 5139 facere
417 5083 574 5150 solet,
604 5084 699 5139 sed
727 5086 928 5149 virtus;
961 5101 1069 5140 non
1086 5095 1433 5157 sumptuosus
1456 5091 1701 5155 vestitus,
1723 5092 1818 5147 scd

208 5176 428 5245 pictatis
446 5186 703 5240 ornatus;
736 5194 840 5234 non
874 5193 1075 5235 mensae
1095 5181 1320 5247 lautitia,
1338 5181 1432 5237 sed
1456 5197 1580 5238 cura
1603 5169 1817 5243 animm.

209 5265 508 5322 lasimum
540 5267 684 5324 enim
718 5268 913 5322 festum
938 5278 1022 5325 est
1045 5270 1371 5327 conscientia
1402 5272 1559 5328 bona.
1599 5276 1665 5331 Et
1686 5281 1821 5335 sicut

208 5358 265 5416 in
305 5360 549 5415 externis
587 5361 993 5417 celebritatibus
1024 5365 1066 5418 is
1106 5366 1197 5435 qui
1240 5381 1339 5421 nec
1372 5376 1574 5423 vestem
1618 5370 1775 5427 habet
1799 5416 1819 5442 ,

206 5467 318 5523 qua
347 5452 623 5519 induatur,
654 5455 1014 5524 splendidam,
1043 5473 1143 5512 nec
1170 5473 1431 5525 mensam,
1460 5477 1561 5531 qua
1591 5461 1819 5533 fruatur,

206 5544 434 5609 lautam,
469 5545 565 5600 sed
610 5547 738 5600 vivit
772 5549 821 5601 in
868 5558 1215 5617 paupertate,
1263 5550 1423 5619 fame,
1475 5564 1823 5628 extremaque

210 5637 475 5704 miseria,
508 5653 615 5693 non
661 5640 898 5695 afficitur
928 5640 1063 5697 festo
1107 5642 1216 5708 die,
1264 5645 1472 5702 etiamsi
1516 5649 1819 5707 universam

210 5729 402 5786 urbem
425 5732 659 5788 choreas
686 5748 846 5804 agere
878 5734 1078 5803 videat,
1110 5737 1203 5794 sed
1231 5753 1299 5796 eo
1326 5741 1494 5813 magis
1520 5745 1733 5814 angitur
1756 5762 1821 5805 ac

209 5816 360 5879 deiet
384 5821 529 5894 quod
556 5821 691 5878 alios
723 5824 776 5880 in
804 5823 1014 5883 deliciis
1031 5826 1229 5900 videat,
1256 5829 1382 5887 dunt
1416 5832 1535 5903 ipse
1562 5836 1814 5895 ontnibus

1458 377 1545 433 DE
1585 373 1770 431 ΑΝΝΑ
1809 365 2042 425 SERMO
2079 366 2144 427 ν.

1937 487 2093 547 eget;
2127 476 2275 532 dives
2299 491 2427 532 vero
2455 477 2739 541 delicatus,
2771 477 3074 533 mntatoriis
3105 476 3342 533 vestibus
3370 479 3544 532 abun-

1934 567 2098 632 dans,
2128 576 2184 622 ct
2223 569 2275 622 in
2307 581 2516 622 summa
2546 570 2902 639 prosperitate
2942 568 3163 637 vivens,
3193 570 3356 624 etiam
3391 577 3545 625 extra

1936 658 2066 712 festa
2098 668 2340 729 tempora
2366 658 2556 713 festum
2583 672 2743 731 agere
2763 660 2861 714 sibi
2891 659 3105 715 videtur
3134 678 3145 712 :
3177 660 3245 714 ita
3273 670 3329 715 et
3350 660 3401 714 in
3424 662 3551 731 spi-

1937 750 2218 805 ritualibus
2242 751 2404 805 rebus
2437 749 2722 806 usuvenit:
2760 750 2850 822 qui
2879 749 3009 805 vivit
3034 752 3085 804 in
3108 750 3314 821 justitia
3335 760 3391 807 et
3410 767 3544 823 ope-

1935 841 2085 895 ribus
2115 841 2289 909 bonis,
2326 842 2409 897 vel
2437 842 2648 912 absque
2680 842 2818 898 festo
2848 841 3045 897 festum
3085 843 3194 913 agit
3217 884 3231 907 ,
3275 844 3545 899 sinceram

1936 933 2261 1003 voluptatem
2290 950 2355 988 ex
2383 934 2519 990 bona
2543 934 2873 990 conscientia
2903 935 3206 1004 percipiens
3240 952 3254 988 :
3295 936 3387 1005 qui
3415 950 3546 991 vero

1936 1023 1990 1077 in
2024 1034 2243 1093 peccato
2282 1033 2335 1079 et
2363 1025 2563 1079 malitia
2609 1023 2754 1094 degit
2776 1064 2791 1091 ,
2824 1023 3117 1079 multorum
3146 1023 3409 1080 malorum
3440 1024 3545 1080 sibi

1934 1116 2207 1181 conscius,
2236 1116 2397 1171 etiam
2428 1132 2548 1171 cum
2575 1116 2767 1172 festum
2790 1124 2896 1185 est,
2922 1126 3028 1171 tam
3053 1117 3191 1173 festo
3210 1127 3359 1174 caret
3382 1133 3543 1189 quam

1933 1210 2022 1278 qni
2050 1212 2297 1265 niaxime.
2332 1211 2669 1281 Quapropter
2704 1212 2829 1267 licet
2857 1211 3048 1277 nobis,
3081 1211 3126 1267 si
3151 1209 3404 1278 velimus,
3443 1228 3539 1282 per
3630 1222 3631 1225 ‘

1937 1301 2177 1371 singulos
2205 1304 2319 1358 dies
2342 1303 2784 1368 festumhabere,
2809 1304 2852 1359 si
2882 1304 3139 1359 virtutem
3166 1317 3540 1370 exerceamus,

1933 1404 1989 1449 et
2015 1396 2402 1451 conscientiam
2448 1396 2814 1468 purillcemus.
2856 1395 2970 1463 Qua
2996 1397 3144 1452 enim
3184 1412 3244 1453 re
3273 1398 3541 1468 praeterita

1933 1484 2159 1539 collecta
2192 1487 2291 1540 hac
2323 1487 2573 1554 prmscnti
2605 1492 2689 1541 est
2718 1485 2932 1557 potior?
2955 1501 3138 1542 annon
3167 1487 3396 1543 tumultu
3425 1494 3546 1542 Lan-

1938 1583 2051 1628 tum
2102 1584 2157 1630 et
2204 1577 2461 1646 strepitu,
2511 1578 2765 1647 nullaque
2808 1593 2866 1633 re
2896 1578 3040 1633 alia?
3066 1578 3292 1647 Quando
3315 1579 3462 1636 enim
3490 1586 3552 1633 et

1933 1676 2244 1720 sanctorum
2265 1668 2655 1741 mysteriorum
2682 1671 2980 1739 perceptio,
3027 1680 3085 1726 et
3128 1671 3357 1726 aliarum
3384 1672 3541 1741 spiri-

1935 1756 2162 1811 tualittm
2189 1771 2373 1812 rerum
2404 1760 2715 1815 communio
2734 1800 2751 1827 ,
2801 1770 2927 1832 puta
2975 1763 3381 1832 precationum,
3409 1775 3551 1819 con-

1931 1849 2127 1913 cionis.
2161 1850 2597 1907 benedictionnm
2617 1895 2631 1919 ,
2662 1854 2903 1909 caritatis
2922 1893 2939 1921 ,
2971 1863 3400 1927 ceterorumque
3428 1871 3546 1912 om-

1932 1939 2081 1996 nium
2110 1943 2298 1997 eadem
2326 1953 2410 1998 est
2439 1946 2601 1999 ctiam
2644 1945 2829 2010 hodie,
2877 1946 3021 1999 nulla
3070 1947 3123 2000 in
3168 1960 3228 2002 re
3270 1948 3385 2001 hare
3425 1947 3555 2003 dics

1931 2044 2214 2105 superatur
2253 2036 2321 2089 ah
2376 2036 2461 2089 illa
2487 2076 2501 2102 ,
2536 2045 2798 2107 quantum
2829 2038 2914 2092 vel
2958 2036 3025 2092 ad
3068 2029 3170 2093 vos
3218 2038 3306 2093 vel
3357 2038 3425 2093 ad
3457 2054 3545 2095 mc

1930 2128 2343 2183 conicionantem
2372 2131 2585 2183 attinet.
2624 2128 2760 2183 Nam
2784 2131 2874 2199 qui
2915 2140 3041 2185 tunc
3073 2145 3171 2186 nos
3211 2130 3503 2188 audiebant
3525 2176 3543 2198 ,

1931 2214 1985 2271 hi
2012 2234 2154 2273 nunc
2178 2230 2393 2291 quoque
2422 2221 2652 2275 audituri
2676 2231 2839 2293 sunt;
2868 2231 2923 2277 et
2950 2222 3040 2293 qui
3068 2239 3211 2278 nunc
3235 2224 3449 2292 absunt,
3477 2241 3544 2279 ne

1932 2317 2059 2366 tunc
2093 2313 2311 2388 quidem
2337 2313 2564 2369 aderant
2590 2355 2606 2379 ,
2657 2313 2871 2369 etiamsi
2902 2322 3140 2385 corpore‘
3175 2314 3367 2372 adesse
3399 2315 3545 2372 vide-

1931 2398 2120 2457 rentur
2137 2423 2149 2456 :
2167 2418 2273 2458 non
2295 2404 2521 2459 audiunt
2541 2420 2685 2460 nunc
2704 2422 2718 2472 ;
2741 2406 2849 2460 imo
2869 2413 2997 2462 tunc
3016 2408 3195 2463 minus
3219 2408 3507 2464 audiebant
3528 2428 3542 2475 ;

1934 2509 2037 2551 nec
2064 2496 2237 2550 solum
2268 2512 2375 2551 non
2404 2497 2729 2562 audiebant,
2758 2490 2854 2553 sed
2879 2499 3045 2554 etiam
3073 2497 3415 2556 audientibus
3442 2500 3545 2556 ob-

1931 2584 2224 2654 strependo
2252 2586 2469 2642 mulcati
2498 2596 2676 2643 erant.
2709 2587 3054 2660 Quapropter
3078 2600 3133 2645 et
3160 2598 3287 2646 tunc
3323 2599 3379 2646 et
3403 2608 3545 2648 nunc

1929 2676 2137 2747 equale
2163 2678 2292 2732 mihi
2326 2688 2409 2733 est
2446 2678 2716 2734 theatrum
2738 2720 2752 2742 ,
2786 2679 3039 2751 idemque
3072 2681 3383 2737 auditorum
3410 2699 3542 2738 con-

1934 2779 2152 2836 ventus,
2181 2786 2283 2825 nec
2311 2771 2419 2825 ulla
2451 2772 2503 2825 in
2533 2788 2591 2827 re
2619 2773 2789 2828 altero
2814 2774 2901 2829 hic
2928 2773 3171 2830 inferior.
3209 2774 3341 2842 lmo,
3375 2777 3418 2832 si
3440 2779 3546 2832 mi-

1931 2876 2051 2915 rum
2067 2843 2267 2932 aliquid
2294 2863 2477 2919 dicere
2502 2864 2835 2934 permittitis,
2857 2866 2942 2921 hic
2964 2866 3059 2921 illo
3079 2875 3163 2923 est
3184 2872 3543 2937 prmstantior;

1929 2952 2071 3021 quod
2100 2954 2219 3008 sine
2249 2956 2472 3025 strepitu
2504 2957 2572 3010 sit
2592 2972 2793 3021 sermo,
2814 2969 2868 3013 et
2884 2960 3002 3014 sine
3020 2962 3249 3015 tumultu
3278 2962 3544 3027 doctrina,

1930 3052 1985 3097 et
2023 3056 2147 3098 cum
2175 3046 2388 3114 majore
2439 3047 2719 3102 intellectu
2748 3050 3105 3117 auscultatio,
3138 3052 3286 3109 nullo
3315 3055 3553 3111 tumultu

1936 3135 2177 3190 auditum
2208 3147 2452 3191 nostrum
2474 3138 2921 3209 interrumpente.

2004 3230 2057 3283 2.
2107 3228 2358 3285 Paucitas
2381 3231 2676 3285 auditorum
2704 3249 2768 3286 ne
2792 3233 3073 3290 contristet.
3102 3266 3175 3277 —-
3200 3236 3328 3292 llazc
3362 3246 3541 3294 autem

1931 3320 2074 3386 dico,
2105 3338 2210 3376 non
2237 3324 2379 3392 quod
2427 3335 2773 3380 contemnam
2810 3328 3212 3385 multitudinem
3240 3330 3386 3387 illius
3408 3347 3549 3389 eon-

1930 3421 2142 3477 ventus,
2200 3413 2294 3467 sed
2335 3422 2395 3468 ut
2436 3413 2590 3470 vobis
2617 3417 2972 3484 persuadeam
3003 3435 3071 3475 ne
3096 3420 3325 3477 dolentis
3348 3465 3365 3492 ,
3409 3440 3547 3481 neve

1928 3505 2320 3561 contristcmini
2351 3507 2422 3562 ob
2454 3509 2780 3577 paucitatem
2826 3526 3056 3581 eorum,
3108 3513 3201 3584 qui
3252 3531 3397 3572 nunc
3439 3514 3545 3573 huc

1932 3606 2325 3653 convenerunt.
2376 3597 2493 3653 Non
2543 3603 2687 3655 enim
2729 3616 3016 3673 corporum
3042 3646 3056 3670 ,
3102 3607 3195 3661 sed
3238 3608 3543 3667 auditorum

1932 3686 2333 3744 multitudinem
2360 3689 2412 3744 in
2441 3691 2670 3746 ecclesia
2699 3695 3046 3763 requirimus.
3094 3698 3543 3774 Quandoquidem

1932 3781 2093 3851 igitur
2136 3781 2299 3837 iidem
2343 3784 2583 3840 conviva:
2626 3786 2719 3855 qui
2771 3798 2936 3856 tunc,
2984 3788 3148 3845 etiam
3196 3809 3340 3852 nunc
3387 3801 3544 3855 nobis

1930 3873 2144 3939 adsunt,
2186 3875 2297 3945 pari
2325 3875 2601 3932 alacritate
2631 3877 2792 3933 hodie
2819 3895 3034 3954 quoque
3058 3887 3364 3944 convivium
3391 3892 3547 3948 vobis

1929 3963 2217 4032 exhibebo,
2249 3966 2317 4021 ad
2345 3978 2724 4039 argumentum
2757 3987 3030 4039 reversus,
3064 3979 3208 4047 quod
3257 3981 3427 4037 nobis
3457 3983 3537 4039 fe-

1929 4055 2179 4109 stivitatis
2207 4066 2418 4127 tempus
2454 4060 2760 4130 interrupit.
2799 4061 3266 4129 Quemadmodum
3308 4073 3537 4129 enim'in

1929 4146 2281 4204 Pentecoste'
2303 4150 2738 4221 intempestivum
2766 4164 2904 4223 erat,
2929 4158 3129 4213 omissa
3156 4161 3544 4222 beneficiorum

1928 4254 2028 4311 per
2057 4238 2108 4293 id
2143 4246 2357 4311 tempus
2400 4241 2453 4297 in
2498 4258 2599 4298 nos
2634 4245 2954 4302 collaturum
2984 4257 3501 4314 commemoratione
3522 4301 3542 4324 ,

1929 4328 2204 4401 inceptum
2242 4338 2405 4387 antea
2459 4342 2770 4391 contextum
2796 4340 3116 4398 continuare
3140 4360 3153 4396 :
3186 4344 3257 4399 ita
3283 4361 3427 4403 nunc
3446 4364 3537 4404 ep

1929 4431 2049 4479 acta
2064 4421 2406 4495 Pentecoste,
2425 4438 2729 4497 opportune
2745 4429 3026 4487 historiam
3050 4434 3105 4489 iu
3128 4451 3319 4494 manus
3334 4454 3539 4495 resum-

1930 4524 2074 4585 ptam
2103 4521 2846 4591 prosequemur,.pristinum
2873 4523 2942 4579 de
2977 4527 3132 4583 Anna
3163 4542 3541 4600 argumentum

1931 4608 2230 4662 tractaturi.
2279 4608 2394 4664 Non
2442 4612 2587 4666 enim
2633 4614 2983 4683 spectandum
3029 4634 3186 4689 quam
3222 4624 3387 4679 multa
3427 4625 3537 4695 jam

1928 4695 2072 4750 dicta
2098 4697 2225 4788 sint,
2255 4698 2351 4754 sed
2378 4708 2553 4756 utrum
2583 4700 2649 4757 ad
2674 4702 2835 4759 linem
2869 4705 3029 4777 hujus
3073 4716 3376 4781 argumenti
3427 4734 3539 4788 per-

1927 4786 2259 4843 venerimus.
2289 4788 2425 4845 Nam
2458 4799 2514 4845 et
2541 4792 2631 4863 qui
2657 4792 2973 4853 thesaurum
3006 4800 3371 4875 invenerunt,
3413 4786 3538 4868 licet

1928 4879 2191 4949 plurimas
2236 4881 2360 4937 inde
2402 4883 2619 4953 capiant
2662 4885 2881 4943 divitias
2911 4932 2927 4957 ,
2955 4906 3062 4945 non
3094 4895 3240 4962 prius
3276 4899 3544 4959 absistunt

1929 4987 2089 5041 quam
2110 4980 2281 5027 totum
2305 4975 2676 5043 exhauserint,
2706 4988 2765 5033 ut
2788 4995 2925 5051 quos
2947 4998 3053 5038 non
3071 4993 3178 5041 tam
3202 4985 3353 5058 juvat
3371 4996 3539 5051 multa

1929 5065 2237 5134 accepisse,
2275 5081 2434 5136 quam
2464 5066 2601 5123 nihil
2646 5069 2914 5143 reliquum
2948 5070 3163 5133 fecisse.
3211 5078 3366 5147 Quod
3416 5086 3458 5139 si
3506 5088 3539 5143 ii

1994 5178 2011 5255 ξ
2033 5175 2280 5255 duo
2289 5186 2343 5255 et
2360 5186 2498 5255 nega
2519 5187 2809 5255 gentecum.
2826 5185 2898 5255 sic
2913 5184 3037 5237 infra
3063 5190 3210 5255 etiam
3226 5190 3431 5255 legitur.
3449 5204 3541 5247 sto-

1927 5236 2046 5312 rel.,
2079 5236 2494 5312 uesopentecosie,
2528 5242 2580 5292 lu
2612 5254 2842 5312 utroque
2866 5245 2991 5297 loco.
3018 5236 3542 5311 Οἰιίᾐὰὖῶυῶιίἱῖἧῖιῆ

1928 5306 2036 5371 _|_t_ss.
2064 5303 2353 5371 aucuiritate
2377 5303 2640 5371 lectionem
2663 5303 2975 5371 mutavimus,
2999 5303 3242 5366 suadente
3258 5303 3543 5371 etiam};

1928 5358 2460 5444 transennam
2494 5358 3541 5444 summa:

1929 5427 2595 5507 9£¥:.QE9_.‘P£‘3§E“E..NE
2614 5427 2883 5507 πεδεεμςιιμη
2918 5446 3033 5507 esse
3059 5436 3113 5485 in
3147 5427 3364 5507 scandes
3379 5427 3538 5507 ita.

1928 5491 2864 5569 Εέῗεέῌζξξξεεὲλῄἕθέίῖίὶῖπὶίῗῖρδίθ
2886 5505 3054 5569 astte!!!
3079 5507 3190 5569 sm
3211 5501 3335 5569 faris
3367 5491 3540 5569 ιιιίείιίιᾶ

1928 5543 2627 5626 Ρ.Ἧ9ζ¹¹³9ἰὶ3ἷ¹ἔῖἒεθ,ιόἒι
2657 5554 2857 5626 "asella;
2891 5543 2969 5607 δέ
2980 5543 3127 5610 Eia;
3138 5543 3164 5621 ἶ
3172 5543 3541 5626 ὶιίῐίὲἲιιέῐῑῑιὶῖῆ

1928 5608 2136 5717 spatium
2171 5608 2440 5695 occupabat
2482 5608 2658 5685 Pascha
2702 5608 2916 5668 inter'et
2959 5608 3303 5695 Pentecoste;
3324 5608 3541 5682 "£711;

1930 5681 1962 5717 D
1981 5681 2068 5717 ura
2090 5676 2298 5717 Canaius
2329 5686 2378 5717 ιιι
2404 5672 2643 5717 Glossarm
2679 5683 2860 5717 rm-
2897 5676 3118 5717 ῐηῐρμιηρ.
3156 5698 3263 5717 an...
3305 5688 3518 5717 eum...“

1930 5672 2378 5753 plgﬁmﬂgius‘in
2392 5672 2662 5753 ﬁlosgrio
2895 5672 3134 5753 Inferlori’
3154 5672 3537 5753 eiusat»;

1930 5730 2613 5811 2991!?“-
2643 5737 2825 5811 Aliquis
2865 5730 2994 5811 ἐτεά
3007 5730 3277 5811 ἱὶἓιῦθέῑιίῖε
3307 5730 3546 5803 ὶίὖῗέι-Ῑίἱέ

1930 5792 2487 5872 perpeti.th
2512 5804 2707 5851 temere
2730 5792 2952 5853 induxit?
2969 5792 3109 5858 Adder
3488 5792 3541 5865 iii

1934 5852 2069 5904 l’rtcf.
2093 5852 2225 5905 Tomi
2252 5856 2412 5921 hujus,
2437 5857 2581 5923 ςνιει.
