4178 6330
208 440 308 497 σπι

108 610 111 613 .
206 566 321 613 suis
344 563 546 629 talpas
559 556 818 631 judicare,
849 554 1008 610 donec
1032 554 1197 609 unius
1238 553 1491 609 Donsiuus
1513 550 1796 624 (LCorJ.

206 652 262 717 5)
287 666 303 703 :
333 657 393 703 et
420 658 478 704 tu
525 648 812 703 Dominum
853 648 909 703 in
929 647 1195 717 judicium
1225 645 1418 710 trahis,
1449 654 1505 700 et
1532 644 1798 700 factorum

203 741 465 796 rationem
486 740 557 794 ab
581 754 648 794 eo
681 740 876 809 exigis,
907 754 1006 794 nec
1031 738 1297 794 exhorres
1330 746 1421 792 aut
1443 737 1800 805 expavescis?

204 829 265 884 Et
291 844 456 899 quam
496 829 845 899 consequeris
881 828 1117 894 veniam,
1166 828 1416 894 obsecro,
1448 844 1609 897 quam
1635 841 1798 882 excu-

201 918 468 975 sationem
500 918 740 986 habebis,
760 933 881 975 cum
909 918 1131 990 singulis
1154 918 1363 982 diebus,
1394 919 1503 973 imo
1531 933 1659 980 vero
1688 919 1800 973 siu-

197 1010 333 1080 gulis
364 1010 517 1066 horis
536 1013 963 1082 experimentum
989 1012 1342 1082 providentia;
1360 1012 1480 1082 ejus
1499 1013 1709 1083 capias;
1742 1023 1797 1069 et

201 1112 379 1159 tamen
405 1103 480 1159 ob
506 1104 943 1175 inaequalitatem,
973 1120 1093 1173 quae
1123 1104 1264 1159 inter
1291 1104 1487 1161 divites
1512 1116 1568 1160 et
1596 1121 1800 1175 paupe-

200 1208 285 1249 res
337 1194 589 1260 videtur,
635 1196 875 1250 omnium
922 1210 1105 1250 rerum
1153 1196 1351 1251 bonam
1399 1196 1796 1257 ordinationem

196 1284 441 1353 damnes,
469 1288 631 1358 idque
656 1287 889 1357 injuste?
916 1286 975 1343 Si
1004 1288 1149 1342 enim
1190 1288 1261 1342 ita
1292 1295 1352 1343 ut
1381 1286 1629 1353 decebat,
1668 1302 1793 1343 cum

198 1392 388 1449 magna
437 1380 632 1435 mentis
683 1381 981 1437 attentione
1036 1380 1150 1437 haec
1197 1382 1426 1461 scrutari
1477 1383 1741 1438 voluisses
1770 1424 1787 1454 ,

193 1470 409 1526 etiamsi
447 1472 653 1527 nullum
697 1471 840 1528 aliud
868 1472 1064 1529 divine
1109 1474 1459 1544 providentia:
1502 1490 1791 1545 argumen-

197 1569 307 1615 tum
360 1562 662 1628 habuisses,
693 1573 841 1619 certe
879 1580 946 1619 ex
988 1562 1189 1619 divitiis
1231 1574 1284 1620 ct
1326 1576 1642 1636 paupertate
1672 1582 1791 1621 eam

194 1650 609 1721 deprehendere
657 1654 943 1722 potuisses.
996 1655 1320 1722 Raupcrtate
1372 1658 1515 1712 enim
1560 1658 1789 1721 sublata,

196 1739 316 1796 vita:
362 1742 529 1797 totius
571 1743 886 1798 constitutio
927 1745 1223 1810 tolleretur,
1272 1754 1327 1800 et
1364 1748 1541 1802 omnis
1585 1748 1794 1803 vivendi

194 1832 333 1887 ratio
361 1833 769 1903 perturbaretur
804 1844 1206 1904 :nequenauta
1233 1836 1337 1891 erit
1377 1851 1551 1907 neque
1592 1838 1792 1907 guber-

194 1933 372 1990 nator,
406 1940 513 1979 non
545 1925 803 1995 agricola,
860 1924 991 1982 non’
1009 1928 1409 1995 armentarius,
1443 1945 1549 1983 non
1596 1939 1790 1997 textor,

192 2028 298 2071 non
342 2025 518 2083 sutor,
558 2032 665 2072 non
703 2016 873 2083 faber,
918 2035 1023 2075 non
1060 2019 1303 2083 aerarius,
1352 2036 1461 2075 non
1505 2023 1790 2090 coriarius,

194 2104 455 2175 pistorve,
488 2123 589 2162 nec
631 2108 766 2163 alius
796 2110 934 2165 ullus
965 2110 1143 2180 oplfex
1177 2130 1189 2165 :
1218 2111 1409 2181 quibus
1442 2128 1547 2167 non
1578 2125 1795 2170 exstan-

191 2196 360 2264 tibus,
399 2199 576 2252 omnia
608 2206 822 2270 pessum
856 2201 1025 2256 ibunt.
1068 2202 1219 2257 Nunc
1246 2205 1410 2271 enim,
1440 2207 1594 2275 quasi
1624 2208 1794 2278 magi-

190 2295 301 2343 stra
341 2290 588 2359 quaedam
627 2293 845 2362 optima,
881 2295 1171 2355 necessitas
1202 2271 1526 2368 paupertatis
1555 2271 1793 2372 singulas

189 2377 257 2433 ad
282 2394 449 2450 opera
481 2382 565 2436 vel
597 2383 793 2440 invitos
819 2397 970 2455 urget
1002 2402 1015 2437 :
1043 2387 1185 2457 quod
1212 2389 1255 2442 si
1280 2403 1467 2445 omnes
1494 2402 1678 2447 essent
1705 2395 1788 2448 di~

189 2472 348 2540 vites,
377 2489 568 2530 omnes
594 2476 753 2531 etiam
799 2476 851 2532 in
889 2479 1001 2534 otio
1027 2480 1285 2548 viverent,
1317 2492 1478 2553 atque
1508 2485 1577 2539 ita
1607 2487 1787 2541 omnia

190 2578 409 2635 pessum
456 2566 614 2633 irent,
664 2577 720 2624 et
769 2570 900 2624 nihil
946 2586 1051 2626 non
1101 2574 1318 2643 periret.
1364 2576 1631 2633 Praeterea
1676 2579 1789 2635 suis

188 2654 428 2726 ipsorum
455 2658 628 2714 verbis
648 2662 889 2717 convinci
922 2672 1165 2733 possunt,
1197 2674 1251 2719 et
1270 2666 1336 2722 ad
1367 2668 1634 2723 silentium
1664 2670 1791 2726 red-

328 2744 439 2803 Cur
475 2750 640 2813 enim,
699 2766 919 2821 quasso,
960 2754 1053 2809 Dei
1098 2756 1483 2825 providentiam
1532 2762 1791 2817 accusas?

186 2851 385 2907 nempe
424 2840 567 2909 quod
593 2840 729 2903 alius
754 2843 893 2914 plus,
924 2844 1060 2902 alius
1081 2847 1257 2907 minus
1286 2851 1627 2921 pecuniarum
1658 2869 1785 2925 pos-

183 2926 345 2987 sidet.
390 2929 529 2997 Quid
575 2934 724 2989 tum?
767 2937 812 2991 si
855 2937 908 2992 in
949 2938 1242 3009 majoribus
1279 2942 1461 3009 rebus,
1511 2953 1565 3000 ct
1593 2946 1787 3015 quibus

182 3021 294 3076 vita
322 3034 505 3080 nostra
532 3035 760 3092 conStat,
796 3044 949 3097 pares
974 3045 1095 3086 esse
1115 3048 1303 3088 omnes
1333 3032 1580 3092 homines
1607 3048 1788 3097 osten-

181 3112 334 3178 dam.
382 3131 605 3174 necesse
652 3120 755 3175 erit
795 3130 854 3175 ut
880 3138 978 3192 per
1016 3125 1192 3179 omnia
1238 3125 1471 3188 divinam
1506 3135 1790 3203 providen-

183 3206 316 3264 tiam
336 3210 633 3280 approbes.
659 3210 791 3269 Nam
820 3214 867 3272 si
894 3215 1019 3274 inde
1047 3221 1254 3291 colligis
1284 3224 1482 3278 nullam
1508 3210 1630 3281 esse
1664 3242 1789 3298 pro-

183 3298 500 3367 videntiam,
526 3304 667 3373 quod
695 3322 799 3360 una
828 3308 879 3361 in
902 3324 961 3365 re
988 3312 1165 3379 potior
1187 3313 1257 3367 sit
1281 3314 1505 3370 divitum
1528 3319 1785 3384 conditio,

182 3391 435 3447 videlicet
462 3397 733 3463 pecuniis;
766 3399 811 3453 si
835 3411 1167 3469 compertum
1197 3403 1353 3460 fuerit
1380 3421 1569 3464 omnes
1601 3425 1787 3480 aequa-

183 3484 311 3541 liter
348 3488 528 3555 potiri.
556 3504 662 3543 non
692 3506 795 3545 una
824 3506 905 3557 re,
936 3508 1108 3562 neque
1139 3504 1246 3549 tam
1273 3497 1383 3561 vili,
1422 3500 1515 3553 sed
1546 3502 1787 3569 pluribus

181 3586 238 3631 et
263 3579 436 3633 multo
472 3580 786 3649 majoribus,
816 3587 1157 3654 perspicuum
1184 3599 1267 3642 est
1296 3599 1347 3643 te
1377 3591 1501 3646 inde
1533 3594 1617 3647 vel
1648 3595 1786 3649 invi-

183 3678 299 3723 tum
328 3672 444 3739 cogi
471 3671 561 3726 Dei
593 3675 941 3742 providentia:
971 3677 1306 3747 adstipulari.

254 3761 338 3814 An
366 3763 483 3832 plus
509 3780 733 3835 paupere
768 3766 905 3829 dives
930 3768 1145 3834 habeat;
1167 3788 1375 3826 sunmus
1418 3775 1621 3830 suavior
1650 3794 1787 3845 pau-

179 3852 329 3923 peri;
369 3852 605 3909 valetudo
636 3872 882 3929 prospera
909 3876 1053 3929 teque
1091 3850 1323 3917 diuitibus
1365 3876 1410 3920 et
1441 3871 1786 3938 pauperibus;

184 3948 374 4015 funera
417 3946 629 4002 divitum
671 3958 719 4003 et
758 3968 1063 4022 pauperum.
1092 3984 1166 3995 —
1203 3957 1337 4027 Age,
1385 3958 1451 4013 ad
1488 3975 1547 4015 ea
1592 3963 1786 4032 quibus

180 4046 369 4092 nostra
406 4039 509 4093 vita
557 4050 788 4109 constat,
838 4058 1089 4101 sermone
1140 4049 1565 4118 progrediamur,
1613 4069 1786 4125 eaque

177 4130 468 4201 diligenter
509 4131 857 4201 inquiramus,
905 4146 957 4190 et
1005 4136 1281 4193 videamus
1328 4156 1393 4194 an
1436 4141 1489 4195 in
1536 4142 1638 4197 illis
1668 4146 1786 4213 plus

179 4238 421 4291 paupere
448 4223 598 4279 dives
623 4225 837 4281 habeat.
865 4228 1018 4297 Puta,
1045 4230 1197 4286 dives
1228 4232 1387 4288 habet
1408 4234 1662 4291 Thasium
1682 4238 1781 4310 (a),

178 4322 237 4368 ct
267 4313 406 4369 alios
439 4315 634 4371 multos
657 4325 772 4373 arte
793 4321 1068 4375 confectos
1096 4332 1251 4391 potus
1281 4334 1335 4379 et
1360 4325 1426 4379 ad
1454 4328 1782 4397 voluptatem

176 4404 431 4461 conditos
456 4424 471 4464 :
500 4416 555 4462 at
583 4407 758 4465 fontes
782 4424 1039 4481 aquarum
1061 4415 1309 4470 omnibus
1341 4428 1467 4472 sunt
1495 4422 1778 4489 propositi,

180 4506 293 4552 tam
323 4498 647 4568 pauperibus
672 4514 835 4570 quam
862 4500 1134 4559 divitibus.
1168 4504 1349 4560 Risisti
1387 4506 1529 4563 forte
1559 4510 1783 4567 audiens

178 4587 325 4643 hanc
347 4588 729 4659 aequalitatem.
759 4589 896 4646 Audi
928 4592 1091 4663 igitur
1118 4608 1315 4664 quanto
1346 4602 1688 4667 praestantior
1714 4605 1785 4658 sit

176 4679 377 4751 quovis
421 4680 549 4735 vino
596 4696 749 4750 aqua:
790 4692 1003 4751 natura,
1056 4687 1333 4759 magisque
1371 4692 1675 4747 necessaria
1730 4703 1784 4749 et

181 4771 368 4839 utilis;
398 4780 453 4827 et
484 4773 762 4828 revocabis
787 4783 933 4830 tuam
963 4778 1307 4845 sententiam,
1345 4795 1606 4852 verasque
1650 4799 1782 4853 pau-

178 4879 371 4935 perum
412 4863 624 4920 divitias
651 4864 937 4935 intelliges.
968 4866 1103 4923 Nam
1138 4868 1263 4923 vino
1291 4870 1506 4940 quidem
1547 4873 1779 4939 sublato,

178 4971 293 5011 non
320 4970 570 5026 magnum
594 4956 754 5012 fuerit
772 4957 1150 5015 detrimentum
1178 4971 1533 5033 prmterquam
1558 4964 1785 5021 infirmis

174 5049 313 5103 solis
337 5066 349 5101 :
372 5048 419 5102 si
447 5051 564 5119 quis
594 5058 774 5105 autem
802 5049 972 5104 fontes
997 5054 1275 5107 sustulerit
1302 5063 1356 5108 et
1384 5070 1642 5125 aquarum
1670 5058 1781 5113 ele-

176 5154 446 5211 mentum,
469 5145 630 5200 vitam
647 5160 866 5211 unum
885 5156 1124 5207 nostram
1151 5147 1491 5212 subvertcrit,
1517 5158 1571 5204 et
1591 5164 1780 5209 omnes

175 5236 476 5307 perdiderit
503 5248 647 5293 artes
672 5255 685 5293 :
717 5253 781 5294 ac
813 5255 881 5294 ne
909 5239 1127 5294 biduum
1154 5240 1372 5309 quidem
1400 5241 1595 5299 durare
1627 5253 1779 5313 pote-

176 5330 371 5392 rimus,
413 5328 509 5384 sed
558 5327 736 5383 statim
778 5346 968 5386 omnes
1015 5332 1306 5387 moriemur
1342 5342 1515 5390 morte
1544 5334 1775 5406 quadam

177 5421 474 5478 miserabili
500 5432 661 5492 atque
692 5425 1023 5493 gravissima.

249 5516 306 5567 ι.
345 5513 402 5569 In
433 5515 753 5571 necessariis
780 5510 958 5585 itaque
993 5517 1155 5572 rebus
1181 5516 1374 5586 quibus
1405 5518 1510 5574 vita
1540 5529 1772 5589 constat,

169 5620 379 5679 pauper
406 5620 513 5661 non
540 5615 624 5661 est
668 5606 907 5672 inferior,
938 5606 1067 5673 imo,
1113 5607 1157 5662 si
1190 5608 1384 5664 mirum
1411 5611 1661 5681 quiddam
1691 5614 1775 5668 di-

170 5698 402 5757 cendum
431 5706 539 5767 est,
580 5706 797 5770 superat
824 5699 985 5755 etiam
1027 5699 1267 5756 divitem.
1300 5700 1494 5759 Multos
1524 5706 1666 5760 enim
1689 5705 1772 5762 di-

236 5832 310 5907 fa)
340 5834 731 5907 celeberrimum
755 5843 864 5887 erat
1144 5838 1329 5903 vinum,
1354 5844 1409 5891 ut
1446 5838 1617 5894 videas
1640 5841 1769 5907 apud

172 5896 565 5963 Aristophanem,
590 5898 827 5959 Plautum,
852 5904 904 5950 et
925 5897 1066 5951 alios.

1489 434 1579 493 DE
1615 432 1801 490 ANNA
1840 430 2075 490 8εῆΜο
2113 430 2181 487 ν.

3408 446 3519 507 67⁸

1907 548 2046 605 vites
2098 548 2377 607 cernimus
2432 558 2653 620 propter
2708 550 2932 610 delicias
2970 555 3409 630 valetudinarius,
3455 569 3519 614 ut

1905 639 2195 710 plurimum
2240 656 2394 712 aquae
2436 650 2562 712 potu
2601 642 2872 700 abstinere
2906 662 2920 699 :
2950 660 3152 717 pauper
3189 660 3373 709 autem
3418 669 3522 727 per

1905 738 2074 787 totam
2116 732 2277 788 vitam
2322 732 2406 788 his
2447 732 2664 790 ﬂuentis
2690 734 2860 793 libere
2897 735 3111 803 fruitur,
3142 748 3418 810 tamquam
3447 746 3521 801 ad

1907 822 2083 876 mellis
2114 821 2314 888 fontes,
2342 824 2408 878 ad
2449 839 2711 894 aquarum
2735 841 2959 884 currens
2986 829 3211 897 rivulos,
3242 832 3515 893 sinceram

1908 913 2035 968 inde
2076 923 2133 969 et
2163 930 2349 984 puram
2385 927 2737 985 percepturus
2768 918 3115 988 voluptatem.
3147 922 3284 989 Quid
3328 934 3510 979 autem

1905 1004 2044 1075 ignis
2070 1008 2306 1061 natura?
2335 1023 2512 1065 nonne
2544 1008 2809 1064 thesauris
2831 1012 3127 1072 innumeris
3168 1016 3369 1082 utilior,
3402 1015 3507 1071 hu-

1906 1096 2187 1167 manisque
2210 1097 2408 1153 divitiis
2443 1100 2726 1155 omnibus?
2758 1101 2825 1156 Et
2856 1102 2943 1157 hic
2980 1119 3195 1175 quisque
3224 1106 3509 1170 thesaurus

1904 1203 1971 1242 ex
2000 1202 2155 1258 aequo
2180 1189 2328 1245 diviti
2358 1190 2559 1260 pariter
2576 1206 2640 1249 ac
2670 1195 2889 1263 pauperi
2911 1198 3229 1270 propositus
3248 1209 3349 1257 est.
3375 1200 3508 1270 Quae

1902 1292 2031 1333 vero
2060 1278 2296 1334 nascitur
2324 1282 2392 1337 ab
2428 1296 2555 1337 aere
2599 1268 2917 1353 corporibus
2946 1288 3143 1343 nostris
3188 1268 3417 1356 utilitas,
3451 1300 3507 1346 ct

1902 1370 1991 1425 lux
2021 1372 2235 1439 solaris,
2267 1375 2525 1443 numquid
2569 1374 2825 1432 divitibus
2867 1380 3039 1451 magis
3063 1395 3225 1450 quam
3252 1386 3503 1454 pauperi-

1900 1460 2002 1517 bus
2027 1462 2333 1529 exhibetur,
2366 1475 2420 1519 et
2448 1481 2566 1521 eam
2590 1466 2665 1522 illi
2696 1479 2943 1537 quatuor,
2975 1470 3028 1525 hi
3059 1472 3268 1530 duobus
3294 1484 3502 1533 tantum

1904 1553 2075 1607 oculis
2097 1554 2315 1609 vident?
2340 1554 2444 1609 Sed
2465 1572 2639 1626 neque
2659 1557 2761 1613 hoc
2784 1561 3069 1631 quisquam
3090 1562 3271 1620 dicere
3292 1576 3463 1635 potest
3486 1586 3498 1621 :

1900 1646 2112 1715 utrique
2136 1647 2277 1701 enim
2310 1649 2423 1717 pari
2454 1664 2704 1704 mensura
2725 1666 2787 1707 ea
2813 1652 3158 1721 perfruuntur
3190 1673 3205 1710 :
3235 1658 3343 1713 imo
3368 1674 3503 1714 vero

1899 1746 1955 1792 et
1984 1736 2072 1793 hic
2098 1753 2390 1809 pauperum
2420 1750 2599 1809 partes
2635 1752 2756 1796 sunt
2784 1744 3041 1813 potiores,
3066 1757 3264 1817 quanto
3286 1760 3345 1813 et
3369 1766 3499 1810 seu-

1899 1845 1991 1885 sus
2018 1830 2217 1886 habent
2246 1834 2569 1903 vegetiores,
2618 1844 2674 1889 et
2701 1836 2997 1892 acutiorem
3027 1842 3263 1909 oculum,
3306 1850 3364 1899 et
3394 1847 3501 1899 vim

1900 1922 2228 1992 percipiendi
2275 1928 2722 1994 praestantiorem.
2766 1927 3106 1999 Quapropter
3144 1942 3199 1988 et
3232 1936 3497 1995 veriorem

1899 2012 2151 2069 hauriunt
2175 2015 2527 2085 voluptatem,
2572 2025 2625 2071 et
2651 2027 3021 2075 creaturarum
3048 2027 3500 2097 contemplatione

1898 2104 2069 2172 magis
2090 2105 2440 2161 delectantur.
2471 2107 2586 2162 Non
2617 2108 2667 2162 in
2699 2111 2827 2166 solis
2862 2122 3041 2169 autem
3068 2115 3371 2187 elementis,
3401 2123 3497 2178 sed

1899 2195 1952 2250 in
1992 2197 2241 2252 omnibus
2280 2198 2399 2253 aliis
2426 2207 2633 2254 natura:
2662 2203 2992 2267 muneribus,
3041 2206 3264 2263 multam
3290 2211 3499 2268 videbis

1898 2289 2285 2359 aequalitatem.
2338 2290 2449 2347 imo
2501 2295 2907 2363 przerogativam
2961 2296 3121 2361 etiam
3175 2314 3493 2372 pauperum.

1896 2380 2029 2435 Nam
2071 2395 2293 2438 somnus
2316 2382 2572 2438 .omoibus
2602 2383 2811 2441 deliciis
2838 2387 3055 2444 suavior
3094 2392 3369 2463 magisque
3395 2412 3495 2451 ne-

1895 2476 2186 2542 cessarius,
2232 2474 2489 2546 omnique
2541 2475 2725 2532 utilior
2770 2479 3119 2545 nutrimento,
3172 2486 3495 2555 pauperibus

1894 2572 1977 2618 est
2004 2579 2163 2635 quam
2194 2563 2448 2621 divitibus
2492 2565 2700 2621 facilior
2732 2585 2744 2621 :
2775 2582 2952 2638 neque
2979 2584 3107 2625 vero
3141 2572 3347 2630 facilior
3375 2584 3497 2632 tan-

1896 2664 2031 2722 tum,
2064 2655 2158 2713 sed
2188 2657 2349 2712 etiam
2380 2657 2660 2713 sincerior.
2690 2658 2768 2712 llli
2803 2659 2969 2726 enim,
2993 2670 3051 2717 ut
3075 2663 3164 2733 qui
3192 2662 3247 2719 in
3286 2666 3494 2724 deliciis

1894 2745 2117 2817 degunt,
2158 2746 2280 2803 cibo
2321 2746 2541 2815 famem,
2585 2757 2713 2818 potu
2756 2750 2923 2818 sitim,
2970 2767 3161 2809 somno
3190 2754 3490 2814 dormiendi

1894 2840 2267 2899 necessitatem
2304 2840 2661 2911 praeveniunt,
2692 2852 2851 2912 atque
2894 2843 2965 2899 ita
2996 2858 3211 2900 omnem
3242 2849 3489 2919 volupta-

1893 2942 2003 2989 tem
2051 2934 2153 2992 sibi
2189 2935 2571 3005 intercipiunt:
2608 2950 2715 2991 non
2760 2936 2903 2990 enim
2947 2937 3171 3007 perinde
3200 2938 3255 2995 in
3301 2950 3491 3006 natura

1895 3026 2144 3093 istorum,
2172 3037 2334 3098 atque
2360 3028 2412 3082 in
2455 3042 2554 3082 usu
2586 3027 2913 3093 necessario,
2948 3028 3193 3101 voluptas
3221 3032 3488 3089 consistit.

1890 3119 2009 3174 Non
2041 3119 2117 3173 ita
2142 3118 2375 3175 delectat
2402 3118 2583 3172 vinum
2613 3116 2892 3191 ipsumque
2918 3135 3080 3177 suave
3110 3124 3259 3179 olens
3280 3134 3491 3194 potare.

1893 3222 1953 3268 ut
1994 3213 2262 3269 sitientem
2304 3212 2487 3269 bibere
2515 3228 2742 3283 aquam;
2776 3230 2881 3269 non
2929 3215 2998 3271 ita
3027 3216 3300 3287 placentas
3330 3218 3493 3275 edere

1888 3306 2058 3376 juvat.
2092 3315 2150 3361 ut
2179 3304 2465 3361 esuriendo
2494 3306 2736 3377 quemvis
2766 3304 2943 3363 cibum
2984 3322 3232 3375 sumere;
3262 3324 3371 3364 non
3416 3311 3490 3365 ita

1893 3399 2039 3452 molli
2064 3398 2263 3453 cubare
2286 3407 2473 3464 strato,
2500 3408 2555 3453 ut
2572 3414 2888 3469 oppressum
2915 3414 3107 3458 somno
3126 3402 3309 3469 jacere
3334 3420 3347 3456 :
3370 3418 3491 3473 qua:

1892 3489 2071 3553 omnia
2098 3490 2267 3560 magis
2291 3490 2428 3559 apud
2458 3504 2720 3560 pauperes
2745 3498 2890 3555 sunt,
2921 3505 3080 3560 quam
3107 3492 3246 3562 apud
3270 3492 3490 3549 divites.

1892 3582 2023 3648 Quae
2074 3596 2200 3635 vero
2253 3581 2525 3651 pertinent
2578 3580 2645 3635 ad
2703 3581 2947 3651 corporis
2998 3582 3378 3653 valetudinem,
3436 3593 3499 3641 et

1890 3676 2106 3726 omnem
2136 3672 2297 3725 aliam
2328 3672 2520 3725 bonam
2554 3670 2945 3741 habitudinem,
2971 3687 3151 3729 nonne
3183 3677 3488 3731 communia

1891 3773 2018 3820 sunt
2045 3764 2302 3821 divitibus
2320 3780 2472 3837 aeque
2492 3774 2653 3835 atque
2680 3765 3041 3835 pauperibus?
3062 3766 3145 3820 An
3166 3783 3295 3822 vero
3313 3767 3496 3826 dicere

1892 3859 2154 3929 quispiam
2197 3868 2374 3929 potest
2400 3858 2529 3913 illud
2576 3867 2665 3911 aut
2708 3856 3016 3923 ostendere,
3059 3858 3201 3927 quod
3230 3873 3493 3929 pauperes

1890 3965 2106 4019 semper
2144 3958 2424 4019 aegrotent,
2468 3949 2664 4003 divites
2704 3962 2920 4017 semper
2966 3963 3223 4019 prospera
3273 3960 3494 4008 utantur

1893 4042 2243 4097 valetudine?
2290 4040 2632 4096 Contrarium
2662 4039 2877 4107 quidem
2904 4040 3087 4094 videre
3114 4040 3260 4107 licet,
3300 4058 3493 4115 paupe-

1891 4150 1978 4191 res
2007 4151 2114 4189 non
2142 4135 2300 4203 facile
2332 4133 2722 4190 insanabilibus
2750 4134 2953 4187 morbis
2980 4134 3121 4201 capi,
3144 4135 3239 4189 sed
3272 4138 3493 4195 morbos

1890 4227 2088 4296 passim
2107 4227 2160 4281 in
2177 4225 2402 4280 divitum
2426 4224 2742 4294 corporibus
2760 4225 3015 4295 grassari.
3040 4223 3195 4281 Certe
3219 4229 3491 4300 podagrae,

1888 4318 2227 4389 gravedines,
2256 4316 2639 4371 dissolutiones
2669 4330 2982 4383 nervorum,
3024 4326 3117 4370 aut
3155 4321 3488 4377 contractio-

1889 4426 2004 4475 nes,
2053 4411 2181 4465 varii
2229 4409 2404 4463 ﬂuxus
2440 4407 2616 4465 vitiosi
2658 4422 2735 4463 ac
2756 4409 3019 4478 corrupti;
3062 4408 3324 4467 delicatos
3365 4414 3491 4472 illos

1888 4502 2057 4573 magis
2085 4501 2357 4565 infestant,
2398 4514 2493 4555 eos
2513 4500 2603 4569 qui
2632 4507 2900 4567 unguenta
2937 4498 3105 4560 olent.
3138 4513 3244 4555 non
3272 4517 3368 4558 eos
3393 4508 3486 4575 qui

1888 4594 2134 4649 laborant
2161 4600 2218 4649 et
2257 4600 2595 4658 exercentur,
2640 4600 2696 4647 et
2724 4589 3036 4661 quotidiana
3067 4604 3231 4661 opera
3278 4593 3483 4651 victum

1886 4686 1990 4740 sibi
2020 4694 2229 4756 parant.

1958 4779 2011 4835 5.
2053 4778 2393 4847 Quapropter
2439 4772 2701 4829 mendicis
2757 4773 2919 4830 etiam
2970 4772 3280 4829 miseriores
3324 4782 3486 4839 sunt,

1886 4877 2151 4942 quotquot
2176 4870 2227 4924 in
2254 4868 2459 4924 deliciis
2487 4867 2709 4939 vivunt;
2735 4865 2787 4921 id
2819 4865 2960 4937 quod
3003 4880 3103 4919 nec
3130 4866 3229 4934 ipsi
3258 4865 3488 4921 inliciari

1886 4972 2127 5035 possunt.
2176 4962 2514 5032 Frequenter
2552 4960 2753 5031 quippe
2790 4958 2944 5014 dives
2982 4958 3128 5014 molli
3158 4960 3353 5014 lectulo
3394 4974 3488 5014 cn—

1885 5058 2040 5123 bans,
2066 5058 2206 5113 inter
2230 5052 2539 5109 omnimoda
2590 5066 2870 5106 servorum
2902 5064 2967 5105 ac
2990 5049 3305 5104 ancillarum
3335 5051 3487 5105 obsc-

1883 5153 2029 5222 quia,
2060 5149 2240 5205 audito
2278 5146 2529 5203 mendico
2557 5160 2653 5223 per
2689 5144 2864 5200 vicum
2908 5143 3144 5198 clamore
3173 5157 3365 5212 panem
3394 5158 3488 5215 pc-

1886 5255 2031 5300 tente
2058 5242 2338 5313 ingemuit,
2366 5250 2567 5295 etcum
2596 5237 2848 5308 lacrymis
2872 5226 3123 5305 precatus
3149 5242 3252 5300 est,
3268 5244 3332 5289 ‘ut
3366 5234 3486 5288 talis

1884 5338 2057 5405 ﬂeret,
2089 5333 2383 5390 dummodo
2422 5347 2609 5397 sanus,
2636 5330 2817 5400 potius
2858 5342 3019 5398 quam
3050 5328 3103 5382 in
3141 5324 3349 5382 deliciis
3384 5324 3486 5380 sd-

1884 5446 2041 5487 versa
2085 5430 2353 5483 laboraret
2398 5424 2727 5481 valetudine.
2772 5422 2885 5477 Nec
2931 5430 3135 5476 tantum
3170 5420 3482 5479 valetudine

1881 5524 2042 5589 bona,
2074 5520 2167 5577 sed
2195 5521 2363 5592 prolis
2387 5520 2547 5573 etiam
2580 5516 2855 5582 felicitate,
2889 5513 3083 5576 divites
3112 5512 3280 5566 nihilo
3308 5512 3474 5581 potio-

1879 5631 1967 5673 res
1994 5613 2198 5678 videas,
2230 5627 2392 5683 quam
2417 5623 2714 5682 pauperes;
2742 5607 2837 5663 sed
2865 5606 3150 5675 utrobique
3173 5602 3483 5659 indiﬂ'ereu-

1880 5720 1961 5766 ter
1988 5716 2081 5765 aut
2106 5707 2309 5763 nullam
2336 5714 2429 5759 aut
2454 5715 2797 5758 numerosam
2830 5699 3071 5755 sobolem
3104 5715 3114 5747 :
3148 5697 3276 5769 quin
3298 5695 3483 5770 potius

1876 5813 1931 5857 et
1965 5800 2064 5855 hac
2096 5808 2250 5871 parte
2276 5798 2500 5853 divitem
2528 5792 2713 5849 videas
2741 5792 3071 5847 inferiorem.
3105 5788 3314 5859 Pauper
3329 5788 3480 5843 eniut

1877 5894 2005 5950 licet
2036 5903 2186 5965 pater
2229 5906 2334 5948 non
2379 5887 2493 5961 ﬁat,
2538 5883 2684 5949 haud
2726 5884 2953 5941 multum
2991 5878 3157 5939 sentit
3182 5880 3477 5941 dolorem;
