4178 6330
682 431 789 488 675

684 550 835 605 dives
862 556 1041 606 autem
1070 550 1270 613 quanto
1311 540 1482 610 magis
1523 547 1733 594 auctam
1764 552 1876 591 rem
1917 535 2085 603 videt,
2114 541 2270 592 tanta

685 638 856 707 magis
879 635 1107 690 orbitate
1137 631 1370 702 angitur,
1403 646 1514 702 pra:
1541 629 1752 686 heredis
1771 627 2040 684 desiderio
2070 627 2271 683 nullam

682 727 920 783 sentiens
945 723 1290 793 uoluptatem.
1331 721 1400 776 Et
1443 719 1690 790 pauperis
1717 717 1932 788 quidem
1977 716 2267 781 hereditas,

684 818 809 872 licet
833 813 948 868 sine
976 813 1160 869 liberis
1185 810 1432 874 decedat,
1454 825 1574 864 eum
1601 815 1819 878 propter
1845 806 2136 862 exilitatem
2163 821 2269 861 non

680 908 752 964 sit
773 907 1115 962 contentione
1143 905 1321 974 digna,
1351 902 1417 956 ad
1448 902 1648 955 amicos
1672 899 1860 955 transit
1886 907 2046 970 atque
2073 912 2272 970 cogna-

682 1009 768 1054 tos
799 1016 813 1051 :
842 997 1025 1052 divitis
1063 1004 1262 1060 autem,
1304 1008 1370 1048 eo
1394 992 1531 1062 quod
1566 991 1850 1047 multorum
1877 991 1943 1045 ad
1987 1004 2048 1045 se
2072 989 2271 1044 alliciat

678 1089 886 1154 oculos,
929 1104 1033 1142 non
1059 1102 1183 1143 raro
1209 1085 1276 1142 ad
1309 1086 1554 1141 inimicos
1580 1083 1814 1140 defuncti
1838 1083 2056 1139 devenit
2085 1101 2101 1137 :
2125 1081 2268 1154 quod

679 1197 801 1236 cum
829 1181 919 1235 ille
945 1180 1128 1235 vivens
1155 1178 1354 1233 inaliis
1377 1177 1491 1232 lieri
1516 1176 1714 1243 Videat,
1737 1176 1898 1230 vitam
1925 1175 2070 1246 degit
2094 1183 2269 1229 morte

682 1271 1072 1338 ruolestibrem,
1102 1270 1158 1324 in
1193 1283 1253 1324 se
1280 1283 1493 1339 quoque
1522 1275 1838 1336 exspectans
1884 1266 2024 1321 idem
2070 1264 2267 1320 factum

679 1361 768 1418 iri.
797 1361 950 1430 Quod
981 1370 1156 1416 autem
1185 1360 1252 1416 ad
1282 1369 1512 1415 mortem
1543 1361 1752 1424 attinet,
1785 1371 1965 1413 nonne
1985 1367 2040 1412 et
2060 1356 2151 1412 hic
2177 1371 2269 1411 ea-

675 1454 798 1509 dem
828 1453 1136 1523 aequalitas?
1158 1467 1341 1508 nonne
1387 1461 1492 1507 tam
1524 1452 1778 1507 divitibus
1820 1465 1982 1521 quam
2009 1451 2264 1522 pauperi-

677 1543 778 1597 hus
819 1543 1119 1596 immatura:
1161 1549 1360 1595 mortes
1401 1540 1687 1596 accidunt?
1730 1551 1888 1609 atque
1935 1542 2096 1595 etiam
2148 1549 2266 1610 post

676 1645 906 1688 mortem
952 1647 1056 1685 non
1113 1640 1218 1685 tam
1248 1631 1336 1686 his
1384 1646 1545 1702 quam
1583 1632 1686 1686 illis
1733 1630 1982 1687 omnibus
2019 1631 2266 1685 similiter

677 1737 870 1792 corpus
899 1720 1230 1784 dissolvitur,
1267 1720 1551 1792 favillaque
1583 1720 1638 1775 lit
1663 1731 1718 1776 et
1748 1719 1940 1791 pulvis,
1972 1730 2027 1776 et
2052 1735 2264 1776 vermes

674 1813 882 1885 gignit?
909 1814 978 1869 At
1002 1812 1256 1868 iuncraiia
1285 1827 1619 1883 nequaquam
1646 1813 1856 1867 similia.
1893 1812 2001 1867 Sed
2023 1811 2266 1883 qum-uti-

674 1905 978 1962 litas?Cum
999 1907 1142 1960 enim
1161 1903 1412 1959 defuncto
1436 1904 1657 1959 multam
1683 1905 2039 1960 substraveris
2060 1911 2261 1959 vestem

676 1999 966 2068 pretiosam
995 2007 1050 2053 et
1086 2009 1348 2061 auratam,
1375 1997 1508 2052 nihil
1538 1996 1681 2052 aliud
1717 1997 2104 2067 nisi‘majorem
2134 1997 2263 2052 invi-

673 2089 816 2145 diam
846 2099 901 2144 et
940 2087 1368 2143 criminationem
1399 2087 1660 2152 attuleris,
1711 2095 1764 2142 ct
1789 2087 2047 2144 advenas
2073 2086 2266 2142 deiun-

672 2190 816 2233 cmm
843 2179 1081 2232 omnium
1107 2192 1200 2232 ora
1224 2178 1519 2246 aperueris,
1550 2185 1606 2230 et
1634 2178 1939 2232 innumeras
1963 2179 2011 2233 ei
2039 2193 2264 2248 parave-

671 2270 747 2322 ris
801 2267 1217 2331 maledictiones,
1273 2277 1327 2321 et
1369 2267 1606 2320 avaritia:
1649 2267 2072 2331 criminationes,
2129 2266 2258 2323 dum

671 2357 863 2426 singuli
907 2365 1228 2427 rumpuntur
1272 2355 1658 2426 indignatione,
1699 2365 1754 2411 et
1793 2365 2065 2412 mortuum
2105 2371 2261 2413 exse-

669 2454 903 2508 crantur.
929 2447 1019 2517 φα
1040 2461 1114 2501 ne
1132 2445 1471 2518 postobitum
1502 2445 1716 2515 quidem
1742 2445 1996 2502 insanire.
2011 2447 2064 2501 in
2096 2461 2260 2517 pecu-

671 2536 790 2590 nias
816 2533 1090 2591 desh‘etit.
1123 2535 1234 2590 Huc
1262 2535 1464 2590 accedit
1494 2534 1636 2590 aliud
1665 2535 1884 2603 malum,
1911 2536 2055 2606 quod
2083 2536 2260 2593 furum

669 2625 812 2679 oculi
835 2626 1130 2681 irritantur.
1163 2625 1345 2696 itaque
1366 2640 1478 2695 quo
1514 2626 1684 2695 major
1712 2633 1795 2679 est
1821 2625 2019 2693 cultus,
2050 2641 2118 2682 eo
2145 2643 2262 2683 ma-

668 2713 802 2785 joris
826 2717 902 2770 illi
934 2716 992 2771 iit
1020 2717 1233 2772 occasio
1264 2715 1622 2771 contumeliae.
1655 2715 1915 2786 Pauperis
1935 2717 2079 2771 enim
2099 2718 2262 2773 cada-

671 2821 768 2862 ver
791 2822 952 2862 nemo
975 2807 1210 2878 spoliare
1237 2815 1409 2871 curat,
1451 2807 1568 2874 ipsa
1596 2805 2026 2862 indumentorum
2051 2808 2260 2867 vilitate

675 2905 868 2953 tutum.
901 2897 998 2953 llic
1027 2905 1204 2952 autem
1234 2897 1418 2952 obices
1451 2905 1506 2952 et
1545 2911 1702 2962 ser-.2,
1733 2896 1874 2951 iores
1886 2905 2061 2967 atque
2087 2907 2261 2954 custo-

669 2987 785 3052 des,
816 2987 996 3042 omnia
1043 2987 1313 3042 incassum
1356 2985 1702 3053 adhibentur,
1746 3001 1871 3041 cum
1908 2988 2257 3057 pecuniarum

667 3080 926 3135 aviditate
948 3079 1082 3135 nihil
1114 3095 1219 3136 non
1258 3080 1511 3148 audeant,
1541 3080 1630 3152 qui
1669 3080 1865 3135 talibus
1893 3080 2174 3137 maleﬁciis
2196 3095 2258 3138 se

669 3171 1086 3227 assuefeceram.
1115 3170 1295 3242 itaque
1319 3172 1490 3242 major
1515 3171 1688 3227 honor
1712 3171 1964 3228 defuncto
1998 3173 2259 3242 majorem

671 3261 834 3317 infert
864 3262 1147 3332 iujuriam;
1179 3272 1235 3320 et
1261 3262 1325 3330 is,
1352 3263 1439 3318 cui
1467 3261 1588 3318 vilia
1616 3261 1876 3319 funeralia
1916 3264 2256 3335 contingunt,

1465 422 1522 481 S.
1556 420 1831 480 JOANNIS
1867 410 2246 480 οιπιῖεοετ.
2289 418 2614 478 ARCHIEP.
2641 417 3183 478 CONS'I'ANTINOP.

3881 421 3980 482 676

2375 533 2519 604 jacet
2545 532 2804 589 inviolato
2837 533 3074 604 sepulcri
3093 531 3302 591 honore
3327 549 3342 588 :
3371 533 3456 590 cui
3483 547 3613 591 vero
3638 536 3897 608 pretiosa.
3932 537 3976 595 is

2377 626 2638 696 spoliatur
2663 633 2719 682 et
2743 624 3168 692 debonestatur;
3198 635 3292 682 aut
3314 627 3360 683 si
3388 626 3491 684 hoe
3519 627 3814 685 ludibrium
3852 645 3977 686 eva-

2375 717 2489 784 dat,
2522 733 2592 774 ne
2608 718 2700 774 sic
2740 715 2958 789 quidem
2985 718 3164 788 potior
3191 718 3316 787 erit,
3360 719 3462 776 nisi
3492 720 3637 792 quod
3665 721 3840 792 major
3862 735 3977 777 cor-

2377 810 2556 881 ruptio
2581 810 2702 877 lict,
2715 811 3022 882 largiusque
3047 809 3218 866 vermi
3245 810 3520 880 pabulum.
3553 813 3806 870 Haecine
3830 823 3974 882 sunt,

2375 916 2582 971 quaeso,
2611 902 2683 957 ob
2705 917 2826 971 qua:
2851 902 3039 957 beatos
3057 900 3459 970 pradicemus?
3484 902 3555 958 Et
3581 905 3704 976 quis
3729 914 3818 962 est
3837 906 3974 962 adeo

2375 993 2559 1058 miser,
2589 1001 2752 1062 atque
2778 1007 3138 1059 aerumnosas,
3169 1001 3231 1047 ut
3252 991 3322 1048 ob
3345 993 3463 1049 haec
3489 994 3764 1052 hominem
3785 998 3976 1053 cristi-

2374 1093 2485 1139 mel
2514 1083 2713 1138 invidia
2759 1083 3022 1154 dignum?
3050 1083 3248 1140 Verum
3285 1100 3394 1140 non
3421 1085 3538 1141 hac
3565 1087 3762 1152 solum,
3792 1088 3894 1144 sed
3923 1099 3977 1146 et

2373 1174 2474 1230 alia
2517 1173 2726 1245 singula
2767 1183 3174 1245 percurrentes,
3216 1174 3608 1246 diligenterque
3645 1188 3974 1245 scrutantes,

2374 1279 2637 1336 pauperes
2676 1263 2934 1320 divitibus
2965 1264 3359 1335 praeponendos
3387 1267 3805 1338 comperiemus.
3839 1269 3974 1327 Haec

2371 1355 2533 1425 igitur
2573 1356 2857 1427 diligenter
2903 1357 3349 1424 considerantes,
3401 1363 3458 1413 et
3507 1357 3627 1413 aliis
3680 1371 3970 1417 narrantes

2373 1445 2592 1518 (dicitur
2619 1448 2789 1514 enim,
2820 1445 2906 1501 Da
2946 1449 3166 1515 sapienti
3193 1448 3531 1515 occasionum
3563 1459 3611 1504 et
3633 1453 3730 1506 erit
3753 1455 3978 1525 sapien-

2371 1539 2470 1590 tior
2494 1537 2674 1610 [Ρνου.
2701 1538 2759 1594 9.
2792 1537 2909 1611 91),
2939 1548 2995 1592 et
3016 1538 3145 1593 illud
3173 1539 3430 1596 continue
3452 1541 3749 1598 retinentes
3768 1559 3981 1601 memo-

2370 1628 2470 1692 ria,
2497 1629 2842 1697 pecuniarqu
2867 1629 3078 1698 copiam
3105 1628 3239 1683 nihil
3263 1630 3498 1700 amplius
3524 1630 3722 1689 aii‘erre
3749 1648 3974 1704 posses-

2368 1717 2603 1784 scribus,
2629 1732 2788 1787 quam
2825 1733 3002 1784 curas,
3033 1718 3443 1786 sollicitudines,
3485 1722 3734 1791 timores,
3780 1733 3833 1780 et
3876 1739 3980 1795 pe-

2369 1808 2534 1862 ricula
2568 1827 2582 1862 :
2620 1809 2793 1864 nihilo
2848 1808 3173 1866 deteriorem
3226 1827 3384 1880 quam
3440 1813 3665 1869 divitum
3724 1828 3976 1873 nostram

2367 1899 2729 1954 conditionem
2773 1909 3045 1970 putemus.
3078 1900 3135 1972 Si
3161 1902 3305 1956 enim
3349 1902 3840 1974 advigilaverimus,
3880 1923 3979 1978 po-

2369 1989 2533 2043 tiores
2557 1989 2720 2044 stiam
2759 1999 2941 2060 partes
2969 1990 3304 2058 habebimus,
3352 2002 3462 2048 tam
3491 1995 3542 2049 in
3581 1995 3740 2066 hujus
3780 1999 3979 2056 aemili

2369 2081 2550 2145 rebus,
2581 2096 2741 2150 quam
2770 2081 2822 2134 in
2851 2081 3069 2136 divinis.
3110 2081 3245 2138 Nam
3289 2093 3344 2139 et
3371 2086 3700 2156 voluptatem
3728 2098 3784 2143 et
3807 2103 3979 2146 secu-

2368 2172 2603 2236 ritatem,
2631 2172 2938 2242 bonamque
2965 2172 3162 2228 famam
3204 2188 3270 2229 ac
3306 2175 3692 2243 valetudinem,
3731 2187 3841 2234 tum
3871 2195 3979 2237 4's-

2366 2270 2507 2316 ctam
2536 2261 2750 2317 vivendi
2792 2264 3082 2330 rationem,
3128 2278 3281 2334 spem
3328 2266 3545 2334 bonam,
3591 2269 3976 2342 mitioremque

2365 2354 2623 2425 peccandi
2667 2356 3010 2412 oceasionem
3055 2357 3197 2428 apud
3251 2371 3518 2428 pauperes
3560 2361 3748 2431 magis,
3798 2376 3973 2433 quam

2365 2445 2509 2514 apud
2536 2446 2731 2502 divites
2772 2446 3039 2502 invenias.
3075 2446 3159 2503 Ne
3187 2449 3350 2519 igitur
3375 2464 3528 2506 more
3569 2465 3846 2507 servorum
3880 2454 3976 2509 ia-

2365 2545 2641 2607 gratorum
2683 2552 3104 2606 murmuremus,
3155 2547 3250 2593 aut
3293 2541 3603 2597 incusemus
3653 2543 3970 2613 Dominum,

2365 2626 2460 2682 sed
2490 2642 2588 2699 pro
2614 2627 2865 2683 omnibus
2888 2630 3089 2699 gratias
3112 2643 3354 2699 agamus,
3384 2631 3516 2686 nihil
3544 2633 3746 2688 malum
3770 2633 3979 2692 ducere-

2367 2728 2450 2775 tes
2475 2719 2579 2776 nisi
2621 2730 2924 2791 peccatum,
2955 2722 3088 2777 nihil
3117 2723 3314 2778 bonum
3355 2723 3457 2778 nisi
3483 2724 3767 2794 justitiam.
3794 2725 3851 2782 Si
3883 2730 3974 2785 sic

2363 2813 2720 2879 senserimus,
2753 2829 2861 2869 non
2888 2815 3176 2886 aegritudo,
3215 2830 3325 2870 non
3365 2816 3567 2886 inopia,
3593 2833 3704 2875 non
3739 2821 3976 2891 ignomi-

2361 2903 2475 2968 nia,
2505 2903 2638 2959 nihil
2668 2903 2904 2968 denique
2945 2905 3126 2960 simile
3169 2905 3456 2962 molestum
3503 2907 3660 2964 nobis
3689 2911 3795 2964 erit
3821 2927 3836 2965 :
3867 2912 3972 2968 sed

2364 3008 2555 3064 puram
2605 3009 2667 3050 es
2710 2994 2964 3051 omnibus
3011 2995 3174 3051 rebus
3216 2997 3580 3066 percipientes
3609 2999 3968 3071 voluptatem,

2367 3081 2546 3137 futura
2573 3097 2973 3154 consequemur
2997 3083 3160 3152 bona,
3203 3086 3376 3155 gratia
3415 3097 3470 3143 et
3495 3088 3826 3161 benignitate
3853 3094 3961 3150 Do-

2366 3173 2498 3232 mini
2527 3173 2695 3229 nostri
2722 3173 2851 3230 Jesu
2879 3175 3096 3241 Christi,
3123 3191 3248 3232 cum
3279 3192 3389 3248 quo
3410 3177 3554 3234 Patri
3577 3180 3776 3251 gloria,
3806 3183 3971 3241 simul

2364 3274 2419 3324 et
2443 3272 2631 3320 saneto
2657 3264 2903 3338 Spiritui,
2929 3265 2992 3321 iu
3023 3267 3218 3324 mnia
3254 3268 3597 3325 saeculorum.
3629 3273 3822 3328 Amen.

681 3786 3967 3830 W

2140 4033 2498 4097 MONITUM

764 4255 968 4314 Eodem
1003 4269 1115 4328 quo
1153 4254 1468 4326 superiores
1501 4250 1796 4308 Sermones
1824 4263 1972 4305 anno
1993 4247 2099 4304 387
2131 4247 2563 4319 Chrysostomus
2589 4248 2690 4305 has
2717 4247 2786 4304 de
2819 4246 3023 4304 Davide
3049 4257 3106 4305 et
3143 4247 3311 4305 Sauie
3345 4247 3602 4304 homilias
3636 4246 3866 4316 habuit,
3905 4259 3966 4307 ut

699 4370 958 4444 colligere
986 4379 1070 4426 est
1097 4386 1164 4426 ex
1199 4369 1436 4424 Homilia
1467 4369 1642 4439 prima
1669 4366 1738 4422 de
1766 4364 1973 4420 Davide
1994 4374 2049 4418 et
2076 4361 2263 4428 Saule,
2289 4376 2522 4417 numero
2553 4362 2608 4426 i,
2632 4360 2725 4416 ubi
2741 4361 2835 4415 :ait
2862 4375 2923 4417 se
2947 4375 3125 4431 nuper
3148 4375 3460 4416 sermonem
3491 4358 3690 4418 iecisse
3718 4361 3789 4417 de
3815 4363 3969 4418 debi-

695 4497 814 4546 tose
844 4487 1034 4543 decem
1063 4486 1292 4542 millium
1317 4483 1648 4540 talentorum
1680 4489 1736 4537 et
1760 4480 2070 4537 ostendisse
2092 4486 2359 4550 quantum
2389 4478 2596 4534 malum
2628 4486 2774 4534 esset
2801 4475 3131 4548 iniuriarum
3158 4474 3490 4546 recordatip.
3521 4473 3619 4531 illa
3645 4486 3833 4533 autem
3856 4477 3968 4535 Hc-

697 4602 846 4657 miiia
875 4598 943 4656 de
962 4600 1228 4664 debitore,
1257 4607 1390 4664 etc.,
1419 4613 1543 4668 qua:
1576 4597 1748 4666 prima
1773 4604 1860 4652 est
1886 4595 1940 4650 in
1968 4593 2142 4649 Tomo
2177 4593 2356 4657 tertio,
2379 4591 2568 4649 eodem
2600 4605 2749 4647 anno
2779 4590 2982 4661 scripta
3002 4598 3110 4654 est,
3126 4603 3238 4661 quo
3277 4603 3374 4660 per
3396 4599 3565 4645 totam
3597 4589 3968 4664 Quadragesi—

697 4727 843 4769 mam
864 4711 931 4765 de
950 4707 1171 4765 vitando
1194 4705 1505 4776 iuramento
1520 4717 1723 4774 egerat.
1752 4704 1801 4760 ls
1831 4713 1916 4760 cst
1946 4719 2126 4760 annus
2154 4703 2279 4768 587,
2301 4711 2361 4758 ut
2381 4701 2619 4759 diximus
2640 4705 2694 4759 in
2708 4701 2914 4759 ΕΙοηίιο
2946 4703 3166 4759 ibidem.
3197 4700 3354 4769 Quod
3371 4704 3964 4776 itaqueargumentum

701 4819 756 4875 in
786 4818 1015 4877 Humilia
1047 4817 1116 4872 de
1135 4815 1380 4872 debitore
1410 4822 1671 4887 ceperat,
1695 4829 1888 4882 nempe
1916 4815 1984 4871 de
2010 4816 2334 4888 injuriarum
2359 4817 2740 4872 recordatione
2760 4816 3100 4888 depellenda,
3129 4815 3308 4888 deque
3331 4803 3664 4876 earumdem
3683 4824 3966 4881 condona-

694 4951 3932 4993 ΝΜ

1301 5092 1577 5150 llOMlLiA
1622 5091 1662 5146 l.

688 5233 763 5288 De
789 5230 984 5286 Doride
1012 5239 1060 5283 et
1081 5228 1258 5292 Scite,
1282 5228 1441 5296 deque
1469 5227 1769 5294 tolerantia,
1797 5239 1842 5281 et
1886 5229 2023 5298 quod
2045 5236 2273 5298 oporteat

774 5324 990 5379 inimicis
1011 5337 1234 5392 parcere,
1267 5336 1357 5375 nec
1377 5320 1440 5373 de
1463 5319 1748 5374 absentibus
1770 5321 1898 5373 male
1922 5321 2056 5388 loqui
2081 5319 2180 5391 (a).

763 5462 813 5515 Ι.
841 5458 1060 5527 Qumies
1087 5456 1286 5510 diutina
1331 5456 1594 5525 quarpiam
1641 5468 1705 5508 ac
1741 5454 1871 5507 dura
1921 5452 2124 5508 inﬂatio
2150 5469 2269 5509 cor-

688 5551 909 5622 poribus
942 5549 1150 5604 inlicesit
1170 5589 1185 5614 ,
1215 5555 1325 5600 tum
1352 5554 1406 5598 et
1431 5549 1587 5614 longe
1610 5552 1872 5612 tempore,
1897 5544 2171 5614 multoque
2197 5544 2272 5599 la-

691 5646 820 5702 bore
843 5684 859 5710 ,
882 5651 936 5698 et
978 5641 1143 5696 multa
1171 5639 1429 5709 sapientia
1461 5636 1510 5690 in
1543 5636 1887 5691 admovendis
1910 5637 2161 5692 remediis
2193 5649 2270 5693 est

690 5751 828 5808 opus
851 5776 867 5802 ,
894 5744 953 5789 ut
995 5733 1247 5789 collectus
1293 5739 1471 5785 tumor
1512 5730 1710 5800 absque
1737 5729 1860 5784 vita
1895 5731 2140 5798 periculo
2171 5729 2268 5786 dis-

739 5865 818 5928 (α)
839 5865 1032 5920 Collata
1063 5878 1172 5918 cum
1189 5863 1298 5914 Cod.
1326 5863 1473 5925 Regio
1503 5858 1638 5919 [975,
1661 5863 1908 5912 itemcum
1935 5861 2072 5914 1963.

2378 5099 2631 5154 solvatur.
2688 5100 2831 5158 Idem
2875 5104 3055 5162 tidere
3096 5117 3178 5162 est
3227 5109 3280 5163 in
3327 5111 3527 5165 anima.
3564 5111 3790 5181 Quoties
3834 5117 3971 5172 enim

2379 5199 2571 5269 aliquis
2596 5201 2841 5255 morbum
2860 5243 2875 5267 ,
2903 5202 2993 5273 qui
3015 5201 3128 5273 jam
3156 5203 3367 5260 radices
3386 5205 3497 5275 egit
3520 5205 3572 5259 in
3602 5208 3806 5268 anima,
3841 5207 3974 5263 mni-

2381 5301 2541 5361 loque
2563 5302 2802 5360 tempore
2830 5283 3113 5349 concretus
3142 5295 3230 5359 sit,
3263 5295 3517 5351 radicitus
3533 5295 3768 5351 evellere
3793 5297 3978 5353 volue-

2379 5385 2491 5449 rit,
2518 5399 2622 5438 non
2670 5384 2801 5439 satis
2843 5393 2927 5439 est
2960 5384 3026 5440 ad
3066 5387 3456 5442 correCtionem
3488 5386 3646 5441 unius
3679 5387 3975 5444 duornmve

2383 5479 2590 5534 dierum
2647 5478 2940 5533 admonitio
2989 5496 3004 5530 :
3049 5494 3232 5533 verum
3275 5488 3490 5548 oportet
3545 5478 3860 5549 frequenter
3919 5496 3978 5535 ac

2384 5572 2574 5628 diebus
2611 5571 2975 5642 compluribus
3005 5570 3140 5625 hanc
3168 5585 3281 5625 rem
3315 5578 3580 5626 tractare:
3605 5570 3650 5624 si
3678 5573 3844 5625 modo
3875 5587 3976 5626 non

2386 5666 2453 5721 ad
2475 5666 2819 5721 ambitionem
2849 5678 2911 5718 ac
2936 5663 3286 5732 voluptatem,
3319 5663 3415 5718 sed
3447 5663 3512 5718 ad
3544 5662 3772 5718 fructum
3804 5675 3858 5718 et
3879 5665 3974 5719 uti-

2387 5757 2588 5812 litatem
2621 5770 2816 5811 munus
2842 5753 2945 5809 hoc
2968 5753 3362 5809 concionatoris
3385 5753 3588 5825 gesturi
3623 5769 3824 5810 sumus.
3857 5754 3974 5809 ideo

2388 5849 2524 5906 sicut
2573 5847 2638 5904 de
2683 5845 2999 5918 juramentis
3041 5844 3298 5915 fecimus,
3351 5845 3533 5902 multis
3571 5845 3762 5903 ordine
3786 5841 3974 5904 diebus
