4178 6330
263 378 368 441 6⁸17

261 486 414 545 vobis
454 482 524 541 de
565 482 760 541 eodem
805 479 1129 533 disserentes
1172 475 1527 539 argumento:
1570 462 1757 517 itidem
1782 457 1851 511 de

261 581 342 633 ira
369 589 510 630 nunc
536 571 812 633 faciamus,
833 567 1136 622 continuam
1164 561 1231 615 de
1258 574 1322 613 ea
1344 566 1727 627 persequamur
1754 565 1850 602 cx-

263 666 623 722 hortationem
664 676 760 730 pro
786 666 967 713 nostra
996 653 1211 725 quidem
1252 647 1413 703 virili.
1440 645 1571 701 Nam
1604 642 1690 696 hic
1720 638 1875 693 mihi'

261 756 477 811 videtur
496 752 739 822 optimus
783 763 905 805 esse
945 742 1172 801 docendi
1216 740 1439 804 modus,
1477 738 1522 789 si
1567 749 1673 787 non
1704 732 1852 800 mins

262 846 586 900 desistamus
609 836 941 895 consulendo
957 846 1289 905 quacumque
1312 830 1382 885 de
1406 842 1486 894 re,
1512 840 1671 895 quam
1700 822 1851 875 vidc—

264 937 438 990 rimus
483 930 899 987 admonitionem
941 927 1009 981 ad
1067 925 1317 980 effectum
1362 918 1692 990 pervenisse.
1757 914 1851 967 Et-

265 1025 410 1077 enim
440 1022 530 1092 qui
563 1019 721 1075 hodie
739 1018 808 1074 de
836 1018 1200 1084 eleentosyna,
1224 1025 1346 1067 eras
1372 1010 1438 1065 de
1460 1007 1729 1068 oratione,
1763 1018 1853 1073 pc-

266 1113 456 1168 rendie
496 1111 566 1167 de
593 1109 948 1173 humanitate,
977 1103 1174 1160 deinde
1206 1115 1391 1158 rursus
1428 1098 1498 1154 de
1535 1096 1698 1151 animi
1742 1109 1866 1147 mo-~

266 1201 438 1257 destia
467 1200 705 1266 disserit,
732 1197 863 1252 nihil
892 1196 1087 1252 horum
1116 1194 1168 1247 in
1189 1186 1711 1247 auditorumsanimis
1735 1200 1856 1254 per-

265 1288 435 1346 ﬂcere
462 1298 609 1344 recte
655 1287 887 1357 poterit,
930 1286 998 1339 ab
1024 1283 1129 1339 hoc
1167 1280 1235 1336 ad
1262 1278 1392 1334 illud
1413 1318 1430 1345 ,
1462 1290 1647 1330 rursus
1668 1275 1735 1327 ab
1767 1274 1856 1326 illo

266 1395 484 1450 semper
510 1379 614 1433 alio
644 1377 949 1432 transiliens
976 1392 991 1429 :
1018 1374 1112 1430 sed
1143 1378 1494 1432 necesseest,
1522 1376 1581 1421 ut
1606 1367 1695 1435 qui
1727 1364 1855 1419 velit

269 1470 566 1525 orationem
609 1470 663 1523 in
692 1467 992 1521 auditorum
1032 1464 1225 1519 animis
1267 1456 1496 1515 fructum
1534 1457 1854 1527 destinatum

269 1565 506 1633 assequi,
534 1577 639 1618 non
665 1571 791 1619 ante
822 1560 1048 1617 desistat
1070 1558 1256 1614 iisdem
1280 1556 1348 1616 de
1374 1556 1533 1610 rebus
1558 1554 1856 1608 admonens

268 1654 681 1723 consulemque,
708 1668 804 1707 nec
836 1652 982 1721 prius
1001 1649 1069 1704 ad
1094 1648 1236 1703 aliud
1259 1646 1533 1717 quidpiam
1566 1643 1847 1706 transiliat,

269 1758 433 1815 quam
475 1748 816 1815 conspexerit
859 1742 1192 1812 superiorem
1234 1738 1651 1795 admonitionem
1698 1738 1750 1790 in
1780 1736 1858 1791 eis

272 1834 415 1889 bene
455 1832 612 1886 ﬁxam
661 1846 724 1887 ac
749 1830 1062 1886 radicatam.
1084 1828 1230 1883 Idem
1251 1828 1353 1881 hoc
1378 1827 1551 1881 facere
1577 1826 1752 1879 solent
1779 1826 1859 1879 lu-

269 1923 568 1993 dimagistri
602 1940 614 1975 :
648 1935 753 1975 non
787 1921 936 1991 prius
962 1919 1027 1973 ad
1066 1918 1298 1990 syllabas
1326 1915 1595 1972 adducunt
1626 1930 1817 1984 pueros
1840 1956 1854 1979 ,

270 2028 433 2084 quam
454 2013 841 2067 elementorum
870 2009 1228 2080 cognitionem
1272 2007 1323 2060 in
1354 2006 1432 2062 eis
1464 2005 1692 2059 viderint
1716 2015 1860 2059 recte

269 2106 663 2161 continuatam.
704 2102 885 2171 Nuper
928 2101 1090 2170 igitur
1118 2099 1428 2168 parabolam
1460 2096 1613 2152 vobis
1634 2096 1702 2151 de
1728 2110 1857 2150 cen—

273 2207 385 2253 tum
408 2195 641 2253 denariis
665 2237 679 2259 ,
705 2208 769 2249 ac
795 2194 983 2248 decem
1008 2191 1243 2248 millibus
1270 2192 1586 2245 talentorum
1609 2202 1861 2243 enarran—

273 2299 357 2345 tcs
384 2289 486 2360 (a),
518 2286 847 2343 ostendimus
866 2293 1123 2356 quantum
1150 2293 1294 2340 esset
1322 2283 1519 2337 malum
1548 2281 1859 2349 injuriarutu

269 2382 600 2437 meminisse.
628 2380 802 2447 Quem
824 2379 973 2433 enim
988 2376 1176 2444 decem
1205 2376 1368 2431 millia
1405 2375 1724 2429 talentorum
1754 2387 1862 2427 non

273 2472 637 2543 perdiderant,
662 2471 801 2526 hunc
817 2477 1031 2525 centum
1049 2467 1254 2524 denarii
1281 2466 1444 2523 exitio
1467 2465 1861 2528 demerserum,

270 2579 340 2618 ae
368 2563 573 2618 veniam
596 2575 693 2631 pro
716 2560 911 2615 debitis
935 2572 1245 2615 concessam
1304 2557 1357 2611 in
1390 2557 1595 2612 irritum
1645 2569 1865 2611 revoca-

271 2663 449 2721 runt,
479 2653 775 2723 debitaque
818 2653 1059 2723 pecunia:
1118 2650 1490 2707 remissionem
1535 2650 1873 2719 dissiparant

272 2744 489 2814 (illailla.
510 2741 622 2814 18),
639 2756 887 2811 eumque,
902 2743 992 2811 qui
1013 2741 1184 2797 fuerat
1209 2756 1238 2795 a
1260 2740 1570 2797 criminibus
1586 2739 1860 2806 liberatus,

272 2833 604 2903 inludieium
635 2840 973 2887 retraxerunt
998 2871 1015 2897 ,
1044 2832 1273 2901 indeque
1301 2832 1355 2886 in
1381 2845 1652 2886 carcerem
1679 2830 1863 2901 conje-

268 2918 459 2979 cerunt
478 2964 495 2988 ,
515 2921 743 2991 denique
766 2921 1051 2975 immortali
1078 2920 1339 2990 supplicio
1362 2919 1708 2975 tradiderunt.
1754 2919 1861 2975 Sed

272 3013 434 3069 hodie
460 3013 528 3068 de
551 3012 766 3067 diverso
786 3019 1100 3081 argumento
1125 3010 1307 3066 dicere
1329 3010 1672 3065 tentabimus.
1700 3010 1865 3078 Opor-

272 3104 421 3159 tebat
447 3103 610 3167 enim,
638 3102 683 3156 si
711 3100 861 3155 fieret
881 3099 1023 3170 quod
1044 3116 1253 3170 aequum
1283 3108 1419 3167 erat,
1441 3100 1510 3155 de
1532 3100 1862 3155 humanitate

271 3207 340 3247 as
368 3178 776 3247 mansuetudine
806 3191 965 3245 verba
994 3190 1274 3245 facientem
1298 3206 1366 3247 ex
1384 3206 1503 3245 sese
1538 3190 1691 3244 istius
1723 3206 1863 3260 prae-

272 3284 433 3355 clarae
462 3280 809 3353 philos0phiae
846 3280 1089 3350 exempla
1118 3281 1358 3350 prmbere
1382 3322 1397 3344 ,
1418 3290 1577 3350 atque
1606 3281 1677 3334 ita
1702 3280 1863 3340 simul

271 3384 338 3430 et
372 3374 548 3429 verbis
599 3388 733 3428 eam.
765 3373 960 3428 docere
995 3380 1051 3428 et
1093 3372 1247 3428 factis
1291 3373 1358 3427 ad
1395 3389 1512 3431 eam
1559 3374 1859 3429 instituere.

272 3464 536 3532 Quoniam
579 3472 757 3519 autem
801 3478 901 3519 nos
940 3462 1009 3518 ab
1038 3462 1141 3518 hac
1166 3463 1362 3519 virtute
1408 3463 1569 3533 longo
1608 3465 1864 3523 absumus

272 3556 556 3612 intervallo
575 3596 591 3623 ,
619 3542 723 3609 uno
753 3556 1004 3627 quopiam
1022 3571 1055 3611 e
1081 3572 1304 3613 numero
1333 3552 1641 3613 sanctorum
1661 3558 1713 3612 in
1745 3574 1863 3613 me-

272 3646 423 3701 dium
472 3645 764 3715 producto,
798 3646 1075 3717 oculisque
1106 3646 1301 3702 vestris
1348 3648 1625 3717 subjecto,
1660 3651 1867 3718 perspi-

273 3751 434 3792 cuam
460 3736 745 3807 quamdam
780 3751 844 3792 ac
889 3745 1160 3807 potentem
1204 3738 1576 3795 adhibebimus
1609 3740 1865 3795 exhorta-

277 3827 504 3888 tionem,
536 3833 591 3880 ιιι
617 3826 766 3897 quasi
813 3825 881 3881 ad
923 3826 1202 3897 archetypi
1242 3814 1523 3898 cujusdam
1562 3829 1865 3884 armulatio-

277 3933 405 3974 nem
432 3916 776 3971 sdhortemur
802 3926 857 3971 et
883 3932 979 3972 vos
997 3928 1051 3972 et
1074 3932 1173 3971 nos
1200 3918 1366 3991 ipsos.

354 4006 523 4061 David
552 4007 812 4076 exemplar
831 4008 1187 4063 damnantis.
1212 3996 1285 4055 έ-
1307 4010 1441 4076 Quis
1483 4010 1641 4080 igitur
1667 4013 1719 4065 in
1748 4028 1866 4068 me-

277 4100 428 4155 dium
467 4098 816 4168 proferendus
861 4108 946 4155 est
986 4099 1053 4155 de
1091 4100 1422 4155 humanitate
1461 4101 1709 4157 dicturo?
1735 4104 1865 4169 Quis

278 4204 414 4247 vero
458 4190 631 4255 alius,
667 4205 825 4261 quam
869 4192 928 4247 is-
946 4192 1039 4263 qui
1076 4194 1276 4249 cailesti
1318 4195 1624 4249 testimonio
1663 4196 1867 4252 laudari

281 4283 512 4348 meruit,
534 4283 603 4337 ob
631 4282 733 4338 hoc
762 4284 934 4353 ipsum
967 4285 1195 4341 maxime
1222 4285 1634 4356 suspiciendas?
1663 4286 1864 4354 Inveni,

282 4373 489 4443 inquit,
516 4372 683 4427 Dauid
707 4375 871 4442 ﬁliam
894 4374 1039 4431 δέκα
1055 4417 1071 4441 ,
1102 4378 1266 4431 virum
1288 4379 1566 4433 secundum
1592 4397 1681 4433 cor
1702 4397 1869 4436 meum

285 4465 366 4537 (I.
396 4463 523 4537 Reg.
548 4465 635 4521 i5.
668 4465 769 4531 ης
791 4465 901 4521 Act.
932 4468 1017 4523 13.
1039 4467 1154 4538 22).
1180 4468 1348 4523 Porro
1368 4480 1711 4541 posteaquam
1731 4473 1877 4528 Deus

284 4555 685 4625 pronuntiarit,
700 4556 841 4609 nulla
867 4557 1265 4613 contradicendi
1288 4558 1489 4629 reliqua
1521 4571 1603 4615 est
1633 4564 1867 4617 occasio.

283 4644 421 4703 Nam
466 4646 606 4701 illius
645 4646 882 4703 calculus
924 4648 1270 4717 incorruptus
1300 4660 1413 4718 est,
1446 4654 1681 4723 ecquod
1728 4656 1888 4711 Deus

284 4752 387 4793 nec
408 4737 472 4791 ad
501 4738 748 4807 gratiam,
783 4753 881 4793 nec
903 4755 1000 4810 per
1026 4740 1207 4795 odium
1228 4742 1453 4812 judicat,
1476 4746 1570 4801 sed
1601 4762 1698 4816 pro
1723 4763 1881 4805 mera

284 4827 449 4882 animi
480 4830 674 4883 virtute
719 4827 817 4884 fert
859 4830 1193 4901 suffragium.
1226 4835 1295 4887 At
1323 4849 1443 4889 non.
1459 4836 1530 4889 ob
1576 4836 1630 4891 id
1668 4846 1869 4894 tantum

287 4918 432 4972 hunc
452 4917 516 4971 in
534 4918 764 4973 medium
795 4919 1161 4988 produximus,
1190 4923 1332 4991 quod
1356 4924 1447 4981 Dei
1476 4926 1727 4997 suﬂ‘ragio
1748 4929 1869 4985 fue-

286 5009 359 5062 rit
400 5008 675 5074 laudatus,
701 5024 885 5063 verum
912 5011 1071 5064 etiam
1093 5013 1243 5080 quod.
1268 5014 1339 5068 sit
1363 5029 1432 5069 ex
1451 5015 1516 5070 iis
1535 5018 1625 5086 qui
1653 5018 1752 5074 sub
1782 5036 1874 5075 ve-

289 5098 390 5153 teri
422 5099 538 5169 lege
557 5108 682 5154 sunt
706 5100 935 5157 educati.
964 5101 1235 5171 Siquidem
1260 5104 1360 5158 sub
1375 5104 1491 5175 lege
1510 5110 1694 5177 gratias
1719 5111 1872 5165 exsti-

289 5188 420 5242 tisse
447 5191 751 5258 quempiam
779 5190 847 5244 ab
876 5192 949 5244 ira
980 5206 1192 5259 purum,
1221 5202 1277 5247 et
1300 5193 1527 5253 inimicis
1543 5196 1735 5253 delicta
1753 5214 1876 5254 con-

287 5277 576 5333 tionantem
598 5320 613 5343 ,
642 5294 705 5333 ac
732 5289 1035 5348 parcentem
1067 5282 1135 5337 iis
1154 5298 1183 5336 a
1228 5284 1423 5353 quibus
1446 5286 1606 5341 fuerit
1630 5288 1875 5346 molestia

290 5365 529 5431 allectus,
562 5368 701 5422 nihil
723 5384 853 5424 sane
877 5369 1096 5438 mirum,
1118 5372 1372 5431 videlicet'
1385 5385 1506 5445 post
1524 5378 1720 5434 Christi
1739 5396 1876 5436 mor-

294 5466 423 5523 tem,
455 5468 734 5527 postquam
776 5460 866 5515 ille
910 5470 1015 5516 tam
1044 5466 1336 5520 clementer
1361 5467 1513 5522 nobis
1540 5470 1717 5524 omnia
1746 5488 1877 5542 pec-

290 5556 413 5604 cata
454 5549 691 5616 remisit,
720 5559 843 5623 post
885 5560 965 5609 tot
1004 5564 1269 5627 prazcepta
1310 5558 1508 5615 referta
1552 5564 1876 5634 evangelica:

353 5721 427 5786 (ul
452 5727 651 5779 Immitis
675 5728 741 5781 de
761 5731 990 5783 Debitore
1011 5733 1185 5784 decem
1214 5733 1416 5785 millium
1440 5740 1752 5791 talentorum.

1297 355 1385 413 DE
1424 351 1679 411 DAVIDE
1718 344 1807 405 ET
1846 343 2071 403 SAULE
2109 344 2392 399 HOMILIA
2435 343 2481 396 l.
3448 342 3554 389 ωδ

1964 450 2314 522 ῃΙιιίοεορὴίω
2342 468 2356 502 :
2389 462 2642 504 caeterum
2662 449 2712 500 in
2737 448 2929 499 Vetere
2956 446 3303 497 Testamento
3316 460 3436 493 cum
3470 445 3555 495 lex

1960 545 2297 615 permitteret
2326 540 2539 594 oculum
2592 553 2690 607 pro
2729 538 2888 590 oculo
2929 533 3164 589 effodere
3187 574 3200 595 ,
3232 546 3296 585 ac
3338 531 3554 585 denteut

1958 649 2057 704 pro
2095 634 2254 687 dente
2279 631 2576 687 extundere
2605 627 2796 699 (Exod.
2818 627 2907 681 21.
2942 625 3062 695 ει),
3092 638 3324 692 euntque
3349 620 3438 689 qui
3466 621 3556 673 l.r-

1961 726 2121 777 sisset
2171 722 2383 776 talionis
2430 734 2586 789 pinna
2630 716 2849 779 ulcisci,
2892 715 3123 784 aliquem
3155 712 3428 767 exstitisse
3466 710 3555 779 qui

1959 822 2347 885 praeceptorum
2400 812 2533 864 lines
2580 809 2930 873 transilierit,
2980 803 3157 874 adque
3204 801 3555 871 apostolicam

1959 904 2264 973 pervenerit
2284 901 2698 972 philosoiihiam,
2730 913 2891 967 quem
2920 896 3224 950 auditorum
3254 908 3361 946 non
3385 892 3555 945 addu-

1958 1003 2045 1048 cct
2073 995 2131 1047 in
2161 1004 2435 1061 stuporem
2452 993 2474 1043 ’ἶ
2496 1006 2655 1060 quem
2690 989 2735 1043 si
2784 1004 2888 1042 non
2920 987 3210 1047 imitemur,
3242 1000 3347 1037 non
3382 983 3558 1052 privet

1960 1084 2106 1138 omni
2136 1084 2313 1148 venia,
2340 1082 2595 1152 omnique
2628 1079 3013 1135 excusatione?
3041 1077 3146 1131 Sed
3177 1086 3233 1130 ut
3252 1073 3554 1129 accuratius

1960 1176 2076 1244 eius
2117 1175 2366 1228 virtutem
2408 1172 2779 1241 cognocastis,
2828 1168 3109 1224 concedite
3163 1165 3295 1220 mihi
3342 1173 3400 1219 ut
3432 1179 3555 1216 ora-

1964 1267 2163 1321 tionem
2194 1266 2352 1334 paulo
2379 1264 2539 1319 altius
2566 1272 2827 1332 repetam,
2854 1277 2917 1315 ac
2942 1258 3201 1315 beneﬁcia
3224 1272 3557 1313 commemo-

1962 1373 2073 1412 rem
2101 1373 2220 1426 quae
2248 1358 2436 1411 beatus
2469 1356 2556 1409 ille
2582 1355 2662 1409 vir
2692 1355 2743 1409 in
2774 1354 2988 1409 Saiilcm
3017 1352 3262 1407 contulit.
3288 1350 3420 1404 Nam
3450 1364 3555 1403 non

1963 1449 2143 1503 ulcisci
2163 1448 2430 1501 inimicum
2449 1448 2538 1516 qui
2566 1447 2883 1516 simpliciter
2900 1445 3056 1510 laesit,
3083 1460 3188 1498 non
3214 1445 3408 1497 mirqu
3437 1450 3552 1497 est:

1962 1542 2125 1610 atqui
2157 1541 2427 1595 hominem
2474 1554 2501 1592 a
2531 1555 2590 1594 se
2634 1540 2813 1593 multis
2856 1538 3105 1593 aﬁ‘cctum
3138 1537 3434 1598 bent-ficiis,
3462 1536 3557 1590 sed

1962 1631 2050 1700 qui
2084 1646 2181 1700 pro
2227 1629 2518 1685 benefactis
2563 1630 2867 1684 beneﬁcum
2901 1631 3067 1684 semel
3113 1638 3275 1698 atque
3325 1629 3555 1690 iterum,
3624 1640 3627 1643 λ

1964 1720 2073 1776 imo
2095 1721 2400 1790 frequenter
2427 1722 2729 1775 interﬁcere
2753 1731 2979 1776 conatus
3007 1720 3095 1785 sit,
3124 1730 3473 1789 posteaquam
3504 1719 3559 1773 in

1965 1829 2157 1868 manus
2182 1814 2483 1875 incidisset,
2514 1824 2569 1866 ut
2592 1813 2702 1881 jam
2730 1813 2915 1867 limaret
2941 1812 3213 1877 occidere,
3242 1827 3347 1865 non
3382 1811 3555 1880 ipsum

1965 1904 2169 1959 dimisit
2193 1912 2395 1958 tantum
2416 1946 2430 1969 ,
2465 1920 2649 1958 verum
2678 1906 2839 1958 etiam
2859 1919 2923 1958 ex
2951 1904 3178 1957 aliorum
3209 1903 3416 1957 insidiis
3443 1909 3557 1961 eri-

1965 1998 2109 2066 puit;
2143 1996 2440 2065 praesertim
2485 2011 2604 2049 cum
2636 1996 2799 2050 sciret
2834 1995 2981 2050 illum
3026 2004 3145 2065 post
3186 1996 3373 2052 eadem
3402 2001 3559 2054 moli-

1966 2095 2142 2139 turum
2174 2103 2186 2139 :
2217 2085 2343 2156 quid
2367 2086 2411 2141 is
2438 2086 2699 2156 reliquum
2723 2074 2869 2152 fecit,
2902 2085 3044 2156 quod
3060 2086 3415 2143 adsummam
3440 2089 3559 2159 piti—

1964 2175 2261 2245 losophiam
2288 2176 2457 2245 possit
2483 2176 2737 2245 adjungi?

2034 2266 2088 2318 ‘2.
2120 2264 2376 2333 Beneﬁcia
2416 2265 2630 2320 Davidis
2674 2266 2727 2319 in
2769 2265 2998 2321 Saftiem.
3026 2298 3098 2309 —
3128 2268 3332 2335 Quibus
3380 2282 3558 2326 autem

1968 2355 2249 2410 beneﬁciis
2294 2356 2455 2410 David
2510 2356 2749 2412 aiﬁ‘ecerit
2789 2357 3040 2421 Saulcm,
3080 2360 3293 2428 quando
3346 2370 3400 2414 et
3455 2377 3563 2428 quo

1968 2455 2155 2516 pacto,
2191 2448 2372 2516 paucis
2419 2456 2758 2503 enarrantem
2815 2463 2903 2505 me
2952 2451 3231 2506 sustinete.
3281 2453 3415 2507 Cum
3457 2456 3562 2509 ali-

1968 2537 2179 2606 quando
2227 2538 2399 2593 Judaei
2443 2539 2583 2594 bello
2628 2540 2950 2595 difﬁcillimo
2999 2554 3395 2611 premerentur,
3425 2544 3565 2599 adeo

1968 2635 2031 2681 ut
2056 2641 2244 2681 omnes
2282 2643 2477 2699 pavore
2508 2640 2689 2683 essent
2735 2633 3062 2686 consternati
3085 2672 3098 2695 ,
3132 2648 3233 2689 nec
3277 2636 3560 2705 quisquam

1966 2720 2187 2774 auderet
2228 2720 2436 2790 erigere
2476 2730 2634 2791 caput
2657 2762 2671 2787 ,
2696 2723 2788 2777 sed
2820 2724 2873 2778 in
2912 2733 3152 2781 extrema
3173 2726 3562 2796 desperatione

1968 2820 2108 2867 esset
2137 2810 2345 2877 civitas,
2374 2812 2598 2881 singulis
2621 2822 2849 2868 mortem
2879 2829 2991 2884 prae
3014 2817 3187 2871 oculis
3217 2802 3557 2883 habentibus,

1968 2901 2307 2972 quotidieque
2329 2904 2598 2958 interitum
2623 2907 3055 2973 exspectantibus
3078 2909 3305 2973 cunctis,
3325 2919 3379 2963 ut
3400 2912 3559 2966 vitam

1966 3001 2185 3061 agerent
2213 2994 2547 3047 miseriorem
2577 2993 2643 3048 iis
2679 2995 2767 3061 qui
2798 2994 2999 3064 degunt
3038 2997 3091 3049 in
3124 3000 3398 3052 Ietcrrimo
3440 3015 3561 3053 rar-

1966 3096 2124 3147 eere,
2156 3081 2244 3136 hic
2276 3081 2345 3137 ab
2381 3084 2569 3138 ovibus
2597 3084 2821 3139 veniens
2862 3084 2929 3139 ad
2954 3087 3249 3142 exercitum
3269 3129 3284 3153 ,
3317 3103 3436 3143 cum
3466 3108 3561 3159 per

1967 3181 2177 3227 aetatem
2206 3187 2305 3227 nec
2330 3182 2504 3229 artem
2520 3174 2747 3229 bellandi
2774 3176 2971 3232 callere
2997 3188 3198 3247 posset,
3228 3194 3291 3235 ac
3319 3180 3563 3237 laborum

1969 3260 2281 3319 militarium
2324 3262 2472 3317 rudis
2516 3272 2692 3327 esset.
2719 3266 2833 3336 ipse
2860 3282 2960 3338 pro
2991 3268 3252 3327 universis
3280 3272 3475 3327 bellum
3508 3274 3564 3329 iu

1966 3367 2027 3407 se
2050 3355 2295 3424 recepit,
2321 3368 2385 3409 ac
2411 3352 2640 3411 feliciter
2664 3372 2779 3412 rem
2825 3361 3013 3429 gessit,
3044 3376 3206 3431 supra
3226 3379 3386 3432 quam
3416 3366 3562 3433 quis-

1968 3443 2427 3521 piampsperasset.
2455 3448 2787 3519 Quamquam
2824 3451 2984 3507 etiam
3017 3451 3063 3507 si
3087 3451 3275 3509 virtuti
3307 3455 3567 3513 defuisset

1968 3545 2217 3601 eventus,
2237 3545 2413 3593 tamen
2435 3538 2504 3593 ob
2533 3538 2701 3594 solam
2724 3540 2888 3596 animi
2918 3544 3389 3614 promptitudinem
3413 3564 3567 3617 egre-

1966 3626 2218 3696 giumque
2242 3629 2572 3700 propositum
2611 3631 2952 3688 coronandus
2987 3643 3123 3688 erat.
3165 3636 3281 3691 Jam
3312 3639 3357 3692 si
3384 3639 3503 3706 quis
3534 3656 3565 3694 e

1968 3733 2191 3773 numero
2220 3718 2448 3775 militum
2473 3729 2630 3775 actate
2651 3721 2835 3791 vigens
2851 3720 3063 3779 facinus
3085 3725 3185 3780 hoc
3206 3727 3565 3799 designasset,
3658 3778 3661 3785 ι

1969 3808 2099 3862 nihil
2143 3808 2330 3865 fuisset
2376 3810 2605 3878 mirum,
2629 3811 2879 3867 videlicet
2925 3813 2979 3868 id
3010 3817 3311 3885 postulante
3348 3819 3570 3873 militari

1968 3899 2105 3969 lege.
2156 3901 2226 3954 At
2276 3899 2363 3955 hic
2410 3903 2500 3973 qui
2546 3902 2747 3958 nullam
2787 3905 3002 3961 videbat
3048 3910 3421 3966 necessitatem
3462 3912 3568 3968 hue

1970 3992 2314 4061 adigentem»,
2368 4008 2431 4048 ac
2455 3995 2653 4050 multos
2690 3996 2851 4051 etiam
2900 3996 3128 4053 habebat
3171 3999 3565 4064 dehortantes:

1943 4098 2095 4152 nam
2124 4092 2179 4138 et
2217 4082 2383 4138 frater
2406 4084 2556 4139 illum
2590 4086 2886 4156 increpavit
2906 4127 2923 4153 ,
2946 4098 2999 4143 et
3025 4105 3120 4145 rex
3151 4092 3479 4160 ρει-διιὶείοω
3510 4096 3571 4148 il-

1972 4175 2082 4229 lum
2110 4174 2345 4228 nondum
2375 4184 2533 4230 artate
2561 4187 2855 4242 maturum,
2873 4193 2936 4233 ac
2956 4182 3208 4249 periculis
3238 4184 3571 4253 perferendis

1972 4263 2262 4320 inhabilem
2305 4264 2584 4334 cohibuit,
2616 4281 2678 4322 ac
2707 4282 2925 4329 manere
2960 4269 3159 4340 jussit,
3187 4270 3371 4328 dicens
3400 4290 3415 4327 :
3448 4272 3570 4329 Non

1976 4355 2162 4423 poteris
2184 4354 2258 4408 ire
2278 4395 2294 4421 ,
2324 4356 2564 4423 quoniam
2605 4372 2732 4425 puer
2758 4374 2814 4414 es
2839 4372 2862 4414 .'
2885 4357 2975 4413 ille
2999 4375 3116 4414 vero
3154 4363 3230 4415 vir
3256 4372 3329 4417 est
3360 4362 3572 4419 bellator

1973 4445 2036 4499 ab
2078 4445 2415 4499 adolescentia
2464 4462 2559 4500 sua
2586 4448 2664 4516 (1.
2698 4447 2826 4518 Reg.
2874 4450 2965 4504 17.
3008 4452 3102 4522 35)
3134 4471 3149 4507 :
3180 4462 3417 4509 attamen
3443 4471 3573 4511 cum

1974 4538 2120 4592 nulla
2164 4537 2316 4593 illum
2360 4547 2675 4607 prevocarct
2697 4542 2932 4609 occasio,
2969 4555 3158 4613 suapte
3182 4558 3379 4615 sponte
3420 4558 3475 4604 et
3503 4566 3569 4604 ex

1975 4642 2097 4689 sese
2132 4628 2313 4683 divino
2353 4643 2615 4687 accensus
2660 4631 2778 4685 zelo
2802 4672 2817 4697 ,
2845 4632 3137 4703 patriaeque
3173 4637 3573 4707 caritato,,pep-

1979 4724 2100 4780 inde
2150 4724 2301 4795 quasi
2358 4739 2487 4780 oves
2541 4735 2789 4781 cerneret
2842 4726 3022 4782 verius
3070 4745 3243 4799 quam
3280 4729 3528 4789 homines
3554 4774 3570 4798 ,

1976 4824 2032 4872 et
2072 4816 2222 4885 quasi
2267 4831 2429 4871 canes
2456 4815 2741 4875 invasurus
2766 4826 2909 4873 esset
2934 4819 3123 4889 potius.
3147 4836 3307 4889 quam
3336 4830 3446 4878 tam
3460 4840 3571 4878 nuu-

1978 4921 2248 4961 morosum
2304 4906 2579 4962 hominum
2626 4908 2960 4974 exercitum,
3017 4909 3153 4965 adeo
3196 4911 3457 4983 intrepide
3504 4916 3575 4971 ad

1978 5000 2235 5054 barbaros
2252 4998 2492 5054 cucurrit
2521 5016 2537 5054 :
2567 4999 2725 5069 idque
2770 5002 3025 5072 temporis
3070 5012 3439 5081 tantamerga
3480 5023 3570 5064 re-

1978 5106 2099 5160 gem
2147 5090 2563 5146 sollicitudinem
2615 5090 2943 5157 declaravit,
2976 5103 3034 5149 ut
3073 5094 3220 5150 illum
3258 5099 3419 5153 etiam
3448 5108 3577 5155 ante

1981 5180 2222 5250 praclium
2234 5195 2297 5235 ac
2311 5180 2586 5235 victoriam
2604 5182 2655 5235 in
2673 5182 2860 5239 faciem
2876 5194 3204 5254 prostratum
3221 5188 3577 5245 erexerit.Ne-

1981 5291 2086 5345 que
2107 5274 2248 5329 enim
2266 5274 2419 5330 factis
2430 5273 2592 5329 modo
2602 5275 2740 5345 juvit
2756 5264 2927 5344 illum,
2945 5277 3039 5332 sed
3053 5287 3178 5333 ante
3198 5278 3393 5334 factum
3411 5282 3576 5339 etiam

1982 5369 2169 5425 verbis
2185 5368 2425 5423 hortatus
2450 5380 2533 5424 est
2558 5368 2701 5424 bono
2719 5370 2901 5424 animo
2930 5378 2989 5425 ut
3016 5381 3184 5437 esset,
3202 5386 3266 5427 ac
3286 5375 3577 5441 persuasit,

1983 5468 2147 5529 utque
2176 5458 2243 5514 de
2282 5468 2479 5515 eventu
2525 5459 2722 5515 bonam
2751 5461 3063 5530 conciperet
3085 5478 3267 5533 spem,
3297 5464 3476 5520 eﬁ’ccit
3507 5466 3579 5521 ita

1986 5549 2210 5618 loquens
2241 5565 2254 5601 :
2287 5546 2369 5602 Ne
2392 5548 2624 5602 concidat
2650 5566 2739 5603 cor
2762 5550 2960 5605 domini
2981 5553 3079 5606 mei
3104 5553 3159 5606 in
3184 5554 3315 5621 ipso,
3342 5554 3584 5624 quoniam

1984 5655 2154 5693 servus
2182 5649 2295 5691 tuus
2320 5639 2443 5705 ibit,
2474 5640 2813 5709 pugnabilquc
2838 5657 2954 5694 cum
2977 5641 3259 5713 alienigena
3290 5642 3383 5695 hoc
3417 5641 3467 5711 (1
3476 5642 3581 5697 bid.

1988 5743 2033 5781 υ.
2061 5727 2177 5799 32).
2212 5729 2405 5796 Quwso
2431 5769 2446 5799 ,
2476 5744 2605 5785 num
2635 5730 2738 5786 hoc
2785 5744 3007 5801 parvum
3046 5731 3274 5798 videtur,
3304 5730 3449 5787 nulla
3486 5746 3584 5789 ns-
