4178 6330
636 409 742 467 679

625 526 878 573 cessitate
916 513 1244 580 compulsum
1269 546 1284 572 ,
1315 521 1466 560 suam
1489 508 1655 576 ipsius
1669 505 1837 558 vitam
1865 500 2091 571 prodere
2115 539 2130 562 ,
2162 506 2218 551 et

631 613 689 667 in
724 617 908 668 eorum
937 599 1212 660 utilitatem
1241 611 1272 650 a
1293 595 1485 666 quibus
1514 593 1643 648 nihil
1661 604 1908 660 umquam
1935 597 2216 654 accepant

630 689 875 750 benelicii
898 730 916 756 ,
947 688 1000 742 in
1024 688 1229 744 medios
1254 685 1656 740 hostesirruere
1672 683 1698 736 2
1720 683 1911 735 Annon
1942 695 2038 750 par
2063 686 2180 734 erat
2197 717 2213 741 ,

633 782 775 842 hunc
809 787 930 850 post
968 777 1073 833 tale
1097 774 1308 830 facinus
1327 781 1515 828 ornato
1545 769 1698 825 titulo
1717 769 1920 824 domini
1949 766 2215 822 columnis

637 871 918 941 inscripto,
944 877 1000 924 et
1029 867 1291 939 publicum
1309 863 1540 918 civitatis
1565 870 1894 918 servatorem
1918 859 2211 930 appellare,

633 966 724 1034 qui
761 973 816 1019 et
843 961 990 1032 regni
1039 960 1219 1023 dccus,
1248 965 1304 1012 et
1329 956 1598 1010 civitatum
1624 951 1989 1015 fundamenta,
2016 959 2071 1005 et
2093 963 2216 1004 om-

635 1055 781 1108 nium
812 1053 971 1106 vitam
997 1048 1287 1118 opitulante
1311 1045 1405 1101 Dei
1433 1045 1600 1115 gratia
1625 1042 1890 1098 servarit?
1916 1040 2070 1108 Quod
2097 1054 2216 1096 esse

635 1148 842 1211 poterat
867 1138 1011 1193 aliud
1059 1136 1373 1193 beneﬁcium
1397 1135 1501 1189 hoc
1529 1131 1741 1202 majus?
1766 1131 1950 1200 Neque
1974 1131 2118 1186 enim
2159 1131 2218 1184 in

635 1232 858 1301 gloriam
885 1238 974 1283 aut
993 1227 1284 1297 potentiam
1303 1267 1322 1295 ,
1350 1224 1446 1280 sed
1473 1225 1523 1278 in
1550 1223 1718 1292 ipsam
1744 1222 1909 1292 ipsius
1937 1221 2097 1274 vitam
2126 1219 2214 1274 be-

638 1319 882 1376 neficium
909 1317 1012 1372 hoc
1033 1316 1289 1380 contulit,
1324 1314 1464 1370 etab
1494 1313 1624 1384 ipsis
1653 1312 1842 1368 mortis
1869 1311 2035 1382 portis
2054 1323 2214 1368 revo-

633 1412 775 1466 cavit
805 1427 819 1464 :
852 1410 1028 1479 itaque
1053 1408 1099 1463 si
1124 1407 1409 1462 humanum
1430 1405 1643 1476 quidem
1664 1403 1956 1459 subsidium
1981 1411 2213 1472 spectes,

637 1502 778 1556 illius
811 1499 1072 1568 beneﬁcio
1093 1497 1292 1552 deinde
1316 1495 1442 1549 visit
1463 1509 1553 1550 rex
1573 1534 1588 1560 ,
1615 1507 1678 1548 ac
1701 1493 2046 1563 principatum
2095 1506 2212 1547 ser-

639 1593 805 1647 vavit.
838 1589 902 1644 Et
931 1598 1109 1658 pestes
1134 1629 1149 1653 ,
1176 1600 1335 1658 quam
1366 1586 1438 1642 illi
1467 1586 1700 1655 reposuit
1723 1584 1983 1656 gratiam?
2018 1583 2149 1639 Nam
2171 1584 2218 1641 si

637 1682 757 1750 quis
799 1677 1091 1750 perpendat
1131 1676 1384 1747 przeclare
1422 1686 1694 1746 gestorum
1751 1673 2164 1744 magnitudinem
2194 1713 2211 1739 ,

637 1771 845 1827 etiamsi
869 1786 959 1826 rex
997 1785 1027 1824 a
1066 1770 1367 1840 suo‘eapite
1413 1769 1702 1824 detractam
1729 1781 1979 1823 coronam
2006 1765 2217 1820 Davidis

635 1861 794 1932 capiti
833 1861 1202 1931 imposuisset,
1241 1874 1528 1929 numquam
1579 1873 1756 1927 parem
1798 1857 2064 1912 retulisset
2096 1870 2217 1926 gra-

638 1951 786 2014 tiam,
815 1949 906 2005 scd
932 1949 1243 2018 ampliorem
1265 1949 1554 2003 debuisset.
1582 1948 1678 2002 llic
1715 1947 1856 2002 enim
1893 1955 1949 2002 et
1978 1948 2135 2001 vitam
2162 1955 2219 2002 et

637 2055 861 2110 regnum
901 2039 977 2094 illi
1013 2038 1272 2106 donavit,
1304 2039 1391 2093 ille
1433 2053 1558 2092 vero
1601 2037 1724 2091 huic
1768 2051 1985 2106 regnum
2013 2045 2218 2090 tantum

637 2141 755 2189 erat
801 2146 1068 2187 cessurus.
1109 2129 1486 2185 Verumtamen
1539 2127 1936 2182 consideremus
1999 2126 2218 2184 relatam

639 2239 740 2294 pro
805 2221 1096 2278 benefactis
1154 2221 1398 2290 gratiam.
1461 2220 1590 2286 Qua:
1659 2219 1870 2274 tandem
1925 2228 2040 2273 erat
2092 2217 2222 2272 illa?

641 2317 718 2370 De
741 2322 934 2369 celero
956 2322 1012 2367 et
1037 2311 1107 2366 ab
1145 2311 1232 2365 illo
1257 2311 1344 2365 die
1383 2319 1683 2379 suijectum
1723 2309 1906 2364 habuit
1941 2308 2102 2364 David
2123 2350 2137 2374 ,
2167 2316 2222 2363 et

641 2406 711 2460 ah
747 2404 837 2458 illo
883 2402 1070 2458 metuit
1117 2400 1238 2457 sibi.
1274 2399 1382 2454 Cur
1409 2409 1463 2454 et
1497 2414 1652 2470 quam
1695 2399 1764 2454 ob
1809 2399 2062 2455 causam?
2088 2397 2219 2453 Nam

640 2506 696 2552 et
769 2493 1086 2563 suspicionis
1151 2505 1308 2547 causa
1369 2491 1830 2546 commemoranda
1886 2499 1986 2546 est.
2039 2489 2222 2560 Neque

637 2585 782 2640 enim
804 2581 1058 2653 quidquid
1088 2581 1274 2651 aliquis
1294 2580 1504 2643 dixerit,
1530 2578 1670 2634 idem
1694 2594 1812 2634 esse
1836 2581 2040 2649 justum
2068 2579 2219 2634 afﬁr-

641 2675 823 2731 mabit.
854 2673 986 2729 Nam
1010 2687 1131 2743 erga
1161 2687 1281 2727 eum
1300 2673 1390 2741 qui
1421 2670 1650 2726 animam
1675 2671 1953 2740 impendit,
1976 2679 2030 2726 et
2059 2671 2222 2725 vitam

637 2766 822 2833 dedit,
852 2781 970 2836 qua:
998 2772 1202 2835 poterat
1223 2777 1341 2817 esse
1364 2763 1504 2831 μείω
1543 2760 1860 2831 suspicionis
1888 2760 2088 2816 causa?
2117 2761 2222 2816 Sed

640 2870 818 2914 tamen
855 2857 1024 2926 ipsam
1050 2854 1338 2909 inimicitiae
1363 2862 1580 2906 causam
1609 2850 1951 2920 inspiciamus
1972 2890 1987 2916 ,
2020 2859 2078 2904 ut
2121 2850 2224 2904 ali-

638 2947 767 3019 quid
818 2945 1069 3008 discatis,
1109 2942 1250 3015 quod
1303 2955 1402 2997 nec
1445 2941 1555 3010 ipsa
1597 2939 1817 2995 victoria
1853 2940 1922 2995 sit
1959 2939 2177 2996 inferius
2205 2956 2226 2994 :

638 3037 887 3108 quodque
915 3035 1078 3091 David
1117 3035 1191 3090 sit
1216 3034 1419 3088 honore
1442 3031 1634 3102 dignus
1659 3029 1728 3085 ob
1753 3045 1814 3086 ea
1843 3030 1976 3101 ipsa,
2004 3039 2223 3101 propter

640 3147 761 3201 qua:
783 3129 1036 3197 deinceps
1059 3126 1205 3182 venit
1227 3125 1280 3180 in
1305 3123 1661 3194 suspicionem
1687 3165 1703 3189 .
1732 3123 1939 3179 insidiis
1962 3125 2227 3195 appetitus

643 3230 744 3277 est.
794 3219 924 3289 Quae
970 3218 1130 3288 igitur
1169 3223 1287 3272 erat
1332 3213 1651 3284 suspicionis
1700 3213 1899 3270 causa?
1941 3214 2226 3284 Postquam

648 3312 859 3367 barbari
890 3311 1031 3364 illius
1051 3315 1211 3379 caput
1246 3306 1488 3373 abstulit,
1509 3315 1565 3360 et
1591 3305 1760 3376 spolia
1784 3313 1998 3377 gestans
2023 3307 2180 3362 rediit
2209 3323 2224 3366 :

646 3401 934 3465 Exierunt,
965 3397 1166 3469 inquit,
1197 3397 1430 3451 ntuiieres
1454 3404 1686 3450 canentes
1709 3411 1768 3449 ac
1807 3395 2072 3466 dicentes:
2103 3396 2228 3452 Per-

645 3493 798 3548 cussit
825 3490 954 3547 Sail
975 3490 1030 3545 in
1054 3489 1274 3544 millibus
1322 3489 1426 3544 suis
1441 3529 1456 3555 ,
1479 3496 1527 3542 et
1544 3487 1710 3542 David
1743 3489 1796 3542 in
1823 3489 1990 3542 decem
2011 3489 2230 3544 millibus

645 3583 771 3636 suis.
799 3579 862 3655 Et
881 3583 1042 3635 iratus
1061 3588 1133 3634 est
1159 3576 1312 3645 Sail,
1334 3585 1682 3649 etsuspectum
1707 3577 1882 3632 habuit
1905 3577 2071 3633 David
2091 3579 2154 3634 ab
2171 3596 2229 3634 eo

645 3672 728 3726 die
750 3689 811 3726 ae
835 3671 1068 3742 deinceps
1091 3671 1171 3741 (l.
1204 3668 1332 3742 Reg.
1357 3669 1443 3724 l8.
1473 3668 1626 3740 6—9).
1657 3668 1820 3739 Cujus
1865 3670 2091 3726 obsecro
2111 3713 2125 3738 ,
2152 3669 2230 3726 rel

647 3762 842 3832 gratia?
867 3761 1089 3817 Etiamsi
1130 3760 1248 3815 haec
1293 3768 1495 3831 prater
1518 3759 1765 3816 meritum
1797 3761 2027 3818 fuissent
2051 3763 2189 3817 dicta
2211 3805 2228 3829 ,

649 3867 718 3908 ne
745 3852 821 3908 sic
836 3852 1048 3922 quidem
1069 3850 1346 3920 oportebat
1376 3850 1625 3906 hostilem
1668 3851 1720 3904 in
1763 3850 2016 3906 Davidem
2043 3867 2233 3921 gerere

648 3944 885 4000 animum
916 3961 930 3999 :
956 3941 1050 3998 sed
1073 3949 1347 4012 postquam
1368 3955 1435 3997 ex
1471 3941 1629 4002 rebus
1665 3941 1830 4012 gestis
1857 3941 1995 3996 illius
2019 3957 2143 4012 erga
2175 3957 2234 3998 se

649 4033 1071 4091 benevolentiam
1097 4031 1328 4087 habebat
1352 4039 1680 4102 compertam
1701 4071 1717 4098 ,
1747 4032 1944 4102 quippe
1972 4033 2060 4101 qui
2086 4032 2232 4087 nullo

650 4134 874 4198 cogente
915 4133 1006 4181 aut
1038 4124 1426 4194 compellente,
1465 4131 1653 4193 suapte
1697 4123 2068 4180 benevolentia
2119 4133 2235 4178 tan-

654 4230 767 4276 tum
812 4219 1043 4274 subisset
1090 4217 1446 4282 discriminis,
1495 4207 1617 4271 non
1651 4216 1932 4285 oportebat
1981 4215 2235 4285 deinceps

654 4309 942 4382 quidquam
986 4308 1055 4364 de
1094 4308 1189 4364 illo
1233 4293 1490 4378 suspicari
1538 4305 1683 4360 mali.
1713 4304 1862 4360 Nunc
1909 4315 2082 4360 autem
2117 4306 2237 4374 jure

655 4401 842 4458 laudes
872 4399 1279 4471 proferebantur
1303 4414 1317 4464 ;
1348 4405 1403 4454 et
1427 4397 1474 4453 si
1516 4395 1597 4452 fas
1625 4405 1707 4451 est
1729 4409 1850 4450 vera
1877 4395 2153 4465 proloqui,
2183 4395 2236 4449 in

656 4495 835 4552 Saulis
854 4493 1080 4565 gratiam
1103 4493 1190 4547 illa
1206 4492 1345 4546 dicta
1371 4498 1495 4544 sunt
1521 4489 1716 4560 potius,
1736 4503 1894 4558 quam
1917 4486 1970 4541 in
2005 4487 2238 4554 Davidis;

659 4587 890 4644 debebat
934 4594 1110 4641 autem
1153 4584 1284 4638 satis
1330 4581 1565 4645 habere,
1617 4579 1756 4651 quod
1802 4579 1876 4635 illi
1930 4578 2242 4635 tribuissent

661 4678 831 4732 mille.
862 4673 969 4730 Cur
994 4675 1154 4744 igitur
1178 4673 1479 4742 indignatus
1503 4679 1614 4735 est,
1645 4671 1785 4741 quod
1824 4670 2008 4726 Davidi
2036 4671 2238 4726 tribue-

660 4771 769 4826 rint
795 4768 978 4823 decem
999 4765 1196 4821 millia?
1218 4763 1424 4818 Etenim
1445 4763 1490 4817 si
1519 4776 1610 4816 rex
1631 4762 1694 4816 ad
1725 4762 1919 4818 bellum
1949 4761 2240 4818 finiendum

661 4861 743 4916 vel
772 4859 1040 4930 paululum
1063 4855 1262 4926 aliquid
1291 4852 1546 4909 momenti
1567 4854 1909 4919 contulisset,
1945 4863 2088 4910 recte
2129 4864 2239 4909 tum

662 4951 862 5022 dictum
887 4949 1091 5014 fdisset,
1119 4945 1250 5002 Sail
1273 4945 1327 4998 in
1346 4942 1566 4998 millibus
1583 4984 1597 5006 ,
1620 4940 1790 4997 David
1821 4943 1875 4996 in
1895 4944 2066 4998 decem
2091 4945 2244 4998 milli-

664 5043 776 5096 bus.
807 5040 960 5108 Quod
1011 5039 1056 5094 si
1095 5039 1210 5109 ipse
1246 5035 1459 5106 quidem
1492 5035 1712 5106 pavidus
1749 5051 1812 5091 ac
1843 5045 2077 5092 tremens
2099 5038 2245 5094 domi

667 5131 908 5196 desedit,
943 5130 996 5184 in
1021 5127 1261 5199 singulos
1285 5125 1398 5181 dies
1420 5134 1642 5181 mortem
1665 5136 2010 5196 exspectans.
2039 5127 2127 5183 hic
2147 5144 2243 5183 au-

666 5233 774 5279 tem
797 5233 964 5277 totum
1006 5219 1212 5276 facinus
1253 5217 1497 5289 peregit:
1528 5232 1704 5272 annon
1747 5219 2036 5274 absurdum
2087 5227 2242 5283 erat,

663 5328 784 5368 eum
797 5311 887 5383 qui
914 5311 1048 5367 nihil
1072 5310 1138 5366 ad
1159 5308 1468 5380 depellenda
1494 5307 1723 5377 pericula
1744 5311 2045 5366 contulerat
2061 5352 2076 5378 ,
2100 5311 2168 5365 ob
2190 5311 2244 5366 id

667 5387 948 5475 indignari,
973 5401 1115 5472 quod
1139 5416 1244 5457 non
1269 5401 1388 5470 plus
1414 5399 1586 5455 laudis
1617 5399 1862 5455 tulisset?
1885 5400 2015 5456 Nam
2044 5401 2089 5455 si
2116 5401 2245 5456 indi-

663 5493 932 5566 gnandum
952 5502 1087 5558 erat,
1116 5490 1366 5547 Davidetn
1395 5492 1568 5562 potius
1587 5490 1938 5546 conveniebat
1953 5490 2243 5562 indignari,

665 5584 808 5660 quod
854 5598 975 5640 cum
1021 5583 1167 5639 solus
1219 5591 1385 5638 totum
1422 5581 1701 5654 gessisset,
1751 5581 1978 5638 alterum
2022 5582 2244 5640 haberet

665 5675 842 5733 laudis
860 5673 1189 5745 participem.

735 5766 793 5821 ὃ.
829 5763 934 5822 Sed
963 5764 1152 5824 horum
1179 5761 1308 5820 nihil
1335 5761 1698 5820 dicozverum
1720 5763 1850 5820 illud
1873 5763 2101 5822 dixerim
2139 5785 2151 5822 :
2186 5777 2245 5824 ut

1386 399 1444 455 8.
1473 395 1754 454 JOANNIS
1783 387 2260 449 CHRYSOSTOII
2296 386 2613 443 ARCBIEP.
2641 387 3177 447 CONSTANTINOP.

3797 396 3912 454 680

2325 496 2586 555 donemus
2611 516 2716 556 non
2744 511 2888 557 recte
2909 501 3099 558 fecisse
3120 503 3391 570 mulieres,
3411 517 3610 576 easque
3627 503 3791 564 fuisse
3805 509 3921 563 cri-

2323 588 2452 642 mini
2479 589 2757 656 obnoxius,
2802 601 2856 646 et
2883 593 3223 649 accusatione
3245 593 3455 664 dignas,
3500 595 3628 663 quid
3682 594 3796 653 hac
3843 598 3921 650 ad

2323 676 2611 732 Davidem?
2648 678 2830 750 Neque
2854 683 2996 737 enim
3028 683 3143 753 ipse
3170 693 3546 752 composuerat
3572 687 3873 741 cantionem
3896 721 3921 754 ,

2323 769 2617 838 nequeillis
2637 779 2898 837 suaserat,
2934 781 2992 826 ut
3021 771 3263 827 dicerent
3286 787 3406 842 quae
3434 773 3703 841 dicebant,
3737 789 3920 846 neque

2322 857 2602 913 adamarat
2635 860 2784 914 illum
2821 861 3141 917 laudationis
3171 863 3409 918 modum.
3438 863 3671 920 Proinde
3698 864 3917 920 etiamsi

2323 947 2702 1018 indignandum
2730 961 2866 1019 erat,
2890 954 3198 1009 mulieribus
3223 957 3462 1025 Oportuit
3491 956 3772 1027 indignari.
3801 971 3920 1013 non

2323 1036 2394 1093 de
2419 1040 2579 1093 civite
2607 1041 2958 1106 benetnerito,
2991 1053 3045 1099 et
3085 1044 3306 1100 inﬁnitis
3351 1044 3516 1116 digno
3545 1049 3780 1102 coronis.
3839 1049 3915 1102 At

2318 1129 2446 1188 Sani
2474 1133 2688 1188 omissis
2708 1135 2816 1189 illis
2847 1136 2899 1190 in
2927 1137 3090 1192 David
3118 1138 3464 1193 irascebatur.
3489 1137 3608 1194 lam
3628 1139 3674 1194 si
3699 1154 3762 1194 ea
3791 1140 3919 1194 lau-

2318 1222 2388 1278 de
2414 1223 2659 1279 subiatus
2683 1223 2771 1280 ille
2791 1226 2978 1282 beatus
3004 1227 3280 1283 invidisset
3307 1243 3487 1284 rerum
3505 1229 3743 1298 potienti,
3776 1227 3926 1284 fuis-

2319 1323 2506 1384 setque
2547 1313 2648 1385 ipsi
2672 1318 3111 1380 contumeliosus,
3155 1325 3210 1372 et
3237 1327 3557 1387 aspernatus
3584 1317 3771 1374 fuisset
3794 1317 3920 1388 ejus

2321 1403 2641 1473 imperium,
2690 1405 2914 1460 forsitan
2959 1407 3132 1476 aliqua
3163 1405 3350 1460 fuisset
3397 1407 3663 1461 invidendi
3701 1422 3862 1462 causa
3896 1418 3918 1463 :

2319 1500 2374 1548 at
2401 1495 2447 1549 si
2477 1494 2648 1549 factus
2669 1493 2766 1550 fuit
2793 1495 3075 1550 humanior
3098 1511 3163 1552 ac
3186 1497 3481 1574 modestior
3502 1537 3520 1564 ,
3551 1497 3595 1552 si
3625 1499 3679 1552 in
3725 1497 3919 1552 subdi-

2322 1593 2495 1639 torum
2523 1586 2712 1641 ordine
2757 1602 2818 1642 se
2843 1587 3145 1654 continuit,
3201 1602 3322 1658 quae
3360 1587 3573 1643 tandem
3613 1598 3730 1643 erat
3765 1589 3918 1657 just:-

2319 1673 2536 1730 dolendi
2564 1690 2724 1731 causa
2745 1675 2772 1730 ἳ
2797 1675 3067 1747 Siquidem
3089 1692 3210 1733 cum
3240 1679 3285 1732 is
3307 1678 3395 1748 qui
3425 1680 3630 1734 honore
3655 1681 3913 1745 allicitur,

2319 1766 2578 1822 attollitur
2592 1768 2845 1824 adversus
2863 1783 2984 1825 eum
3000 1784 3033 1824 a
3047 1785 3154 1842 quo
3175 1780 3456 1842 provectus
3475 1779 3578 1838 est,
3597 1786 3695 1826 nec
3715 1771 3919 1826 desinit

2317 1858 2372 1913 in
2389 1859 2528 1914 illius
2547 1868 2907 1930 contemptura
2924 1860 3303 1926 honoreabuti,
3329 1861 3487 1917 habet
3504 1862 3657 1916 dolor
3682 1862 3921 1917 nonnul-

2317 1949 2420 2005 lam
2439 1951 2830 2007 excusationem
2852 1970 2866 2006 :
2887 1961 3138 2008 caeterum
3157 1952 3244 2008 ubi
3268 1953 3502 2022 persistit
3518 1953 3570 2007 in
3596 1952 3927 2008 honorando

2319 2041 2465 2096 illum
2491 2081 2506 2108 ,
2539 2049 2631 2096 aut
2657 2043 2832 2111 potius
2859 2043 3028 2112 magis
3056 2043 3385 2113 obsequitur,
3413 2043 3658 2112 ceditque
3701 2042 3751 2096 in
3789 2057 3914 2096 om-

2323 2133 2498 2197 nibus,
2524 2148 2681 2202 quem
2706 2143 2885 2203 postea
2909 2142 3084 2202 potest
3100 2133 3296 2189 habere
3323 2143 3643 2203 praetextum
3671 2133 3862 2187 invidia
3889 2133 3920 2186 τ

2393 2222 2516 2276 Non
2544 2221 2752 2289 e/I'erlur
2769 2221 2935 2277 David
2951 2224 3012 2277 ob
3035 2239 3329 2294 prosperum
3349 2221 3920 2290 successum—Itaque

2321 2312 2528 2366 etiamsi
2571 2311 2700 2364 nihil
2727 2311 2871 2366 aliud
2909 2312 3162 2380 praeclare
3184 2319 3393 2382 gestum
3421 2311 3642 2378 fuisset,
3693 2312 3762 2366 ob
3807 2311 3922 2366 hoc

2321 2401 2492 2470 ipsum
2526 2411 2701 2455 tamen
2729 2401 2894 2471 magis
2921 2409 3038 2455 erat
3055 2400 3371 2471 diligendus,
3401 2400 3541 2470 quod
3563 2415 3683 2456 cum
3710 2409 3917 2455 tantam

2321 2500 2510 2546 nactus
2537 2501 2680 2546 esset
2703 2491 3042 2546 occasionem
3072 2490 3367 2560 occupandi
3393 2491 3564 2560 regni,
3618 2490 3920 2560 perstiterit

2323 2583 2376 2637 in
2403 2597 2500 2638 sua
2529 2581 2809 2637 modestia.
2837 2581 3022 2652 Neque
3068 2583 3210 2637 cnim
3239 2597 3360 2652 qua:
3388 2582 3536 2651 prius
3583 2589 3734 2651 gesta
3782 2591 3914 2635 sunt

2323 2681 2550 2738 tantum,
2575 2687 2762 2728 verum
2792 2687 2890 2728 nec
2913 2687 2976 2729 ea
3004 2687 3122 2743 quae
3150 2682 3472 2743 consequuta
3498 2681 3646 2736 sunt.
3672 2673 3926 2742 superio-

2323 2762 2474 2818 ribus
2495 2762 2602 2818 iiiis
2623 2763 2794 2818 multo
2818 2763 3174 2834 praeclariora,
3198 2763 3532 2834 sustulerunt
3573 2763 3649 2816 illi
3679 2763 3915 2816 animos.

2324 2851 2453 2920 Quae
2481 2852 2694 2908 tandem
2727 2853 2854 2907 illa?
2878 2851 3027 2918 Erat,
3059 2854 3250 2922 inquit,
3279 2852 3446 2907 David
3466 2853 3687 2922 prudens
3712 2853 3767 2906 in
3805 2869 3920 2906 oin-

2325 2941 2469 2996 nibus
2494 2941 2586 2996 viis
2606 2943 2732 3006 suis,
2752 2950 2799 2996 et
2827 2940 3080 2996 Dominus
3093 2942 3407 3011 omnipotens
3423 2951 3531 2994 erat
3557 2956 3670 2994 cum
3695 2957 3775 3009 eo,
3801 2943 3924 2995 uni-

2326 3049 2597 3104 versusque
2624 3032 2651 3086 1
2661 3033 2795 3088 sracl
2816 3043 2864 3088 et
2898 3032 3039 3088 Iuda
3069 3033 3307 3104 diligebat
3330 3031 3520 3099 David,
3542 3033 3795 3103 quoniam
3811 3035 3923 3103 ipse

2328 3123 2700 3196 ingrediebatur
2740 3133 2787 3179 et
2815 3123 3158 3196 egrediebatur
3197 3133 3315 3177 ante
3350 3132 3668 3192 conspectum
3709 3124 3919 3192 populi.

2329 3214 2399 3269 Et
2416 3215 2640 3270 Meleltol
2657 3215 2767 3284 ﬁlia
2784 3215 2934 3283 Sail,
2952 3224 3007 3270 et
3022 3215 3299 3271 universus
3315 3213 3474 3268 lsraei
3492 3211 3732 3282 diligebat
3747 3213 3920 3267 illum.

2331 3305 2400 3361 Et
2418 3307 2642 3378 sapiebat
2657 3323 2816 3378 supra
2837 3322 3009 3361 omnes
3024 3322 3193 3360 servos
3215 3305 3369 3368 Sail;
3387 3312 3433 3358 et
3457 3301 3801 3357 honorabatur
3823 3319 3922 3356 no-

2329 3415 2442 3454 men
2464 3401 2602 3455 illius
2625 3397 2860 3470 valde(l.
2883 3397 3008 3467 Reg.
3029 3397 3116 3453 18.
3138 3396 3320 3452 ltili.
3340 3395 3430 3451 ΞΟ.
3451 3393 3561 3465 50).
3585 3393 3649 3446 Et
3664 3391 3924 3447 ionatltas

2330 3491 2468 3560 ﬁlius
2494 3490 2624 3546 Saﬂl
2651 3489 2889 3562 diligebat
2919 3488 3082 3544 David
3102 3488 3412 3543 vehementer
3439 3486 3520 3557 (l.
3548 3483 3672 3557 Reg.
3708 3483 3797 3540 18.
3831 3484 3918 3556 2).

2331 3581 2708 3637 Verumtamen
2737 3595 2859 3636 eum
2889 3582 3196 3636 universum
3224 3579 3480 3649 populum
3505 3592 3570 3631 ac
3597 3575 3738 3648 regis
3762 3574 3923 3629 fami-

2333 3671 2459 3727 liam
2505 3672 2606 3727 sibi
2638 3672 2974 3727 conciliatam
3003 3671 3245 3738 haberet,
3275 3684 3397 3725 cum
3439 3667 3637 3738 ubique
3671 3671 3724 3722 in
3765 3665 3925 3722 bellis

2333 3767 2590 3832 vinceret,
2616 3777 2715 3820 nec
2739 3778 2988 3833 umquam
3016 3762 3362 3818 frustraretur
3385 3745 3658 3825 successu,
3691 3773 3925 3828 cumque

2336 3869 2434 3926 pro
2476 3857 2614 3912 bene
2637 3855 2802 3926 gestis
2826 3854 2988 3910 rebus
3029 3853 3134 3909 illis
3186 3853 3344 3908 talem
3375 3861 3603 3923 gratiam
3634 3849 3921 3920 reciperet,

2337 3964 2442 4004 non
2467 3949 2638 4004 erexit
2656 3949 2942 4015 cervicem,
2971 3962 3070 4004 nec
3094 3961 3314 4017 regnum
3356 3944 3641 4009 affectavit,
3673 3957 3774 3998 nec
3827 3941 3924 3996 ho-

2337 4049 2473 4094 stem
2497 4039 2642 4094 nltus
2670 4047 2773 4108 est,
2815 4039 2911 4096 sed
2935 4037 3308 4108 perseveravit
3331 4037 3382 4091 in
3414 4033 3820 4099 bencfaciendo,
3872 4045 3926 4087 ct

2338 4129 2398 4184 in
2425 4129 2579 4185 bellis
2607 4143 2705 4199 pro
2730 4144 2855 4199 rege
2895 4128 3120 4184 feliciter
3143 4128 3410 4198 gerendis.
3435 4126 3565 4193 Quis
3593 4135 3677 4181 est
3705 4136 3811 4179 tam
3844 4123 3925 4181 ef-

2338 4218 2538 4274 feratus
2567 4228 2620 4274 et
2647 4219 2900 4286 crudelis,
2931 4219 3015 4274 cui
3065 4220 3165 4274 ista
3207 4235 3311 4273 non
3343 4218 3541 4273 fuerint
3583 4231 3926 4285 persuasura,

2340 4320 2400 4364 ut
2427 4311 2758 4364 inimicitiam
2784 4310 3112 4379 deponeret,
3157 4319 3212 4365 et
3256 4308 3510 4364 invidiam
3540 4307 3830 4377 abjiceret?
3861 4309 3934 4362 At

2341 4399 2616 4455 crudelem
2633 4399 2777 4453 illum
2803 4408 2859 4455 et
2885 4400 3230 4455 inhumanum
3259 4398 3384 4454 nihil
3414 4397 3602 4452 horum
3634 4397 3810 4461 ﬂexit;
3833 4398 3932 4452 scd

2343 4491 2409 4546 ad
2433 4490 2550 4546 hrec
2574 4492 2752 4546 omnia
2781 4505 2977 4558 aecus,
3000 4501 3056 4547 et
3083 4492 3292 4546 invidiae
3316 4490 3549 4556 deditus,
3589 4499 3813 4544 conatus
3849 4497 3938 4544 est

2343 4583 2493 4638 illum
2531 4598 2563 4638 e
2600 4583 2778 4638 medio
2805 4582 3031 4638 tollens:
3063 4593 3117 4639 et
3164 4582 3289 4653 quid
3334 4584 3558 4637 obsecro
3606 4579 3938 4637 facientem?

2345 4672 2364 4744 (
2395 4689 2516 4733 nam
2564 4673 2615 4729 id
2647 4675 2816 4744 majus
2839 4683 2923 4731 est
2949 4689 3014 4730 ac
3038 4675 3378 4744 stupendum,
3397 4675 3416 4743 )
3438 4683 3718 4730 canentem
3767 4674 3937 4728 citha-

2344 4781 2425 4830 ra,
2455 4776 2510 4822 et
2535 4767 2701 4837 ipsius
2727 4769 2986 4824 insaniam
3013 4769 3311 4824 sedantem.
3345 4766 3534 4833 David,
3566 4766 3755 4836 inquit,
3785 4768 3935 4837 psal-

2347 4856 2478 4911 lebat
2504 4873 2658 4911 manu
2680 4874 2774 4912 sua
2789 4859 3009 4928 quotidie
3029 4876 3048 4914 :
3069 4868 3115 4913 et
3141 4860 3288 4914 hasta
3311 4860 3363 4913 in
3383 4855 3534 4913 manu
3552 4856 3684 4914 Sail
3703 4873 3720 4912 :
3737 4875 3797 4913 ac
3819 4875 3938 4914 sus-

2346 4947 2459 5001 tulit
2506 4947 2640 5002 Sail
2675 4947 2921 5014 lanceam,
2969 4950 3228 5021 dixitque,
3269 4948 3492 5022 Inﬁgam
3541 4951 3596 5006 in
3641 4948 3847 5015 Dauid;
3892 4959 3942 5006 et

2348 5037 2462 5105 ﬁxit
2507 5037 2561 5091 in
2604 5039 2844 5107 parietem
2889 5054 2908 5092 :
2943 5049 2989 5093 et
3037 5039 3302 5095 declinavit
3344 5039 3516 5095 David
3557 5058 3590 5094 a
3645 5042 3773 5110 {acie
3823 5042 3942 5113 ejns

2349 5128 2424 5182 bis
2480 5127 2637 5199 (Ibid.
2685 5144 2730 5182 υ.
2779 5131 2892 5199 li).
2929 5130 3182 5188 Potestne
3223 5131 3345 5187 huic
3381 5133 3595 5187 malitia:
3646 5133 3940 5204 quidquam

2348 5217 2606 5288 adjungi?
2654 5217 2748 5273 Illa
2783 5217 2919 5275 forte
2965 5237 3084 5290 quae
3130 5231 3254 5292 post
3295 5223 3622 5294 subsequuta
3662 5236 3803 5278 sunt.
3833 5223 3941 5291 Qui

2350 5323 2520 5378 nuper
2551 5309 2733 5363 hostes
2760 5309 3032 5380 abegeral,
3064 5326 3162 5380 per
3186 5327 3344 5381 quem
3385 5315 3573 5369 civitas
3613 5315 3715 5370 sibi
3763 5313 3945 5374 fuerat

2349 5400 2580 5462 reddita.
2611 5400 2818 5455 cunctis
2853 5415 2949 5470 pro
2978 5402 3196 5457 victoria
3222 5405 3468 5458 victimas
3496 5405 3901 5463 immolantibus
3928 5426 3944 5465 :

2349 5489 2472 5546 Saftl
2503 5488 2801 5546 beneficum
2851 5499 2907 5546 et
2942 5501 3299 5558 servatorem,
3321 5507 3387 5549 ac
3426 5494 3688 5552 bonorum
3729 5497 3944 5555 illorum

2348 5592 2622 5638 auctorem
2665 5591 2888 5638 conatus
2929 5593 3015 5638 est
3053 5584 3357 5640 interficere
3385 5586 3701 5656 psallentem
3733 5605 3749 5642 :
3779 5603 3841 5647 ac
3871 5604 3946 5650 tte

2351 5670 2729 5727 beneficiorum
2750 5671 2962 5743 quidem
3003 5675 3262 5730 memoria
3290 5673 3554 5733 furentem
3585 5677 3733 5734 illum
3755 5693 3820 5736 ac
3842 5679 3947 5738 de-

2349 5763 2592 5821 lirantcm
2621 5765 2876 5836 coercuit,
2907 5765 3000 5826 sed
3030 5767 3198 5826 semel
3226 5775 3282 5826 et
3300 5768 3381 5827 bis
3409 5771 3563 5828 torsit
3580 5771 3632 5830 in
3665 5773 3810 5833 illum
3832 5773 3944 5836 ιω
