4178 6330
314 494 487 547 ceam,
516 478 738 551 cupiens
765 475 1029 532 occidere.
1065 471 1132 528 Et
1151 468 1453 544 hujusmodi
1489 464 1801 541 mercedem
1824 464 1902 520 illi

317 588 418 644 pro
445 572 708 642 susceptis
736 568 981 639 periculis
1002 564 1260 635 reposuit.
1312 560 1475 632 idque
1513 560 1637 615 fecit
1663 572 1772 614 non
1801 572 1908 614 uno

316 664 429 731 die,
459 662 553 719 sed
579 662 791 731 saepius.
824 661 893 714 At
933 667 1152 713 sanctus
1196 656 1284 711 ille
1308 662 1427 724 post
1448 653 1564 707 hare
1585 652 1761 707 omnia
1786 665 1906 720 per-

318 752 586 810 severavit
622 765 812 806 curare
858 748 999 818 regis
1040 746 1272 821 negotia,
1304 758 1505 815 proque
1546 742 1716 797 salute
1763 740 1908 796 illius

316 843 594 912 suscipere
622 840 877 910 pericula,
904 849 959 894 et
988 838 1042 893 in
1071 837 1186 891 acie
1205 844 1349 891 stare
1392 834 1446 888 in
1490 832 1690 903 prteliis
1730 832 1905 886 omni-

319 932 460 998 bus,
507 946 714 1001 suoque
742 929 978 999 periculo
1022 941 1241 982 servare
1290 924 1666 979 trucidatorem
1713 937 1906 977 suum:

317 1021 553 1092 denique
594 1036 692 1076 nec
715 1019 892 1084 dictis,
934 1033 1034 1074 nec
1068 1016 1225 1073 lactis
1265 1014 1601 1070 contristavit
1649 1014 1909 1069 immitem

321 1113 470 1169 illam
520 1111 706 1177 feram,
737 1111 834 1167 sed
880 1110 1147 1166 concessit
1180 1109 1233 1163 in
1263 1107 1510 1162 omnibus
1539 1106 1909 1176 dictoque-au-

319 1204 477 1259 diens
522 1204 618 1259 fuit
646 1220 660 1256 :
691 1217 921 1273 cumque
971 1201 1212 1256 victoriae.
1234 1199 1510 1269 praemium
1539 1212 1645 1252 non
1669 1197 1911 1267 accepis-

322 1302 432 1360 set,
460 1294 553 1348 sed
576 1292 817 1348 omnium
861 1292 1073 1346 illorum
1102 1289 1460 1360 periculorum
1494 1287 1742 1344 mercede
1762 1286 1910 1344 frau-

319 1382 482 1439 datus
506 1390 667 1449 esset,
699 1396 766 1437 ne
808 1380 971 1435 verbo
995 1379 1209 1449 quidem
1247 1378 1601 1449 expostulavit
1636 1392 1909 1449 umquam,

320 1487 433 1527 non
457 1487 577 1529 cum
599 1472 871 1535 militibus,
903 1486 1009 1527 non
1031 1484 1151 1525 cum
1180 1484 1325 1539 rege,
1348 1469 1491 1540 quod
1512 1470 1626 1525 [nec
1650 1485 1757 1524 non
1784 1485 1912 1540 ges-

319 1563 486 1618 sisset
524 1577 621 1631 spe
664 1561 964 1629 mercedis,
1009 1574 1295 1631 supernam
1336 1569 1653 1631 exspectans
1682 1560 1915 1616 retribu-

322 1654 543 1708 tionem.
573 1651 681 1707 Nec
710 1652 763 1706 id
810 1653 1091 1707 solum‘est
1111 1650 1464 1706 admiratione
1488 1650 1703 1720 dignum
1724 1692 1741 1716 ,
1766 1649 1911 1720 quod

322 1756 432 1796 non
460 1742 698 1811 poposcit
722 1741 1018 1811 prmmium,
1047 1739 1143 1795 sed
1172 1738 1312 1809 quod
1338 1740 1497 1795 etiam
1520 1755 1641 1796 cum
1666 1741 1907 1805 daretur,

319 1831 393 1886 ob
441 1831 688 1885 eximiam
740 1830 902 1885 animi
944 1830 1259 1886 modestiam
1305 1830 1591 1886 recusavit.
1636 1828 1912 1900 Siquidem

322 1930 671 1991 posteaquam
698 1920 846 1987 Saﬁl,
868 1921 1046 1976 omnia
1059 1922 1301 1986 molitus,
1318 1928 1375 1977 et
1388 1920 1637 1975 omnibus
1660 1919 1876 1974 tentatis
1892 1960 1909 1988 ,

320 2025 431 2067 neu
458 2013 626 2081 potuit
672 2012 819 2066 illum
847 2010 1167 2075 interﬁcere,
1208 2011 1422 2066 censuit
1470 2010 1543 2065 illi
1587 2010 1769 2068 dolum
1817 2026 1915 2082 per

320 2103 558 2173 nuptias,
590 2116 653 2157 ac
693 2116 886 2156 novam
929 2102 1212 2171 quamdam
1240 2101 1381 2158 dotis
1426 2116 1489 2157 ac
1516 2102 1773 2158 dotalium
1801 2102 1913 2158 ior-

321 2207 465 2248 mam
495 2200 826 2248 commentus
850 2202 953 2248 est.
985 2190 1107 2246 Non
1133 2192 1277 2247 enim
1302 2192 1461 2264 cupit,
1493 2192 1683 2262 inquit,
1712 2209 1804 2248 rex
1822 2193 1917 2247 do-

321 2293 444 2349 tem,
468 2284 556 2339 sed
582 2294 639 2338 ut
662 2294 861 2339 centum
883 2287 1138 2355 praeputia
1175 2285 1395 2338 exsolvat
1438 2284 1500 2339 ab
1530 2285 1754 2341 hostibus
1780 2285 1915 2357 regis

321 2378 405 2447 (Ι.
434 2376 561 2448 Reg.
583 2377 670 2433 l8.
692 2376 809 2447 25).
834 2375 890 2431 ld
920 2384 1005 2432 est
1032 2392 1048 2433 :
1073 2375 1269 2431 Occide
1295 2375 1445 2442 mihi,
1478 2376 1666 2447 inquit,
1697 2386 1913 2431 centum

322 2468 488 2535 viros,
518 2478 678 2538 atque
698 2469 799 2525 hoc
818 2469 919 2523 erit
937 2467 1067 2523 mihi
1091 2466 1231 2522 dotis
1252 2467 1389 2523 vice.
1421 2466 1546 2522 ilrcc
1570 2477 1747 2522 autem
1767 2466 1917 2524 dice-
1954 2540 1957 2543 _

320 2558 436 2625 bat,
465 2561 687 2629 cupiens
703 2559 853 2614 illum
883 2559 1104 2613 obtentu
1129 2557 1361 2627 coniugii
1388 2555 1631 2612 hostibus
1648 2555 1911 2626 'ohjicere.

394 2650 452 2707 4.
490 2649 670 2706 Nihilo
697 2649 873 2705 secius
898 2648 1064 2705 David
1095 2663 1191 2720 pro
1212 2662 1305 2704 sua
1338 2648 1596 2704 modestia
1644 2662 1735 2704 res
1763 2648 1913 2706 aesti-

322 2757 499 2809 mans,
530 2742 796 2799 recusavit
842 2741 1169 2813 coniugium,
1198 2755 1303 2797 non
1330 2740 1617 2796 deterritus
1642 2739 1911 2810 periculis,

321 2844 417 2890 aut
458 2833 693 2891 hostium
722 2841 888 2900 metu,
928 2832 1024 2889 sed
1069 2831 1210 2904 quod
1239 2831 1572 2887 existimaret
1599 2845 1721 2887 sese
1770 2829 1915 2886 indi-

320 2941 487 2998 gnum
508 2926 763 2981 afﬁnitate
789 2926 968 2997 regia;
997 2932 1159 2995 atque
1198 2923 1281 2979 his
1308 2923 1488 2979 verbis
1529 2921 1803 2993 respondit
1845 2920 1915 2977 ad

320 3030 509 3073 servos
531 3016 678 3071 illius
702 3032 718 3069 :
738 3017 818 3071 An
846 3016 950 3071 leue
973 3025 1048 3070 est
1066 3016 1121 3069 in
1136 3016 1296 3070 oculis
1323 3014 1498 3070 uestris
1521 3028 1601 3069 me
1627 3017 1795 3083 facere
1821 3027 1915 3083 ge-

322 3122 503 3163 sserunt
529 3107 682 3178 regis,
709 3122 825 3160 cum
848 3121 939 3175 ego
964 3106 1062 3160 sim
1087 3104 1164 3159 uir
1187 3105 1394 3159 humilis
1433 3119 1494 3160 ac
1537 3103 1729 3159 nullius
1763 3102 1917 3174 pretii

321 3198 393 3271 (1
429 3197 557 3271 Reg.
589 3199 676 3256 18.
704 3198 843 3271 Ωδμ
878 3199 1039 3269 Atqui
1074 3197 1368 3254 debebatur
1406 3196 1511 3253 hoc
1557 3196 1796 3263 honoris,
1849 3210 1915 3251 ac

323 3303 536 3347 merces
563 3298 619 3345 et
661 3289 903 3359 pensatio
932 3287 1175 3344 laborum
1204 3305 1219 3342 :
1251 3302 1436 3343 verum
1465 3301 1635 3359 usque
1660 3286 1795 3344 adeo
1820 3301 1916 3343 cor

324 3377 556 3435 habebat
578 3380 889 3447 contritum,
916 3386 978 3435 ut
1004 3387 1126 3450 post
1152 3387 1231 3434 tot
1258 3393 1347 3435 res
1374 3394 1496 3436 cum
1516 3378 1677 3436 laude
1699 3387 1909 3451 gestas,

322 3477 448 3541 post
475 3468 612 3525 adeo
638 3469 969 3540 Splendidam
988 3469 1292 3535 victoriam,
1317 3478 1441 3540 post
1458 3483 1766 3540 expressam
1788 3483 1917 3541 pro.

323 3559 660 3627 missionem,
692 3559 966 3632 indignum
994 3574 1055 3617 se
1077 3560 1362 3632 judicaret,
1389 3561 1479 3633 qui
1503 3560 1738 3617 debitam
1772 3562 1914 3618 reci-

321 3660 482 3722 peret
505 3651 829 3718 mercedem,
861 3651 1018 3725 idque
1053 3669 1178 3709 cum
1201 3653 1377 3710 denuo
1406 3662 1551 3710 esset
1573 3669 1633 3711 se
1661 3656 1916 3726 periculis

322 3742 649 3814 ohjecturus.
680 3743 1038 3816 Posteaquam
1070 3755 1248 3801 autem
1289 3745 1473 3802 hostes
1500 3747 1806 3816 devicerat,
1852 3762 1917 3805 ac

323 3831 490 3889 ﬁliam
520 3834 661 3906 regis
685 3843 984 3906 acceperat,
1008 3850 1195 3891 rursus
1218 3834 1475 3892 Psallebat
1494 3837 1683 3906 David,
1701 3849 1747 3895 et
1773 3856 1918 3910 M9

324 3926 465 3983 nbat
490 3925 626 3983 Sail
652 3944 769 3983 eum
810 3929 991 3989 lancea
1021 3938 1307 3999 percutere,
1352 3940 1401 3985 et
1435 3933 1722 4001 percussit:
1748 3932 1918 3989 David

326 4028 498 4074 autem
526 4018 826 4087 declinauit;
852 4029 897 4074 et
926 4019 1075 4076 hasta
1113 4021 1337 4093 itnpocta
1372 4031 1445 4078 est
1482 4023 1665 4093 parieti
1693 4024 1713 4094 (
1736 4025 1761 4079 1
1788 4024 1917 4094 Reg.

329 4110 417 4168 19.
450 4110 506 4168 9.
537 4110 648 4184 10).
673 4110 842 4180 Quem
871 4126 979 4168 non
1009 4114 1109 4169 ista
1140 4112 1228 4170 vel
1256 4114 1499 4185 apprime
1543 4114 1917 4187 philosophum

326 4198 398 4256 ad
430 4200 760 4257 iracundiam
802 4203 1167 4259 excitassent?
1193 4205 1332 4274 quis,
1378 4205 1480 4261 etsi
1505 4205 1648 4261 nulla
1695 4206 1797 4262 alia
1828 4207 1923 4262 ad.

326 4288 523 4347 {uisam
551 4304 736 4357 causa,
762 4293 949 4348 saltem
980 4302 1037 4348 ut
1058 4293 1400 4350 securitatem
1430 4294 1534 4351 sibi
1562 4304 1794 4365 pararet,
1834 4297 1921 4352 in-

322 4379 472 4453 juste
496 4381 836 4439 insidiantem
868 4397 974 4439 non
998 4384 1326 4444 occidisset?
1352 4384 1537 4457 Neque
1560 4387 1703 4443 enim
1734 4388 1787 4443 id
1818 4387 1921 4445 ho-

327 4472 605 4530 micidium
654 4474 861 4542 fuisset,
916 4475 1011 4532 sed
1054 4477 1293 4532 modum
1316 4492 1347 4532 a
1388 4477 1506 4548 lege
1547 4482 1920 4551 praescriptum

328 4564 740 4621 mansuetudine
761 4576 1089 4635 superasset.
1119 4566 1253 4622 Nam
1284 4567 1373 4623 illa
1401 4567 1615 4625 oculum
1644 4585 1740 4639 pro
1763 4570 1922 4626 ocqu

325 4651 489 4726 jussit
511 4654 748 4712 strodere
772 4655 966 4727 (Exod.
995 4657 1087 4711 Si.
1116 4657 1209 4729 2t)
1241 4675 1255 4713 :
1287 4658 1376 4713 hic
1402 4669 1581 4715 autem
1624 4660 1751 4716 licet
1776 4662 1923 4717 occi-

329 4744 522 4813 disset,
546 4760 643 4817 pro
664 4746 835 4802 tribus
858 4747 1159 4804 homicidiis
1188 4765 1351 4804 unum
1381 4758 1667 4807 exacturus
1692 4750 1885 4809 fuisset
1903 4794 1919 4819 ,

330 4848 434 4905 pro
462 4835 653 4901 tribus,
700 4836 936 4906 inquam,
970 4836 1291 4908 homicidiis,
1338 4840 1483 4896 nulla
1536 4841 1800 4912 probabili
1852 4842 1922 4900 de

329 4939 499 4981 causa
520 4928 754 4982 tentatis.
789 4927 928 4983 Nihil
954 4939 1132 4986 tamen
1156 4930 1348 4987 horum
1368 4934 1592 4988 tentavit
1612 4934 1798 4997 David.
1826 4936 1921 4993 sed

333 5014 516 5086 potius
559 5016 745 5085 habuit
786 5017 990 5089 fugere,
1026 5029 1081 5074 et
1125 5035 1153 5072 a
1195 5023 1383 5092 patriis
1420 5023 1623 5079 aedibus
1649 5026 1919 5093 exsulare,

329 5111 495 5175 atque
521 5118 771 5161 erronem
801 5107 1191 5180 profugumque
1217 5127 1404 5182 agere,
1452 5122 1507 5169 et
1535 5114 1590 5168 in
1616 5113 1923 5174 calamitate

330 5196 437 5253 sibi
466 5199 829 5261 necessarium
870 5214 1059 5269 parare
1080 5202 1303 5269 victum,
1332 5220 1491 5274 quam
1518 5207 1627 5277 regi
1646 5208 1807 5264 cadis
1831 5223 1925 5265 occ

331 5284 603 5344 casionem
624 5289 772 5346 dare.
798 5289 908 5347 Nec
928 5292 1072 5347 enim
1098 5307 1165 5349 eo
1184 5295 1477 5364 spectabat,
1506 5307 1565 5353 ut
1583 5300 1816 5371 seipsum
1844 5302 1924 5358 ul-

335 5375 647 5444 cisceretur,
671 5378 768 5435 sed
797 5390 854 5434 ut
900 5380 1048 5436 illum
1071 5383 1140 5437 ah
1165 5400 1230 5438 eo
1257 5388 1447 5441 morbo
1472 5387 1739 5446 liberaret.
1775 5391 1924 5449 Hanc

340 5469 406 5525 ὼ
446 5484 664 5526 causam
695 5470 765 5526 ab
788 5472 957 5528 oculis
1005 5475 1205 5531 inimici
1234 5478 1486 5534 Subduxit
1506 5495 1648 5546 sese,
1681 5492 1738 5536 ut
1762 5484 1922 5539 seda-

373 5568 422 5616 rt
444 5571 732 5627 tumorem,
770 5565 1220 5638 contraheretque
1247 5568 1493 5626 ardorem
1525 5573 1719 5629 ulceris
1744 5585 1799 5631 et
1842 5576 1924 5631 in-

334 5651 532 5709 vidiam
552 5653 840 5726 mitigaret.
872 5656 1051 5714 Satius
1074 5667 1178 5728 est,
1207 5660 1395 5733 inquit,
1423 5677 1513 5719 me
1547 5666 1804 5722 miserum
1834 5684 1924 5724 cs-

333 5765 416 5817 se,
445 5746 831 5822 innumeraquc
854 5751 961 5822 pati
982 5753 1193 5822 acerba,
1233 5768 1391 5826 quam
1421 5754 1563 5814 hunc
1586 5758 1726 5830 apud
1753 5760 1918 5818 Deum

1379 352 1469 410 DE
1506 348 1761 409 DKVIDE
1798 347 1887 406 ET
1914 348 2139 408 SAULE
2178 350 2457 409 HOMILIA
2497 350 2551 439 1.,

3497 360 3602 417 682

2012 464 2081 520 de
2107 466 2405 523 innocentis
2428 467 2578 525 crede
2604 467 2973 528 condemnari.
3002 473 3127 529 ilice
3169 490 3280 531 non
3320 475 3606 533 audiamus

2014 564 2241 621 tantum,
2273 572 2463 613 verum
2492 561 2655 616 etiam
2678 562 2980 629 imitemur,
3014 563 3148 620 nihil
3188 579 3295 620 non
3322 564 3608 620 iaciamus

2012 653 2069 725 et
2094 647 2374 714 patiamur,
2401 656 2459 702 ut
2480 650 2679 706 inimici
2701 650 3027 708 simultatem
3050 669 3173 724 erga
3194 669 3291 709 nos
3310 654 3608 725 deponant,

2014 716 2114 790 tice
2168 736 2299 791 illud
2350 737 2700 808 inquiramus,
2748 750 2930 797 utrum
2975 744 3170 799 merito
3212 759 3282 799 an
3334 744 3610 800 immerito

2013 826 2334 881 malevolum
2360 829 2595 885 animum
2625 846 2749 902 erga
2778 846 2877 888 nos
2904 842 3129 903 gerant,
3159 834 3258 890 sed
3300 833 3404 890 hoc
3433 835 3608 891 solum

2013 927 2318 986 spectemus
2336 957 2351 983 ,
2380 927 2437 972 ut
2457 919 2611 974 nobis
2639 921 2842 977 inimici
2866 938 2988 979 esse
3031 906 3298 979 desinaont.
3328 923 3607 995 Siquidem

2016 1007 2117 1064 hoc
2141 1010 2629 1078 spectat’medicus,
2660 1023 2719 1067 ut
2746 1014 2935 1068 morbo
2956 1013 3147 1070 liberet
3183 1024 3464 1085 mgrotum,
3500 1028 3608 1069 non

2014 1109 2190 1155 utrum
2217 1102 2430 1166 merito,
2464 1118 2530 1156 an
2558 1102 2826 1159 immerito
2850 1102 2953 1159 sibi
2982 1104 3226 1159 morbum
3256 1105 3607 1160 contraxerit.

2014 1192 2094 1249 Tu
2120 1208 2331 1264 quoque
2356 1191 2516 1263 igitur
2544 1194 2784 1250 medicus
2809 1210 2869 1249 es
2890 1194 3007 1265 ejus
3043 1197 3132 1266 qui
3156 1205 3207 1250 te
3230 1196 3367 1251 laesit
3394 1212 3407 1250 :
3441 1212 3606 1250 unum
3708 1196 3711 1197 ⁷

2014 1282 2119 1338 hoc
2153 1297 2357 1353 qurere,
2389 1298 2496 1353 quo
2516 1292 2673 1353 pacto
2702 1284 2777 1339 illi
2810 1285 3056 1340 morbum
3086 1285 3313 1340 adimas.
3354 1284 3408 1340 id
3463 1285 3607 1355 quod

2012 1372 2138 1431 fecit
2155 1375 2240 1429 hic
2251 1374 2456 1441 beatus,
2474 1385 2765 1446 egestatem
2783 1391 2891 1447 pm
2906 1376 3125 1443 divitiis,
3144 1377 3483 1433 solitudinem
3500 1393 3610 1446 pra:

2015 1465 2209 1534 patria,
2234 1465 2447 1521 labores
2474 1466 2817 1536 periculaque
2839 1482 2949 1537 pm
2969 1467 3180 1523 deliciis
3199 1482 3263 1522 ac
3294 1469 3607 1531 securitate,

2016 1566 2332 1628 perpetuum
2357 1558 2605 1614 exsilium
2652 1574 2762 1629 pra:
2787 1558 2995 1614 aedibus
3017 1559 3210 1630 elegit,
3258 1560 3493 1616 utilium
3542 1561 3611 1616 ab

2012 1646 2140 1703 odio
2187 1647 2241 1703 in
2268 1647 2443 1718 ipsum
2482 1650 2965 1720 malevolentiaque
2991 1651 3263 1707 liberaret.
3311 1654 3381 1706 At
3406 1666 3506 1708 nec
3530 1652 3613 1708 sic

2016 1738 2231 1809 quidem
2280 1740 2471 1795 melior
2498 1740 2669 1796 factus
2714 1749 2798 1797 est
2841 1741 2992 1806 Sani,
3026 1739 3121 1797 sed
3146 1742 3568 1812 persequebatur
3595 1784 3610 1809 ,

2016 1828 2111 1884 sed
2140 1830 2341 1901 ubique
2365 1831 2681 1887 circumibat
2704 1846 2949 1901 quaerens
2976 1847 3100 1887 eum
3121 1872 3137 1897 ,
3168 1833 3259 1903 qui
3290 1847 3399 1888 non
3432 1833 3611 1890 solum

2015 1918 2150 1973 nihil
2180 1919 2412 1987 laeserat,
2438 1920 2532 1975 sed
2575 1934 2695 1976 cum
2722 1930 2867 1976 esset
2896 1922 3076 1988 lmsns,
3110 1921 3340 1976 maxima
3367 1930 3421 1977 et
3455 1922 3614 1976 innu-

2016 2010 2289 2066 merabilia
2307 2026 2404 2083 pro
2420 2011 2773 2081 injuriisbona
2792 2013 3132 2083 rependerat.
3164 2014 3231 2069 At
3247 2012 3374 2068 Saﬁl
3405 2012 3609 2081 impru-

2014 2100 2150 2156 dens
2176 2112 2298 2171 post
2324 2102 2509 2159 incidit
2535 2104 2588 2159 in
2618 2104 2751 2159 retia
2774 2103 3009 2159 Davidis.
3045 2102 3173 2157 Erat
3197 2103 3340 2158 enim
3361 2144 3375 2168 ,
3405 2101 3610 2173 inquit,

2015 2191 2087 2246 ibi
2103 2194 2364 2263 spelunca,
2391 2204 2439 2248 et
2462 2196 2713 2266 ingressus
2749 2204 2820 2249 est
2846 2195 2978 2251 Satil
3001 2205 3057 2249 ut
3084 2205 3381 2250 exoneraret
3416 2194 3607 2249 aluum.

2016 2280 2188 2338 David
2216 2295 2386 2339 autem
2412 2302 2527 2338 cum
2568 2286 2830 2339 comitibus
2855 2286 2960 2340 suis
2989 2285 3043 2339 in
3083 2286 3322 2339 interiore
3354 2285 3613 2354 spelunca:

2018 2385 2162 2444 parte
2183 2375 2405 2429 sedebat.
2431 2374 2777 2446 Diaei-unique
2805 2376 2899 2429 uiri
2932 2375 3101 2429 David
3128 2367 3197 2429 ad
3237 2377 3386 2430 illum
3420 2392 3441 2431 :
3478 2374 3613 2430 Ecce

2016 2465 2126 2519 dies
2154 2466 2218 2521 de
2241 2466 2487 2536 quodin?“
2515 2466 2766 2521 Dominus
2789 2481 2811 2521 :
2840 2465 3065 2521 Tradam
3092 2465 3356 2521 inimicum
3380 2476 3522 2520 tuum
3559 2466 3613 2519 in

2015 2572 2200 2610 manus
2234 2566 2368 2622 tuas,
2390 2558 2648 2627 faciesque
2667 2558 2751 2612 illi
2772 2558 2913 2627 quod
2935 2557 3183 2629 placitum
3222 2558 3316 2611 erit
3351 2556 3406 2611 in
3452 2555 3614 2612 oculis

2018 2646 2136 2699 tuis.
2171 2643 2235 2699 Et
2262 2647 2482 2701 surrexit
2506 2644 2696 2711 Dauid,
2724 2648 3032 2717 sustulitque
3054 2646 3297 2701 laciniam
3323 2644 3614 2715 chlamydis

2017 2735 2196 2791 Sutilis
2234 2735 2544 2790 clanculum.
2587 2732 2651 2789 Et
2693 2736 2916 2807 posthac
2955 2739 3201 2805 percussit
3248 2734 3498 2790 Davidem
3527 2750 3616 2788 cor

2014 2824 2201 2895 ipsius,
2245 2827 2382 2897 quod
2422 2827 2709 2881 abstulth
2740 2826 2980 2880 laciniam
3029 2825 3339 2896 chlamydis,
3386 2824 3617 2894 dixitque

2016 2915 2186 2970 David
2207 2917 2276 2969 ad
2300 2916 2433 2971 uiros
2471 2932 2591 2971 suos
2618 2932 2639 2972 :
2666 2916 2869 2970 Avertat
2889 2932 2921 2969 a
2945 2932 3024 2969 me
3048 2915 3318 2981 Dominus,
3345 2930 3409 2968 ne
3427 2913 3616 2985 faciam

2014 3008 2221 3063 uerbum
2258 3010 2353 3063 hoc
2381 3009 2586 3063 domino
2625 3023 2759 3073 meo,
2800 3008 2989 3061 christo
3029 3006 3271 3073 Domini,
3318 3007 3617 3077 mittamque

2016 3114 2224 3153 manum
2259 3115 2424 3152 meam
2460 3098 2514 3151 in
2541 3097 2719 3162 illam,
2758 3098 3001 3167 questions
3038 3097 3257 3162 chr-istas
3287 3094 3497 3150 Domini
3539 3104 3614 3150 est

2020 3188 2096 3258 (1.
2120 3187 2248 3261 Reg.
2271 3188 2362 3245 2i.
2391 3188 2559 3261 4—7).
2582 3187 2771 3243 Vidisti
2805 3196 2956 3243 tensa
2989 3186 3144 3255 retia,
3173 3186 3350 3242 vidisti
3377 3186 3614 3259 praedam

2016 3291 2250 3352 captam,
2294 3280 2474 3337 vidisti
2518 3289 2831 3337 venatorem
2874 3286 3140 3343 erectum,
3190 3276 3369 3333 vidisti
3424 3292 3616 3333 omnes

2015 3372 2389 3435 adhortantes,
2442 3379 2502 3427 ut
2523 3384 2709 3427 ensem
2734 3370 2785 3425 in
2815 3368 2987 3425 hostis
3022 3379 3207 3439 pectus
3236 3367 3617 3439 immergere"

2011 3459 2171 3519 Nunc
2186 3461 2315 3517 mihi
2337 3470 2517 3533 specta
2536 3458 2961 3532 philosophiam
2982 3460 3146 3515 animi
3166 3459 3615 3527 moderationem,

2018 3564 2203 3626 specta
2253 3555 2472 3623 luctam,
2519 3553 2822 3620 victoriam,
2867 3566 3145 3609 coronam.
3192 3550 3327 3607 Nam
3360 3551 3617 3622 spelunca

2019 3648 2111 3703 illa
2135 3660 2358 3719 campus
2384 3654 2522 3712 erat,
2554 3655 2715 3717 atque
2753 3646 2899 3700 lucta
2942 3643 3187 3715 qumdam
3214 3642 3477 3699 mirabilis
3529 3641 3616 3699 di-

2020 3750 2215 3815 ctuque
2240 3739 2572 3797 incredibilis
2618 3739 2752 3796 iacta
2780 3745 2882 3793 est.
2913 3736 3171 3793 Luctatus
3196 3744 3279 3792 est
3298 3734 3489 3802 David,
3516 3750 3617 3804 pu-

2013 3832 2179 3904 gilem
2225 3831 2336 3905 egit
2377 3829 2673 3903 iracundia,
2722 3826 2854 3885 Sail!
2896 3826 3104 3899 positus
3150 3832 3268 3883 erat
3305 3824 3617 3895 certaminis

2020 3924 2280 3990 materia,
2312 3920 2666 3992 agonothet'es
2712 3928 2832 3974 erat
2860 3918 3043 3973 Deus:
3073 3916 3203 3988 quin
3247 3914 3461 3987 potius,
3507 3928 3618 3969 non

2022 4014 2125 4086 ipsi
2161 4012 2323 4069 modo
2349 4011 2608 4068 adversus
2635 4010 2902 4081 seipsum,
2932 4008 3311 4078 propriamque
3349 4004 3619 4075 cupidita-

2026 4116 2134 4163 tem
2160 4115 2277 4162 erat
2316 4106 2595 4176 prndium,
2626 4102 2723 4158 sed
2767 4110 2823 4157 et
2854 4101 3116 4155 adversus
3157 4098 3353 4154 milites
3393 4098 3483 4168 qui
3524 4096 3621 4153 ad-

2022 4206 2198 4255 erant.
2216 4195 2428 4253 Etenim
2455 4194 2500 4250 si
2523 4194 2777 4250 voluisset
2799 4192 2982 4257 animo
3008 4189 3299 4254 moderari,
3317 4201 3621 4261 acparcere

2024 4291 2076 4347 ei
2098 4291 2189 4362 qui
2214 4289 2447 4356 laeserat,
2460 4293 2884 4342 consentaneum
2906 4292 3022 4339 erat
3049 4292 3108 4339 ut
3124 4291 3178 4339 et
3194 4282 3315 4339 illos
3331 4291 3619 4349 metueret,

2026 4396 2095 4439 ne
2123 4380 2261 4437 forte
2286 4379 2460 4449 ipsum
2492 4376 2819 4432 trucidarent
2842 4376 2894 4432 in
2924 4375 3197 4446 spelunca.
3227 4385 3498 4444 tamquam
3526 4373 3619 4445 qui

2026 4474 2239 4531 illorum
2274 4470 2502 4526 salutem
2533 4466 2893 4539 prodidisset,
2947 4480 3011 4522 ac
3057 4465 3328 4537 publicum
3380 4466 3618 4535 ipsorum
3674 4540 3679 4543 _

2027 4564 2238 4621 hostem
2258 4568 2549 4618 servasset.
2579 4558 2866 4615 Probabile
2891 4557 3033 4613 enim
3060 4565 3145 4612 est
3174 4557 3390 4611 illorum
3422 4572 3619 4613 unum-

2027 4669 2294 4727 quemque
2321 4652 2509 4709 dolore
2550 4651 2808 4721 percitum
2840 4650 2955 4704 haec
2983 4649 3121 4703 intra
3150 4663 3210 4704 se
3233 4647 3474 4705 dicturos
3491 4648 3621 4705 tuis-

2028 4764 2089 4805 se
2105 4766 2119 4803 :
2138 4746 2372 4802 Errones
2392 4742 2716 4813 exsulesque
2735 4754 2942 4805 sumus,
2963 4738 3148 4806 domo,
3169 4739 3361 4807 patria,
3377 4740 3627 4795 caeteris-

2027 4854 2134 4911 que
2174 4836 2425 4893 omnibus
2449 4832 2685 4899 excussi,
2729 4830 3078 4900 omniumque
3098 4826 3472 4884 difﬁcultatum
3503 4839 3621 4882 tua-

2029 4944 2148 4985 rum
2187 4935 2468 4985 consortcs
2503 4935 2726 4979 sumus:
2753 4930 2811 4976 et
2839 4930 2896 4975 tu
2920 4934 3064 4984 eum,
3092 4921 3181 4990 qui
3229 4917 3419 4973 horum
3448 4919 3622 4974 malo-

2029 5038 2153 5080 rum
2201 5029 2287 5077 est
2325 5028 2551 5084 auctor,
2604 5015 2660 5069 in
2702 5027 2893 5069 manus
2929 5020 3049 5068 tuas
3092 5011 3341 5067 traditum
3364 5052 3381 5075 ,
3419 5011 3625 5082 cogitas

2030 5114 2322 5180 dimittere,
2354 5126 2424 5168 ne
2458 5110 2616 5166 nobis
2640 5122 2892 5179 umquam
2919 5106 3078 5161 liceat
3100 5104 3169 5159 ab
3192 5104 3277 5159 his
3305 5103 3624 5159 calamitati-

2028 5205 2131 5262 bus
2150 5205 2439 5274 respirare,
2466 5217 2532 5258 ac
2577 5199 2803 5272 proditis
2830 5196 3017 5252 amicis
3045 5197 3252 5252 hostem
3270 5210 3489 5250 servare
3508 5205 3625 5250 stu-

2030 5297 2165 5354 des?
2200 5298 2283 5351 An
2310 5295 2425 5350 haec
2448 5294 2592 5365 justa
2621 5292 2778 5346 sunt?
2810 5287 2943 5345 Nam
2968 5286 3015 5342 si
3037 5296 3179 5342 tuam
3201 5286 3369 5357 ipsius
3397 5286 3624 5341 salutem

2032 5389 2273 5459 negligis,
2303 5392 2503 5441 nostra;
2549 5390 2699 5438 certe
2741 5380 2866 5434 vita:
2912 5393 3120 5447 parcas.
3150 5376 3270 5432 Non
3300 5377 3409 5432 tibi
3440 5377 3627 5432 dolent

2030 5487 2299 5543 anteacta,
2329 5488 2503 5544 neque
2528 5486 2738 5527 memor
2764 5484 2825 5525 es
2850 5467 3115 5523 malorum
3139 5480 3261 5538 qure
3285 5462 3471 5521 ab'lillo
3500 5481 3624 5535 pcr-

2032 5583 2222 5641 pessus
2263 5567 2369 5623 es?
2405 5565 2564 5621 Certe
2605 5562 2675 5618 ab
2702 5576 2764 5617 ea
2794 5574 2916 5630 qua:
2965 5560 3140 5612 iuttira
3188 5555 3495 5621 sunt,-tolle
3525 5555 3627 5611 ho-

2032 5671 2193 5729 stem,
2222 5674 2290 5717 ne
2308 5659 2513 5731 majora
2540 5665 2597 5712 ct
2623 5654 2903 5711 acerbiora
2923 5651 3289 5722 perpetiamur
3308 5649 3474 5705 mala.
3500 5648 3627 5705 llaec

2036 5762 2095 5812 ut
2138 5753 2319 5812 verbis
2366 5767 2473 5809 non
2516 5751 2625 5807 sint
2654 5744 2979 5821 proloquuti,
3008 5752 3186 5800 tamen
3231 5741 3414 5799 animo
3440 5754 3625 5800 secum
