4178 6330
604 404 707 459 683

600 521 888 579 volvebant
929 533 1047 574 cum
1089 516 1208 576 ista,
1257 519 1367 567 tum
1399 507 1516 565 istis
1560 506 1721 562 etiam
1755 502 1856 558 alia
1884 500 2106 568 majora.

672 614 726 668 5.
774 610 962 665 Verum
991 605 1116 660 nihil
1163 603 1353 656 horum
1377 599 1551 668 justus
1577 597 1666 650 ille
1693 590 1832 663 apud
1867 607 1926 645 se
1953 599 2184 659 perpen-

600 703 780 765 debat,
804 712 962 752 unum
1014 693 1138 749 illud
1189 700 1458 762 spectans,
1508 685 1774 756 quomodo
1825 687 2005 751 posset
2053 675 2186 744 redi-

602 792 722 846 miri
769 787 1064 842 tolerantia:
1106 797 1319 844 corona,
1351 795 1412 834 ac
1452 791 1639 832 novam
1693 771 1976 843 quamdam
2011 767 2184 821 admi-

600 881 931 950 rabilemque
993 873 1378 946 philosophiam
1453 881 1727 924 exercere.
1791 862 1974 930 Neque
2024 857 2184 950 enim

598 971 822 1040 perinde
846 949 1052 1023 mirum
1093 974 1238 1028 erat,
1271 963 1314 1016 si
1354 976 1477 1014 cum
1521 963 1670 1012 esset
1704 955 1847 1009 solus
1895 961 1948 1007 et
1985 949 2187 1018 abstpte

598 1060 882 1117 comitibus
905 1099 920 1122 ,
952 1054 1275 1126 pepercisset
1310 1052 1380 1105 illi
1427 1065 1458 1103 a
1489 1063 1594 1118 quo
1623 1047 1792 1100 fuerat
1819 1044 2000 1108 l‘msus,
2026 1049 2186 1110 atque

599 1167 742 1206 nunc
764 1158 865 1213 est,
887 1147 1027 1217 quod
1051 1147 1151 1200 hoc
1177 1145 1314 1198 idem
1345 1141 1463 1194 aliis
1485 1136 1838 1210 praesentibus
1867 1134 1988 1188 fecit
2020 1150 2034 1186 :
2063 1146 2184 1184 nam

601 1243 839 1298 militum
859 1238 1068 1292 illorum
1101 1232 1379 1304 praesentia
1405 1229 1675 1300 geminum
1703 1237 1815 1282 erat
1836 1221 2186 1294 philosophia:

601 1331 952 1389 obstaculum.
975 1327 1139 1383 Nobis
1162 1325 1290 1395 ipsis
1313 1324 1618 1392 frequenter
1634 1317 1833 1384 evenit,
1852 1328 1907 1370 ut
1931 1330 2051 1371 eum
2078 1324 2189 1368 sta-

601 1425 863 1480 tuerimus
889 1418 1177 1474 vindictam
1226 1413 1528 1474 remittere,
1561 1418 1614 1465 et
1657 1408 1938 1463 commissa
1981 1402 2186 1457 condo-

601 1530 765 1579 nare;
815 1521 934 1582 post
972 1509 1059 1564 ubi
1109 1505 1397 1560 viderimus
1437 1501 1644 1571 aliquos
1688 1511 1784 1552 nos
1827 1495 2094 1551 irritantes
2131 1502 2188 1550 et

601 1606 948 1664 concitantes,
967 1607 1232 1653 mutemus
1247 1592 1588 1657 sententiam,
1603 1597 1656 1644 et
1678 1588 1885 1643 illorum
1910 1585 2069 1640 dictis
2089 1583 2188 1640 ob-

602 1705 975 1764 temperemus.
1004 1687 1200 1742 Verum
1234 1686 1335 1740 hoc
1364 1697 1470 1737 non
1499 1679 1690 1736 accidit
1716 1678 1840 1733 huic
1864 1677 2020 1732 beato
2043 1717 2057 1740 ,
2089 1672 2186 1731 sed

600 1789 759 1842 etiam
800 1789 922 1853 post
954 1780 1166 1833 illorum
1196 1775 1473 1831 consilium
1507 1780 1567 1828 et
1599 1769 2024 1826 exhortationem
2066 1779 2187 1834 per-

598 1874 860 1933 severavit
885 1873 937 1927 in
973 1871 1136 1925 animi
1178 1866 1470 1938 preposito.
1503 1867 1573 1918 At
1601 1878 1670 1917 ne
1699 1862 1799 1916 hoc
1823 1859 2036 1930 quidem
2063 1867 2188 1912 tan-

596 1979 714 2024 tum
757 1975 841 2021 est
875 1961 1229 2018 admiratione
1257 1958 1504 2027 dignum,
1530 1954 1670 2026 quod
1702 1968 1801 2007 nec
1834 1952 2058 2007 aliorum
2082 1949 2186 2002 ad-

597 2058 802 2114 monitu
823 2054 1054 2110 dimotus
1080 2059 1162 2106 est
1187 2065 1215 2103 a
1238 2047 1530 2118 proposito,
1553 2046 1802 2116 quodque
1833 2052 2040 2096 nonest
2065 2040 2184 2096 illos

597 2149 798 2204 veritus
822 2187 837 2211 ,
866 2143 969 2199 sed
988 2140 1133 2212 quod
1169 2138 1388 2209 perfecit
1406 2179 1420 2200 ,
1444 2145 1503 2191 ut
1549 2145 1604 2216 et
1636 2135 1715 2188 illi”
1755 2133 1997 2216 eamdem
2022 2130 2194 2185 animi»

597 2211 1019 2295 moderationem
1064 2237 1353 2286 sumerent.
1401 2212 1642 2294 llagnum
1685 2222 1897 2293 quidem
1921 2263 1935 2287 ,
1965 2211 2028 2276 ἐἰ
2068 2220 2188 2290 quis

597 2327 715 2383 suis
750 2320 1127 2394 cupiditatibus
1161 2320 1387 2386 imperet
1417 2332 1431 2368 :
1472 2313 1566 2369 sed
1603 2314 1768 2366 multo
1806 2310 1978 2380 majus
2016 2319 2099 2364 est
2133 2317 2188 2364 et

597 2418 717 2472 aliis
758 2412 1078 2485 persuadere
1124 2422 1314 2479 posse,
1348 2415 1404 2460 ut
1433 2413 1486 2460 et
1526 2403 1624 2474 ipsi
1670 2411 1900 2456 mentem
1944 2398 2185 2454 eamdem

599 2506 831 2571 habeant
863 2520 878 2556 :
912 2501 1049 2564 aliis,
1076 2499 1312 2567 inquam,
1342 2494 1432 2565 qui
1458 2509 1557 2548 nec
1587 2492 1810 2547 modesti
1852 2500 1977 2545 sunt
2005 2487 2184 2544 homi-

528 2634 536 2641 ι
597 2610 715 2660 nes,
739 2607 911 2664 neque
942 2596 1318 2659 temperantes,
1347 2585 1440 2640 sed
1467 2584 1681 2649 milites,
1714 2584 1800 2653 qui
1835 2583 2019 2638 multis
2046 2581 2189 2635 diffi-

596 2684 880 2741 cultatibus
900 2683 1007 2752 jam
1034 2681 1086 2735 in
1113 2677 1539 2748 desperationem
1567 2687 1718 2730 erant
1742 2673 1975 2739 adducti,
2009 2689 2043 2728 a
2063 2673 2188 2742 qui-

598 2776 698 2832 bus
733 2773 1004 2846 paululum
1051 2770 1319 2839 respirare
1354 2767 1653 2836 cupiebant,
1685 2765 1823 2819 haud
1870 2765 2036 2834 ignari
2079 2779 2187 2818 non

599 2867 764 2923 modo
789 2875 952 2920 totam
982 2861 1242 2917 malorum
1272 2858 1590 2913 solutionem
1614 2856 1666 2911 in
1686 2854 1852 2911 hostis
1872 2870 2002 2910 nece
2027 2855 2186 2910 sitam

599 2976 751 3026 esse;
794 2972 892 3012 nec
925 2954 1084 3010 modo
1117 2953 1373 3008 malorum
1401 2949 1720 3005 solutionem
1741 2990 1756 3015 ,
1799 2962 1983 3002 verum
2024 2948 2186 3003 etiam

599 3051 947 3124 plurimorum
991 3045 1254 3100 bonorum
1304 3042 1740 3110 acquisitionem,
1787 3039 2002 3110 quando
2053 3038 2188 3094 nihil

600 3140 879 3203 obstabat,
922 3135 1208 3207 quominus
1257 3134 1349 3188 illo
1377 3132 1639 3188 trucidato
1679 3133 1923 3201 protinus
1968 3147 2190 3203 regnum

601 3232 851 3289 transiret
893 3228 960 3284 ad
1001 3225 1272 3282 Davidem.
1305 3226 1550 3279 Attamen
1591 3238 1711 3278 cum
1752 3231 1831 3278 tot
1868 3233 2048 3279 essent
2102 3239 2188 3280 res

597 3337 719 3395 quae
739 3320 935 3376 milites
963 3318 1261 3381 irritabant,
1277 3323 1477 3370 tantum
1497 3314 1662 3369 valuit
1686 3315 1773 3369 ille
1791 3329 2107 3384 generosus,
2134 3322 2192 3372 ut

600 3414 684 3470 his
712 3413 957 3469 omnibus
977 3410 1134 3466 fuerit
1158 3410 1430 3480 superior,
1447 3406 1798 3479 suaderetque
1821 3417 1877 3462 ut
1897 3407 2035 3466 hosti
2061 3423 2189 3481 par-

599 3520 802 3567 cerent.
900 3563 911 3569 _

669 3603 893 3660 Consilia
917 3602 1131 3657 militum
1153 3601 1222 3653 ad
1244 3599 1437 3654 eadem
1456 3595 1822 3665 impellentium
1853 3595 2058 3667 negligit
2084 3593 2192 3649 Da-

599 3694 717 3758 uid;
744 3711 836 3749 cur
863 3675 1011 3747 “Deus
1051 3691 1216 3746 hostes
1259 3689 1400 3742 nobis
1434 3689 1630 3742 tradat.
1650 3717 1722 3727 —
1741 3686 1930 3755 Opera:
1962 3685 2190 3754 pretium

603 3799 732 3841 vero
761 3794 871 3848 est,
901 3784 1061 3838 etiam
1102 3783 1338 3851 ipsorum
1377 3779 1603 3833 militum
1643 3779 1827 3832 audire
1865 3777 2145 3832 consilium
2172 3819 2188 3843 ,

601 3877 725 3948 quia
765 3874 972 3930 consilii
1008 3871 1266 3927 calliditas
1309 3871 1519 3924 ﬁrmum
1566 3880 1620 3924 et
1648 3868 1876 3924 solidum
1903 3868 2032 3938 justi
2077 3869 2192 3924 ani-

603 3980 750 4022 mum
777 3963 1027 4019 ostendit.
1059 3961 1172 4015 Non
1203 3961 1343 4015 enim
1379 3961 1449 4014 ita
1494 3959 1695 4029 loQuuti
1741 3967 1864 4012 sunt
1894 3977 1905 4010 :
1939 3958 2086 4014 Ecce
2104 3958 2194 4029 qui

605 4056 768 4112 multa
795 4055 848 4109 in
878 4062 928 4108 te
967 4052 1182 4107 molitus
1209 4059 1293 4105 est
1335 4050 1469 4103 mala
1494 4089 1511 4113 ,
1543 4051 1632 4118 qui
1667 4065 1851 4103 necem
1886 4059 2027 4103 tuam
2058 4064 2193 4104 con-

603 4145 828 4218 cupivit,
863 4145 951 4217 qui
995 4159 1094 4199 nos
1141 4139 1615 4198 immedicabilibus
1661 4140 1872 4194 Vallavit
1908 4137 2196 4193 difficulta-

607 4238 748 4293 tibus
783 4253 797 4288 :
835 4235 929 4289 sed
973 4235 1062 4288 ubi
1111 4240 1494 4302 perspexerunt
1535 4229 1648 4284 haec
1695 4229 1872 4283 omnia
1925 4229 2195 4300 negligere

611 4328 895 4390 Davidem,
925 4340 1025 4381 nec
1061 4338 1305 4393 magnam
1348 4322 1545 4376 habere
1574 4322 1834 4376 rationem
1867 4322 1917 4373 in
1952 4336 2012 4376 se
2048 4336 2198 4375 com-

606 4421 912 4484 missorum,
929 4417 1157 4487 allegant
1183 4414 1255 4469 illi
1272 4415 1505 4468 divinum
1532 4412 2002 4480 auctorem,Deus,
2026 4413 2195 4480 aiunt,

606 4515 752 4568 illum
797 4510 1003 4564 tradidit
1028 4550 1042 4572 ,
1079 4523 1184 4578 quo
1222 4507 1469 4562 videlicet
1506 4505 1764 4574 judicium
1803 4521 1831 4558 a
1867 4505 1974 4559 Deo
2016 4507 2197 4575 profe-

566 4650 572 4656 .
607 4613 751 4660 ctum
782 4603 1058 4665 reveritus,
1084 4599 1377 4669 promptius
1403 4599 1503 4653 iret
1527 4598 1594 4652 ad
1622 4597 1985 4654 homicidium.
2031 4598 2197 4653 Num-

609 4699 771 4768 quid,
807 4694 1090 4764 inquiunt,
1131 4701 1273 4745 tuam
1317 4693 1483 4760 ipsius
1531 4691 1697 4746 vicem
1740 4691 2053 4746 ulcisceris?
2085 4693 2200 4748 Deo

612 4788 783 4843 servis
828 4800 890 4841 ac
937 4782 1248 4847 ministras,
1297 4781 1439 4835 illius
1489 4783 1807 4837 sententiam
1856 4785 2194 4853 comprobas.

611 4877 715 4935 Sed
746 4892 851 4948 quo
881 4875 1048 4945 magis
1078 4872 1192 4927 hmo
1219 4871 1466 4928 dicebant
1489 4913 1502 4936 ,
1529 4881 1674 4927 tanto
1702 4875 1867 4945 magis
1894 4875 1979 4930 hic
2008 4891 2199 4945 peper-

609 4974 684 5029 cit
733 4970 896 5025 hosti.
940 4966 1269 5036 lutelligebat
1318 4965 1500 5032 enim,
1534 4964 1700 5020 Deum
1749 4966 1870 5022 ideo
1915 4967 2198 5024 tradidisse

611 5077 734 5117 eum
760 5103 775 5126 ,
813 5069 869 5114 ut
915 5058 1014 5114 sibi
1055 5056 1285 5126 majores
1321 5057 1629 5112 occasiones
1669 5059 1957 5128 probanda;
1986 5059 2199 5116 virtutis

613 5152 990 5222 suppeditaret.
1028 5147 1256 5202 Proinde
1295 5157 1349 5201 tu
1393 5162 1643 5218 quoque,
1683 5149 1728 5202 si
1769 5150 1982 5219 quando
2029 5151 2199 5210 hostis

612 5253 734 5299 tuus
764 5239 1007 5310 inciderit
1031 5238 1082 5292 in
1125 5251 1314 5292 manus
1343 5246 1458 5292 tuas
1479 5278 1495 5303 ,
1523 5252 1652 5293 cave
1675 5249 1828 5308 putes
1865 5256 1985 5297 esse
2018 5241 2198 5298 datam

615 5332 939 5395 ulciscendi,
979 5329 1073 5385 sed
1111 5328 1357 5384 servandi
1411 5327 1580 5382 hostis
1629 5331 1983 5387 occasionem.
2015 5332 2202 5403 quue

617 5435 728 5480 tum
775 5425 1002 5479 maxime
1031 5421 1354 5492 parcendum
1384 5430 1467 5476 est
1492 5418 1752 5487 inimicis,
1784 5437 1903 5479 cum
1946 5425 2020 5480 illi
2064 5425 2202 5483 forte

616 5523 876 5570 venerunt
896 5516 948 5569 in
980 5521 1293 5581 potestatem
1324 5522 1581 5568 nostram.
1601 5513 1669 5567 At
1691 5511 1777 5568 hic
1797 5512 2022 5572 fortasse
2050 5517 2203 5574 dise-

612 5607 684 5663 rit
709 5602 898 5672 aliquis
924 5620 938 5656 :
972 5602 1037 5657 Et
1055 5602 1180 5672 quid
1202 5616 1472 5673 maguum,
1499 5610 1591 5657 aut
1617 5603 1740 5673 quid
1770 5606 1963 5662 mirum
1982 5622 2200 5678 parcere

616 5699 664 5751 ei
699 5711 856 5766 quem
903 5693 1065 5772 habes
1096 5695 1150 5748 in
1176 5703 1262 5748 tua
1292 5695 1588 5766 potestate?
1615 5695 1930 5766 Complures
1977 5701 2118 5756 enim
2147 5712 2203 5758 et

617 5786 706 5843 alii
733 5800 886 5856 rcges
922 5784 988 5842 ad
1030 5785 1380 5857 principatum
1410 5786 1578 5843 evecti
1601 5826 1616 5855 ,
1643 5800 1765 5845 sese
1796 5786 2069 5862 indignum
2109 5791 2199 5864 ju-

1394 392 1452 450 s.
1491 384 1771 447 JOANNIS
1802 373 2283 442 cunvsosrout
2323 347 2640 428 suum.
2667 364 3202 424 consumatur.

2293 488 2537 544 dicarunt
2564 471 2617 540 in
2656 487 2805 538 tanto
2830 486 2980 551 regni
3011 481 3219 548 fastigio
3245 475 3314 531 ab
3339 476 3404 530 iis
3432 487 3621 544 pinnas
3645 473 3890 542 exigere,

2287 593 2318 634 a
2347 579 2540 650 quibus
2564 574 2692 630 olim
2719 572 2927 627 fuerant
2948 568 3137 625 olfensi
3166 585 3180 621 :
3214 567 3325 636 ipsa
3357 566 3608 635 potentiae
3633 561 3886 617 sublimi-

2289 679 2372 724 tas
2399 681 2617 724 causam
2643 663 2819 719 attulit
2845 659 3314 718 reconciliationis.
3339 657 3540 714 Verum
3567 658 3619 710 in
3654 656 3893 710 hocne-

2287 761 2431 830 gotio
2473 757 2590 813 tale-
2617 753 2750 811 nibil
2785 753 2958 824 possis
2994 752 3196 806 dicere.
3225 750 3408 819 Neque
3446 748 3590 804 enim
3620 745 3787 801 David
3815 744 3910 798 ad

2289 850 2640 921 principatum
2667 854 2904 910 evectus,
2934 858 3107 914 neque
3131 858 3368 915 regnum
3386 842 3630 913 adeptus,
3661 854 3726 895 ac
3748 838 3897 893 Sail.

2287 941 2402 996 lenr
2421 941 2473 994 in
2500 938 2744 993 manibus
2774 937 2978 992 habens
2997 979 3014 1004 ,
3041 935 3113 990 ita
3144 935 3359 991 demum
3397 934 3476 989 illi
3502 933 3781 1003 pepercit,
3815 947 3896 988 ne

2287 1033 2405 1102 quis
2433 1031 2642 1086 causari
2664 1031 2828 1100 possit
2858 1029 3006 1099 regni
3039 1027 3400 1097 magnitudine
3423 1026 3688 1081 sublatam
3720 1025 3896 1079 fuisse

2289 1123 2421 1178 iram
2453 1137 2470 1176 :
2502 1121 2596 1177 sed
2619 1135 2741 1176 cum
2771 1119 2932 1175 sciret
2961 1119 3098 1183 fore,
3122 1128 3180 1174 ut
3207 1118 3299 1174 ille
3332 1126 3573 1173 servatus
3602 1131 3788 1172 rursus
3817 1117 3890 1170 ad

2287 1215 2475 1271 eadem
2505 1213 2748 1277 rediret,
2770 1221 2824 1268 et
2854 1212 2970 1281 ipse
3008 1212 3060 1266 in
3105 1211 3348 1281 graviora
3383 1209 3617 1280 pericula
3645 1209 3891 1278 conjiceo

2287 1317 2470 1373 retur,
2503 1322 2571 1362 ne
2599 1304 2720 1361 ideo
2743 1302 2957 1376 quidem
2996 1302 3212 1358 occidit.
3257 1301 3334 1357 Ne
3371 1302 3553 1372 utique
3591 1301 3734 1356 hunc
3761 1314 3893 1355 cum

2289 1396 2394 1453 illis
2435 1396 2794 1453 conferamus.
2827 1393 3100 1464 Siquidem
3141 1392 3216 1447 illi
3241 1392 3493 1463 quoniam
3530 1390 3727 1445 habent
3765 1404 3894 1445 cer-

2289 1495 2402 1542 tum
2452 1495 2732 1555 tutumque
2775 1484 2966 1554 pignus
3014 1482 3206 1538 futuras
3255 1481 3509 1552 deinceps
3558 1479 3889 1545 securitatis,

2289 1577 2481 1632 merito
2525 1583 2785 1646 parcunt;
2831 1574 2919 1629 hic
2957 1588 3088 1629 vero
3119 1588 3243 1628 cum
3280 1573 3440 1627 sciret
3476 1587 3535 1626 se
3574 1571 3780 1625 hostem
3830 1571 3893 1625 in

2289 1682 2453 1724 suam-
2487 1667 2653 1738 ipsius
2703 1666 2994 1736 perniciem
3042 1665 3343 1730 dimittere,
3375 1679 3439 1720 ac
3477 1664 3703 1720 salutem
3755 1663 3895 1719 dare

2290 1757 2528 1824 inimico,
2562 1756 2714 1812 haud‘
2733 1765 2911 1811 tamen
2941 1756 3087 1811 illum
3115 1755 3331 1821 occidit,
3370 1755 3529 1825 idque
3555 1770 3676 1810 cum
3715 1753 3892 1808 hahe-

2289 1853 2382 1904 rct‘
2409 1848 2577 1904 multa
2625 1847 2692 1902 ad
2723 1862 2842 1903 eam
2876 1846 3079 1902 eadem
3114 1845 3464 1916 impellentia.
3507 1847 3714 1901 Etenim
3754 1846 3895 1900 soli-

2291 1938 2419 1993 tudo
2445 1938 2587 2010 regis
2614 1938 2814 1992 auxilio
2853 1937 3059 2004 nudati,
3087 1937 3392 1992 exhortatio
3418 1937 3667 2000 militum,
3691 1949 3895 2006 praste-

2289 2031 2513 2084 ritorum
2544 2029 2824 2096 memoria,
2853 2028 3150 2083 futurorum
3189 2035 3405 2092 metus;
3429 2027 3496 2081 ad
3524 2027 3639 2082 haec
3663 2026 3802 2096 quod
3842 2027 3896 2082 si

2291 2119 2646 2175 interfecisset
2693 2119 2965 2174 inimicum
2986 2160 3002 2186 ,
3051 2115 3158 2173 non
3197 2129 3381 2189 posset
3415 2117 3659 2174 damnari
3684 2118 3849 2174 caedis
3875 2160 3893 2184 ,

2291 2211 2538 2281 quodque
2565 2219 2686 2282 post
2705 2210 2905 2270 caedem
2936 2219 3207 2280 peractam
3235 2211 3405 2282 legem
3435 2210 3513 2284 (α)
3539 2211 3706 2279 ipsam
3739 2225 3900 2264 man-

2295 2303 2580 2357 suetudine
2599 2316 2854 2373 superare
2875 2287 3173 2367 videretur;
3198 2301 3315 2356 haec
3335 2311 3396 2368 et
3417 2301 3521 2355 alla
3551 2300 3702 2371 plura
3733 2315 3900 2371 urge-

2295 2389 2425 2446 bant
2475 2392 2974 2463 compellebantque
3025 2392 3202 2462 gladio
3255 2393 3406 2448 illum
3458 2393 3770 2448 confodere.
3821 2397 3901 2450 At

2291 2479 2483 2535 horum
2525 2481 2655 2536 nulli
2683 2482 2881 2547 cessit,
2909 2482 3005 2537 sed
3035 2483 3333 2538 adamantis
3376 2482 3565 2538 invicti
3595 2498 3745 2539 more
3773 2498 3916 2554 per--

2292 2571 2446 2634 stitit,
2477 2571 2849 2626 intemeratam
2879 2572 3233 2641 philosophia:
3279 2573 3451 2644 legem
3501 2589 3743 2630 servans.
3772 2572 3898 2629 (Σω-

2295 2668 2468 2715 terum
2495 2676 2564 2717 ne
2587 2661 2734 2716 dleas
2766 2662 2915 2717 illum
2956 2663 3086 2718 nihil
3108 2679 3295 2720 eorum
3324 2665 3559 2721 sensisse
3583 2664 3897 2729 affectuum.

2291 2765 2429 2819 quos
2455 2753 2702 2808 sensisse
2717 2767 2814 2823 par
2834 2762 2971 2819 erat,
3001 2755 3097 2810 sed
3124 2755 3174 2810 id
3200 2757 3344 2829 quod
3372 2758 3564 2813 accidit
3594 2773 3700 2814 non
3731 2758 3900 2814 fuisse

2297 2843 2687 2914 philosophiam
2710 2885 2726 2912 ,
2753 2844 2849 2901 sed
2886 2853 3160 2916 stuporem
3189 2865 3203 2901 :
3236 2849 3518 2905 considera
3547 2866 3705 2919 quam
3733 2851 3901 2906 vehe-

2293 2945 2507 2992 menter
2541 2947 2889 3008 exasperatus
2934 2939 3035 2995 sibi
3073 2940 3404 3009 temperarit.
3454 2941 3729 3012 Siquidem
3782 2944 3898 2998 ira-

2293 3028 2503 3083 cundiae
2533 3026 2726 3083 ﬂuctus
2748 3028 2803 3084 in
2823 3029 3004 3084 animo
3029 3030 3169 3085 illius
3198 3031 3537 3098 intumuisse,
3561 3034 3899 3106 multamque

2294 3121 2674 3191 cogitationum
2707 3123 2995 3190 procellam
3038 3125 3358 3180 concitatam
3390 3126 3555 3182 fuisse
3579 3167 3596 3191 ,
3635 3127 3733 3182 sed
3771 3142 3896 3182 eam

2297 3221 2669 3283 tempestatem
2715 3212 3015 3270 refrenasse
3055 3215 3246 3272 timore
3293 3217 3416 3282 Dei,
3455 3219 3770 3289 animosque
3805 3235 3898 3274 re-

2294 3306 2576 3376 pressisse,
2605 3320 2672 3360 ex
2700 3305 2763 3360 iis
2788 3321 2908 3375 quae
2939 3307 3076 3361 facta
3104 3317 3225 3362 sunt
3251 3309 3556 3378 perspicere
3582 3308 3726 3379 licet.
3760 3308 3899 3365 Sur-

2293 3399 2444 3461 rexit,
2465 3397 2656 3468 inquit,
2685 3408 2731 3453 et
2753 3398 2869 3453 tulit
2891 3415 3032 3454 oram
3057 3399 3344 3471 chlamydis
3368 3397 3554 3455 Saulis
3571 3387 3914 3454 clanculum.

2296 3489 2458 3546 Vides
2503 3500 2699 3562 quanta
2742 3493 2836 3547 ira:
2865 3500 3156 3562 tempestas
3200 3501 3387 3548 coorta
3424 3492 3620 3548 fuerit?
3671 3496 3744 3550 At
3785 3510 3893 3548 non

2294 3583 2558 3654 processit
2585 3582 2841 3650 ulterius,
2866 3599 3041 3654 neque
3079 3582 3206 3640 fecit
3244 3583 3578 3656 nautragium
3603 3626 3620 3651 ,
3651 3600 3719 3640 eo
3749 3587 3897 3654 quod

2294 3672 2638 3744 gubernatrix
2662 3673 2802 3728 illico
2827 3674 3064 3746 sentiens
3091 3674 3406 3744 periculum,
3433 3674 3681 3731 videlicet
3711 3675 3792 3746 pia
3817 3691 3898 3732 ra-

2299 3741 2373 3818 lio
2395 3805 2411 3830 ,
2444 3772 2812 3834 tempestatem
2853 3766 3011 3820 vertit
3145 3765 3600 3835 tranquillitatem.
3632 3741 3899 3821 Percussit

2298 3854 2472 3919 enim,
2505 3854 2712 3924 inquit,
2740 3852 2989 3909 Dauidem
3033 3871 3123 3910 cor
3167 3856 3362 3926 ipsius,
3389 3871 3454 3912 ac
3502 3857 3651 3912 velut
3697 3872 3900 3928 equum

2299 3945 2665 4001 subsilientem
2701 3960 2763 4000 ac
2793 3945 3159 4010 ferocientem,
3189 3950 3460 4002 revocavit
3488 3948 3642 4002 iram.

2371 4035 2424 4090 6.
2466 4035 2780 4106 Huiusmodi
2812 4043 2936 4090 sunt
2975 4046 3284 4092 sanctorum
3323 4038 3516 4093 animae
3541 4055 3556 4091 :
3585 4031 3898 4110 priusquam

2297 4127 2600 4191 concidant,
2633 4138 2937 4198 resurgunt,
2969 4130 3275 4201 priusquam
3301 4129 3376 4185 ad
3399 4141 3674 4200 peccatum
3702 4148 3900 4202 perve-

2300 4221 2468 4282 niant,
2498 4219 2855 4287 refrenantur,
2889 4235 2954 4277 eo
2978 4223 3120 4293 quod
3163 4223 3357 4278 sobriae
3403 4224 3508 4278 sint
3534 4266 3549 4288 ,
3579 4240 3900 4297 semperque

2301 4309 2538 4379 vigilent.
2592 4310 2656 4364 Et
2695 4317 2876 4364 tamen
2922 4324 3180 4381 quantum
3218 4321 3335 4367 erat
3379 4313 3716 4368 intervallum
3759 4316 3900 4372 inter

2302 4415 2496 4470 corpus
2517 4409 2572 4454 et
2597 4409 2799 4455 vestem
2823 4401 2848 4455 ?
2875 4403 3127 4458 Attamen
3155 4403 3243 4460 ille
3276 4406 3510 4474 seipsum
3539 4408 3802 4472 cohibuit,
3833 4425 3902 4465 ne

2303 4491 2712 4561 progrederetur
2757 4491 2980 4548 ulterius
3033 4512 3046 4547 :
3088 4494 3408 4565 insuperque
3449 4497 3528 4552 ob.
3569 4495 3670 4553 hoc
3724 4499 3899 4568 ipsum

2302 4583 2535 4652 graviter
2575 4582 2810 4651 seipsum
2855 4585 3251 4640 condemnavit.
3288 4584 3548 4643 Percussit
3589 4592 3764 4653 enim.
3820 4593 3897 4647 in-

2303 4675 2436 4745 qttit,
2466 4675 2613 4732 illum
2649 4692 2738 4730 cor
2762 4675 2942 4747 ipsius,
2971 4678 3111 4748 quod
3134 4679 3419 4735 abstulisset
3445 4692 3730 4736 extremum
3759 4684 3904 4739 chla-

2303 4767 2470 4838 mydis
2494 4807 2508 4832 ,
2537 4767 2764 4837 dixitque
2791 4768 2864 4821 ad
2898 4770 3030 4823 uiros
3056 4786 3077 4824 :
3112 4769 3442 4842 Nequaquam
3485 4774 3579 4827 hoc
3607 4776 3736 4828 mihi
3775 4777 3842 4830 sit
3871 4794 3918 4831 a-

2302 4855 2524 4912 Domino
2550 4858 2623 4932 (ὁ)
2655 4857 2727 4931 (ι.
2760 4856 2886 4930 Reg.
2906 4859 2998 4914 ΞΑ.
3023 4860 3100 4931 6).
3120 4862 3256 4929 Quid
3278 4871 3365 4918 est
3381 4863 3530 4930 illud,
3560 4863 3902 4938 Nequaquam

2304 4951 2399 5005 hoc
2425 4953 2488 5007 sit
2519 4952 2643 5006 mihi
2675 4970 2707 5006 a
2731 4951 2951 5008 Domino
2977 4954 3002 5008 .’
3030 4953 3317 5024 PrOpitius,
3347 4955 3537 5027 inquit,
3572 4959 3641 5012 sit
3679 4960 3903 5025 mihi,'si

2304 5044 2406 5099 hoc
2430 5044 2718 5105 voluissem
2754 5062 2767 5097 :
2799 5061 2866 5102 ne
2904 5047 3164 5102 concedat
3188 5047 3438 5118 umquam
3479 5058 3537 5104 ut
3575 5049 3680 5106 hoc
3709 5051 3902 5108 faciam

2306 5135 2470 5202 Deus,
2495 5152 2666 5207 neque
2689 5138 2960 5207 permittat
2985 5155 3071 5194 me
3091 5139 3160 5194 ad
3185 5148 3390 5195 tantum
3417 5140 3672 5199 devenire
3700 5148 3900 5201 scelus.

2304 5229 2567 5299 Quoniam
2602 5230 2815 5287 videbat
2863 5231 3002 5286 hanc
3036 5232 3430 5310 philosophiam
3467 5251 3725 5306 superare
3769 5253 3904 5308 pene

2371 5428 2452 5502 ςει)
2845 5430 3220 5502 mansuetudine
3236 5439 3524 5502 superasset
3538 5429 3904 5502 David,etiansi

2306 5489 2497 5559 Saﬁlem
2521 5489 2798 5559 occidisset,
2816 5489 3031 5559 qulalex
3056 5489 3373 5556 [incipiebat
3392 5494 3598 5559 dentem
3620 5489 3711 5559 pro
3732 5497 3904 5559 dente,

2309 5551 2499 5624 οςυεειιιι
2519 5564 2609 5624 ρτεξ
2624 5549 2948 5624 emissust
2968 5549 3281 5624 οραξαιιιόιη
3300 5562 3429 5624 erat.
3439 5557 3587 5624 vitam
3607 5549 3696 5619 rm
3710 5549 3908 5624 vitast-3

2309 5615 2379 5673 ri;
2406 5614 2470 5681 ita
2493 5611 2828 5681 u't_siS_aillem
2856 5611 3220 5681 interfecisset,
3263 5611 3619 5681 m_it_ms_et.lani
3637 5631 3786 5681 quant
3824 5619 3902 5671 lux

2309 5674 2631 5747 permittebat
2651 5673 2852 5747 fecisset
2873 5676 3018 5747 David
3037 5673 3486 5747 semelooeideodo
3509 5691 3642 5738 eum,
3655 5673 3753 5744 ’ραι
3773 5692 3898 5747 ατο

2313 5736 2459 5787 'vitam
2484 5737 2572 5798 ipsi
2593 5737 2790 5797 eripere
2810 5743 3015 5787 conatus
3035 5736 3215 5788 fuerat.

2377 5798 2452 5863 (ll)
2486 5797 2559 5850 sic
2582 5805 2694 5863 ttcg.
2721 5799 2804 5849 uie
2825 5798 3048 5863 quaedam
3071 5801 3244 5852 omissa
3266 5797 3464 5853 fuerant
3484 5803 3533 5853 iu
3555 5801 3717 5856 Darei.
