4178 6330
247 418 357 478 685

246 536 494 585 naturam
523 522 837 585 humanm,
873 512 1182 584 cmicstique
1226 509 1595 581 opushabere
1626 504 1846 567 auxilio,

246 633 417 688 seque
446 631 584 685 pene
625 614 693 670 ad
736 610 939 666 caedem
970 608 1316 679 processisse,
1348 612 1621 673 precatur,
1653 607 1713 653 ut
1741 598 1851 688 Do-

247 687 430 765 minus
470 706 572 762 sibi
600 711 886 760 conservet
914 712 1133 755 manum
1179 693 1534 764 impollutam.
1564 689 1709 758 Quid
1751 687 1853 742 hoc

248 800 433 855 animo
472 794 640 866 possit
675 806 795 848 esse
835 789 1059 845 mitius?
1100 789 1185 843 Au
1233 786 1376 841 hunc
1400 783 1645 839 dicemus
1673 778 1851 835 homi-

248 906 396 954 nem,
430 885 524 957 qui
549 886 603 941 in
630 891 820 939 natura
850 880 1083 936 humana
1117 878 1280 932 vitam
1310 873 1622 946 przestiterit
1647 868 1853 941 angeli-

248 995 371 1035 cam
396 978 422 1032 τ
448 976 647 1034 Verum
674 973 728 1029 id
756 988 862 1027 non
890 984 1124 1043 passurae
1148 975 1275 1023 sunt
1301 966 1497 1021 divinae
1524 963 1692 1034 leges.
1722 959 1855 1027 Quis

246 1067 677 1138 cnim,obsecro,
700 1064 855 1119 facile
882 1077 913 1115 a
943 1060 1054 1116 Deo
1074 1056 1337 1127 ejusmodi
1362 1070 1474 1111 rem
1500 1052 1689 1125 petat?
1715 1050 1855 1121 Quid

248 1159 360 1215 disi
385 1199 403 1226 ,
433 1141 779 1225 huiusmodi?
816 1150 945 1219 Quis
990 1150 1319 1212 sustineret,
1349 1160 1457 1200 non
1501 1142 1714 1215 precari
1758 1138 1858 1197 ad-

254 1264 448 1305 versus
476 1262 597 1302 eum
618 1245 707 1314 qui
734 1244 994 1299 molestus
1016 1239 1204 1294 fuisset
1222 1238 1248 1291 ‘l
1273 1236 1408 1299 Nam
1438 1235 1684 1305 plerique
1705 1245 1855 1287 mor-

251 1341 391 1395 tales
413 1352 480 1393 eo
503 1335 727 1391 feritatis
753 1333 959 1402 abrepti
980 1339 1126 1394 sunt,
1156 1336 1216 1382 ut
1241 1341 1362 1381 cum
1393 1326 1503 1379 sint
1526 1322 1661 1379 adeo
1689 1318 1859 1375 imbe-

250 1430 403 1482 cilles
427 1436 534 1501 ,δη
573 1439 678 1479 non
717 1431 914 1493 queant
942 1435 1065 1474 eum
1094 1434 1126 1473 a
1153 1432 1262 1488 quo
1302 1412 1535 1470 lacessiti
1577 1419 1707 1497 sunt
1746 1408 1858 1464 ullo

251 1520 398 1575 male
423 1517 658 1577 allicere.
690 1516 854 1570 Deum
880 1512 949 1567 ad
974 1511 1228 1565 ultionem
1256 1508 1526 1570 invocent,
1556 1512 1618 1560 ut
1641 1502 1743 1558 sibi
1766 1503 1859 1558 det

252 1613 561 1668 facultatem
588 1609 814 1665 nocendi
839 1608 926 1672 iis,
946 1606 1033 1677 qui
1054 1604 1157 1659 sibi
1183 1605 1320 1658 mala
1337 1602 1588 1656 intulere.
1611 1596 1710 1653 llic
1726 1609 1860 1652 vero

253 1705 360 1758 illis
389 1702 637 1757 omnibus
667 1702 812 1753 velut
838 1714 904 1752 ex
939 1698 1202 1751 diametro
1244 1694 1513 1750 contraria
1548 1688 1819 1763 precando
1839 1730 1857 1755 ,

254 1801 409 1864 rogat
435 1808 501 1846 ne
530 1791 802 1861 permittat
822 1796 881 1842 ut
912 1800 1103 1841 manus
1131 1784 1350 1854 injiciat,
1382 1783 1607 1852 loquens
1638 1779 1780 1834 hunc
1805 1780 1860 1833 in

254 1884 477 1939 modum
512 1899 525 1934 :
558 1880 639 1934 Ne
675 1878 802 1933 milii
840 1879 935 1931 hoc
964 1877 1162 1931 accidat
1196 1892 1227 1927 a
1250 1874 1475 1929 Domino
1499 1915 1514 1939 ,
1551 1881 1607 1926 ut
1631 1869 1861 1941 injiciam

254 1990 464 2027 marmm
492 1987 653 2025 meam
679 1972 731 2023 in
767 1970 911 2024 illum
946 1968 1020 2038 (Ι.
1054 1966 1180 2035 Reg.
1209 1966 1298 2021 24.
1338 1964 1393 2034 6)
1420 1982 1434 2019 :
1459 1961 1681 2035 perinde
1710 1960 1859 2032 quasi

253 2066 328 2120 de
360 2065 467 2117 lilio
496 2069 550 2117 et
573 2061 639 2115 de
667 2060 840 2130 prole,
873 2060 944 2113 ita
968 2058 1034 2112 de
1060 2057 1214 2111 hoste
1244 2056 1496 2126 loquitur.

334 2155 495 2225 Reges
522 2152 738 2206 revereri
764 2157 978 2221 oportet.
1017 2146 1227 2200 Hostem
1260 2144 1429 2200 David
1462 2143 1742 2210 honoriﬁce
1765 2157 1863 2211 ap-

256 2246 434 2315 pellat.
484 2274 555 2283 —
582 2242 765 2311 Neque
797 2238 1035 2311 pepercit
1064 2246 1268 2291 tantum
1295 2274 1311 2300 ,
1345 2250 1528 2290 verum
1558 2248 1615 2289 et
1642 2246 1866 2288 excusa-

258 2339 459 2390 tionem
517 2350 615 2404 pro
664 2347 730 2387 eo
777 2342 946 2401 parat.
996 2329 1132 2385 Vide
1183 2343 1311 2384 vero
1358 2342 1517 2398 quam
1572 2322 1866 2396 prudenter

256 2441 527 2497 quamque
553 2426 843 2495 sapienter.
875 2422 1152 2492 Siquidem
1181 2436 1303 2476 cum
1334 2420 1497 2474 vitam
1535 2418 1713 2474 Saulis
1739 2432 1863 2487 per-

258 2526 526 2578 scrutatis,
558 2516 689 2569 nihil
721 2517 1012 2571 invenisset
1042 2513 1192 2579 boni,
1229 2521 1287 2566 ut
1311 2511 1491 2566 dicere
1518 2516 1718 2579 posset,
1747 2506 1864 2561 Non

259 2624 378 2663 smn
407 2608 588 2662 abillo
614 2607 795 2669 laesus,
830 2620 928 2661 nec
956 2606 1067 2660 ullo
1096 2604 1316 2661 allectus
1340 2601 1685 2657 incommodo
1712 2601 1867 2672 (pro—-

262 2702 407 2752 tinus
459 2699 604 2753 enim
665 2698 749 2752 Itis
794 2696 1134 2753 reclamaturi
1183 2703 1337 2749 erant
1384 2693 1579 2748 milites
1623 2693 1713 2763 qui
1767 2690 1866 2745 ad-

260 2790 696 2859 crant,regisque
740 2788 997 2842 malitiam
1038 2786 1408 2855 experimento
1452 2782 1861 2855 cognoverant):

260 2880 365 2933 alia
392 2895 456 2934 ex
485 2889 635 2950 parte
658 2878 999 2940 circumibat,
1025 2876 1247 2931 studens
1270 2874 1598 2945 probabilem
1627 2872 1868 2927 invenire

263 2973 685 3025 excusationem.
718 2968 771 3022 Id
798 2982 919 3023 cum
957 2982 1064 3021 non
1096 2975 1298 3037 posset,
1333 2981 1431 3020 nec
1455 2965 1523 3019 ab
1562 2964 1709 3019 illius
1738 2963 1865 3028 vita,

266 3077 369 3116 nec
409 3077 437 3115 a
476 3061 652 3125 factis,
696 3060 761 3114 ad
810 3059 1123 3130 dignitatem
1170 3057 1313 3111 illius
1359 3056 1600 3127 confugit
1640 3055 1866 3109 dicens:

265 3152 519 3218 Quoniam
570 3151 787 3204 chrisma
820 3148 1026 3204 Domini
1074 3157 1166 3201 est.
1228 3146 1366 3213 Quid
1411 3147 1527 3213 ais,
1584 3144 1868 3215 inquiunt?

263 3244 409 3315 quod
460 3243 756 3315 scelestus,
804 3241 947 3312 quod
995 3240 1291 3296 sceleribus
1341 3247 1581 3308 apertus,
1612 3252 1676 3292 ac
1727 3236 1871 3291 vitiis

263 3336 744 3392 innumerabilibus
787 3332 1055 3397 refertus,
1097 3340 1153 3387 et
1205 3332 1257 3385 in
1290 3345 1389 3385 nos
1432 3340 1671 3384 extrema
1719 3327 1869 3398 cogi-

268 3432 427 3485 tans?
460 3428 567 3484 Sed
611 3444 705 3483 rex
727 3436 831 3492 est,
861 3426 956 3481 sed
984 3426 1253 3496 princeps,
1281 3423 1376 3477 sed
1412 3422 1767 3491 principatum
1816 3419 1870 3475 in

267 3536 369 3575 nos
402 3519 657 3589 suscepit.
688 3516 868 3588 Neque
890 3524 1067 3571 tamen
1096 3514 1250 3579 dixit,
1290 3515 1403 3568 Rex
1429 3520 1532 3579 est,
1560 3510 1677 3575 sed,
1718 3510 1869 3565 Chri-

265 3623 377 3666 stns
421 3610 622 3663 Domini
648 3619 741 3675 est,
788 3623 894 3663 non
923 3606 991 3662 ab
1033 3607 1269 3662 humano
1309 3604 1534 3669 honore,
1566 3602 1661 3659 sed
1703 3618 1730 3656 a
1761 3617 1871 3657 ca:-

264 3703 388 3760 lesti
428 3702 630 3772 judicio
676 3709 889 3770 sumpto
938 3698 1231 3754 honoriﬁco
1276 3696 1603 3753 testimonio.
1659 3692 1873 3750 Conte—

266 3797 412 3851 mnis
429 3838 443 3860 ,
484 3796 681 3864 inquit,
708 3807 1026 3849 conservum
1066 3791 1253 3846 tuum?
1280 3790 1547 3845 Reverere
1568 3788 1867 3842 dominunt.

269 3887 590 3957 Aspernaris
614 3884 887 3939 electum?
916 3883 1091 3937 Iletue
1131 3897 1255 3936 eum
1305 3880 1393 3950 qui
1437 3879 1615 3949 elegit.
1657 3878 1871 3933 Etenim

267 3977 315 4033 si
345 3978 587 4047 vulgares
613 3976 746 4030 istos
783 3973 1065 4046 praefectos
1103 3974 1171 4028 ab
1199 3972 1526 4041 lmperatore
1564 3969 1872 4039 designatos

268 4065 479 4126 etiamsi
505 4070 613 4125 sint
642 4069 890 4138 improbi,
922 4067 967 4123 si
994 4066 1160 4131 iures,
1180 4066 1225 4119 si
1258 4064 1559 4134 prccdones,
1589 4064 1633 4117 si
1666 4061 1869 4132 injusti,

270 4161 317 4216 si
348 4158 719 4230 quodcumque
752 4157 896 4212 aliud
938 4156 1170 4223 fuerint,
1194 4156 1447 4210 timemus
1474 4162 1530 4209 et
1553 4154 1835 4207 horremus
1854 4192 1870 4217 ,

270 4267 380 4307 non
422 4260 641 4321 propter
668 4250 927 4304 malitiam
968 4248 1324 4317 despicientes
1361 4262 1490 4311 eos,
1531 4245 1625 4301 sed
1655 4251 1875 4316 propter

269 4342 584 4413 dignitatem
614 4339 755 4395 illius
784 4356 814 4394 a
849 4354 955 4411 quo
981 4338 1139 4394 electi
1165 4346 1292 4392 sunt
1320 4346 1632 4394 reverenlcs
1659 4353 1673 4390 :
1704 4335 1876 4390 multo

273 4433 505 4503 amplius
533 4430 583 4487 id
610 4430 787 4489 facere
808 4432 1057 4487 convenit
1085 4445 1209 4501 erga
1237 4445 1331 4485 eos
1356 4445 1491 4501 quos
1520 4429 1680 4500 elegit
1712 4429 1872 4485 Deus.

271 4524 562 4589 Nondum,
590 4524 795 4593 inquit,
844 4524 986 4579 Deus
1026 4522 1294 4578 abdicavit
1336 4522 1489 4589 illum
1536 4521 1873 4592 principatu,

267 4615 512 4671 nondum
535 4614 658 4669 fecit
680 4630 803 4670 eum
837 4630 902 4670 ex
934 4629 1059 4682 rege
1081 4616 1366 4683 privatum.
1392 4613 1575 4683 Itaque
1595 4628 1663 4667 ne
1691 4612 1875 4667 inver-

277 4715 456 4761 tamus
479 4705 742 4771 ordinem,
776 4720 949 4775 neque
978 4718 1273 4774 pugnemus
1303 4719 1423 4758 cum
1454 4705 1585 4767 Deo,
1617 4703 1876 4774 apostoli-

269 4813 403 4854 cum
422 4796 550 4851 illud
579 4796 777 4851 dictum
802 4796 954 4851 factis
981 4805 1297 4869 praestantes
1326 4815 1337 4849 :
1367 4797 1623 4863 Quoniam
1655 4796 1879 4867 quisquis

281 4889 463 4943 resistit
487 4889 740 4957 potestati,
766 4888 863 4942 Dei
883 4888 1192 4943 ordinationi
1211 4889 1432 4951 resistit;
1458 4888 1760 4958 quicumque
1784 4904 1881 4942 au—

280 4992 380 5034 tem
407 4981 641 5033 resistunt
664 5022 679 5046 ,
708 4979 930 5050 sibiipsis
968 4981 1214 5050 accipiat
1253 4980 1630 5033 damnationem
1682 4979 1875 5049 (Rom.

281 5072 373 5127 I5.
398 5070 479 5141 2).
501 5070 616 5124 Non
646 5071 816 5124 solum
838 5071 1123 5141 appellavit
1154 5064 1300 5126 illum
1331 5070 1615 5135 christum,
1648 5069 1751 5125 hoc
1775 5080 1878 5137 est,

281 5171 499 5218 unctum
527 5172 578 5217 et
607 5177 823 5231 regem;
865 5179 1050 5217 verum
1081 5163 1241 5217 etiam
1278 5178 1434 5217 suum
1476 5162 1753 5218 dominum
1782 5178 1879 5219 vo-

281 5254 577 5310 ravit.Non
610 5263 693 5309 est
723 5253 1007 5308 mediocris
1035 5254 1407 5324 philosophiae,
1426 5254 1633 5310 hostem
1658 5253 1879 5311 honoris

282 5356 339 5399 et
363 5344 604 5415 obsequii
634 5345 905 5399 vocabulis
931 5344 1223 5414 appellare.
1245 5348 1417 5416 Atque
1440 5345 1489 5399 id
1514 5361 1701 5400 rursus
1722 5362 1880 5415 quam

282 5438 355 5491 sit
378 5452 648 5506 magnum.
675 5452 738 5491 ex
767 5437 850 5492 his
874 5452 993 5507 qua:
1022 5437 1233 5492 czcteris
1248 5438 1495 5494 accidunt
1513 5448 1671 5509 queat
1690 5439 1883 5510 aliquis

282 5528 609 5597 perspicere.
634 5528 882 5597 Plerique
910 5527 1171 5597 siquidem
1214 5528 1459 5585 inimicos
1484 5545 1612 5585 suos
1638 5545 1707 5585 ne
1729 5531 1885 5587 nudis

281 5618 497 5691 quidem
528 5632 592 5672 ac
612 5619 940 5687 simplicibus
968 5619 1274 5675 nominibus
1292 5619 1565 5690 appellare
1592 5622 1882 5691 sustinent,

284 5714 379 5771 Sed
418 5714 536 5769 aliis
574 5712 847 5767 vocabulis
883 5712 1084 5768 odiosis
1125 5727 1223 5768 eos
1266 5713 1588 5769 nominant:
1624 5713 1885 5785 impium,

285 5807 556 5871 insanum,
589 5812 766 5860 mente
796 5813 1041 5876 captum,
1071 5803 1323 5873 delirum,
1349 5805 1688 5876 pestilentem
1715 5824 1730 5862 :
1757 5808 1885 5863 alia-

1320 398 1411 457 ne
1446 392 1708 459 DAVIDE
1743 390 1837 452 er
1872 385 2103 451 saeua
2140 387 2419 449 HOMILIA
2460 389 2502 445 ι.

3461 385 3572 445 ωδ

1958 516 2064 574 que
2087 502 2252 557 multa
2274 506 2603 566 contexunt,
2627 499 2817 571 hisque
2842 498 2994 555 notis
3016 498 3300 571 designant
3330 497 3559 554 hostem.

1958 592 2015 649 Id
2053 607 2175 649 esse
2219 607 2444 659 verum,
2475 592 2732 663 exemMo
2780 607 2888 647 non
2926 591 3139 647 eminus
3171 592 3373 663 petito,
3415 591 3508 646 sed
3539 609 3571 648 ο

1958 683 2206 754 proximo
2233 690 2449 753 sumpto
2469 681 2697 766 docebo,
2725 682 2979 753 nimirum
3008 683 3078 739 ab
3098 682 3206 737 hoc
3234 683 3350 753 ipso
3377 681 3564 745 Same,

1960 777 2047 847 qui
2073 774 2277 846 justum
2304 775 2447 831 hunc
2484 775 2557 832 ob
2594 774 2889 832 vehemens
2936 775 3122 831 odium
3165 790 3273 830 non
3316 775 3574 831 sustinuit

1960 868 2180 938 proprio
2216 880 2412 923 vocare
2455 867 2704 934 nomine,
2733 866 2828 923 sed
2878 881 3003 923 cum
3040 861 3331 939 aliquando
3374 866 3571 922 festum

1959 959 2229 1031 quoddam
2256 959 2646 1025 celebraretur,
2675 959 2964 1030 requirens
2994 974 3149 1025 cum,
3191 958 3437 1026 dicebat,
3456 957 3571 1016 Ubi

1960 1039 2035 1105 est
2058 1050 2199 1120 ﬁlius
2223 1049 2369 1105 Iesse
2391 1049 2413 1122 (
2434 1051 2487 1105 1.
2514 1049 2644 1122 Reg.
2674 1051 2768 1107 20.
2789 1051 2924 1123 27)?
2948 1049 3039 1107 Sic
3075 1059 3263 1107 autem
3283 1051 3573 1122 appellavit

1960 1157 2085 1199 eum
2116 1141 2311 1211 partim
2349 1141 2475 1198 odio
2514 1144 2714 1213 proprii
2758 1142 3025 1211 nominis,
3070 1146 3263 1215 partim
3306 1146 3569 1215 genitoris
3672 1208 3675 1210 η

1961 1234 2220 1289 vilitatem
2249 1244 2463 1299 notans,
2495 1247 2719 1303 sperans
2742 1234 2855 1289 fore
2883 1240 2943 1289 ut
2965 1233 3069 1290 hoc
3095 1244 3251 1306 pacto
3274 1234 3402 1307 justi
3432 1235 3571 1291 fama

1962 1322 2459 1379 contaminaretur:
2493 1322 2634 1379 haud
2674 1323 2985 1395 intelligens
3019 1324 3293 1380 hominem
3339 1325 3574 1381 nobilem

1964 1415 2341 1484 illustremque
2380 1413 2533 1470 reddi
2570 1416 2789 1482 solere,
2821 1430 2929 1470 non
2974 1418 3379 1487 progenitorum
3414 1417 3578 1471 clari-

1968 1514 2110 1571 tate,
2141 1506 2236 1560 sed
2284 1505 2449 1561 animi
2479 1507 2695 1562 virtute.
2734 1510 2803 1562 At
2844 1522 2952 1563 non
3000 1509 3184 1565 itidem
3226 1510 3350 1566 fecit
3390 1510 3580 1566 beatus

1916 1634 1926 1638 -
1969 1596 2157 1652 David.
2188 1595 2375 1667 Neque
2400 1597 2546 1653 enim
2578 1598 2748 1668 patris
2776 1607 3137 1669 cognomento
3162 1601 3371 1656 vocavit
3402 1601 3575 1665 illum,

1965 1702 2288 1759 quamquam
2321 1688 2365 1742 is
2392 1703 2605 1759 quoque
2648 1688 2746 1743 fuit
2772 1688 3061 1745 admodum
3108 1690 3327 1746 humilis
3364 1699 3419 1746 et
3445 1707 3577 1746 con-

1968 1784 2203 1849 temptus
2230 1796 2245 1833 :
2272 1794 2449 1849 neque
2480 1780 2624 1834 nudo
2644 1780 2982 1853 simplicique
3008 1782 3228 1838 nomine
3256 1782 3583 1852 designavit,

1967 1872 2061 1927 sed
2084 1872 2356 1943 dignitatis
2384 1880 2439 1927 et
2467 1870 2798 1942 principatus
2819 1874 2992 1928 titulo.
3017 1872 3202 1943 Usque
3222 1874 3359 1929 adeo
3386 1890 3579 1945 purum

1967 1963 2036 2018 ab
2080 1963 2229 2017 omni
2278 1962 2652 2017 malevolentia
2691 1961 2913 2033 gerebat
2954 1964 3214 2018 animum.
3249 1963 3481 2019 Proinde
3523 1974 3579 2017 tu

1968 2069 2205 2125 quoque,
2232 2054 2510 2109 carissime
2529 2096 2545 2121 ,
2578 2052 2721 2108 hunc
2750 2054 2966 2109 imitans
2991 2096 3005 2121 ,
3036 2056 3167 2111 illud
3200 2056 3250 2109 in
3290 2056 3479 2125 primis
3501 2054 3583 2109 di-

1969 2146 2125 2211 scito,
2161 2132 2229 2201 ne
2270 2160 2523 2215 umquam
2568 2146 2842 2200 inimicum
2884 2145 3087 2201 odiosis
3128 2148 3457 2214 nominibus,
3487 2146 3582 2200 sed

1973 2235 2291 2293 honorificis
2319 2238 2501 2306 potius
2544 2237 2804 2306 appelles.
2842 2237 3055 2291 Etenim
3099 2238 3145 2290 si
3187 2251 3249 2291 os
3288 2238 3589 2293 assueverit

1970 2344 2093 2384 eum
2125 2330 2214 2399 qui
2246 2328 2385 2384 lasit
2417 2329 2639 2384 honoris
2665 2328 3017 2399 obsequiique
3060 2328 3369 2383 nominibus
3395 2330 3584 2397 appel-

1971 2422 2107 2487 lare,
2129 2420 2342 2475 animus
2368 2417 2487 2473 haec
2510 2418 2734 2474 audiens
2752 2432 2783 2473 a
2809 2417 2989 2489 lingua
3014 2417 3205 2474 doctus
3231 2432 3339 2473 non
3360 2416 3588 2487 relugiet

1971 2529 2093 2568 cum
2125 2513 2219 2567 illo
2245 2512 2423 2569 redire
2445 2512 2497 2567 in
2526 2514 2774 2583 gratiam.
2802 2510 2938 2566 Nam
2959 2512 3075 2581 ipsa
3096 2511 3259 2567 verba
3287 2508 3584 2565 remedium

1972 2616 2133 2662 erunt
2160 2605 2420 2675 optimum
2443 2605 2640 2660 ulceris
2670 2607 2722 2658 in
2750 2604 2916 2660 corde
2948 2604 3319 2660 tumescentis.

2047 2697 2100 2751 7.
2141 2696 2313 2752 David
2340 2712 2372 2750 α
2400 2695 2543 2750 nobis
2573 2696 2873 2751 imitandus.
2912 2726 2986 2737 —-
3009 2696 3134 2752 Haec
3160 2709 3303 2750 nunc
3333 2694 3587 2764 loquutus

1973 2805 2113 2859 sum,
2146 2806 2257 2847 non
2285 2798 2490 2845 tantum
2522 2798 2582 2844 ut
2605 2790 2889 2844 laudemus
2916 2789 3198 2854 Davidem,
3222 2787 3318 2842 sed
3344 2796 3400 2841 ut
3420 2801 3588 2841 temu-

1974 2882 2149 2936 Iemur
2176 2896 2409 2951 quoque.
2446 2880 2596 2936 Hanc
2634 2880 2796 2950 igitur
2833 2878 3116 2935 historiam
3142 2879 3195 2933 in
3235 2893 3334 2933 suo
3362 2877 3592 2947 quisque

1975 2972 2141 3026 corde
2165 2970 2266 3025 sibi
2296 2970 2585 3040 depingat,
2622 2972 3080 3040 contemplatione
3110 2970 3271 3025 veluti
3302 2984 3465 3022 manu
3504 2982 3592 3020 as-

1976 3060 2130 3117 sidue
2167 3060 2222 3115 In
2254 3066 2433 3115 mente
2458 3059 2739 3114 delineans
2767 3061 3080 3128 speluncam
3110 3059 3254 3113 illam
3294 3057 3585 3127 duplicem,

1978 3155 2153 3224 ipsum
2194 3151 2411 3208 Sahlem
2440 3149 2585 3205 intus
2609 3149 2969 3206 dormientem
2990 3191 3005 3215 ,
3031 3164 3331 3219 somnoque
3367 3147 3593 3219 perinde

1980 3255 2035 3300 ut
2075 3252 2265 3299 catena
2312 3242 2590 3308 vinctum,
2634 3241 2753 3309 ejus
2797 3255 2957 3310 quem
3010 3239 3330 3310 gravissime
3378 3234 3593 3294 la-serat

1974 3337 2183 3393 dextrae
2228 3334 2572 3403 subjectum;
2622 3331 2791 3387 David
2838 3332 3208 3387 imminentem
3261 3331 3589 3395 dormienti,

1978 3434 2273 3497 przesen'tes
2304 3424 2522 3488 milites,
2552 3429 2609 3499 et
2634 3422 2703 3476 ad
2729 3422 2931 3477 cmdem
2958 3422 3347 3485 adhortantes;
3375 3424 3591 3476 beatum

1980 3522 2128 3575 illum
2170 3516 2639 3589 philosophantem
2666 3558 2681 3581 ,
2712 3514 2818 3570 hoc
2860 3522 2970 3581 est,
3005 3521 3059 3569 et
3097 3528 3251 3568 suam
3291 3522 3347 3570 et
3376 3514 3589 3568 illorum

1980 3612 2114 3667 iram
2136 3609 2503 3671 cohibentem,
2536 3620 2768 3675 eumque
2793 3606 2883 3676 qui
2915 3614 3022 3659 tam
3052 3605 3217 3660 multa
3247 3614 3589 3674 peccaverat,

1980 3707 2348 3757 excusantem.
2378 3696 2505 3752 Haec
2530 3738 2544 3760 ,
2578 3696 2816 3763 inquam,
2847 3710 2953 3750 non
2986 3696 3159 3750 solum
3203 3695 3257 3750 in
3284 3696 3465 3749 animo
3493 3694 3590 3749 de-

1984 3793 2286 3863 pingamus,
2316 3803 2503 3843 verum
2530 3786 2692 3842 etiam
2728 3786 2781 3840 in
2811 3785 3159 3841 consessibus
3186 3784 3327 3839 inter
3358 3798 3459 3838 nos
3502 3800 3593 3836 ειη-

1980 3884 2133 3939 sidue
2161 3882 2485 3950 loquamur:
2518 3878 2618 3933 has
2651 3877 2791 3947 apud
2820 3891 3063 3941 uxorem,
3098 3875 3196 3930 has
3222 3874 3360 3945 apud
3395 3874 3595 3931 liberos

1981 3976 2291 4047 frequenter
2344 3984 2668 4027 renovamus
2719 3969 3074 4024 narrationes.
3105 3966 3320 4023 Etenim
3365 3967 3481 4023 sive
3527 3968 3597 4023 de

1981 4081 2107 4136 rege
2135 4064 2278 4134 loqui
2310 4062 2483 4132 voles,
2502 4076 2630 4117 ecce
2659 4076 2750 4115 rex
2781 4075 2799 4114 :
2825 4060 2939 4115 sive
2964 4059 3032 4114 de
3062 4059 3341 4126 militibus,
3372 4060 3486 4115 sive
3526 4060 3596 4116 de

1982 4172 2042 4211 re
2087 4153 2375 4218 familiari,
2400 4142 2514 4207 sive
2553 4151 2622 4206 de
2671 4150 2899 4220 publicis
2928 4149 3284 4221 civilibusque
3328 4151 3593 4222 negotiis,

1985 4247 2194 4303 videbis
2214 4247 2265 4299 in
2291 4244 2585 4313 Scripturis
2605 4243 2798 4297 horum
2822 4243 3062 4296 omnium
3088 4256 3337 4313 magnam
3357 4240 3594 4313 copiani.

1984 4336 2301 4407 Hujusmodi
2328 4336 2874 4391 commemorationes
2905 4334 3193 4388 maximam
3221 4334 3457 4389 aﬂ‘erunt
3490 4335 3597 4389 uti-

1984 4433 2211 4487 litatem.
2249 4427 2585 4499 lmpossibile
2609 4435 2691 4482 est
2726 4426 2870 4482 enim
2896 4467 2911 4495 ,
2942 4425 3305 4496 impossibile,
3336 4426 3555 4498 inquam
3577 4468 3595 4493 ,

1982 4538 2087 4592 est,
2115 4527 2351 4582 animum
2392 4523 2446 4577 in
2477 4520 2783 4590 huiusmodi
2811 4519 3053 4575 historiis
3077 4528 3406 4587 versantem,
3435 4534 3467 4575 a
3492 4534 3595 4575 cu-

1984 4619 2298 4693 piditatibus
2326 4615 2593 4687 superari.
2620 4612 2766 4685 Ergo
2786 4627 2855 4668 ne
2880 4621 3093 4684 tempus
3116 4613 3377 4669 inutiliter
3401 4627 3598 4669 consu-

1985 4724 2219 4775 mamus,
2242 4722 2379 4763 neve
2403 4706 2569 4759 vitam
2601 4712 2841 4760 nostram
2873 4701 3071 4757 frustra
3098 4710 3336 4758 teramus
3358 4702 3411 4759 in
3438 4706 3602 4777 nugis

1988 4800 2184 4871 ineptis
2214 4814 2277 4853 ac
2311 4795 2757 4868 supervacaneis,
2786 4794 3004 4849 fortium
3043 4792 3285 4848 virorum
3326 4793 3598 4849 discamus

1988 4908 2075 4950 res
2117 4901 2318 4963 gestas,
2352 4905 2417 4945 ac
2456 4889 2525 4945 de
2565 4888 2647 4944 his
2692 4886 2911 4942 assidue
2949 4885 3300 4943 disseramus.
3353 4886 3506 4954 Quod
3554 4887 3599 4940 si

1988 4985 2107 5057 quis
2138 4985 2191 5039 in
2219 4994 2478 5037 consessu
2519 4978 2752 5034 Voluerit
2780 4988 2872 5033 aut
2908 4977 2977 5032 de
3021 4978 3378 5047 spectaculis,
3408 4988 3498 5032 aut
3534 4978 3600 5033 de

1988 5092 2147 5131 cursu
2177 5086 2463 5144 equorum,
2486 5080 2578 5126 aut
2597 5070 2666 5126 de
2690 5070 2854 5126 rebus
2880 5069 3013 5124 nihil
3035 5068 3102 5122 ad
3130 5076 3182 5124 te
3206 5068 3603 5139 pertinentibus

1988 5166 2149 5221 verba
2179 5163 2381 5229 facere,
2413 5162 2481 5216 ab
2526 5161 2616 5216 illa
2656 5160 2883 5217 materia
2927 5159 3011 5215 fac
3036 5176 3161 5215 eum
3188 5174 3432 5227 revoces,
3463 5168 3519 5217 et
3548 5160 3600 5213 in

1989 5257 2253 5328 ejusmodi
2280 5255 2644 5312 narrationem
2686 5255 2929 5319 inducas,
2956 5269 3064 5325 quo
3089 5253 3249 5309 simul
3283 5263 3337 5309 et
3363 5260 3604 5325 purgatis

1990 5349 2212 5414 animis,
2244 5357 2301 5403 et
2332 5348 2630 5417 voluptate,
2666 5363 2786 5418 qua:
2819 5347 3058 5418 periculo
3084 5356 3299 5414 careat,
3326 5347 3601 5415 delectati,

1990 5442 2225 5511 denique
2265 5438 2368 5509 ipsi
2404 5439 2565 5494 mites
2593 5453 2658 5493 ac
2687 5439 2979 5509 placabiles
3017 5453 3145 5510 erga
3189 5448 3417 5494 cunctos
3462 5440 3604 5493 male

1991 5534 2060 5588 de
2090 5531 2244 5587 nobis
2273 5530 2497 5585 meritos
2527 5528 2673 5597 facti,
2697 5546 2764 5585 ex
2809 5530 2910 5587 hac
2945 5532 3049 5586 vita
3093 5531 3407 5601 migrcmus,
3433 5531 3486 5585 in
3519 5529 3600 5584 fu-

1993 5636 2114 5681 turo
2140 5623 2339 5680 saeculo
2372 5622 2579 5699 nullum
2622 5623 2882 5680 habentes
2923 5624 3230 5688 inimicum,
3271 5624 3409 5680 bona
3438 5625 3599 5679 etiam

1993 5728 2195 5771 :eterna
2234 5728 2653 5786 consequamur,
2694 5715 2864 5784 gratia
2892 5723 2948 5769 et
2986 5714 3227 5769 bonitate
3266 5714 3475 5771 Domitii
3505 5728 3599 5770 no-

1996 5809 2091 5863 stri
2120 5804 2247 5862 .Icsu
2276 5805 2500 5875 Christi,
2527 5805 2612 5862 cui
2640 5804 2809 5877 gloria
2841 5805 2894 5860 in
2922 5806 3136 5862 saecula.
3162 5808 3358 5863 Amce.
