4178 6330
607 375 710 435 081

1203 469 1484 538 IIOMILIA
1521 467 1587 523 11.

607 593 759 663 Quod
776 604 1015 663 magnum
1032 589 1095 643 sit
1121 588 1330 649 bonum,
1355 600 1456 638 non
1481 591 1676 636 tantum
1695 592 1923 633 maere
1942 579 2193 638 virtutem,

677 681 998 744 amictum
1035 677 1247 734 laudare
1273 692 1292 731 :
1314 674 1545 745 quodque
1589 669 1754 724 David
1787 667 2194 739 magniﬁcentius

678 774 927 836 tropcum
966 763 1178 818 nexerit
1219 757 1470 832 parcendo
1517 754 1666 809 Sutili
1688 793 1704 817 ,
1749 767 1902 822 quam
1943 757 2197 820 prostrato

673 854 882 910 Goliatlt
902 854 1160 924 :quodqse
1172 852 1278 904 hcc
1293 848 1483 919 faciens
1501 842 1662 914 magis
1677 840 1920 912 profuerit
1934 839 2029 893 sibi
2046 853 2197 909 quam

678 947 831 1003 Statili
854 964 875 1001 :
899 946 1058 1016 deque
1075 940 1396 998 excusatione
1419 938 1579 1008 ipsius
1602 935 1742 1006 apud
1767 933 1995 989 Sadlem.

682 1065 734 1119 1.
761 1059 998 1117 Laudare
1020 1058 1199 1112 uirtute
1235 1053 1476 1124 prcditos
1502 1049 1726 1120 prodest.
1750 1075 1825 1088 -—
1841 1045 1952 1100 Vos
1981 1044 2196 1115 quidem

611 1167 786 1223 nuper
822 1147 1078 1204 laudastis
1106 1143 1363 1200 Davidem
1393 1141 1466 1196 ob
1507 1139 1768 1194 maiorum
1818 1137 2196 1199 tolerantiam;

605 1258 709 1314 ego
731 1241 963 1296 vicissim
989 1235 1290 1293 admirabar
1329 1241 1563 1288 vestram
1598 1245 1723 1298 erga
1755 1228 2006 1282 Davidem
2038 1226 2198 1280 bene-

606 1333 895 1388 volentiam
934 1344 998 1384 ac
1038 1326 1278 1382 caritatis
1319 1323 1590 1378 aﬂ‘ectum.
1639 1318 1754 1374 Non
1803 1317 1945 1371 enim
1988 1323 2200 1385 oportet

607 1421 760 1476 adire
807 1419 969 1474 modo
996 1427 1051 1474 et
1089 1414 1328 1472 :emniari
1370 1413 1656 1473 virtutem,
1705 1406 2056 1464 verumetiam
2103 1419 2199 1460 eos

606 1512 698 1583 qui
726 1513 976 1566 virtutem
1005 1508 1402 1576 amplectuntur
1419 1544 1434 1568 ,
1461 1501 1706 1557 laudibus
1734 1499 2001 1566 evehere,
2029 1505 2086 1553 et
2105 1497 2200 1552 ad.

607 1583 1236 1668 tnirandos'prardicare,
1270 1594 1425 1648 nobis
1455 1592 1685 1646 fructum
1713 1589 1940 1658 aliquem
1967 1601 2200 1655 eumque

608 1678 763 1748 haud.
797 1681 1072 1760 vulgarem
1126 1685 1320 1741 aﬂ'ert:
1363 1679 1814 1754 quemadmodum
1857 1691 1925 1733 ex
1967 1675 2200 1731 adverso

608 1783 928 1854 pravitatem
959 1796 1064 1836 non
1097 1777 1332 1833 aemulari
1375 1783 1600 1837 tantum,
1642 1768 1992 1827 verumetiam
2034 1768 2087 1822 in
2133 1783 2197 1824 ea

609 1875 847 1929 viventes
889 1871 1143 1935 laudare,
1191 1858 1505 1936 supplicium
1547 1861 1692 1917 haud
1736 1860 2006 1916 mediocre
2047 1857 2201 1912 nobis

608 1974 759 2030 parat
776 1982 791 2018 :
809 1973 865 2018 et
890 1965 933 2016 si
952 1962 1029 2016 l'as
1057 1970 1140 2016 est
1162 1957 1410 2025 quiddam
1437 1970 1632 2010 novum
1653 1961 1708 2006 et
1732 1948 2100 2006 admirandum
2120 1947 2202 2004 di-

608 2070 767 2118 cere,
792 2054 1007 2124 gravius
1033 2049 1354 2122 supplicium
1383 2053 1564 2101 manet
1589 2044 1729 2109 illos,
1761 2057 1920 2112 quam
1945 2042 2089 2110 ipsos
2110 2039 2200 2109 qui

611 2143 750 2197 male
775 2145 974 2196 vivunt.
1001 2138 1056 2206 Id
1079 2138 1361 2201 declarans
1381 2134 1600 2202 Paulus,
1623 2141 1964 2204 posteaquam
1987 2143 2202 2186 omnem

616 2231 830 2287 malitia:
871 2230 1107 2301 speciem
1136 2215 1507 2284 enumerasset
1528 2265 1544 2290 ,
1577 2231 1988 2290 accusassetque
2013 2209 2204 2296 omnes

613 2324 702 2394 qui
732 2323 876 2392 leges
903 2323 995 2395 Dei
1023 2320 1360 2384 conculcant,
1391 2317 1462 2372 de
1490 2316 1598 2372 illis
1624 2315 1754 2385 ipsis
1809 2311 2062 2382 subiicit:
2096 2309 2201 2376 Qui

615 2427 733 2465 rum
758 2403 856 2465 Dei
859 2411 1135 2479 justitiam
1150 2418 1374 2476 nossent,
1395 2405 1533 2479 quod
1557 2403 1645 2476 qui
1668 2404 1792 2459 talio
1814 2406 2029 2474 faciunt,
2061 2402 2203 2473 digni

612 2511 732 2559 sunt
761 2489 948 2563 morte.
994 2518 1108 2561 non.
1143 2500 1305 2568 solum
1335 2514 1396 2553 at
1432 2498 1649 2569 faciunt,
1679 2495 1768 2550 sed
1792 2504 1839 2550 et
1877 2495 2205 2565 comprobant

615 2594 714 2662 illa.
731 2593 974 2667 facientes
1004 2607 1028 2646 .'
1069 2590 1182 2646 ideo
1207 2588 1566 2645 inexcusabilis
1595 2603 1668 2651 es,
1695 2603 1726 2641 ο
1755 2587 1904 2640 homo
1924 2584 1944 2654 (
1965 2583 2203 2666 Ronnl.

619 2686 712 2740 se.
735 2661 784 2738 ὲκ
803 2676 852 2736 'c.
876 2683 932 2736 ε.
966 2700 1013 2737 υ.
1045 2683 1122 2752 ι).
1153 2681 1314 2736 Vides
1339 2694 1463 2735 eum
1486 2679 1559 2734 ita
1588 2677 1728 2748 loqui
1749 2685 1808 2732 ut
1829 2673 2080 2735 ostendat
2101 2661 2206 2728 hoc

617 2789 740 2831 esse
762 2773 978 2844 gravius
1005 2772 1117 2827 illo.
1147 2770 1281 2831 Nam
1310 2768 1532 2827 laudare,
1551 2764 1943 2836 delinquentes,
1970 2762 2114 2834 quod
2137 2761 2206 2817 ad

616 2864 933 2943 supplicium
951 2862 1212 2932 pertinet,
1234 2860 1390 2930 longe
1416 2857 1535 2928 plus
1558 2866 1644 2912 est
1669 2869 1833 2927 quam
1851 2854 2165 2924 delinquere
2187 2853 2208 2911 ἐ

583 2955 780 3026 "idque
805 2953 927 3026 jure
956 2953 1177 3018 merito,
1205 2952 1327 3023 quia
1365 2950 1469 3005 hoc
1507 2947 1816 3018 sun‘ragium
1857 2946 2210 3017 proﬁciscitur

617 3048 688 3104 ab
715 3046 895 3104 animo
924 3047 1080 3116 plane
1100 3051 1359 3111 corrupto
1378 3083 1392 3105 ,
1425 3050 1481 3096 et
1518 3038 1799 3094 insanabili
1839 3037 2028 3092 morbo
2053 3036 2208 3092 labo-

617 3146 794 3193 ramo.
819 3134 1092 3205 Siquidem
1115 3134 1162 3188 is
1185 3132 1272 3201 qui
1293 3132 1418 3188 dum
1442 3136 1647 3200 peccat,
1675 3125 1995 3183 condemnat
2017 3140 2208 3196 pecca-

624 3238 738 3295 tum
766 3243 962 3294 sum,
989 3224 1189 3296 poterit
1218 3220 1507 3292 aliquando
1543 3214 1804 3289 temporis
1832 3230 2117 3288 progressu
2141 3216 2212 3271 ad

620 3333 680 3374 se
705 3317 916 3382 redire;
937 3316 1028 3387 qui
1064 3329 1194 3377 vero
1221 3313 1404 3368 laudat
1432 3309 1690 3366 malitiam
1709 3350 1725 3374 ,
1756 3307 1802 3363 is
1827 3307 2063 3376 seipsum
2099 3307 2210 3377 pri-

623 3410 765 3481 vavit
786 3408 1082 3477 curatione,
1107 3421 1267 3476 quam
1288 3402 1446 3458 aﬂert
1475 3399 1807 3472 pmuitentia.
1831 3397 2062 3454 Proinde
2091 3412 2210 3454 me-

621 3484 730 3556 rito
753 3496 946 3577 Paulus
981 3493 1344 3567 pronuntiavit
1367 3493 1470 3549 hoc
1497 3491 1592 3548 illo
1616 3505 1737 3547 esse
1764 3490 1997 3563 gravius.
2029 3489 2212 3560 itaque

623 3591 895 3659 sicutnon
947 3597 1155 3644 tantum
1201 3587 1238 3642 ii
1258 3586 1349 3656 qui
1387 3598 1554 3656 prava
1578 3583 1814 3650 iaciunt,
1861 3582 2209 3638 verumetiam

623 3683 713 3754 qui
757 3684 889 3738 tales
925 3681 1145 3754 laudant
1169 3693 1234 3733 ac
1259 3676 1551 3748 praedicant
1573 3717 1590 3741 ,
1617 3675 1859 3729 eamdem
1881 3713 1898 3738 ,
1929 3681 2022 3727 aut
2050 3672 2211 3726 etiam

623 3771 922 3843 graviorem
949 3784 1160 3840 pinnam
1188 3766 1484 3839 sortiuntur
1513 3781 1530 3820 :
1559 3764 1630 3819 ita
1655 3763 1744 3833 qui
1771 3762 1942 3818 bonos
1968 3760 2216 3816 laudibus

624 3862 930 3934 vehuntvac
970 3858 1265 3928 praedicant
1299 3897 1316 3924 ,
1357 3868 1676 3911 coronarum
1718 3851 1822 3907 illis
1859 3849 2215 3934 repositorum

625 3952 762 4006 ﬁunt
783 3932 1091 4022 participes.
1116 3946 1273 4016 Quod
1295 3947 1471 4014 ipsum
1493 3945 1568 4012 us
1594 3956 1716 3999 esse
1739 3958 1772 4000 θ
1791 3932 2074 4019 Scriptura
2089 3938 2218 4022 licet

623 4009 946 4114 Pcﬂpicere.
977 4009 1291 4102 Demsfenim
1318 4009 1391 4093 ita
1429 4009 1664 4106 loquitur
1690 4009 1928 4090 Abrahae
1951 4049 1967 4082 :
2000 4009 2218 4114 Benedi-

625 4110 849 4198 sentibus
870 4131 956 4185 tibi
981 4129 1289 4193 benedicam,
1312 4136 1357 4179 et
1377 4124 1791 4180 maledicentibus
1810 4121 1898 4176 tibi
1917 4110 2217 4175 maledicunt

627 4221 799 4293 (Gen.
832 4220 919 4292 t2.
949 4221 1042 4292 3,).
1072 4218 1222 4291 Idem
1258 4219 1314 4282 in.
1339 4214 1632 4286 Olympicis
1670 4199 2051 4268 certaminibus
2079 4209 2220 4269 acci-

624 4314 754 4386 dere
781 4311 977 4369 videbit
1008 4307 1417 4385 quivis._Neque
1435 4305 1578 4377 enim
1605 4303 1804 4360 athleta
1831 4310 2038 4386 tantum.
2055 4313 2214 4357 coro-

627 4380 749 4461 nam
773 4394 1008 4478 gestans.
1028 4380 1204 4478 natiue
1225 4399 1313 4468 qui
1344 4396 1586 4451 laborem
1609 4407 1674 4449 ac
1701 4390 1952 4448 sudorem
1997 4380 2222 4461 pertulit

627 4494 807 4562 modo,
839 4507 1023 4547 verum
1046 4500 1102 4546 et
1125 4491 1169 4546 is
1192 4489 1282 4559 qui
1305 4486 1487 4557 laudat
1508 4484 1786 4546 victorem,
1819 4496 1925 4551 non
1947 4481 2219 4546 minimam

628 4586 800 4641 laudis
837 4585 981 4639 illius
1007 4584 1333 4652 voluptatem
1374 4578 1633 4651 decerpit.
1664 4577 2005 4646 Quapropter
2032 4582 2087 4630 et
2119 4589 2220 4644 ego

629 4692 734 4731 non
761 4675 934 4747 solum
961 4686 1279 4745 generosum
1301 4670 1450 4725 illum
1471 4683 1532 4724 ac
1548 4666 1944 4737 magnanimum
1965 4665 2036 4722 ob
2053 4664 2220 4720 animi

629 4765 1018 4836 philosophiam
1059 4763 1270 4817 beatum
1299 4759 1533 4832 przedico
1555 4799 1571 4822 ,
1603 4772 1788 4813 verum
1820 4764 1876 4810 et
1904 4769 2000 4808 vos
2025 4755 2096 4810 ob
2120 4755 2220 4810 be-

628 4857 877 4913 nevolum
909 4870 1030 4924 erga
1061 4854 1210 4908 illum
1237 4852 1494 4906 animum.
1527 4847 1622 4903 llie
1646 4861 1878 4915 namque
1904 4845 2130 4900 certavit
2157 4859 2222 4900 ac

629 4949 798 5012 vicit,
829 4950 1204 5016 coronamque
1238 4941 1351 4995 tulit
1383 4956 1398 4993 :
1439 4953 1533 4993 vos
1563 4945 1738 4993 autem
1779 4937 1902 5008 quia
1947 4935 2223 4990 victoriam

626 5037 902 5103 Iaudastis,
919 5052 1025 5091 non
1048 5034 1366 5090 mediocrem
1388 5045 1600 5087 corona:
1620 5037 1825 5100 partem
1842 5029 1993 5084 vobis
2011 5029 2223 5083 tulistis.

630 5130 700 5186 Ut
737 5130 895 5200 igitur
939 5127 1160 5182 uberior
1185 5126 1255 5180 sit
1298 5123 1450 5177 vobis
1495 5123 1596 5178 ista
1624 5120 1867 5190 voluptas
1891 5161 1905 5183 ,
1935 5135 1996 5174 ac
2023 5119 2227 5175 fructus

629 5221 982 5276 abundantior
1009 5262 1021 5282 ,
1053 5217 1277 5288 agedum
1309 5216 1544 5284 reliquas
1567 5228 1777 5284 quoque
1808 5213 1962 5281 hujus
1990 5211 2227 5267 historiae

632 5322 810 5380 partes
833 5309 977 5365 vobis
1001 5308 1389 5378 perSOIv'amus.
1411 5307 1542 5362 Cum
1569 5303 1806 5358 historiae
1834 5304 2061 5370 scriptor
2084 5317 2230 5355 com-

637 5413 992 5457 memorasset
1019 5402 1177 5456 verba
1191 5396 1216 5465 ’,
1244 5399 1438 5470 quibus
1468 5395 1629 5452 David
1661 5395 1860 5466 easdem
1889 5392 2194 5462 reprobavit
2214 5434 2228 5453 ,

637 5497 861 5565 subjecit
887 5494 1049 5558 :Non
1080 5494 1302 5562 permisit
1327 5492 1452 5555 illis,
1496 5499 1552 5546 ut
1577 5498 1842 5558 surgerent
1866 5487 2229 5541 etocciderent

641 5584 769 5641 Sut'ti
801 5586 886 5655 (1.
920 5584 1044 5656 Reg.
1079 5585 1168 5640 Si.
1204 5584 1279 5654 8)
1309 5602 1321 5634 :
1354 5584 1509 5638 simul
1552 5589 1609 5637 et
1654 5579 1866 5634 illorum
1910 5577 2116 5631 animos
2162 5575 2228 5630 ad

641 5671 837 5733 mrdem
869 5689 1161 5750 promptos,
1191 5687 1244 5733 et
1272 5676 1427 5747 hujus
1471 5671 1832 5730 fortitudinem
1859 5670 2232 5726 demonstran

615 5771 840 5828 volens.
893 5773 958 5828 At
1004 5771 1151 5829 multi
1215 5767 1481 5838 sancqui
1527 5764 1774 5826 videnlur
1816 5761 2178 5838 philosophari
2208 5805 2224 5836 ,

1389 360 1448 418 S.
1486 355 1766 416 JOANNIS
1800 349 2278 412 CHRYSOS‘I'OIII
2317 347 2638 408 ARCHIEP.
2678 344 3220 406 CONSTANTINOP.

3797 337 3904 402 ωε

2300 460 2509 516 etiamsi
2541 459 2640 529 ipsi
2672 459 2727 514 iu
2752 474 2813 514 se
2843 473 2948 513 non
2975 457 3239 528 recipiunt
3283 453 3628 511 homicidium
3651 494 3670 520 ,
3711 454 3904 509 nolunt

2302 546 2480 606 tamen
2510 551 2645 607 alios
2681 550 2773 619 qui
2801 550 3001 604 caedem
3049 558 3238 620 parant
3258 546 3550 604 cohibere.
3578 546 3648 599 At
3677 558 3789 599 non
3830 545 3902 600 ita

2303 640 2488 708 David,
2516 641 2609 696 sed
2635 639 2855 710 perinde
2876 653 2938 693 ac
2959 639 3005 693 si
3025 638 3326 709 depositum
3345 634 3559 707 aliquod
3578 634 3904 704 accepisset.

2301 747 2398 804 pro
2438 750 2548 806 quo
2573 735 2836 789 ratiunem
2878 732 3184 787 redditurus
3212 739 3398 793 esset,
3443 730 3514 784 ita
3543 742 3654 783 non
3693 736 3903 781 tantum

2301 828 2416 896 ipse
2444 841 2549 881 non
2577 827 2753 896 attigit
2779 825 3073 888 inimicum,
3099 838 3283 881 verum
3305 823 3468 878 etiam
3493 822 3630 876 alios
3657 818 3906 875 occidere

2300 918 2542 973 volentes
2566 919 2827 984 coercuit,
2855 917 3072 972 satelles
3103 916 3338 986 optimus
3362 924 3418 969 et
3451 915 3698 983 corporis
3721 925 3905 970 custos

2303 1025 2398 1080 pro
2415 1009 2568 1065 hoste
2589 1008 2777 1064 factus.
2800 1010 2985 1079 Itaque
3004 1024 3110 1063 non
3130 995 3392 1063 aberrarit
3405 1021 3434 1059 a
3453 1007 3722 1086 vemnqui
3743 1005 3908 1072 dicat,

2303 1099 2557 1155 Davidem
2587 1099 2641 1154 id
2682 1101 2940 1170 temporis
2969 1099 3022 1153 in
3050 1098 3270 1169 gravius
3299 1097 3548 1152 incidisse
3574 1095 3870 1151 discrimen
3891 1136 3908 1162 ,

2300 1207 2460 1263 quam
2492 1192 2664 1262 ipsum
2704 1183 2948 1247 Saﬁlem.
2976 1190 3164 1258 Neque
3191 1190 3336 1243 enim
3367 1188 3486 1243 leve
3513 1198 3789 1244 certamen
3817 1199 3912 1257 pe-

2301 1283 2634 1354 riculumque
2655 1281 2969 1344 sustinebat,
2993 1280 3122 1334 dum
3146 1279 3394 1334 omnibus
3419 1277 3590 1333 modis
3612 1277 3912 1333 conabatur

2302 1374 2448 1430 illum
2487 1374 2558 1430 ab
2599 1373 2807 1428 insidiis
2831 1373 3079 1443 eripere,
3111 1385 3246 1441 quas
3273 1371 3320 1425 ei
3364 1368 3622 1440 parabant
3661 1369 3864 1425 milites
3893 1386 3908 1424 :

2301 1476 2476 1534 neque
2498 1463 2724 1536 perinde
2750 1464 3020 1519 metuebat
3037 1477 3104 1517 ne
3124 1465 3238 1532 ipse
3255 1461 3603 1526 occideretur,
3625 1475 3690 1515 ac
3720 1457 3913 1515 fortui-

2302 1553 2461 1611 dahst
2489 1569 2558 1610 ne
2587 1555 2708 1625 quis
2736 1554 2962 1611 militum
2994 1553 3089 1606 ine
3112 1552 3416 1619 obsequens
3448 1551 3779 1606 interﬁceret
3806 1549 3910 1605 bo-

2301 1645 2501 1700 minem
2531 1661 2546 1698 :
2578 1658 2805 1713 eamque
2834 1644 2904 1698 ob
2933 1658 3149 1698 causam
3171 1641 3439 1710 ejusmodi
3459 1651 3800 1696 commentus
3819 1651 3908 1697 est

2301 1735 2725 1791 excusationem.
2763 1736 2936 1803 Atque
2962 1733 3039 1787 illi
3065 1733 3280 1803 quidem
3317 1731 3660 1796 accusabant,
3688 1746 3912 1788 accusa-

2302 1827 2460 1882 batur
2485 1835 2664 1883 autem
2705 1827 2836 1882 Sani"
2863 1825 3140 1880 dormiens
3169 1865 3183 1887 .
3215 1824 3312 1879 sed
3342 1823 3578 1880 defendit
3621 1823 3870 1879 inimicus
3895 1866 3911 1890 ,

2307 1920 2450 1974 Deus
2483 1933 2614 1972 vero
2633 1915 2795 1987 judes
2828 1923 2979 1981 erat,
3010 1930 3072 1969 ac
3101 1914 3317 1968 Davidis
3344 1915 3669 1971 sententiam
3707 1913 3914 1969 contir-

2304 2011 2487 2066 mavit;
2510 2008 2693 2080 Neque
2714 2008 2854 2064 enim
2881 2009 3084 2077 absque
3110 2005 3205 2061 Dei
3223 2005 3484 2075 prasidio
3504 2005 3763 2061 valuisset
3781 2007 3917 2067 illus

2307 2102 2544 2159 furentes
2563 2103 2780 2158 vincere
2805 2119 2817 2156 :
2846 2101 2941 2156 sed
2966 2102 3082 2155 hinc
3103 2106 3219 2155 erat
3241 2099 3333 2154 Dei
3357 2098 3523 2170 gratia
3554 2099 3608 2153 in
3635 2097 3916 2169 prophette

2299 2194 2461 2253 labiis
2487 2193 2732 2249 residens
2749 2233 2765 2255 ,
2791 2207 2911 2261 qua.I
2936 2191 3096 2246 veluti
3123 2189 3408 2261 suadelam,
3433 2190 3721 2260 quamdam
3751 2187 3916 2243 adde-

2305 2281 2588 2340 bat‘illius
2631 2285 2828 2338 verbis.
2871 2282 3104 2338 Tametsi
3142 2282 3249 2336 non
3310 2282 3428 2336 leve
3480 2290 3812 2336 momentum
3859 2290 3917 2336 et

2307 2377 2474 2433 David
2492 2377 2598 2433 huc
2621 2366 2820 2442 attulit,
2843 2375 2933 2446 qui
2955 2355 3208 2445 quoniam
3232 2374 3352 2429 illos
3373 2372 3652 2444 superiore
3674 2382 3919 2442 tempore

2306 2469 2386 2524 sic
2410 2469 2746 2533 instituerat,
2774 2466 2973 2521 idcirco
2999 2468 3052 2519 in
3091 2466 3319 2519 articulo
3347 2463 3664 2519 certaminis
3701 2475 3918 2532 paratos

2308 2557 2429 2613 illos
2453 2571 2518 2612 ac
2561 2557 2856 2628 morigeros
2885 2556 3109 2624 reperit.
3151 2553 3445 2608 Prasiuerat
3485 2553 3629 2608 enim
3670 2552 3776 2607 illis
3805 2567 3918 2607 nou

2308 2656 2368 2703 ut
2391 2646 2516 2702 belli
2542 2646 2648 2701 dux
2679 2645 2936 2704 militibus
2956 2687 2971 2709 ,
3001 2644 3096 2701 sed
3133 2654 3191 2700 ut
3232 2644 3485 2700 sacerdos
3509 2683 3523 2709 ,
3551 2642 3772 2714 jamque
3794 2658 3921 2714 spe-

2309 2738 2467 2793 lunca
2497 2737 2584 2794 illa
2611 2746 2730 2793 erat
2757 2736 3011 2792 ecclesia.

2383 2829 2708 2899 Sacriﬁcium
2753 2827 2903 2897 oﬂ'ert
2941 2826 3051 2883 Deo
3103 2825 3269 2881 David
3293 2869 3311 2895 ,
3355 2826 3630 2881 immutans
3668 2826 3820 2880 iram
3847 2855 3926 2870 —-

2310 2922 2402 2978 Sic
2424 2919 2876 2991 quemadmodum
2911 2918 3105 2989 aliquis
3137 2917 3376 2990 episcolii
3419 2917 3641 2973 sortitus
3677 2931 3879 2988 munus
3900 2959 3917 2984 ,

2310 3014 2378 3070 ad
2409 3014 2531 3069 illos
2553 3013 2868 3069 concionem
2902 3011 3132 3067 habebat
3157 3050 3174 3076 ,
3205 3025 3268 3065 ac
3299 3019 3514 3080 peracta
3544 3010 3807 3064 concione
3833 3024 3924 3064 sa-

2311 3104 2571 3159 crilicium
2597 3103 2811 3169 obtulit,
2843 3102 3003 3171 idque
3023 3096 3338 3155 admirabile
3367 3098 3638 3168 quoddam
3667 3098 3924 3170 dictuque

2313 3195 2647 3261 incredibile,
2680 3210 2789 3250 non
2815 3203 3050 3249 mactato
3075 3194 3240 3248 vitulo
3259 3232 3276 3258 ,
3305 3201 3397 3246 aut
3424 3191 3607 3247 occiso
3632 3205 3795 3262 agno,
3823 3190 3921 3246 sed

2313 3288 2458 3362 quod
2491 3287 2574 3342 his
2605 3293 2722 3341 erat
2763 3284 2930 3339 multo
2955 3283 3422 3349 honoriﬁcentius,
3451 3279 3924 3360 mansuetudinem

2314 3355 2372 3436 et
2419 3377 2802 3434 humanitatem
2863 3374 3100 3430 odere-ns
3151 3375 3266 3430 Dco
3297 3412 3314 3437 ,
3364 3381 3526 3443 atque
3563 3355 3925 3426 irrationabili

2314 3470 2662 3537 animimotu
2690 3477 2944 3534 mactato,
2967 3466 3253 3535 occisaque
3297 3463 3593 3531 iracundia,
3623 3472 3678 3518 et
3699 3464 3930 3518 ωσι·ιίη.

2316 3562 2450 3628 catis
2480 3559 2759 3623 membris,
2785 3572 2904 3627 quae
2942 3564 3067 3610 sunt
3090 3570 3252 3624 super
3280 3562 3502 3609 terram.
3543 3551 3612 3608 Et
3638 3551 3808 3608 factum
3843 3565 3932 3608 est

2317 3654 2459 3711 idem
2487 3663 2598 3708 tum
2625 3651 2838 3707 victima
2857 3691 2874 3717 ,
2907 3658 3018 3706 tum
3046 3647 3372 3703 sacriiieatus
3395 3686 3412 3713 ,
3439 3655 3559 3712 tum,
3573 3645 3744 3702 altare
3773 3643 3928 3715 (Col.

2319 3747 2372 3801 3.
2405 3746 2440 3802 5
2459 3747 2500 3816 ).
2518 3742 2793 3814 Siquidem
2819 3740 2875 3797 et
2896 3740 3033 3795 ratio
3047 3754 3167 3810 qua:
3182 3735 3446 3794 oll‘erebat
3458 3725 3928 3792 mansuetudinem

2319 3847 2481 3907 atque
2505 3833 2912 3895 humanitatem,
2931 3841 2988 3886 et
3001 3830 3114 3899 ipsa
3131 3827 3437 3884 humanitas
3455 3841 3520 3882 ac
3535 3825 3920 3892 mansuetudo,

2319 3928 2550 3998 denique
2586 3941 2683 3980 cor
2719 3924 2774 3979 in
2811 3937 2920 3994 quo
2948 3921 3066 3976 haec
3105 3918 3506 3985 oderebantur,
3549 3918 3733 3975 omnia
3773 3927 3932 3976 eram

2321 4016 2563 4088 ejusdem
2594 4013 2847 4070 hominis.

2345 4105 2353 4114 '
2392 4107 2449 4162 2.
2491 4103 2848 4175 Posteaquam
2891 4101 3054 4173 igitur
3089 4100 3228 4157 hanc
3256 4098 3929 4176 immolassetprt'rciamn

2321 4199 2593 4254 victimam
2618 4239 2634 4265 ,
2669 4207 2796 4252 tunc
2842 4194 3123 4249 victoriam
3163 4192 3382 4258 retulit,
3428 4205 3602 4261 neque
3635 4190 3930 4264 quidquam

2327 4289 2668 4361 prietermisit
2690 4286 2834 4358 quod
2854 4286 2920 4341 ad
2950 4295 3207 4354 tropaeum
3237 4291 3522 4353 spectaret.
3551 4284 3788 4338 surrtxit
3808 4292 3930 4337 tan-

2325 4382 2450 4438 dem
2476 4381 2667 4436 Itorum
2690 4377 3044 4434 certaminum
3073 4373 3294 4430 materia
3319 4372 3470 4437 Sani,
3492 4381 3546 4428 et
3568 4385 3824 4442 egressus
3849 4381 3935 4428 est

2325 4489 2357 4530 e
2378 4473 2651 4545 spelunca,
2676 4474 2890 4542 ignarus
2911 4467 3150 4523 omnium
3171 4481 3291 4536 qua:
3311 4473 3460 4536 gesta
3483 4463 3711 4520 fuerant.
3744 4462 3934 4535 Egres-

2327 4582 2413 4620 sus
2453 4573 2524 4619 est
2565 4573 2734 4616 autem
2777 4570 2890 4630 post
2916 4559 3066 4613 illum
3106 4566 3152 4611 et
3191 4554 3362 4610 David
3387 4555 3405 4626 (
3433 4555 3481 4610 1.
3525 4551 3654 4625 Reg.
3691 4553 3784 4608 21.
3815 4553 3931 4624 9),

2327 4657 2512 4713 liberis
2536 4655 2801 4723 'deinceps
2830 4651 3005 4706 oculis
3045 4649 3238 4704 ctelutn
3263 4648 3478 4702 intuens
3501 4686 3517 4710 ,
3546 4659 3610 4701 ac
3651 4656 3764 4699 tum
3793 4655 3932 4700 tetu-

2331 4748 2473 4820 poris
2499 4748 2664 4817 magis
2693 4746 2952 4815 gaudens,
2969 4757 3128 4813 quam
3153 4754 3275 4796 cum
3293 4737 3507 4795 Golith
3529 4738 3931 4808 prostravisset,

2328 4857 2392 4898 ac
2431 4840 2643 4897 barbari
2671 4849 2831 4908 caput
2859 4844 3206 4907 amputasset.
3237 4832 3512 4900 Siquidem
3543 4830 3658 4883 inec
3695 4828 3784 4884 illa
3815 4845 3932 4884 ttu—

2329 4932 2666 5005 gniiiceutior
2693 4907 2808 4985 crat
2838 4927 3079 4985 victoria.
3112 4925 3227 4980 hac
3253 4922 3708 4996 magniﬁcentiora
3740 4907 3928 4990 spolia,

2332 5029 2448 5084 hac
2474 5023 2660 5096 praeda,
2693 5022 2984 5085 illustria-r,
3015 5019 3118 5073 hoc
3147 5016 3429 5088 gloriosius
3469 5008 3756 5084 tropmum.
3799 5013 3931 5069 Nam

2331 5121 2438 5176 illic
2464 5128 2518 5174 et
2547 5115 2707 5171 funda
2752 5123 2806 5168 ct
2832 5110 3097 5181 lapidibus
3133 5116 3189 5163 et
3228 5107 3342 5161 acie
3371 5106 3601 5162 habebat
3637 5120 3775 5175 opus
3805 5122 3819 5160 :
3849 5104 3933 5169 hic

2333 5228 2460 5268 vero
2479 5217 2670 5290 cuncta
2699 5205 2977 5275 prudentia
2999 5200 3311 5270 rationeque
3334 5205 3545 5267 peracta
3567 5204 3711 5262 sunt,
3737 5211 3798 5250 ac
3818 5197 3932 5253 sine

2332 5303 2496 5357 armis
2535 5297 2756 5365 contigit
2801 5295 3021 5348 victoria
3047 5334 3060 5356 ,
3093 5299 3252 5362 atque
3300 5290 3637 5344 incruentum
3671 5295 3929 5356 tropteum

2319 5402 2570 5449 erectum
2615 5399 2720 5444 est.
2754 5387 2939 5456 Itaque
2983 5384 3144 5439 rediit
3186 5397 3293 5437 non
3337 5379 3554 5436 barbari
3596 5378 3737 5434 illius
3775 5389 3930 5448 caput

2334 5493 2548 5553 geStans
2575 5522 2589 5544 ,
2618 5479 2710 5534 sed
2734 5477 2893 5531 animi
2919 5472 3330 5530 commetionem
3371 5469 3607 5524 sedatam
3633 5507 3650 5536 ,
3677 5469 3771 5524 sed
3801 5470 3928 5524 iram

2336 5582 2642 5630 enervatam
2674 5586 2690 5623 :
2717 5583 2887 5638 neque
2919 5567 3033 5622 haec
3070 5565 3240 5635 spolia
3279 5562 3520 5633 reposuit
3540 5560 3892 5632 ierosolymze
3913 5604 3926 5624 .

2336 5666 2429 5724 sed
2460 5668 2510 5720 in
2549 5665 2684 5721 caalo
2707 5702 2722 5728 ,
2751 5662 2910 5731 inque
2951 5673 3184 5730 superna
3223 5654 3311 5712 iila
3355 5655 3589 5710 civitate.
3633 5653 3787 5709 Nunc
3826 5669 3925 5706 non

2337 5759 2562 5820 choreas
2589 5763 2809 5829 agentes
2829 5751 3044 5812 obviam
3068 5749 3351 5810 veniebant
3371 5745 3584 5803 femina:
3609 5745 3927 5818 excipientes
