4178 6330
258 372 367 429 689

259 486 410 543 illum
441 502 562 543 cum
592 487 857 554 laudibus,
884 486 978 542 sed
1008 485 1317 556 angelorum
1351 483 1575 555 populus
1596 499 1626 538 e
1651 482 1863 536 sublimi

255 579 637 651 applaudebat,
665 579 935 633 admirans
964 578 1078 648 ejus
1110 577 1501 648 philosophiam
1535 585 1588 629 et
1615 575 1863 629 immani-

258 677 447 725 tatem.
476 669 732 724 Ascendit
751 670 892 723 enim
918 668 1072 724 hoste
1099 668 1405 722 vulneribus
1430 666 1724 721 innumeris
1745 679 1867 718 sau-

253 761 399 815 ciato
422 799 439 825 ,
469 771 527 814 ut
556 761 646 829 qui
688 761 895 815 tametsi
924 768 1195 815 servasset
1220 759 1439 813 Saidem
1464 800 1477 823 ,
1507 767 1683 811 tamen
1714 756 1863 810 illum

254 865 446 907 revera
477 850 683 904 hostem
713 850 982 905 diabolum
1016 850 1196 904 multis
1226 848 1394 919 plagis
1433 846 1680 902 confixit.
1712 844 1866 901 Sicut

254 941 401 996 enim
446 942 599 996 nobis
648 958 743 1011 per
788 942 1117 996 iracundiam
1165 942 1303 997 inter
1332 954 1429 994 nos
1467 938 1860 1008 pugnantibus,

251 1044 308 1090 et
333 1048 519 1091 mutuo
543 1036 793 1091 conflictu
824 1037 1054 1103 collisis,
1096 1037 1185 1092 ille
1215 1048 1324 1091 tum
1366 1035 1599 1105 gaudet,
1633 1047 1742 1090 tum
1773 1036 1865 1090 la:-

252 1132 441 1179 tatur:
474 1126 545 1180 ita
590 1126 744 1181 nobis
788 1141 972 1196 pacem
1016 1136 1071 1181 et
1114 1125 1455 1180 concordiam
1501 1125 1858 1194 habentibus,

248 1216 495 1287 iramque
524 1217 927 1272 moderantibus
949 1259 963 1284 ,
998 1216 1548 1272 rursuscontrahitur
1572 1232 1635 1271 ac
1671 1217 1859 1285 dejici-

251 1317 355 1373 tur,
385 1308 636 1365 nimirum
670 1310 846 1365 hostis
874 1310 1021 1380 pacis
1049 1319 1103 1365 et
1131 1310 1379 1364 inimicus
1417 1309 1720 1364 concordiae
1749 1349 1764 1374 ,
1806 1322 1861 1369 et

248 1401 465 1455 invidia:
506 1411 678 1471 pater.
727 1403 989 1472 Egressus
1033 1412 1119 1458 est
1163 1403 1323 1472 igitur
1368 1400 1530 1456 David
1556 1444 1571 1469 ,
1615 1401 1856 1456 dextram

247 1491 393 1547 illam
424 1494 584 1547 totius
611 1493 756 1549 orbis
778 1494 949 1563 pretio
972 1509 1154 1564 parem
1177 1495 1333 1549 simul
1358 1508 1479 1549 cum
1505 1494 1679 1563 capite
1699 1508 1857 1548 coro-

246 1595 428 1639 natam
455 1596 690 1654 gestaus.
724 1586 873 1641 Sient
901 1587 1042 1641 enim
1084 1601 1228 1656 stupe
1256 1586 1611 1657 imperatores
1636 1599 1820 1641 eorum
1838 1627 1854 1653 ,

249 1677 343 1747 qui
375 1677 590 1747 egregie
625 1691 685 1732 se
716 1678 766 1732 in
798 1677 1032 1748 pugilum
1064 1680 1360 1733 certamine
1390 1688 1701 1750 gesserunt,
1728 1689 1856 1734 ante

243 1779 406 1839 caput
448 1779 707 1824 coronant
751 1770 995 1826 dextram
1041 1779 1134 1826 aut
1178 1771 1372 1842 pugilis
1420 1779 1514 1826 aut
1558 1772 1858 1842 pancratia-

242 1870 343 1916 stze
370 1857 451 1933 (α)
487 1878 500 1916 :
530 1862 600 1915 ita
644 1872 696 1916 et
739 1862 879 1918 Deus
923 1877 1139 1917 manum
1185 1863 1329 1917 illam
1376 1865 1695 1932 coronavit,
1732 1879 1852 1935 quae

240 1952 477 2022 gladium
510 1969 700 2024 purum
729 1954 962 2024 potuerit
983 1955 1233 2023 educere,
1259 1971 1551 2026 ensemque
1575 1958 1684 2013 Deo
1710 1958 1854 2013 nullo

242 2042 505 2112 sanguine
545 2044 966 2099 contaminatum
988 2045 1275 2101 ostendere
1298 2088 1313 2109 ,
1341 2046 1573 2116 denique
1596 2046 1854 2102 adversus

243 2142 447 2187 tantam
479 2132 769 2189 iracundia:
814 2136 1105 2204 procellam
1145 2137 1418 2193 resistere.
1447 2138 1563 2192 Non
1604 2154 1853 2209 egressus

238 2234 323 2279 est
350 2232 567 2294 gestans
591 2224 767 2280 Saulis
797 2225 1040 2281 diadema
1065 2268 1081 2294 ,
1112 2227 1206 2282 sed
1234 2243 1484 2297 egressus
1514 2237 1598 2284 est
1636 2241 1852 2299 gestans

237 2336 495 2377 coronam
515 2321 769 2392 justitize;
796 2336 904 2378 non
934 2337 1183 2393 egressus
1207 2332 1290 2378 est
1316 2333 1533 2393 gestans
1560 2325 1702 2394 regis
1727 2340 1850 2394 pur-

237 2429 461 2486 puream
497 2425 721 2482 vestem,
754 2415 850 2471 sed
882 2429 1133 2487 egressus
1165 2424 1249 2470 est
1271 2417 1497 2470 amictus
1522 2416 1852 2471 humanitate

237 2514 486 2560 naturam
510 2504 797 2560 humanam
818 2514 1130 2577 superante,
1154 2504 1295 2576 quod
1320 2506 1537 2577 pallium
1561 2513 1643 2561 est
1665 2506 1850 2575 quavis

237 2596 377 2651 stola
408 2596 855 2667 magnificentius.

311 2692 519 2759 Confert
543 2689 786 2745 Devidem
817 2708 929 2744 cum
954 2690 1113 2746 tribus
1134 2693 1317 2759 pueris.
1343 2690 1395 2743 Ν
1401 2691 1495 2744 iltif
1518 2692 1673 2744 tutius
1698 2707 1850 2759 qnam

238 2800 448 2854 parcere
469 2784 694 2837 inimico.
713 2814 783 2824 —
800 2784 1065 2854 Egressus
1091 2792 1173 2839 est
1198 2801 1227 2839 e
1251 2784 1525 2854 spelunca,
1559 2792 1699 2836 tanta
1726 2798 1848 2837 eum

236 2876 441 2945 gloria,
482 2890 602 2929 eum
642 2884 839 2943 quanta
869 2884 975 2929 tres
1004 2875 1152 2944 pueri
1180 2875 1379 2944 egressi
1413 2882 1537 2927 sunt
1579 2889 1610 2927 e
1638 2873 1848 2926 camino

235 2966 481 3021 ardente.
532 2965 663 3020 Nam
696 2976 753 3021 ut
785 2966 904 3020 illos
939 2981 1043 3019 non
1089 2966 1293 3020 exussit
1326 2966 1461 3036 ignis
1484 3004 1499 3029 ,
1529 2965 1601 3018 ita
1636 2964 1719 3017 hie
1743 2979 1847 3018 non

238 3057 597 3126 conflagravit
626 3056 718 3110 irae
752 3055 1020 3111 incendio.
1065 3055 1135 3110 Et
1175 3056 1277 3110 illis
1304 3055 1520 3124 quidem
1550 3054 1680 3109 foris
1717 3054 1848 3110 nihil

232 3147 409 3219 ignis,
438 3148 489 3201 in
517 3162 622 3216 quo
646 3148 1031 3213 versabantur,
1066 3152 1245 3202 nocuit
1265 3148 1285 3218 (
1304 3147 1442 3201 Dan.
1466 3147 1539 3220 5)
1570 3167 1583 3202 :
1609 3148 1694 3203 hic
1717 3163 1846 3203 vero

236 3254 363 3295 cum
395 3240 537 3295 intus
565 3240 788 3295 haberet
826 3240 1089 3294 carbones
1116 3254 1377 3294 accensos
1401 3282 1417 3307 ,
1450 3255 1570 3294 eum
1602 3238 1732 3294 foris
1762 3240 1843 3293 vi-

236 3331 391 3387 deret
410 3332 679 3386 diabolum
700 3332 967 3387 caminum
992 3331 1387 3396 incendentem,
1412 3330 1479 3386 ab
1499 3330 1698 3385 inimici
1721 3345 1849 3385 con-

233 3435 447 3496 specto,
471 3424 538 3479 ab
556 3426 929 3479 exhortatione
950 3426 1199 3491 militum,
1222 3441 1251 3481 a
1269 3424 1521 3482 facilitate
1538 3424 1847 3495 perficiendi

242 3538 258 3569 ι
277 3518 474 3583 :edem,
495 3533 525 3572 a
552 3517 839 3573 solitudine
858 3532 1043 3572 eorum
1065 3518 1154 3586 qui
1171 3517 1315 3572 Sauli
1337 3525 1560 3587 possent
1580 3515 1844 3582 auxiliari,

236 3623 267 3662 a
301 3608 696 3677 prteteritorum
728 3608 985 3662 memoria
1012 3648 1026 3672 ,
1071 3621 1101 3660 a
1144 3606 1445 3661 futurorum
1489 3604 1846 3677 periculorum

234 3703 384 3748 metu
416 3692 712 3764 (siquidem
746 3695 862 3747 hzec
904 3702 959 3747 et
983 3692 1297 3757 sarmentis,
1327 3691 1475 3761 pice,
1514 3689 1756 3760 stipulis,
1785 3706 1849 3748 ac

234 3785 449 3841 ueteris
478 3784 757 3848 omnibus,
789 3784 983 3853 quibus
1014 3784 1254 3838 caminus
1284 3783 1375 3839 ille
1406 3782 1729 3856 Babylonius
1766 3783 1848 3837 in-

237 3876 593 3941 cendebatur,
622 3875 938 3929 iucidiorem
962 3874 1267 3929 excitabant
1292 3874 1637 3945 ﬂammam),
1665 3883 1845 3930 tamen

231 3984 347 4028 non
385 3969 585 4025 exarsit
613 3968 805 4034 David,
834 3983 1009 4037 neque
1036 3968 1143 4021 uilo
1182 3977 1337 4037 pacto
1364 3968 1441 4022 sic
1472 3966 1571 4021 fuit
1598 3965 1840 4034 aﬂ'eetus,

238 4072 295 4117 ut
320 4046 740 4117 consentaneum
769 4068 886 4113 erat
911 4074 1031 4114 eum
1057 4058 1195 4114 effici
1223 4079 1235 4113 :
1261 4059 1355 4114 sed
1380 4060 1545 4114 exivit
1575 4074 1760 4128 purus,
1792 4068 1848 4113 et

230 4156 463 4210 intuitus
490 4154 690 4209 inimici
714 4153 927 4219 faciem,
953 4152 1079 4208 hinc
1098 4154 1331 4208 maxime
1354 4154 1582 4221 sumpsit
1606 4154 1843 4208 animum

238 4248 433 4303 fortem
480 4263 543 4302 ac
588 4246 1039 4316 philoSOphictnn.
1087 4244 1221 4300 Cum
1269 4247 1413 4299 enim
1450 4244 1658 4300 videret
1693 4245 1846 4301 illum

236 4338 480 4394 dormire
505 4380 519 4402 ,
563 4354 626 4393 ae
656 4353 875 4392 manere
922 4338 1253 4393 immobilem
1280 4379 1295 4403 ,
1340 4352 1513 4407 neque
1555 4336 1844 4407 quidquam

237 4442 401 4498 posse
428 4426 627 4492 facere,
658 4442 759 4482 suo
787 4443 908 4483 cum
940 4428 1119 4481 animo
1148 4428 1400 4493 loquutus
1422 4436 1505 4482 est
1534 4442 1549 4479 :
1582 4427 1669 4481 ubi
1702 4442 1846 4482 nunc

236 4519 330 4576 ille
356 4518 540 4573 furor?
562 4518 648 4572 ubi
673 4518 759 4573 illa
793 4518 1027 4583 malitia?
1049 4518 1132 4573 ubi
1159 4527 1235 4572 tot
1254 4520 1485 4585 tecitnzn,
1510 4528 1587 4573 tot
1612 4519 1844 4575 insidi-.e?

236 4611 501 4667 Abierunt
521 4612 697 4665 omnia
724 4609 837 4672 illa,
864 4610 1245 4683 petieruntque
1264 4610 1437 4681 exigui
1463 4611 1635 4665 somni
1667 4611 1845 4666 incur-

234 4719 340 4761 su:
366 4703 508 4773 jacet
535 4703 783 4772 alligatus
811 4718 937 4769 rex,
971 4718 1092 4757 cum
1136 4702 1266 4756 nihil
1300 4702 1492 4757 horum
1526 4718 1625 4757 nos
1668 4718 1841 4772 neque

234 4795 670 4868 cogitaverimus,
696 4810 866 4864 neque
884 4792 1289 4863 perfecerimus.
1303 4792 1679 4864 Conspiciebat
1696 4794 1842 4848 illum

235 4887 685 4953 dormientetn,ac
698 4887 764 4942 de
780 4895 950 4941 morte
964 4885 1211 4940 omnibus
1227 4885 1493 4939 communi
1508 4884 1850 4956 philosopha-

235 4978 415 5035 batur.
457 4976 688 5033 Somnus
722 4979 864 5043 enim
887 4976 1018 5030 nihil
1044 4976 1187 5031 aliud
1209 4986 1313 5039 est,
1338 4992 1498 5046 quam
1526 4991 1671 5031 mors
1709 4987 1847 5033 tem-

245 5069 459 5141 poraria
483 5110 499 5135 ,
531 5078 586 5125 et
608 5066 949 5139 quotidianus
991 5068 1260 5122 interitus.
1291 5067 1443 5122 Haud
1467 5068 1846 5138 intempestivo

236 5161 361 5235 quis
399 5161 484 5216 hic
526 5161 830 5215 meminerit
872 5161 1032 5214 etiam
1077 5158 1331 5215 Danielis.
1380 5159 1841 5227 Quemadmodum

237 5254 383 5311 enim
406 5243 496 5309 ille
513 5252 755 5308 ascendit
774 5267 803 5305 a
828 5252 943 5307 lacu
972 5252 1236 5321 superatis
1260 5251 1387 5307 feris
1412 5252 1655 5309 leonibus
1677 5252 1841 5321 (Dan.

240 5349 354 5417 ιι)
387 5391 403 5415 ,
437 5349 508 5403 ita
538 5357 595 5403 et
636 5348 722 5402 hic
762 5364 792 5401 e
828 5362 995 5417 specu
1040 5348 1277 5417 prodiit,
1303 5347 1421 5402 aliis
1459 5346 1645 5406 bestiis
1690 5348 1846 5418 longe

240 5439 557 5495 saevioribus
596 5438 847 5493 devictis.
875 5438 1008 5494 Nam
1049 5437 1189 5493 sicut
1224 5438 1369 5509 justo
1397 5437 1473 5493 illi
1509 5438 1695 5493 leones
1719 5438 1845 5495 hinc

243 5541 405 5603 atque
434 5530 558 5588 hinc
581 5530 910 5599 assidebam,
942 5532 1015 5587 ita
1044 5530 1187 5587 hunc
1214 5530 1460 5586 omnibus
1487 5529 1733 5587 leonibus
1761 5529 1842 5585 ef-

329 5710 380 5771 a)
416 5710 751 5759 Pancratiastat
776 5714 917 5758 erant
938 5707 1021 5772 qui
1061 5708 1111 5757 in
1135 5704 1389 5770 pentatido
1427 5717 1518 5754 seu
1543 5706 1591 5754 la
1697 5704 1847 5769 inquo

245 5710 375 5821 Indis
399 5771 613 5820 victores
634 5768 847 5821 fuerant.
870 5768 936 5820 de
960 5770 1139 5821 quibus
1166 5767 1294 5817 ludis
1337 5765 1560 5821 pluribus
1582 5717 1777 5821 exuas
1800 5768 1846 5816 in

245 5766 375 5822 ludis
399 5771 613 5820 victores
634 5768 847 5842 fuerant,
870 5768 936 5820 de
954 5766 1150 5841 quibus
1166 5767 1294 5817 ludis
1337 5766 1560 5830 pluribus
1582 5766 1777 5880 (minus
1800 5768 1846 5816 in

244 5828 374 5885 libro
390 5831 455 5883 dc
472 5834 779 5899 Antiquitate
802 5828 1149 5896 explanatione
1166 5838 1218 5882 et
1239 5829 1571 5882 schematibus
1643 5835 1843 5880 ustrata.

1308 367 1395 425 DE
1441 364 1693 422 D.\\'IDE
1738 362 1825 419 ΕΤ
1862 365 2092 423 SAULE
2134 369 2407 429 llOMiLIA
2459 375 2520 431 li.

1976 481 2258 543 feratiores
2284 503 2347 543 ac
2372 492 2655 546 validiores
2683 494 2843 549 animi
2872 506 3049 551 motus
3076 498 3389 556 invaserunt
3419 521 3431 556 :
3456 503 3582 561 hinc

1977 574 2270 646 indignatio
2302 581 2369 635 de
2402 586 2708 651 pra-teritis,
2742 586 2888 642 illinc
2910 587 3207 645 futurorum
3238 604 3453 650 metus:
3488 611 3581 650 ve-

1974 685 2092 724 rum
2126 673 2314 727 horum
2345 685 2628 747 utrumque
2659 678 2745 734 hic
2767 683 3027 749 coercuit,
3060 698 3152 737 ora
3184 685 3370 740 bestiis
3396 685 3582 743 occlu-

1973 759 2126 827 dens,
2158 763 2288 851 ipsis
2320 764 2469 820 factis
2494 768 2695 824 docens
2715 812 2729 834 ,
2752 771 2887 825 nihil
2916 788 3037 827 esse
3065 775 3230 829 tutius
3260 793 3422 845 quam
3451 794 3577 848 par-

1973 868 2098 909 cere
2122 858 2361 921 inimico,
2393 870 2579 914 contra
2611 862 2741 933 nihil
2772 864 3145 932 periculosius,
3170 882 3327 935 quam
3359 884 3417 923 se
3437 870 3579 925 velle

1972 938 2152 994 ulcisci
2175 956 2237 995 ae
2266 942 2550 998 vindictam
2572 959 2806 1001 sumere.
2837 948 2989 1003 Alter
3015 949 3174 1016 igitur
3197 952 3287 1020 qui
3316 962 3579 1009 statuerat

1972 1027 2224 1086 invadere
2248 1075 2262 1098 ,
2297 1033 2469 1088 nudus
2512 1045 2567 1090 et
2608 1036 2828 1093 inermis
2852 1079 2867 1103 ,
2898 1040 3254 1111 omnibusque
3282 1043 3576 1101 destitutus

1969 1121 2181 1177 auxiliis
2202 1139 2306 1177 non
2328 1124 2486 1180 aliter
2505 1141 2664 1196 quam
2686 1130 2929 1197 captivus
2952 1131 3003 1184 in
3027 1146 3216 1186 manus
3239 1133 3440 1188 inimici
3464 1144 3576 1188 tra-

1968 1210 2109 1267 ditus
2146 1212 2359 1282 jacebat
2391 1233 2403 1268 2
2437 1216 2522 1270 hic
2564 1232 2692 1272 vero
2734 1218 2860 1273 dum
2911 1222 3097 1288 cedit,
3147 1232 3202 1277 et
3241 1224 3439 1294 ubique
3484 1224 3577 1280 dat

1966 1301 2164 1369 locum,
2192 1304 2424 1376 dumque
2451 1323 2517 1363 ne
2541 1308 2685 1377 juste
2709 1309 2924 1380 quidem
2962 1313 3075 1367 vult
3097 1329 3286 1368 manus
3313 1316 3573 1385 injicere,

1964 1396 2083 1450 sine
2108 1397 2391 1462 machinis,
2425 1401 2541 1454 sine
2566 1403 2733 1456 armis
2752 1444 2766 1470 ,
2800 1404 2917 1459 sine
2943 1405 3182 1475 equitatu
3201 1448 3215 1471 ,
3245 1407 3365 1461 sine
3393 1409 3577 1462 militi-

1964 1487 2082 1553 bus,
2117 1490 2323 1543 hostem
2354 1491 2403 1544 in
2438 1501 2760 1560 potestatem
2791 1507 2944 1551 suam
2966 1496 3211 1565 accepit;
3243 1498 3463 1566 etquod
3489 1507 3574 1553 est

1963 1580 2201 1633 omnium
2234 1581 2560 1648 maximum,
2595 1582 2762 1638 Deum
2802 1599 2927 1655 erga
2968 1599 3029 1640 se
3070 1586 3571 1644 benevolentiorem

1964 1670 2217 1726 reddidit.

2032 1764 2085 1817 5.
2122 1766 2327 1831 Quanta
2362 1768 2666 1839 lucrifecerit
2704 1769 2901 1838 David,
2944 1781 3139 1827 servato
3172 1772 3351 1828 Saiile.
3402 1775 3571 1830 Multo

1960 1858 2129 1927 majus
2158 1875 2365 1926 parcere
2387 1878 2541 1931 quam
2576 1863 2803 1930 perdere.
2834 1894 2909 1904 —
2933 1862 3047 1918 Non
3076 1865 3219 1919 enim
3250 1881 3315 1921 eo
3343 1866 3563 1921 beatum

1960 1951 2194 2019 prmdico
2218 1963 2459 2007 sanctum
2492 1954 2674 2021 illum,
2701 1957 2841 2025 quod
2879 1956 3086 2012 hostem
3123 1957 3317 2013 viderit
3344 1960 3443 2013 sub
3471 1976 3570 2029 pe-

1960 2040 2116 2097 dibus
2148 2043 2259 2097 suis
2280 2044 2571 2113 jacentem,
2605 2048 2699 2102 sed
2731 2048 2874 2118 quod
2903 2049 2977 2103 illi
3008 2048 3059 2103 in
3091 2066 3281 2105 manus
3311 2050 3437 2105 dato
3470 2066 3567 2121 pe-

1958 2135 2209 2202 percerit.
2233 2136 2471 2202 Quorum
2500 2139 2727 2192 alterum
2757 2137 2859 2192 fuit
2884 2155 3019 2209 opus
3045 2140 3241 2194 divina:
3274 2142 3524 2209 potentia:
3546 2183 3562 2207 ,

1956 2226 2181 2282 alterum
2223 2230 2337 2298 ejus
2374 2228 2745 2300 philosophia}.
2781 2230 3064 2296 Quomodo
3086 2232 3285 2286 milites
3308 2230 3564 2301 deinceps

1958 2316 2454 2372 illum-observasse
2483 2329 2902 2374 consentaneum
2936 2319 3069 2385 fuit,
3104 2330 3299 2389 quanta
3327 2336 3449 2391 erga
3492 2322 3561 2374 il-

1957 2408 2065 2463 lum
2097 2407 2467 2465 benevolentia
2508 2410 2673 2465 fuisse
2714 2410 2977 2466 allectos?
3022 2410 3154 2465 Nam
3197 2412 3243 2465 si
3278 2411 3424 2466 mille
3464 2410 3562 2465 ita-

1956 2498 2198 2555 buissent
2228 2501 2394 2566 vitas,
2422 2516 2603 2555 annon
2628 2511 2875 2570 prompte
2920 2501 3306 2571 impendissent
3338 2517 3434 2570 pro
3461 2517 3561 2555 suo

1954 2590 2121 2655 duce,
2150 2593 2260 2662 jam
2292 2608 2356 2646 ex
2389 2595 2684 2649 reverentia
2716 2608 2874 2662 quam
2904 2593 3041 2647 hosti
3070 2595 3315 2663 pra-stitit
3338 2637 3351 2660 ,
3384 2596 3561 2665 reipsa

1956 2697 2294 2755 perspectum
2327 2686 2613 2753 habentes,
2658 2701 2817 2756 quam
2844 2685 3161 2740 benevolum
3192 2688 3429 2743 animum
3460 2702 3561 2758 ge-

1955 2790 2100 2833 reret
2129 2794 2252 2849 erga
2278 2779 2450 2833 suos?
2476 2779 2608 2833 Nam
2641 2780 2685 2833 is
2711 2779 2799 2849 qui
2838 2779 2985 2833 mitis
3012 2795 3076 2833 ac
3106 2789 3421 2835 mansuetus
3446 2791 3562 2835 erat

1955 2871 2006 2924 in
2036 2883 2129 2924 eos
2150 2911 2164 2934 ,
2212 2884 2242 2923 a
2273 2870 2466 2939 quibus
2497 2870 2739 2923 molestia
2772 2868 2995 2922 affectus
3017 2878 3132 2937 est,
3180 2870 3347 2923 multo
3390 2870 3562 2939 magis

1954 2962 2055 3015 erit
2084 2977 2206 3030 erga
2237 2961 2527 3014 benevolos
2558 2976 2680 3015 eum
2712 2960 2962 3014 affectum
2985 2971 3235 3029 gesturus
3262 2979 3274 3012 :
3304 2975 3422 3030 qua:
3445 2976 3563 3031 pro-

1955 3054 2093 3111 fecto
2124 3071 2211 3111 res
2238 3054 2338 3109 fuit
2361 3054 2436 3109 illi
2459 3054 2753 3109 maximum
2779 3054 3085 3109 securitatis
3114 3054 3329 3123 pignus.
3358 3056 3426 3107 At
3448 3068 3555 3108 non

1954 3148 2006 3201 in
2052 3146 2222 3217 ipsum
2248 3147 2408 3202 modo
2454 3146 2924 3201 benevolentiores
2970 3155 3165 3209 erant,
3201 3145 3557 3199 verumetiant

1953 3240 2213 3294 adversus
2245 3239 2429 3295 hostes
2456 3240 2815 3309 promptiores
2848 3255 2861 3293 :
2891 3237 3032 3309 quod
3060 3239 3261 3292 scirent
3299 3252 3358 3292 se
3389 3237 3557 3291 Deum

1954 3333 2155 3389 habere
2184 3343 2651 3404 propugnatorem,
2676 3333 2767 3403 qui
2798 3348 3013 3401 semper
3034 3331 3247 3387 adesset
3268 3330 3411 3396 duci,
3442 3345 3561 3385 om-

1953 3428 2110 3482 nibus
2140 3426 2285 3481 illius
2313 3427 2479 3497 gestis
2509 3425 2859 3497 prosliiciens.
2894 3424 3098 3479 Idcirco
3130 3433 3313 3493 postea
3347 3419 3557 3487 Davidi,

1955 3534 2059 3573 non
2092 3517 2201 3587 jam
2244 3526 2301 3571 ut
2346 3517 2546 3571 homini
2576 3559 2589 3581 ,
2641 3516 2735 3571 sed
2766 3524 2821 3570 ut
2846 3514 3036 3585 angelo
3066 3514 3342 3583 parebant.
3377 3512 3559 3582 itaque

1955 3609 2119 3663 David
2145 3617 2197 3663 et
2228 3610 2536 3677 priusquam
2570 3609 2713 3662 Deus
2739 3608 2840 3676 ipsi
2874 3606 3178 3659 mercedem
3210 3602 3557 3672 rependeret,

1953 3700 2114 3755 etiam
2142 3699 2195 3754 in
2223 3699 2322 3754 hac
2338 3699 2445 3753 vita
2472 3699 2643 3769 majus
2669 3699 2875 3767 accepit
2898 3696 3199 3766 praemium,
3220 3709 3283 3749 ac
3305 3695 3558 3750 illustrio-

1954 3807 2068 3846 rem
2101 3791 2220 3847 tulit
2270 3791 2545 3846 victoriam
2577 3799 2791 3846 servat‘o
2818 3789 2998 3853 Saﬁie,
3023 3803 3181 3858 quam
3211 3787 3255 3841 si
3286 3801 3410 3842 eum
3436 3801 3553 3841 ma-

1951 3891 2170 3938 ctasset.
2197 3881 2349 3950 Quod
2377 3882 2518 3936 enim
2551 3890 2753 3934 tantum
2774 3878 3133 3935 iucrifeeisset
3158 3879 3344 3933 occiso
3369 3878 3554 3941 hoste,

1952 3984 2207 4047 quantum
2250 3988 2392 4028 nunc
2422 3972 2541 4027 tulit
2589 3970 2666 4025 illi
2703 3968 3018 4041 parcendo?
3051 3968 3175 4021 ilzec
3222 3967 3383 4036 igitur
3418 3976 3473 4020 et
3506 3976 3555 4024 tt

1955 4078 2131 4122 tecum
2158 4064 2425 4135 expende,
2458 4064 2545 4117 ubi
2578 4062 2785 4132 ceperis
2812 4075 2933 4115 eum
2965 4060 3132 4131 quite
3170 4059 3307 4114 imsit
3330 4101 3348 4126 ,
3389 4059 3560 4114 multo

1952 4175 2071 4214 esse
2100 4160 2271 4227 majus
2298 4172 2362 4211 ae
2390 4155 2654 4210 lucrosius
2680 4167 2904 4225 parcere
2928 4194 2944 4219 ,
2982 4166 3140 4221 quam
3170 4150 3421 4221 perdere.
3468 4148 3558 4204 Si-

1952 4251 2169 4323 quidem
2215 4250 2259 4305 is
2282 4249 2371 4320 qui
2404 4247 2601 4303 oeeidit
2639 4246 2915 4300 inimicum
2941 4284 2955 4308 .
2998 4244 3313 4315 frequenter
3347 4252 3402 4298 et
3441 4241 3560 4311 ipso

1952 4359 2072 4399 sese
2097 4340 2498 4407 condemnabit,
2524 4353 2743 4409 pravam
2769 4350 2963 4407 gerens
2984 4334 3390 4399 conscientiam,
3424 4331 3554 4388 dum

1952 4439 2004 4492 in
2032 4436 2270 4505 singulos
2295 4431 2409 4487 dies
2433 4441 2487 4486 et
2516 4428 2756 4500 singulas
2779 4428 2942 4482 horas
2988 4442 3017 4481 a
3060 4433 3283 4497 peccato
3324 4424 3418 4479 illo
3462 4438 3555 4478 ur-

1951 4536 2111 4601 gente
2140 4525 2407 4597 ai‘liigetur
2437 4540 2449 4578 :
2481 4531 2539 4577 at
2563 4522 2654 4593 qui
2682 4520 2919 4591 pepercit
2945 4560 2959 4584 ,
3005 4517 3264 4589 brevique
3313 4526 3561 4586 tempore

1952 4621 2081 4675 vicit
2104 4617 2327 4673 affectus
2356 4628 2505 4677 suos,
2536 4620 2657 4683 post
2682 4610 2915 4667 exsultat
2942 4623 3005 4663 ac
3030 4607 3329 4664 delectatur
3353 4606 3556 4676 optima

1952 4725 2050 4779 spe
2074 4707 2239 4763 fultus
2260 4748 2275 4772 ,
2324 4721 2388 4761 ac
2426 4703 2726 4760 tolerantia:
2754 4700 2977 4772 prtemia
2997 4707 3317 4770 exspectans
3346 4712 3378 4753 a
3422 4701 3557 4753 Deo.

1950 4799 2105 4870 Quod
2135 4800 2179 4855 si
2207 4797 2422 4870 quando
2463 4794 2515 4851 in
2547 4794 2762 4866 aliquod
2804 4794 3004 4848 malum
3046 4790 3334 4856 inciderit,
3392 4789 3556 4846 multa

1952 4908 2073 4948 cum
2105 4889 2297 4945 fiducia
2328 4887 2633 4944 mercedem
2677 4900 2711 4941 a
2744 4885 2857 4942 Deo
2882 4892 3133 4955 reposeet
3160 4901 3174 4937 :
3202 4880 3529 4954 quemadmo
3548 4910 3561 4925 ο

1952 4984 2081 5039 dum
2108 4994 2163 5039 et
2187 4982 2275 5038 hic
2301 4996 2492 5052 magna
2524 4982 2767 5050 miraque
2798 4981 2851 5033 in
2877 4976 3087 5032 hostem
3117 4974 3373 5033 exhibita:
3396 4988 3528 5032 reve
3547 5004 3560 5016 -

1952 5076 2140 5131 rentia:
2166 5074 2381 5143 pra-mia
2429 5071 2683 5142 deinceps
2724 5070 2979 5124 divinitus
3022 5066 3245 5138 recepit.
3287 5065 3398 5133 Sed
3439 5080 3561 5138 qum

1953 5174 2250 5235 sequuntur
2293 5162 2592 5218 videamus.
2656 5158 2831 5214 Exioit
2876 5156 3046 5212 David
3093 5173 3120 5211 e
3162 5157 3408 5226 spelunca
3448 5163 3562 5226 post

1956 5259 2198 5324 Similem,
2248 5258 2585 5327 clamavitque
2618 5263 2733 5325 post
2767 5253 2916 5307 ilium
2942 5293 2956 5315 ,
3000 5252 3074 5305 ita
3105 5249 3277 5305 dicens
3298 5265 3318 5305 :
3345 5248 3563 5304 Domina

1953 5354 2023 5405 mi
2050 5367 2159 5405 rex.
2192 5348 2255 5403 Et
2281 5349 2500 5421 respexit
2529 5345 2662 5403 Sail
2685 5354 2797 5413 post
2821 5354 3017 5415 tergum
3037 5358 3208 5408 suum,
3230 5351 3279 5396 et
3305 5340 3565 5396 inclinans

1953 5462 2007 5499 se
2036 5442 2205 5497 David
2246 5442 2300 5495 in
2352 5442 2483 5513 facie
2527 5449 2811 5510 prostratus
2838 5436 2891 5489 in
2936 5447 3120 5489 terram
3162 5433 3394 5488 adoravit
3447 5449 3563 5487 eum

1954 5536 2048 5604 (l.
2075 5535 2200 5605 Reg.
2229 5530 2319 5588 24.
2348 5532 2439 5601 9).
2464 5529 2591 5585 litec
2621 5546 2726 5583 non
2760 5530 2937 5581 minus
2976 5525 3227 5581 adferunt
3256 5528 3561 5580 ornamenti

1957 5629 2174 5692 Davidi,
2207 5642 2366 5697 quam
2412 5634 2655 5680 servatus
2702 5622 2889 5676 hostis.
2935 5620 3118 5691 Neque
3153 5619 3297 5675 enim
3325 5617 3561 5688 vulgaris

1957 5730 2074 5778 erat
2116 5720 2321 5787 animi,
2371 5734 2477 5773 non
2508 5716 2680 5772 inflari
2729 5715 3005 5771 beneficiis
3036 5715 3086 5767 in
3120 5714 3424 5784 proximum
3452 5712 3561 5767 cni-

1958 5817 2111 5883 latis,
2158 5828 2333 5884 neque
2381 5816 2459 5867 sic
2504 5810 2642 5865 affici
2694 5818 2753 5863 ut
2795 5806 2970 5863 solent
3018 5803 3262 5879 plerique
3297 5818 3330 5861 e
3362 5802 3565 5875 vulgo,
