4178 6330
671 400 774 455 ωε

675 511 766 578 qui
805 506 1022 578 perinde
1050 512 1106 559 ut
1135 500 1396 571 mancipia
1437 497 1735 568 superciliis
1775 493 2015 548 adductis
2058 488 2236 557 despi-

674 599 825 654 ciunt
847 612 976 665 quos
1007 593 1264 648 beneﬁcio
1297 589 1526 660 juverint
1551 588 1620 654 (a
1639 586 1680 656 ).
1725 586 1796 638 At
1821 598 1926 637 non
1956 582 2026 634 ita
2054 580 2239 634 beatus

677 685 839 742 David
859 726 874 749 ,
905 683 1030 754 quin
1059 684 1235 753 potius
1259 689 1376 749 post
1403 679 1636 746 impensa
1676 672 1927 728 beneﬁcia
1953 668 2240 723 modestior

675 776 934 846 apparuit.
964 774 1024 829 In
1065 786 1223 828 causa
1254 770 1388 834 fuit,
1426 765 1564 836 quod
1592 763 1721 818 nihil
1749 777 1930 817 eorum
1959 775 2078 829 qum
2103 771 2238 825 pra:-

673 866 819 921 ctare
845 873 992 936 gesta
1023 863 1261 924 fuerant,
1307 873 1415 912 sua:
1442 858 1605 926 ipsius
1629 853 1897 908 industriae
1922 849 2125 905 ferebat
2147 861 2236 902 ac-

676 965 884 1025 ceptum
907 996 921 1018 ,
953 954 1047 1008 sed
1075 962 1240 1006 totum
1270 950 1448 1003 divino
1478 945 1680 1002 muneri
1707 942 2058 998 adscribebat.
2086 939 2238 994 Ideo-

675 1060 780 1114 que
804 1044 890 1113 qui
915 1050 1172 1106 servarat,
1197 1038 1334 1093 idem
1349 1036 1601 1090 adorabat
1619 1042 1906 1094 servatum,
1925 1041 2240 1096 rursumque

561 1145 563 1150 '
678 1146 853 1201 regem
881 1129 1201 1192 nominabat,
1230 1137 1286 1182 et
1310 1141 1368 1180 se
1393 1139 1627 1186 servum,
1662 1121 1732 1176 ob
1757 1120 1896 1174 illius
1929 1117 2237 1187 dignitatem

677 1221 837 1274 animi
868 1232 1124 1273 tumorem
1156 1217 1448 1284 reprimens
1472 1253 1488 1277 ,
1521 1213 1757 1280 iramque
1781 1210 2046 1276 mitigans,
2077 1216 2130 1260 et
2159 1205 2239 1257 in-

681 1309 870 1363 vidiam
898 1307 1235 1362 submovens.
1271 1303 1559 1357 Audiamus
1580 1313 1741 1369 porro
1769 1308 1822 1350 et
1847 1296 2236 1350 excusationem

680 1399 868 1465 ipsam.
900 1395 1002 1450 Cur
1023 1395 1169 1449 audis
1192 1393 1337 1448 verba
1362 1391 1554 1461 populi,
1584 1390 1849 1442 dicentium
1871 1428 1884 1448 ,
1928 1383 2055 1436 Ecce
2079 1381 2240 1435 Dauid

675 1488 852 1556 quierit
877 1488 1094 1541 animam
1121 1495 1253 1537 tuam
1280 1484 1351 1552 (1.
1375 1481 1500 1550 Reg.
1525 1480 1617 1534 24.
1650 1478 1714 1534 l0
1734 1477 1799 1544 )‘l
1840 1476 1906 1530 Et
1945 1485 2118 1529 tamen
2149 1473 2236 1543 qui

682 1579 818 1632 hanc
847 1574 1156 1642 conscripsit
1182 1572 1452 1625 historiam
1472 1609 1489 1634 ,
1535 1571 1680 1639 prius
1707 1567 1838 1621 dixit
1867 1574 2034 1618 totum
2068 1579 2236 1632 pepu-

680 1668 786 1720 lnm
824 1667 985 1720 fuisse
1017 1679 1136 1717 cum
1183 1662 1340 1716 David
1369 1702 1383 1726 ,
1423 1675 1647 1728 eumque
1683 1657 1968 1728 gratiosum
1998 1655 2161 1709 fuisse
2183 1656 2236 1708 in

683 1755 850 1808 oculis
877 1769 1146 1808 servorum
1176 1753 1334 1822 regis,
1367 1758 1420 1805 et
1441 1749 1693 1820 principis
1719 1748 1878 1802 lilium
1906 1747 2236 1801 universum-

678 1860 779 1912 que
808 1844 1094 1898 exercitum
1134 1842 1310 1894 animo
1346 1842 1558 1895 stetisse
1581 1854 1609 1891 a
1641 1837 1834 1891 Davide
1863 1836 1957 1906 (2.
1991 1836 2118 1904 Reg.
2150 1833 2235 1889 18.

679 1933 764 1986 16.
790 1933 878 1986 22.
910 1933 998 1986 28.
1024 1941 1068 1984 et
1096 1948 1142 1984 c.
1174 1931 1257 1985 l9.
1289 1932 1362 1998 l).
1390 1929 1503 1998 Quo
1530 1937 1681 1998 pacto
1703 1929 1856 1997 igitur
1876 1927 1960 1980 hic
1985 1927 2058 1979 ait
2081 1927 2239 1979 fuisse

681 2023 768 2088 qui
799 2023 928 2074 falso
955 2020 1219 2076 deferrent
1257 2020 1458 2088 ipsum,
1495 2033 1557 2072 ac
1583 2017 1795 2073 Sainlem
1823 2017 1875 2072 in
1903 2032 2022 2072 eum
2048 2031 2239 2086 provo-

677 2112 898 2163 carent?
923 2109 1069 2176 Quod
1092 2110 1230 2165 enim
1255 2124 1358 2163 non
1378 2110 1598 2162 aliorum
1631 2107 1898 2170 instinctu,
1923 2105 2014 2160 sed
2045 2107 2155 2174 ipse
2174 2121 2238 2160 ex

665 2201 893 2267 proprio
916 2201 1089 2252 animo
1119 2198 1369 2251 malitiam
1413 2197 1546 2250 hanc
1591 2196 1878 2265 peperisset
1900 2235 1916 2257 ,
1948 2205 2004 2248 ut
2047 2195 2238 2249 bellum

677 2296 886 2357 gereret
901 2303 1020 2341 cum
1041 2287 1204 2353 justo,
1229 2285 1512 2338 declaravit
1531 2284 1617 2354 qui
1643 2283 1883 2337 volumen
1904 2283 2235 2350 conscripsit,

677 2395 797 2433 cum
828 2380 898 2433 ait
925 2394 954 2431 e
983 2378 1225 2432 laudibus
1254 2377 1466 2431 Davidis
1495 2385 1668 2431 natam
1697 2390 1813 2431 esse
1849 2375 2094 2430 invidiam
2120 2416 2134 2440 ,
2177 2388 2239 2429 ac

678 2469 867 2523 deinde
895 2470 1124 2524 crevisse
1161 2469 1212 2522 in
1247 2468 1360 2522 dies
1385 2468 1457 2537 (Ι.
1476 2468 1599 2538 Reg.
1621 2469 1704 2524 18.
1732 2468 1784 2523 9.
1809 2468 1922 2538 29).
1949 2468 2117 2533 Quam
2145 2468 2242 2536 igi-

677 2567 764 2611 tur
787 2557 855 2610 ob
883 2572 1091 2611 causam
1118 2559 1317 2612 crimen
1346 2559 1607 2612 transtulit
1627 2558 1677 2611 in
1704 2558 1867 2622 alios,
1893 2557 2075 2612 dicens
2102 2576 2116 2611 :
2139 2558 2241 2611 Cur

678 2647 827 2701 audis
848 2649 990 2702 verba
1011 2648 1182 2716 populi
1204 2648 1293 2712 tui,
1314 2648 1604 2714 dicentium,
1624 2647 1750 2701 Ecce
1762 2647 1928 2700 Dauid
1941 2648 2116 2716 quierit
2131 2647 2243 2701 ani-

677 2759 810 2796 suam
831 2754 964 2796 tuam
983 2743 1009 2795 .’
1025 2741 1279 2798 Nimirum
1304 2752 1362 2796 ut
1387 2741 1459 2795 illi
1486 2741 1745 2810 praeberet
1771 2742 2102 2795 occasionem
2134 2755 2234 2795 ex-

676 2831 907 2888 cutiendi
937 2832 1208 2886 malitiam.
1239 2832 1348 2886 Hoc
1373 2833 1616 2886 nimirum
1642 2840 1696 2886 et
1716 2840 1958 2901 parentes
1982 2847 2124 2903 saepe
2151 2832 2231 2887 fa-

675 2921 820 2975 ciunt
865 2935 987 2989 erga
1036 2921 1209 2987 filios,
1256 2920 1379 2975 dum
1425 2920 1683 2991 quispiam
1735 2921 2025 2991 corripiens
2073 2921 2234 2976 filium

675 3023 826 3063 suum
849 3017 1173 3078 corruptum,
1203 3010 1467 3079 multaque
1495 3019 1767 3079 operatum
1802 3011 1965 3076 mala,
1998 3011 2238 3082 quamvis

674 3099 774 3152 sibi
806 3113 1114 3167 persuasum
1146 3097 1374 3165 habeat,
1418 3100 1565 3155 illum
1595 3116 1660 3155 ex
1691 3102 1901 3172 propria
1945 3103 2144 3158 malitia
2169 3102 2237 3158 ad

673 3189 908 3257 perditos
933 3204 1108 3246 mores
1139 3190 1402 3260 appulisse
1427 3231 1443 3257 ,
1486 3190 1794 3260 frequenter
1821 3201 1994 3248 tamen
2024 3194 2078 3248 in
2105 3194 2236 3249 alios

673 3277 878 3347 culpam
908 3278 1111 3346 rejicit,
1159 3279 1231 3332 ita
1277 3279 1497 3350 loquens
1526 3296 1538 3332 :
1564 3279 1693 3335 Novi
1739 3296 1842 3335 non
1882 3282 2046 3338 fuisse
2084 3292 2233 3340 tuum

673 3365 922 3420 delictum
943 3407 959 3431 ,
985 3366 1078 3420 sed
1107 3367 1194 3421 alii
1223 3376 1274 3421 te
1301 3377 1651 3437 corruperunt
1686 3384 1748 3424 ac
1772 3370 2097 3426 seduxerunt
2127 3389 2140 3425 :
2174 3372 2236 3425 ll-

676 3455 842 3508 lorum
869 3463 949 3510 est
974 3463 1138 3509 totum
1184 3455 1285 3510 hoc
1322 3467 1614 3526 peccatum.
1637 3457 1766 3512 Nam
1794 3459 1907 3514 haec
1930 3459 2148 3515 audiens
2177 3459 2235 3513 ll-

671 3544 806 3611 lius,
835 3544 1024 3613 poterit
1050 3545 1297 3613 paulatim
1324 3561 1353 3599 a
1377 3547 1574 3602 malitia
1605 3549 1921 3618 resipiscens
1940 3550 2144 3606 facilius
2166 3551 2233 3607 ad

671 3635 860 3688 bonam
886 3633 1087 3705 frugem
1111 3637 1323 3705 reverti,
1349 3636 1472 3692 dum
1494 3639 1714 3708 pudellt,
1741 3641 2107 3712 crubescitque
2137 3642 2236 3698 hac

669 3725 824 3779 laude
847 3725 1014 3780 videri
1045 3726 1306 3795 indignus.
1332 3726 1472 3782 Idem
1501 3729 1624 3784 fecit
1649 3729 1844 3785 Paulus
1871 3732 2108 3787 scribens
2131 3733 2236 3788 Ga-

669 3814 809 3870 latis.
844 3815 969 3870 Post
998 3816 1190 3872 multos
1220 3817 1338 3872 illos
1364 3832 1428 3872 ae
1454 3818 1640 3889 longos
1676 3812 1948 3877 sermones
1967 3862 1981 3884 ,
2009 3831 2235 3895 postque

668 3917 775 3956 non
799 3904 1290 3959 commemorandas
1315 3908 1696 3972 accusationes,
1724 3911 1916 3978 quibus
1938 3911 2056 3967 illos
2079 3927 2234 3969 accu-

667 4000 832 4057 sarat,
854 3992 953 4047 sub
973 3992 1208 4061 epistolae
1237 3992 1394 4048 finem
1427 3996 1607 4051 voletis
1636 3997 1703 4051 ab
1728 3999 1830 4052 illis
1856 4013 2102 4056 amovere
2122 4002 2234 4056 cul-

668 4095 814 4151 pam,
840 4091 896 4135 ut
919 4083 1297 4150 aliquantulum
1329 4097 1357 4137 a
1383 4085 1691 4141 criminibus
1715 4088 1941 4142 recreati
1970 4088 2035 4142 ad
2065 4103 2230 4144 excu-

665 4171 925 4226 sationem
952 4173 1131 4227 venire
1161 4181 1391 4243 queant,
1437 4175 1578 4229 hunc
1605 4176 1658 4230 in
1695 4177 1910 4232 modum
1950 4178 2182 4248 loquitur
2212 4197 2227 4236 :

666 4260 778 4333 Ego
803 4262 1004 4331 conﬁdo
1031 4263 1095 4316 de
1117 4265 1272 4331 vobis,
1300 4265 1438 4335 quod
1460 4265 1587 4318 nihil
1622 4265 1765 4319 aliud
1801 4267 2016 4322 sentietis
2037 4283 2057 4322 :
2082 4278 2230 4324 cete-

662 4370 775 4407 rum
792 4355 877 4421 qui
896 4369 980 4407 vos
1003 4354 1277 4423 perturbat,
1302 4359 1424 4425 feret
1443 4355 1695 4423 iudicium
1718 4358 1943 4429 quisquis
1965 4360 2052 4413 ille
2079 4363 2232 4430 fuerit

663 4441 816 4513 (Gal.
844 4443 897 4498 li.
931 4442 1056 4512 1ο).
1087 4441 1271 4498 Itidem
1305 4441 1430 4498 fecit
1469 4453 1521 4499 et
1560 4444 1721 4500 David
1753 4447 1839 4501 hic
1867 4465 1882 4501 :
1919 4463 2040 4503 cum
2083 4451 2229 4504 enim

665 4533 759 4594 ait,
781 4530 884 4587 Cur
902 4533 1049 4588 audis
1067 4534 1215 4588 verba
1237 4535 1411 4606 populi
1436 4536 1644 4592 dicentis
1667 4553 1686 4592 :
1709 4538 1840 4593 Ecce
1863 4537 2028 4594 David
2049 4543 2230 4611 quat-it

661 4621 882 4676 animam
928 4624 1104 4676 tuam?
1144 4623 1340 4680 indicat
1377 4626 1508 4681 alios
1548 4642 1668 4684 esse
1713 4630 1801 4700 qui
1837 4641 2225 4700 provocarent,

665 4710 797 4765 alios
817 4712 1155 4779 quianimum
1182 4714 1323 4771 illius
1345 4715 1639 4783 inﬂcerent,
1667 4720 1835 4774 modis
1849 4723 2095 4778 omnibus
2116 4733 2226 4779 stu—

658 4797 788 4854 dens
810 4799 883 4854 illi
904 4801 1172 4871 porrigere
1190 4806 1543 4862 excusationis
1563 4809 1916 4865 occasionem.
1933 4811 2051 4867 llox
2073 4826 2222 4868 suam

659 4887 822 4956 ipsius
851 4903 1060 4945 causam
1085 4906 1247 4964 agens
1270 4894 1344 4950 ait
1370 4911 1384 4947 :
1413 4893 1478 4949 Et
1497 4912 1607 4952 ecce
1629 4899 1852 4954 sith
1879 4903 2013 4956 oculi
2039 4905 2110 4958 tui
2135 4905 2226 4961 lto-

657 4976 739 5030 die
761 5018 777 5043 ,
807 4979 941 5066 quod
967 4981 1228 5035 tradiderit
1255 4993 1302 5036 te
1324 4981 1572 5040 Dominus
1598 4988 1650 5041 in
1676 5005 1855 5045 manu
1881 5009 2016 5049 meas
2035 4995 2088 5049 in
2111 5013 2226 5066 spe-

663 5053 843 5135 lunca',
885 5070 1114 5142 quodque
1165 5073 1407 5138 noluerim
1434 5077 1656 5132 occidere
1683 5087 1749 5146 te,
1797 5082 1886 5136 sed
1917 5053 2223 5155 peperceiins

661 5160 766 5228 tibi,
798 5163 1108 5233 dixerintque
1127 5180 1147 5219 :
1175 5164 1294 5220 Non
1314 5166 1540 5238 iujiciam
1565 5186 1767 5226 manum
1793 5190 1951 5229 meant
1981 5176 2033 5231 in
2059 5178 2223 5232 domi-

656 5269 776 5306 num
804 5269 986 5320 meum,
1015 5256 1250 5326 quoniam
1275 5258 1491 5314 christsss
1518 5258 1724 5318 Domini
1748 5275 1820 5318 est
1849 5265 1870 5336 (
1885 5267 1938 5321 1.
1967 5266 2096 5339 Reg.
2126 5268 2219 5326 24.

655 5343 713 5397 11
739 5342 779 5412 ).
809 5343 888 5398 1111
915 5345 1148 5418 quidem,
1178 5350 1366 5418 inquit,
1383 5351 1568 5407 verbis
1588 5352 1994 5424 calumniantur,
2024 5367 2082 5413 at
2109 5373 2210 5429 ego

657 5432 827 5504 reipsa
853 5450 941 5491 me
971 5450 1157 5507 purgo,
1187 5438 1418 5510 ipsisque
1445 5439 1595 5496 factis
1613 5440 1823 5514 depello
1849 5445 2070 5503 crimen.
2091 5448 2217 5505 Mihi

645 5525 784 5583 nihil
809 5541 944 5600 opus
961 5537 1046 5586 est
1067 5531 1245 5587 verbis
1264 5571 1282 5599 ,
1329 5545 1448 5588 cum
1479 5533 1593 5605 ipse
1617 5549 1793 5591 rerum
1822 5538 1996 5596 exitus
2031 5542 2216 5611 quavis

710 5702 786 5767 (α)
816 5711 932 5770 lteg.
953 5718 1080 5758 unus
1094 5706 1358 5762 mutilatatn
1381 5711 1584 5764 exhibet
1608 5712 1732 5766 hanc
1752 5721 2067 5769 sententiam.

1738 5953 1775 5968 '\

1411 386 1468 442 S.
1507 378 1780 440 JOANNIS
1813 371 2279 433 CIIRYSOSTOMI
2318 367 2630 428 ARClllEP.
2655 367 3197 430 ‘CONSTANTINOP.

2345 487 2585 540 oratione
2611 487 2806 540 clarius
2830 487 2995 556 possit
3017 495 3072 541 te
3099 485 3314 550 docete,
3339 483 3552 554 quinam
3578 482 3688 538 sint
3716 483 3790 538 illi
3810 527 3826 548 ,
3862 496 3913 540 et

2341 577 2430 643 qui
2456 590 2555 644 ego
2578 617 2592 639 ,
2630 589 2692 628 ac
2713 575 2980 643 quomodo
3015 577 3148 629 facta
3177 574 3248 628 sit
3277 574 3554 628 advenam
3579 589 3666 628 me
3693 577 3911 631 mendax

2339 665 2532 719 delatio
2555 706 2570 731 ,
2597 674 2653 720 et
2686 665 2967 720 calumnia.
3002 663 3196 719 [larum
3224 680 3403 720 rerum
3440 680 3545 718 non
3576 663 3778 731 alium,
3823 667 3912 720 sed

2342 758 2682 825 temetipsum
2705 763 2891 810 testem
2919 756 3125 819 invoco,
3145 755 3392 825 teipsum,
3422 756 3660 825 inquam,
3683 755 3776 826 qui
3795 770 3914 810 meo

2341 843 2599 898 beneflcio
2627 854 2869 898 servatus
2894 858 2974 898 es.

2409 934 2462 986 4.
2506 930 2614 986 Sed
2655 933 2922 1002 quomodo
2957 933 3125 1003 potuit
3169 931 3295 988 Sail
3347 935 3534 986 harum
3573 947 3754 988 rerum
3798 947 3903 988 esst

2339 1025 2510 1088 testis,
2533 1025 2621 1094 qui
2641 1037 2761 1076 eum
2789 1023 2904 1078 haec
2933 1023 3140 1088 flerent,
3175 1023 3490 1087 dormiebat,
3515 1038 3580 1077 ac
3601 1039 3774 1091 neque
3800 1039 3913 1078 ver-

2343 1116 2404 1168 ba
2429 1116 2650 1181 audivit,
2681 1129 2854 1184 neque
2882 1117 3132 1171 Davidem
3161 1116 3292 1170 vidit
3317 1126 3425 1170 tum
3447 1124 3787 1186 prmseritem,
3819 1130 3908 1170 ne-

2339 1221 2443 1273 que
2480 1220 2600 1257 cum
2644 1205 2896 1259 militibus
2949 1205 3342 1275 colloquentem
3367 1205 3392 1256 ?
3433 1205 3709 1270 Quomodo
3760 1206 3914 1274 igitur

2339 1309 2699 1357 occurremus,
2722 1306 2777 1348 at
2801 1293 3020 1349 evidens
3039 1294 3327 1349 declaratio
3348 1293 3476 1348 ﬁat?
3497 1293 3562 1348 Si"
3576 1297 3718 1348 enim
3751 1305 3912 1351 Iessea

2338 1392 2590 1448 enasset,
2630 1384 2754 1439 Sail]
2798 1394 3104 1454 suspectum
3133 1385 3400 1440 habuisset
3445 1397 3632 1441 eorum
3674 1388 3912 1442 testimo-

2342 1475 2484 1526 nium
2506 1513 2522 1534 ,
2554 1488 2751 1541 eosque
2775 1473 2920 1540 justo
2946 1473 3188 1528 faventes
3215 1490 3276 1528 ea
3308 1475 3451 1546 loqui
3475 1486 3734 1545 putasset.
3767 1476 3914 1543 Quod

2343 1561 2386 1613 si
2414 1560 2903 1616 ratiocinationibus
2944 1577 3008 1617 ac
3049 1563 3412 1632 probabilibus
3442 1567 3768 1633 argumentis
3799 1577 3913 1620 ten-

2341 1660 2502 1705 tasset
2526 1665 2780 1707 excursare
2801 1666 2940 1716 sese,
2974 1651 3204 1707 futurum
3231 1661 3364 1719 erat,
3397 1662 3454 1706 ut
3472 1655 3646 1708 minus
3674 1655 3770 1724 ipsi
3797 1670 3913 1709 cre-

2338 1741 2574 1805 deretur,
2593 1741 2786 1811 quippe
2804 1741 2912 1810 jam
2931 1749 3185 1811 corrupto
3199 1742 3392 1810 judicia
3417 1743 3615 1798 animo.
3639 1744 3916 1810 Quomodo

2340 1831 2478 1883 enim
2509 1830 2554 1885 is
2573 1831 2660 1900 qui
2690 1839 2766 1885 tot
2788 1831 3059 1886 beneficiis
3102 1830 3322 1887 allectus
3350 1832 3516 1887 nihilo
3560 1833 3735 1890 secius
3779 1835 3918 1890 bello

2338 1922 2749 1990 persequebatur
2769 1921 2896 1975 nihil
2917 1923 3306 1988 commeritum,
3341 1924 3597 1992 suspicari
3619 1927 3910 1994 potuisset,

2339 2010 2480 2078 quod
2509 2011 2700 2080 aliquis
2717 2012 2908 2081 injuria
2929 2011 3170 2079 affectus,
3190 2028 3312 2068 eum
3334 2015 3422 2084 qui
3446 2015 3640 2070 fecerat
3667 2017 3914 2084 injuriam

2341 2112 2525 2156 nactus
2552 2103 2604 2156 iu
2631 2117 2855 2167 manus,
2895 2103 2994 2175 ipsi
3023 2104 3386 2174 pepercisset?
3423 2105 3736 2175 Plerumque
3777 2108 3918 2162 enim

2342 2190 2525 2260 vulgus
2553 2191 2827 2246 hominum
2851 2207 2913 2247 ex
2938 2208 3037 2246 suo
3058 2194 3234 2248 animo
3251 2193 3318 2248 de
3338 2195 3454 2248 aliis
3475 2194 3676 2264 judicat
3705 2215 3720 2250 :
3752 2198 3917 2260 velut,

2340 2280 2428 2348 qui
2454 2281 2665 2336 assidue
2689 2281 3000 2350 inebriatur,
3025 2281 3163 2337 haud
3188 2281 3341 2338 facile
3362 2283 3588 2339 credere
3612 2287 3781 2354 possit
3801 2301 3918 2343 esse

2339 2372 2638 2440 quempiam
2663 2371 2931 2427 hominem
2960 2373 3139 2428 sobrie
3158 2375 3460 2440 viventem;
3493 2377 3580 2446 qui
3606 2380 3800 2433 scortis
3830 2395 3920 2432 ra-

2339 2469 2444 2526 cat,
2476 2461 2634 2515 etiam
2661 2462 2854 2531 pudice
2871 2463 3109 2520 viventes
3130 2463 3291 2520 habet
3313 2480 3411 2535 pro
3430 2466 3917 2530 iacontinentibus:

2342 2565 2524 2605 rursus
2549 2553 2635 2621 qui
2663 2566 2748 2606 res
2768 2553 2908 2622 rapit
2930 2554 3148 2620 alienas,
3178 2571 3282 2610 non
3310 2554 3466 2611 facile
3489 2558 3916 2625 persuadebitur,

2340 2653 2458 2694 esse
2494 2640 2734 2695 homines
2761 2641 2849 2710 qui
2881 2657 2975 2696 sua
3011 2659 3221 2715 quoque
3264 2643 3603 2714 profundant.
3647 2647 3912 2704 Similiter

2340 2739 2392 2785 et
2421 2730 2506 2785 hic
2533 2733 2696 2787 semel
2723 2744 3011 2804 occupatus
3033 2737 3106 2790 ira
3127 2751 3233 2791 non
3261 2735 3418 2792 facile
3444 2738 3757 2795 credidisset
3787 2756 3908 2796 esse

2340 2819 2607 2876 hominem
2653 2836 2818 2892 usque
2859 2823 2992 2880 adeo
3017 2828 3126 2880 suis
3145 2826 3420 2883 all'ectibus
3448 2830 3776 2899 superiorem
3799 2873 3815 2897 ,
3863 2842 3921 2888 ut

2339 2924 2444 2964 non
2486 2911 2645 2966 modo
2685 2911 2815 2967 nihil
2855 2914 3095 2983 laederet,
3139 2931 3323 2973 verum
3351 2927 3404 2974 et
3428 2933 3548 2974 eum
3579 2921 3664 2990 qui
3705 2909 3922 2980 trs-serui

2339 3011 2601 3059 servaret.
2633 3004 2893 3071 Quoniam
2933 3007 3095 3077 igitur
3114 3016 3167 3063 et
3194 3009 3404 3065 animus
3439 3010 3629 3081 judicis
3655 3021 3773 3067 erat
3793 3027 3920 3068 eor-

2339 3103 2526 3162 ruptus
2550 3134 2565 3159 ,
2600 3105 2654 3148 et
2676 3103 2837 3151 testes
2862 3098 2908 3151 si
2935 3098 3177 3168 producti
3213 3099 3470 3166 fuissent,
3516 3101 3570 3156 in
3612 3104 3922 3172 suspicione

2337 3193 2488 3236 erant
2517 3183 2711 3252 futuri,
2763 3187 2984 3243 consilio
3023 3189 3267 3259 prudenti
3302 3192 3501 3260 reperit
3544 3192 3918 3262 probationem

2337 3273 2639 3342 quamdam,
2663 3291 2781 3345 qua:
2802 3287 2979 3348 posset
3001 3289 3056 3334 et
3076 3280 3233 3337 valde
3250 3282 3640 3352 impudentibus
3657 3298 3718 3339 os
3742 3286 3908 3340 obtu-

2337 3378 2474 3418 rare.
2527 3363 2780 3432 Qumnam
2826 3377 2910 3423 est
2941 3369 3100 3425 haec?
3145 3370 3360 3426 Lacinia
3387 3372 3708 3446 chlamydis,
3754 3391 3920 3446 quam

2335 3455 2658 3522 protendens
2703 3457 2915 3514 dicebat
2958 3458 3136 3515 :Ecce
3184 3461 3370 3517 lacinia
3410 3463 3688 3535 chlamydis
3719 3475 3824 3521 tua
3863 3469 3920 3522 in

2335 3559 2489 3598 manu
2514 3561 2647 3612 mea,
2668 3562 2819 3614 quam
2843 3549 3048 3612 abstuli,
3072 3565 3162 3604 nec
3180 3551 3342 3605 occidi
3361 3561 3406 3606 te
3424 3552 3499 3622 (1.
3523 3553 3648 3624 Reg.
3673 3553 3767 3609 24.
3797 3557 3914 3627 12).

2336 3633 2512 3690 Mutus
2535 3636 2747 3705 quidem
2779 3639 2949 3704 testis,
2977 3639 3070 3696 sed
3097 3642 3350 3698 omnibus
3375 3658 3558 3700 vocem
3600 3645 3918 3704 habentibus

2336 3724 2646 3780 evidentior.
2673 3725 2858 3798 Neque
2874 3729 3014 3784 enim
3038 3731 3082 3784 si
3109 3745 3216 3786 non
3247 3731 3486 3801 fuissem,
3511 3735 3694 3805 inquit,
3726 3739 3917 3806 proxi-

2335 3829 2455 3869 mus
2474 3855 2489 3879 ,
2518 3829 2582 3869 ac
2596 3818 2807 3886 corpori
2835 3827 2926 3873 tuo
2949 3819 3154 3875 vicinus
3173 3821 3458 3890 stetissem,
3484 3825 3776 3894 potuissem
3821 3843 3917 3885 ve-

2335 3903 2435 3958 stis
2458 3914 2731 3974 amputare
2759 3917 2983 3977 partem.
3020 3910 3177 3967 Vides
3201 3921 3456 3982 quantum
3485 3915 3556 3969 sit
3583 3926 3757 3972 ortum
3785 3916 3915 3975 boui

2335 4008 2400 4048 ex
2424 4008 2510 4060 eo,
2537 3993 2678 4064 quod
2883 4008 3180 4057 commotus
3206 4000 3380 4058 fuerat
3400 4003 3600 4060 David?
3625 4005 3734 4062 Nisi
3766 4009 3913 4064 etiim

2334 4081 2400 4135 ad
2428 4083 2560 4137 iram
2585 4093 2885 4140 commotus
2923 4087 3147 4157 fuisset,
3188 4106 3363 4162 neque
3389 4093 3778 4165 philosophiam
3810 4099 3914 4154 bo-

2333 4171 2493 4226 minis
2514 4175 2946 4243 cognovissemus
2975 4179 3136 4250 (nam
3160 4181 3428 4254 plerisque
3456 4199 3562 4241 non
3584 4183 3915 4258 ex'philoso-

2332 4259 2480 4352 phis,
2629 4277 2696 4318 ex
2719 4275 2938 4336 stupore
2969 4272 3272 4340 pepercisse
3295 4274 3440 4331 visus
3469 4274 3707 4348 fuisset),
3734 4294 3915 4352 neque

2331 4349 2626 4423 chlamydis
2673 4364 2876 4426 partem
2914 4363 3456 4434 amputasset:un
3483 4365 3531 4420 si
3570 4382 3676 4422 non
3719 4349 3914 4440 ampu-

2335 4447 2518 4508 tasset,
2549 4457 2655 4497 non
2684 4454 2892 4514 poterat
2918 4449 3037 4506 aliis
3060 4455 3385 4523 argumentis
3409 4455 3624 4514 inimico
3648 4457 3805 4516 ﬁdem
3828 4460 3913 4516 fa-

2334 4545 2476 4587 cere.
2505 4531 2654 4589 Nunc
2678 4549 2807 4591 vero
2829 4537 3078 4607 quoniam
3117 4549 3172 4596 et
3198 4554 3494 4602 cornmotus
3516 4548 3614 4603 fuit
3635 4559 3693 4605 et
3715 4565 3912 4622 ampu-

2335 4624 2490 4688 tavit,
2535 4639 2648 4682 sure
2689 4627 3037 4697 providentiae
3083 4633 3436 4691 certissimum
3479 4638 3709 4708 prsbnit
3750 4657 3914 4713 argu-

2331 4723 2589 4771 mentum.
2623 4717 2883 4783 Quouiam
2929 4721 3090 4791 igitur
3118 4731 3224 4779 tam
3249 4739 3432 4782 verum
3461 4735 3519 4784 et
3545 4726 3907 4789 indubitatum

2332 4805 2688 4862 testimonium
2726 4809 2986 4877 exhibuit,
3025 4813 3198 4883 ipsum
3243 4831 3366 4872 mox
3395 4818 3911 4894 iuimicumetjudi-

2328 4910 2446 4951 cem
2471 4903 2525 4952 et
2551 4904 2740 4954 testem
2784 4898 2913 4960 facit
2953 4917 3064 4957 sua:
3102 4917 3230 4974 erga
3269 4905 3421 4962 illum
3448 4912 3797 4979 reverentia,
3824 4915 3911 4970 lo-

2328 5002 2498 5057 quens
2539 4987 2681 5046 hunc
2724 4991 2776 5045 in
2829 4993 3043 5048 modum
3072 5009 3086 5046 :
3114 4994 3370 5067 Cognosce
3392 5010 3440 5054 et
3458 5000 3570 5056 side
3593 5001 3746 5059 hodie

2327 5093 2427 5131 non
2454 5087 2528 5132 est
2552 5079 2606 5134 in
2631 5096 2783 5135 manu
2805 5098 2916 5137 mea
2937 5084 3196 5154 iniquitas,
3219 5101 3379 5157 neque
3398 5098 3712 5163 contemptus
3734 5097 3827 5160 tui,
3859 5106 3908 5151 α

2325 5169 2510 5239 alligas
2532 5171 2757 5225 quisnam
2783 5189 2946 5227 meast:
2967 5214 2983 5240 ,
3020 5184 3074 5230 ut
3096 5177 3273 5245 capias
3299 5194 3414 5233 eam
3437 5179 3731 5257 (Ibidem).
3769 5185 3907 5244 lliuc

2326 5260 2413 5315 vel
2433 5261 2663 5317 maxime
2686 5264 2804 5333 quis
2826 5263 3076 5320 admirari
3103 5265 3298 5324 debeat
3321 5269 3462 5327 illius
3489 5275 3907 5344 magnanimita-

2328 5359 2457 5418 tem,
2483 5350 2625 5422 quod
2651 5366 2757 5408 non
2785 5354 2946 5409 sumit
2965 5356 3358 5413 excusationem
3379 5359 3483 5414 nisi
3505 5339 3670 5414 abiis
3691 5378 3809 5434 quae
3833 5380 3906 5422 eo

2327 5441 2412 5497 die
2437 5441 2757 5498 acciderant.
2791 5442 2924 5499 Nam
2957 5444 3059 5500 hoc
3090 5444 3292 5514 inuuit',
3340 5462 3461 5503 cum
3499 5449 3575 5504 ait
3601 5467 3616 5504 :
3646 5450 3907 5523 Cognosce

2325 5540 2372 5585 et
2409 5531 2518 5587 side
2559 5531 2727 5587 hodie.
2753 5531 2897 5587 Nihil
2934 5533 3077 5590 enim
3101 5533 3292 5607 loquor
3326 5533 3396 5592 de
3435 5539 3736 5596 anteactis:
3765 5542 3902 5599 mihi

2325 5619 2391 5674 ad
2433 5621 2796 5691 probationem
2824 5622 2956 5679 satis
2977 5631 3063 5679 est
3099 5623 3186 5680 hic
3229 5623 3366 5682 dies.
3413 5626 3649 5685 Tametsi
3689 5641 3902 5701 poterat

2324 5711 2489 5768 multa
2513 5727 2810 5786 magnaque
2835 5727 3159 5776 enumerare
3191 5715 3482 5797 beneﬁcia,
3513 5734 3634 5792 qua:
3656 5721 3799 5799 prius
3838 5723 3895 5782 is
