  <div class='ocr_page' id='page_1' title='image "/cluster/home/n/w/nwhite01/storage/ocr_20150623/54/pst.000005712533/322.png"; bbox 0 0 4178 6330; ppageno 0'>
   <div class='ocr_carea' id='block_1_1' title="bbox 327 370 436 428">
    <p class='ocr_par' dir='ltr' id='par_1_1' title="bbox 327 370 436 428">
     <span class='ocr_line' id='line_1_1' title="bbox 327 370 436 428; baseline -0.028 0"><span class='ocrx_word' id='word_1_1' title='bbox 327 370 436 428; x_wconf 63' lang='lat'><strong>695</strong></span> 
     </span>
    </p>
   </div>
   <div class='ocr_carea' id='block_1_2' title="bbox 325 477 1917 549">
    <p class='ocr_par' dir='ltr' id='par_1_2' title="bbox 325 477 1917 549">
     <span class='ocr_line' id='line_1_2' title="bbox 325 477 1917 549; baseline -0.011 -8"><span class='ocrx_word' id='word_1_2' title='bbox 325 486 475 541; x_wconf 82' lang='lat' dir='ltr'><strong>illum</strong></span> <span class='ocrx_word' id='word_1_3' title='bbox 506 482 828 549; x_wconf 75' lang='lat' dir='ltr'><strong>contulerat,</strong></span> <span class='ocrx_word' id='word_1_4' title='bbox 856 479 903 536; x_wconf 88' lang='lat' dir='ltr'><strong>si</strong></span> <span class='ocrx_word' id='word_1_5' title='bbox 927 477 1230 533; x_wconf 82' lang='lat' dir='ltr'><strong>voluisset:</strong></span> <span class='ocrx_word' id='word_1_6' title='bbox 1260 481 1470 545; x_wconf 75' lang='lat' dir='ltr'><strong>poterat</strong></span> <span class='ocrx_word' id='word_1_7' title='bbox 1491 484 1917 529; x_wconf 84' lang='lat' dir='ltr'><strong>commemorare</strong></span> 
     </span>
    </p>
   </div>
   <div class='ocr_carea' id='block_1_3' title="bbox 323 568 1914 648">
    <p class='ocr_par' dir='ltr' id='par_1_3' title="bbox 323 568 1914 648">
     <span class='ocr_line' id='line_1_3' title="bbox 323 568 1914 648; baseline -0.011 -15"><span class='ocrx_word' id='word_1_8' title='bbox 323 577 595 648; x_wconf 79' lang='lat' dir='ltr'><strong>singulare</strong></span> <span class='ocrx_word' id='word_1_9' title='bbox 619 585 891 631; x_wconf 87' lang='lat' dir='ltr'><strong>certamen</strong></span> <span class='ocrx_word' id='word_1_10' title='bbox 918 613 931 637; x_wconf 94' lang='lat'><strong>,</strong></span> <span class='ocrx_word' id='word_1_11' title='bbox 976 571 1119 642; x_wconf 90' lang='lat' dir='ltr'><strong>quod</strong></span> <span class='ocrx_word' id='word_1_12' title='bbox 1150 585 1270 625; x_wconf 91' lang='lat' dir='ltr'><strong>cum</strong></span> <span class='ocrx_word' id='word_1_13' title='bbox 1302 568 1529 623; x_wconf 87' lang='lat' dir='ltr'><strong>barbaro</strong></span> <span class='ocrx_word' id='word_1_14' title='bbox 1571 572 1879 633; x_wconf 72' lang='lat' dir='ltr'><strong>susceperat</strong></span> <span class='ocrx_word' id='word_1_15' title='bbox 1900 602 1914 629; x_wconf 94' lang='lat'><strong>,</strong></span> 
     </span>
    </p>
   </div>
   <div class='ocr_carea' id='block_1_4' title="bbox 321 654 1915 723">
    <p class='ocr_par' dir='ltr' id='par_1_4' title="bbox 321 654 1915 723">
     <span class='ocr_line' id='line_1_4' title="bbox 321 654 1915 723; baseline -0.011 0"><span class='ocrx_word' id='word_1_16' title='bbox 321 682 386 723; x_wconf 73' lang='lat' dir='ltr'><strong>ac</strong></span> <span class='ocrx_word' id='word_1_17' title='bbox 428 667 648 723; x_wconf 80' lang='lat' dir='ltr'><strong>dicere:</strong></span> <span class='ocrx_word' id='word_1_18' title='bbox 679 664 814 719; x_wconf 86' lang='lat' dir='ltr'><strong>Cum</strong></span> <span class='ocrx_word' id='word_1_19' title='bbox 861 662 1061 719; x_wconf 89' lang='lat' dir='ltr'><strong>bellum</strong></span> <span class='ocrx_word' id='word_1_20' title='bbox 1110 660 1484 723; x_wconf 89' lang='lat' dir='ltr'><strong>barbaricum,</strong></span> <span class='ocrx_word' id='word_1_21' title='bbox 1533 672 1629 710; x_wconf 88' lang='lat' dir='ltr'><strong>ceu</strong></span> <span class='ocrx_word' id='word_1_22' title='bbox 1658 654 1915 707; x_wconf 92' lang='lat' dir='ltr'><strong>diluvium</strong></span> 
     </span>
    </p>
   </div>
   <div class='ocr_carea' id='block_1_5' title="bbox 320 747 1911 827">
    <p class='ocr_par' dir='ltr' id='par_1_5' title="bbox 320 747 1911 827">
     <span class='ocr_line' id='line_1_5' title="bbox 320 747 1911 827; baseline -0.008 -17"><span class='ocrx_word' id='word_1_23' title='bbox 320 757 590 827; x_wconf 81' lang='lat' dir='ltr'><strong>quoddam</strong></span> <span class='ocrx_word' id='word_1_24' title='bbox 616 797 630 820; x_wconf 94' lang='lat'><strong>,</strong></span> <span class='ocrx_word' id='word_1_25' title='bbox 681 756 983 808; x_wconf 88' lang='lat' dir='ltr'><strong>universam</strong></span> <span class='ocrx_word' id='word_1_26' title='bbox 1010 752 1278 807; x_wconf 89' lang='lat' dir='ltr'><strong>civitatem</strong></span> <span class='ocrx_word' id='word_1_27' title='bbox 1308 757 1451 806; x_wconf 89' lang='lat' dir='ltr'><strong>esset</strong></span> <span class='ocrx_word' id='word_1_28' title='bbox 1494 747 1870 816; x_wconf 90' lang='lat' dir='ltr'><strong>dissipaturum</strong></span> <span class='ocrx_word' id='word_1_29' title='bbox 1896 786 1911 812; x_wconf 91' lang='lat'><strong>,</strong></span> 
     </span>
    </p>
   </div>
   <div class='ocr_carea' id='block_1_6' title="bbox 321 836 1919 910">
    <p class='ocr_par' dir='ltr' id='par_1_6' title="bbox 321 836 1919 910">
     <span class='ocr_line' id='line_1_6' title="bbox 321 836 1919 910; baseline -0.009 -8"><span class='ocrx_word' id='word_1_30' title='bbox 321 846 683 902; x_wconf 74' lang='lat' dir='ltr'><strong>consternatis</strong></span> <span class='ocrx_word' id='word_1_31' title='bbox 708 845 859 899; x_wconf 89' lang='lat' dir='ltr'><strong>vobis</strong></span> <span class='ocrx_word' id='word_1_32' title='bbox 882 859 943 899; x_wconf 88' lang='lat' dir='ltr'><strong>ac</strong></span> <span class='ocrx_word' id='word_1_33' title='bbox 970 852 1113 897; x_wconf 88' lang='lat' dir='ltr'><strong>metu</strong></span> <span class='ocrx_word' id='word_1_34' title='bbox 1138 840 1379 910; x_wconf 90' lang='lat' dir='ltr'><strong>trepidis,</strong></span> <span class='ocrx_word' id='word_1_35' title='bbox 1410 836 1751 908; x_wconf 83' lang='lat' dir='ltr'><strong>quotidieque</strong></span> <span class='ocrx_word' id='word_1_36' title='bbox 1771 852 1919 889; x_wconf 91' lang='lat' dir='ltr'><strong>mor-</strong></span> 
     </span>
    </p>
   </div>
   <div class='ocr_carea' id='block_1_7' title="bbox 320 926 1913 1004">
    <p class='ocr_par' dir='ltr' id='par_1_7' title="bbox 320 926 1913 1004">
     <span class='ocr_line' id='line_1_7' title="bbox 320 926 1913 1004; baseline -0.006 -13"><span class='ocrx_word' id='word_1_37' title='bbox 320 946 427 991; x_wconf 89' lang='lat' dir='ltr'><strong>tem</strong></span> <span class='ocrx_word' id='word_1_38' title='bbox 476 935 910 1004; x_wconf 79' lang='lat' dir='ltr'><strong>exspectantibus</strong></span> <span class='ocrx_word' id='word_1_39' title='bbox 934 976 949 1000; x_wconf 96' lang='lat'><strong>,</strong></span> <span class='ocrx_word' id='word_1_40' title='bbox 993 948 1096 1002; x_wconf 89' lang='lat' dir='ltr'><strong>ego</strong></span> <span class='ocrx_word' id='word_1_41' title='bbox 1137 930 1402 987; x_wconf 85' lang='lat' dir='ltr'><strong>accedens</strong></span> <span class='ocrx_word' id='word_1_42' title='bbox 1436 929 1649 984; x_wconf 89' lang='lat' dir='ltr'><strong>nemine</strong></span> <span class='ocrx_word' id='word_1_43' title='bbox 1671 926 1913 996; x_wconf 88' lang='lat' dir='ltr'><strong>compel-</strong></span> 
     </span>
    </p>
   </div>
   <div class='ocr_carea' id='block_1_8' title="bbox 320 1020 1908 1094">
    <p class='ocr_par' dir='ltr' id='par_1_8' title="bbox 320 1020 1908 1094">
     <span class='ocr_line' id='line_1_8' title="bbox 320 1020 1908 1094; baseline -0.005 -15"><span class='ocrx_word' id='word_1_44' title='bbox 320 1025 462 1081; x_wconf 84' lang='lat' dir='ltr'><strong>lento</strong></span> <span class='ocrx_word' id='word_1_45' title='bbox 487 1066 501 1089; x_wconf 87' lang='lat'><strong>,</strong></span> <span class='ocrx_word' id='word_1_46' title='bbox 533 1026 641 1080; x_wconf 90' lang='lat' dir='ltr'><strong>imo</strong></span> <span class='ocrx_word' id='word_1_47' title='bbox 688 1034 738 1080; x_wconf 91' lang='lat' dir='ltr'><strong>te</strong></span> <span class='ocrx_word' id='word_1_48' title='bbox 784 1023 1099 1094; x_wconf 87' lang='lat' dir='ltr'><strong>prohibente</strong></span> <span class='ocrx_word' id='word_1_49' title='bbox 1144 1036 1209 1077; x_wconf 85' lang='lat' dir='ltr'><strong>ac</strong></span> <span class='ocrx_word' id='word_1_50' title='bbox 1253 1021 1519 1076; x_wconf 84' lang='lat' dir='ltr'><strong>retinente</strong></span> <span class='ocrx_word' id='word_1_51' title='bbox 1544 1020 1860 1089; x_wconf 89' lang='lat' dir='ltr'><strong>dieenteque</strong></span> <span class='ocrx_word' id='word_1_52' title='bbox 1894 1035 1908 1071; x_wconf 92' lang='lat'><strong>:</strong></span> 
     </span>
    </p>
   </div>
   <div class='ocr_carea' id='block_1_9' title="bbox 317 1108 1913 1187">
    <p class='ocr_par' dir='ltr' id='par_1_9' title="bbox 317 1108 1913 1187">
     <span class='ocr_line' id='line_1_9' title="bbox 317 1108 1913 1187; baseline -0.006 -16"><span class='ocrx_word' id='word_1_53' title='bbox 317 1116 444 1171; x_wconf 82' lang='lat' dir='ltr'><strong>Non</strong></span> <span class='ocrx_word' id='word_1_54' title='bbox 470 1119 656 1187; x_wconf 79' lang='lat' dir='ltr'><strong>poteris</strong></span> <span class='ocrx_word' id='word_1_55' title='bbox 684 1118 776 1182; x_wconf 89' lang='lat' dir='ltr'><strong>ire,</strong></span> <span class='ocrx_word' id='word_1_56' title='bbox 807 1115 1044 1186; x_wconf 84' lang='lat' dir='ltr'><strong>quoniam</strong></span> <span class='ocrx_word' id='word_1_57' title='bbox 1074 1129 1199 1184; x_wconf 84' lang='lat' dir='ltr'><strong>puer</strong></span> <span class='ocrx_word' id='word_1_58' title='bbox 1224 1130 1275 1167; x_wconf 85' lang='lat' dir='ltr'><strong>es</strong></span> <span class='ocrx_word' id='word_1_59' title='bbox 1294 1154 1309 1178; x_wconf 95' lang='lat'><strong>,</strong></span> <span class='ocrx_word' id='word_1_60' title='bbox 1355 1112 1442 1165; x_wconf 79' lang='lat' dir='ltr'><strong>ille</strong></span> <span class='ocrx_word' id='word_1_61' title='bbox 1470 1121 1635 1164; x_wconf 82' lang='lat' dir='ltr'><strong>autem</strong></span> <span class='ocrx_word' id='word_1_62' title='bbox 1656 1110 1732 1163; x_wconf 80' lang='lat' dir='ltr'><strong>vir</strong></span> <span class='ocrx_word' id='word_1_63' title='bbox 1754 1108 1913 1162; x_wconf 81' lang='lat' dir='ltr'><strong>bella-</strong></span> 
     </span>
    </p>
   </div>
   <div class='ocr_carea' id='block_1_10' title="bbox 317 1201 1906 1280">
    <p class='ocr_par' dir='ltr' id='par_1_10' title="bbox 317 1201 1906 1280">
     <span class='ocr_line' id='line_1_10' title="bbox 317 1201 1906 1280; baseline -0.005 -18"><span class='ocrx_word' id='word_1_64' title='bbox 317 1218 397 1263; x_wconf 80' lang='lat' dir='ltr'><strong>tor</strong></span> <span class='ocrx_word' id='word_1_65' title='bbox 419 1227 452 1262; x_wconf 92' lang='lat' dir='ltr'><strong>a</strong></span> <span class='ocrx_word' id='word_1_66' title='bbox 470 1212 736 1279; x_wconf 77' lang='lat' dir='ltr'><strong>juventute</strong></span> <span class='ocrx_word' id='word_1_67' title='bbox 765 1223 857 1261; x_wconf 82' lang='lat' dir='ltr'><strong>sua</strong></span> <span class='ocrx_word' id='word_1_68' title='bbox 876 1205 951 1280; x_wconf 82' lang='lat' dir='ltr'><strong>(l.</strong></span> <span class='ocrx_word' id='word_1_69' title='bbox 978 1205 1106 1276; x_wconf 84' lang='lat' dir='ltr'><strong>Reg.</strong></span> <span class='ocrx_word' id='word_1_70' title='bbox 1130 1206 1218 1260; x_wconf 79' lang='grc'><strong>17.</strong></span> <span class='ocrx_word' id='word_1_71' title='bbox 1242 1203 1336 1272; x_wconf 73' lang='lat'><strong>33)</strong></span> <span class='ocrx_word' id='word_1_72' title='bbox 1362 1224 1374 1257; x_wconf 91' lang='lat'><strong>:</strong></span> <span class='ocrx_word' id='word_1_73' title='bbox 1407 1219 1514 1257; x_wconf 91' lang='lat' dir='ltr'><strong>non</strong></span> <span class='ocrx_word' id='word_1_74' title='bbox 1541 1218 1625 1256; x_wconf 91' lang='lat' dir='ltr'><strong>me</strong></span> <span class='ocrx_word' id='word_1_75' title='bbox 1647 1201 1906 1265; x_wconf 88' lang='lat' dir='ltr'><strong>continui,</strong></span> 
     </span>
    </p>
   </div>
   <div class='ocr_carea' id='block_1_11' title="bbox 314 1293 1912 1369">
    <p class='ocr_par' dir='ltr' id='par_1_11' title="bbox 314 1293 1912 1369">
     <span class='ocr_line' id='line_1_11' title="bbox 314 1293 1912 1369; baseline -0.006 -15"><span class='ocrx_word' id='word_1_76' title='bbox 314 1298 411 1354; x_wconf 83' lang='lat' dir='ltr'><strong>sed</strong></span> <span class='ocrx_word' id='word_1_77' title='bbox 438 1312 575 1351; x_wconf 89' lang='lat' dir='ltr'><strong>unus</strong></span> <span class='ocrx_word' id='word_1_78' title='bbox 600 1312 699 1369; x_wconf 92' lang='lat' dir='ltr'><strong>pro</strong></span> <span class='ocrx_word' id='word_1_79' title='bbox 727 1297 973 1351; x_wconf 90' lang='lat' dir='ltr'><strong>omnibus</strong></span> <span class='ocrx_word' id='word_1_80' title='bbox 1002 1295 1160 1349; x_wconf 90' lang='lat' dir='ltr'><strong>insilii</strong></span> <span class='ocrx_word' id='word_1_81' title='bbox 1186 1335 1202 1358; x_wconf 90' lang='lat'><strong>,</strong></span> <span class='ocrx_word' id='word_1_82' title='bbox 1252 1294 1461 1348; x_wconf 86' lang='lat' dir='ltr'><strong>hostem</strong></span> <span class='ocrx_word' id='word_1_83' title='bbox 1494 1293 1679 1361; x_wconf 82' lang='lat' dir='ltr'><strong>excepi</strong></span> <span class='ocrx_word' id='word_1_84' title='bbox 1704 1332 1718 1358; x_wconf 93' lang='lat'><strong>,</strong></span> <span class='ocrx_word' id='word_1_85' title='bbox 1748 1299 1912 1360; x_wconf 89' lang='lat' dir='ltr'><strong>caput</strong></span> 
     </span>
    </p>
   </div>
   <div class='ocr_carea' id='block_1_12' title="bbox 313 1383 1907 1457">
    <p class='ocr_par' dir='ltr' id='par_1_12' title="bbox 313 1383 1907 1457">
     <span class='ocr_line' id='line_1_12' title="bbox 313 1383 1907 1457; baseline -0.005 -13"><span class='ocrx_word' id='word_1_86' title='bbox 313 1389 607 1457; x_wconf 76' lang='lat' dir='ltr'><strong>amputari,</strong></span> <span class='ocrx_word' id='word_1_87' title='bbox 631 1402 693 1442; x_wconf 91' lang='lat' dir='ltr'><strong>ac</strong></span> <span class='ocrx_word' id='word_1_88' title='bbox 713 1387 873 1442; x_wconf 86' lang='lat' dir='ltr'><strong>veluti</strong></span> <span class='ocrx_word' id='word_1_89' title='bbox 898 1387 1149 1441; x_wconf 90' lang='lat' dir='ltr'><strong>torrentis</strong></span> <span class='ocrx_word' id='word_1_90' title='bbox 1169 1386 1422 1455; x_wconf 90' lang='lat' dir='ltr'><strong>impetum</strong></span> <span class='ocrx_word' id='word_1_91' title='bbox 1447 1384 1753 1455; x_wconf 85' lang='lat' dir='ltr'><strong>quemdam,</strong></span> <span class='ocrx_word' id='word_1_92' title='bbox 1783 1383 1907 1437; x_wconf 72' lang='lat' dir='ltr'><strong>ba:-</strong></span> 
     </span>
    </p>
   </div>
   <div class='ocr_carea' id='block_1_13' title="bbox 313 1477 1911 1547">
    <p class='ocr_par' dir='ltr' id='par_1_13' title="bbox 313 1477 1911 1547">
     <span class='ocr_line' id='line_1_13' title="bbox 313 1477 1911 1547; baseline -0.001 -14"><span class='ocrx_word' id='word_1_93' title='bbox 313 1478 566 1533; x_wconf 83' lang='lat' dir='ltr'><strong>barorum</strong></span> <span class='ocrx_word' id='word_1_94' title='bbox 590 1478 799 1533; x_wconf 91' lang='lat' dir='ltr'><strong>illorum</strong></span> <span class='ocrx_word' id='word_1_95' title='bbox 830 1478 1058 1534; x_wconf 78' lang='lat' dir='ltr'><strong>insultas</strong></span> <span class='ocrx_word' id='word_1_96' title='bbox 1078 1477 1257 1547; x_wconf 90' lang='lat' dir='ltr'><strong>depuli</strong></span> <span class='ocrx_word' id='word_1_97' title='bbox 1276 1519 1291 1543; x_wconf 91' lang='lat'><strong>,</strong></span> <span class='ocrx_word' id='word_1_98' title='bbox 1337 1477 1719 1546; x_wconf 85' lang='lat' dir='ltr'><strong>rempublicam</strong></span> <span class='ocrx_word' id='word_1_99' title='bbox 1746 1477 1911 1531; x_wconf 61' lang='lat' dir='ltr'><strong>vacila</strong></span> 
     </span>
    </p>
   </div>
   <div class='ocr_carea' id='block_1_14' title="bbox 315 1568 1909 1639">
    <p class='ocr_par' dir='ltr' id='par_1_14' title="bbox 315 1568 1909 1639">
     <span class='ocr_line' id='line_1_14' title="bbox 315 1568 1909 1639; baseline 0 -16"><span class='ocrx_word' id='word_1_100' title='bbox 315 1570 514 1625; x_wconf 86' lang='lat' dir='ltr'><strong>lantem</strong></span> <span class='ocrx_word' id='word_1_101' title='bbox 539 1570 871 1626; x_wconf 83' lang='lat' dir='ltr'><strong>constabilivi</strong></span> <span class='ocrx_word' id='word_1_102' title='bbox 898 1588 910 1622; x_wconf 88' lang='lat'><strong>:</strong></span> <span class='ocrx_word' id='word_1_103' title='bbox 935 1586 997 1623; x_wconf 91' lang='lat' dir='ltr'><strong>ac</strong></span> <span class='ocrx_word' id='word_1_104' title='bbox 1025 1585 1117 1639; x_wconf 87' lang='lat' dir='ltr'><strong>per</strong></span> <span class='ocrx_word' id='word_1_105' title='bbox 1146 1584 1233 1624; x_wconf 89' lang='lat' dir='ltr'><strong>me</strong></span> <span class='ocrx_word' id='word_1_106' title='bbox 1261 1578 1315 1622; x_wconf 90' lang='lat' dir='ltr'><strong>tu</strong></span> <span class='ocrx_word' id='word_1_107' title='bbox 1343 1568 1560 1639; x_wconf 86' lang='lat' dir='ltr'><strong>quidem</strong></span> <span class='ocrx_word' id='word_1_108' title='bbox 1591 1584 1811 1637; x_wconf 88' lang='lat' dir='ltr'><strong>regnum</strong></span> <span class='ocrx_word' id='word_1_109' title='bbox 1846 1583 1909 1623; x_wconf 87' lang='lat' dir='ltr'><strong>ac</strong></span> 
     </span>
    </p>
   </div>
   <div class='ocr_carea' id='block_1_15' title="bbox 311 1658 1905 1727">
    <p class='ocr_par' dir='ltr' id='par_1_15' title="bbox 311 1658 1905 1727">
     <span class='ocr_line' id='line_1_15' title="bbox 311 1658 1905 1727; baseline -0.001 -13"><span class='ocrx_word' id='word_1_110' title='bbox 311 1659 500 1727; x_wconf 70' lang='lat' dir='ltr'><strong>vitam,</strong></span> <span class='ocrx_word' id='word_1_111' title='bbox 531 1660 713 1715; x_wconf 64' lang='lat' dir='ltr'><strong>centeri</strong></span> <span class='ocrx_word' id='word_1_112' title='bbox 742 1674 869 1715; x_wconf 90' lang='lat' dir='ltr'><strong>vero</strong></span> <span class='ocrx_word' id='word_1_113' title='bbox 897 1673 1085 1714; x_wconf 88' lang='lat' dir='ltr'><strong>omnes</strong></span> <span class='ocrx_word' id='word_1_114' title='bbox 1110 1667 1304 1727; x_wconf 72' lang='lat' dir='ltr'><strong>prreter</strong></span> <span class='ocrx_word' id='word_1_115' title='bbox 1328 1659 1513 1723; x_wconf 85' lang='lat' dir='ltr'><strong>vitam,</strong></span> <span class='ocrx_word' id='word_1_116' title='bbox 1542 1658 1810 1712; x_wconf 88' lang='lat' dir='ltr'><strong>civitatem</strong></span> <span class='ocrx_word' id='word_1_117' title='bbox 1841 1672 1905 1713; x_wconf 89' lang='lat' dir='ltr'><strong>ac</strong></span> 
     </span>
    </p>
   </div>
   <div class='ocr_carea' id='block_1_16' title="bbox 310 1748 1908 1818">
    <p class='ocr_par' dir='ltr' id='par_1_16' title="bbox 310 1748 1908 1818">
     <span class='ocr_line' id='line_1_16' title="bbox 310 1748 1908 1818; baseline 0 -15"><span class='ocrx_word' id='word_1_118' title='bbox 310 1748 526 1815; x_wconf 86' lang='lat' dir='ltr'><strong>domos,</strong></span> <span class='ocrx_word' id='word_1_119' title='bbox 554 1749 754 1805; x_wconf 89' lang='lat' dir='ltr'><strong>liberos</strong></span> <span class='ocrx_word' id='word_1_120' title='bbox 778 1759 830 1805; x_wconf 89' lang='lat' dir='ltr'><strong>et</strong></span> <span class='ocrx_word' id='word_1_121' title='bbox 857 1764 1049 1804; x_wconf 80' lang='lat' dir='ltr'><strong>exores</strong></span> <span class='ocrx_word' id='word_1_122' title='bbox 1078 1758 1277 1803; x_wconf 87' lang='lat' dir='ltr'><strong>tenent.</strong></span> <span class='ocrx_word' id='word_1_123' title='bbox 1320 1750 1399 1803; x_wconf 82' lang='lat' dir='ltr'><strong>Ac</strong></span> <span class='ocrx_word' id='word_1_124' title='bbox 1427 1749 1689 1818; x_wconf 88' lang='lat' dir='ltr'><strong>postillud</strong></span> <span class='ocrx_word' id='word_1_125' title='bbox 1720 1763 1908 1803; x_wconf 87' lang='lat' dir='ltr'><strong>rursus</strong></span> 
     </span>
    </p>
   </div>
   <div class='ocr_carea' id='block_1_17' title="bbox 312 1843 1906 1913">
    <p class='ocr_par' dir='ltr' id='par_1_17' title="bbox 312 1843 1906 1913">
     <span class='ocr_line' id='line_1_17' title="bbox 312 1843 1906 1913; baseline 0 -17"><span class='ocrx_word' id='word_1_126' title='bbox 312 1851 599 1912; x_wconf 70' lang='lat' dir='ltr'><strong>tropmum,</strong></span> <span class='ocrx_word' id='word_1_127' title='bbox 629 1852 684 1898; x_wconf 92' lang='lat' dir='ltr'><strong>et</strong></span> <span class='ocrx_word' id='word_1_128' title='bbox 707 1844 808 1897; x_wconf 89' lang='lat' dir='ltr'><strong>alia</strong></span> <span class='ocrx_word' id='word_1_129' title='bbox 834 1843 971 1897; x_wconf 92' lang='lat' dir='ltr'><strong>bella</strong></span> <span class='ocrx_word' id='word_1_130' title='bbox 998 1859 1118 1913; x_wconf 68' lang='lat' dir='ltr'><strong>qua:</strong></span> <span class='ocrx_word' id='word_1_131' title='bbox 1148 1844 1361 1897; x_wconf 90' lang='lat' dir='ltr'><strong>fortiter</strong></span> <span class='ocrx_word' id='word_1_132' title='bbox 1382 1858 1446 1897; x_wconf 80' lang='lat' dir='ltr'><strong>ac</strong></span> <span class='ocrx_word' id='word_1_133' title='bbox 1474 1845 1696 1899; x_wconf 86' lang='lat' dir='ltr'><strong>feliciter</strong></span> <span class='ocrx_word' id='word_1_134' title='bbox 1723 1857 1906 1913; x_wconf 87' lang='lat' dir='ltr'><strong>gesse-</strong></span> 
     </span>
    </p>
   </div>
   <div class='ocr_carea' id='block_1_18' title="bbox 310 1930 1906 2002">
    <p class='ocr_par' dir='ltr' id='par_1_18' title="bbox 310 1930 1906 2002">
     <span class='ocr_line' id='line_1_18' title="bbox 310 1930 1906 2002; baseline 0.001 -16"><span class='ocrx_word' id='word_1_135' title='bbox 310 1938 415 1995; x_wconf 79' lang='lat' dir='ltr'><strong>rat,</strong></span> <span class='ocrx_word' id='word_1_136' title='bbox 445 1930 549 1987; x_wconf 91' lang='lat' dir='ltr'><strong>hoc</strong></span> <span class='ocrx_word' id='word_1_137' title='bbox 578 1948 682 1987; x_wconf 90' lang='lat' dir='ltr'><strong>non</strong></span> <span class='ocrx_word' id='word_1_138' title='bbox 713 1933 993 2001; x_wconf 86' lang='lat' dir='ltr'><strong>inferiora,</strong></span> <span class='ocrx_word' id='word_1_139' title='bbox 1014 1936 1183 2002; x_wconf 91' lang='lat' dir='ltr'><strong>potuit</strong></span> <span class='ocrx_word' id='word_1_140' title='bbox 1206 1948 1653 1988; x_wconf 87' lang='lat' dir='ltr'><strong>commemorare.</strong></span> <span class='ocrx_word' id='word_1_141' title='bbox 1684 1934 1906 1989; x_wconf 73' lang='lat' dir='ltr'><strong>Adhmc</strong></span> 
     </span>
    </p>
   </div>
   <div class='ocr_carea' id='block_1_19' title="bbox 307 2022 1909 2093">
    <p class='ocr_par' dir='ltr' id='par_1_19' title="bbox 307 2022 1909 2093">
     <span class='ocr_line' id='line_1_19' title="bbox 307 2022 1909 2093; baseline 0.001 -16"><span class='ocrx_word' id='word_1_142' title='bbox 307 2022 454 2091; x_wconf 83' lang='lat' dir='ltr'><strong>quod</strong></span> <span class='ocrx_word' id='word_1_143' title='bbox 492 2038 611 2078; x_wconf 93' lang='lat' dir='ltr'><strong>cum</strong></span> <span class='ocrx_word' id='word_1_144' title='bbox 642 2024 809 2079; x_wconf 89' lang='lat' dir='ltr'><strong>semel</strong></span> <span class='ocrx_word' id='word_1_145' title='bbox 840 2033 999 2093; x_wconf 83' lang='lat' dir='ltr'><strong>atque</strong></span> <span class='ocrx_word' id='word_1_146' title='bbox 1028 2027 1218 2078; x_wconf 90' lang='lat' dir='ltr'><strong>iterum</strong></span> <span class='ocrx_word' id='word_1_147' title='bbox 1246 2065 1261 2089; x_wconf 95' lang='lat'><strong>,</strong></span> <span class='ocrx_word' id='word_1_148' title='bbox 1292 2026 1399 2079; x_wconf 91' lang='lat' dir='ltr'><strong>imo</strong></span> <span class='ocrx_word' id='word_1_149' title='bbox 1426 2025 1909 2093; x_wconf 72' lang='lat' dir='ltr'><strong>smpius&#39;tentasset</strong></span> 
     </span>
    </p>
   </div>
   <div class='ocr_carea' id='block_1_20' title="bbox 310 2111 1905 2182">
    <p class='ocr_par' dir='ltr' id='par_1_20' title="bbox 310 2111 1905 2182">
     <span class='ocr_line' id='line_1_20' title="bbox 310 2111 1905 2182; baseline 0.001 -18"><span class='ocrx_word' id='word_1_150' title='bbox 310 2114 484 2182; x_wconf 81' lang='lat' dir='ltr'><strong>ipsum</strong></span> <span class='ocrx_word' id='word_1_151' title='bbox 512 2126 546 2167; x_wconf 89' lang='lat' dir='ltr'><strong>e</strong></span> <span class='ocrx_word' id='word_1_152' title='bbox 587 2111 765 2168; x_wconf 87' lang='lat' dir='ltr'><strong>medio</strong></span> <span class='ocrx_word' id='word_1_153' title='bbox 811 2113 1029 2176; x_wconf 87' lang='lat' dir='ltr'><strong>tollere,</strong></span> <span class='ocrx_word' id='word_1_154' title='bbox 1078 2113 1425 2181; x_wconf 87' lang='lat' dir='ltr'><strong>lanceamqne</strong></span> <span class='ocrx_word' id='word_1_155' title='bbox 1470 2112 1521 2166; x_wconf 90' lang='lat' dir='ltr'><strong>in</strong></span> <span class='ocrx_word' id='word_1_156' title='bbox 1563 2121 1724 2180; x_wconf 88' lang='lat' dir='ltr'><strong>caput</strong></span> <span class='ocrx_word' id='word_1_157' title='bbox 1764 2111 1905 2167; x_wconf 86' lang='lat' dir='ltr'><strong>illius</strong></span> 
     </span>
    </p>
   </div>
   <div class='ocr_carea' id='block_1_21' title="bbox 307 2201 1900 2274">
    <p class='ocr_par' dir='ltr' id='par_1_21' title="bbox 307 2201 1900 2274">
     <span class='ocr_line' id='line_1_21' title="bbox 307 2201 1900 2274; baseline 0.003 -19"><span class='ocrx_word' id='word_1_158' title='bbox 307 2201 556 2256; x_wconf 79' lang='lat' dir='ltr'><strong>torsisset</strong></span> <span class='ocrx_word' id='word_1_159' title='bbox 587 2219 599 2255; x_wconf 93' lang='lat'>:</span> <span class='ocrx_word' id='word_1_160' title='bbox 628 2216 734 2257; x_wconf 87' lang='lat' dir='ltr'><strong>non</strong></span> <span class='ocrx_word' id='word_1_161' title='bbox 767 2211 944 2257; x_wconf 90' lang='lat' dir='ltr'><strong>tamen</strong></span> <span class='ocrx_word' id='word_1_162' title='bbox 986 2204 1231 2259; x_wconf 88' lang='lat' dir='ltr'><strong>meminit</strong></span> <span class='ocrx_word' id='word_1_163' title='bbox 1273 2204 1571 2269; x_wconf 86' lang='lat' dir='ltr'><strong>malorum;</strong></span> <span class='ocrx_word' id='word_1_164' title='bbox 1604 2204 1728 2257; x_wconf 90' lang='lat' dir='ltr'><strong>item</strong></span> <span class='ocrx_word' id='word_1_165' title='bbox 1759 2204 1900 2274; x_wconf 89' lang='lat' dir='ltr'><strong>quod</strong></span> 
     </span>
    </p>
   </div>
   <div class='ocr_carea' id='block_1_22' title="bbox 317 2292 1902 2366">
    <p class='ocr_par' dir='ltr' id='par_1_22' title="bbox 317 2292 1902 2366">
     <span class='ocr_line' id='line_1_22' title="bbox 317 2292 1902 2366; baseline 0.003 -19"><span class='ocrx_word' id='word_1_166' title='bbox 317 2301 441 2361; x_wconf 78' lang='lat' dir='ltr'><strong>post</strong></span> <span class='ocrx_word' id='word_1_167' title='bbox 469 2292 557 2347; x_wconf 91' lang='lat' dir='ltr'><strong>illa</strong></span> <span class='ocrx_word' id='word_1_168' title='bbox 584 2304 752 2364; x_wconf 90' lang='lat' dir='ltr'><strong>gesta,</strong></span> <span class='ocrx_word' id='word_1_169' title='bbox 792 2310 911 2350; x_wconf 91' lang='lat' dir='ltr'><strong>cum</strong></span> <span class='ocrx_word' id='word_1_170' title='bbox 940 2294 1069 2350; x_wconf 76' lang='lat' dir='ltr'><strong>Sail!</strong></span> <span class='ocrx_word' id='word_1_171' title='bbox 1098 2295 1317 2351; x_wconf 88' lang='lat' dir='ltr'><strong>deberet</strong></span> <span class='ocrx_word' id='word_1_172' title='bbox 1346 2296 1536 2365; x_wconf 87' lang='lat' dir='ltr'><strong>prioris</strong></span> <span class='ocrx_word' id='word_1_173' title='bbox 1565 2311 1753 2366; x_wconf 79' lang='lat' dir='ltr'><strong>pugna:</strong></span> <span class='ocrx_word' id='word_1_174' title='bbox 1784 2296 1902 2351; x_wconf 83' lang='lat' dir='ltr'><strong>red-</strong></span> 
     </span>
    </p>
   </div>
   <div class='ocr_carea' id='block_1_23' title="bbox 306 2378 1899 2454">
    <p class='ocr_par' dir='ltr' id='par_1_23' title="bbox 306 2378 1899 2454">
     <span class='ocr_line' id='line_1_23' title="bbox 306 2378 1899 2454; baseline 0.004 -19"><span class='ocrx_word' id='word_1_175' title='bbox 306 2378 440 2435; x_wconf 82' lang='lat' dir='ltr'><strong>dere</strong></span> <span class='ocrx_word' id='word_1_176' title='bbox 466 2383 708 2451; x_wconf 68' lang='lat' dir='ltr'><strong>praemia,</strong></span> <span class='ocrx_word' id='word_1_177' title='bbox 738 2386 1041 2454; x_wconf 86' lang='lat' dir='ltr'><strong>poposcerit</strong></span> <span class='ocrx_word' id='word_1_178' title='bbox 1061 2387 1264 2450; x_wconf 88' lang='lat' dir='ltr'><strong>dotem,</strong></span> <span class='ocrx_word' id='word_1_179' title='bbox 1295 2402 1399 2440; x_wconf 93' lang='lat' dir='ltr'><strong>non</strong></span> <span class='ocrx_word' id='word_1_180' title='bbox 1428 2401 1635 2453; x_wconf 91' lang='lat' dir='ltr'><strong>aurum,</strong></span> <span class='ocrx_word' id='word_1_181' title='bbox 1676 2404 1778 2442; x_wconf 91' lang='lat' dir='ltr'><strong>non</strong></span> <span class='ocrx_word' id='word_1_182' title='bbox 1809 2404 1899 2441; x_wconf 87' lang='lat' dir='ltr'><strong>ar-</strong></span> 
     </span>
    </p>
   </div>
   <div class='ocr_carea' id='block_1_24' title="bbox 304 2473 1899 2548">
    <p class='ocr_par' dir='ltr' id='par_1_24' title="bbox 304 2473 1899 2548">
     <span class='ocr_line' id='line_1_24' title="bbox 304 2473 1899 2548; baseline 0.004 -23"><span class='ocrx_word' id='word_1_183' title='bbox 304 2480 549 2541; x_wconf 84' lang='lat' dir='ltr'><strong>gentum,</strong></span> <span class='ocrx_word' id='word_1_184' title='bbox 589 2473 683 2527; x_wconf 85' lang='lat' dir='ltr'><strong>sed</strong></span> <span class='ocrx_word' id='word_1_185' title='bbox 712 2474 913 2531; x_wconf 70' lang='lat' dir='ltr'><strong>credem</strong></span> <span class='ocrx_word' id='word_1_186' title='bbox 945 2484 999 2530; x_wconf 89' lang='lat' dir='ltr'><strong>et</strong></span> <span class='ocrx_word' id='word_1_187' title='bbox 1024 2475 1443 2531; x_wconf 88' lang='lat' dir='ltr'><strong>internecionem</strong></span> <span class='ocrx_word' id='word_1_188' title='bbox 1474 2494 1487 2529; x_wconf 92' lang='lat'><strong>:</strong></span> <span class='ocrx_word' id='word_1_189' title='bbox 1518 2492 1581 2530; x_wconf 88' lang='lat' dir='ltr'><strong>ac</strong></span> <span class='ocrx_word' id='word_1_190' title='bbox 1608 2493 1675 2532; x_wconf 77' lang='lat' dir='ltr'><strong>ne</strong></span> <span class='ocrx_word' id='word_1_191' title='bbox 1703 2478 1752 2533; x_wconf 87' lang='lat' dir='ltr'><strong>id</strong></span> <span class='ocrx_word' id='word_1_192' title='bbox 1779 2478 1899 2548; x_wconf 84' lang='lat' dir='ltr'><strong>qni-</strong></span> 
     </span>
    </p>
   </div>
   <div class='ocr_carea' id='block_1_25' title="bbox 302 2560 1897 2632">
    <p class='ocr_par' dir='ltr' id='par_1_25' title="bbox 302 2560 1897 2632">
     <span class='ocr_line' id='line_1_25' title="bbox 302 2560 1897 2632; baseline 0.003 -15"><span class='ocrx_word' id='word_1_193' title='bbox 302 2560 431 2628; x_wconf 66' lang='lat' dir='ltr'><strong>dem</strong></span> <span class='ocrx_word' id='word_1_194' title='bbox 455 2561 700 2617; x_wconf 76' lang='lat' dir='ltr'><strong>abnuerit</strong></span> <span class='ocrx_word' id='word_1_195' title='bbox 739 2563 927 2619; x_wconf 81' lang='lat' dir='ltr'><strong>David.</strong></span> <span class='ocrx_word' id='word_1_196' title='bbox 970 2563 1081 2621; x_wconf 83' lang='lat' dir='ltr'><strong>Nec</strong></span> <span class='ocrx_word' id='word_1_197' title='bbox 1107 2566 1205 2621; x_wconf 89' lang='lat' dir='ltr'><strong>ista</strong></span> <span class='ocrx_word' id='word_1_198' title='bbox 1230 2574 1456 2632; x_wconf 88' lang='lat' dir='ltr'><strong>tantum,</strong></span> <span class='ocrx_word' id='word_1_199' title='bbox 1501 2567 1595 2621; x_wconf 90' lang='lat' dir='ltr'><strong>sed</strong></span> <span class='ocrx_word' id='word_1_200' title='bbox 1635 2566 1717 2622; x_wconf 88' lang='lat' dir='ltr'><strong>bis</strong></span> <span class='ocrx_word' id='word_1_201' title='bbox 1738 2568 1897 2621; x_wconf 89' lang='lat' dir='ltr'><strong>etiam</strong></span> 
     </span>
    </p>
   </div>
   <div class='ocr_carea' id='block_1_26' title="bbox 304 2654 1898 2730">
    <p class='ocr_par' dir='ltr' id='par_1_26' title="bbox 304 2654 1898 2730">
     <span class='ocr_line' id='line_1_26' title="bbox 304 2654 1898 2730; baseline 0.006 -23"><span class='ocrx_word' id='word_1_202' title='bbox 304 2654 476 2708; x_wconf 85' lang='lat' dir='ltr'><strong>multo</strong></span> <span class='ocrx_word' id='word_1_203' title='bbox 526 2664 634 2709; x_wconf 89' lang='lat' dir='ltr'><strong>tum</strong></span> <span class='ocrx_word' id='word_1_204' title='bbox 679 2657 829 2726; x_wconf 79' lang='lat' dir='ltr'><strong>plura</strong></span> <span class='ocrx_word' id='word_1_205' title='bbox 873 2665 985 2712; x_wconf 91' lang='lat' dir='ltr'><strong>tum</strong></span> <span class='ocrx_word' id='word_1_206' title='bbox 1030 2658 1231 2727; x_wconf 86' lang='lat' dir='ltr'><strong>majora</strong></span> <span class='ocrx_word' id='word_1_207' title='bbox 1266 2659 1446 2715; x_wconf 90' lang='lat' dir='ltr'><strong>dicere</strong></span> <span class='ocrx_word' id='word_1_208' title='bbox 1470 2662 1642 2730; x_wconf 88' lang='lat' dir='ltr'><strong>potuit</strong></span> <span class='ocrx_word' id='word_1_209' title='bbox 1672 2680 1684 2715; x_wconf 90' lang='lat'><strong>:</strong></span> <span class='ocrx_word' id='word_1_210' title='bbox 1714 2677 1898 2716; x_wconf 86' lang='lat' dir='ltr'><strong>verum</strong></span> 
     </span>
    </p>
   </div>
   <div class='ocr_carea' id='block_1_27' title="bbox 305 2745 1899 2821">
    <p class='ocr_par' dir='ltr' id='par_1_27' title="bbox 305 2745 1899 2821">
     <span class='ocr_line' id='line_1_27' title="bbox 305 2745 1899 2821; baseline 0.006 -23"><span class='ocrx_word' id='word_1_211' title='bbox 305 2745 440 2799; x_wconf 79' lang='lat' dir='ltr'><strong>nihil</strong></span> <span class='ocrx_word' id='word_1_212' title='bbox 466 2745 654 2801; x_wconf 91' lang='lat' dir='ltr'><strong>horum</strong></span> <span class='ocrx_word' id='word_1_213' title='bbox 681 2747 852 2815; x_wconf 88' lang='lat' dir='ltr'><strong>dixit,</strong></span> <span class='ocrx_word' id='word_1_214' title='bbox 895 2763 1070 2818; x_wconf 85' lang='lat' dir='ltr'><strong>neque</strong></span> <span class='ocrx_word' id='word_1_215' title='bbox 1108 2750 1159 2805; x_wconf 87' lang='lat' dir='ltr'><strong>ei</strong></span> <span class='ocrx_word' id='word_1_216' title='bbox 1192 2758 1308 2805; x_wconf 88' lang='lat' dir='ltr'><strong>erat</strong></span> <span class='ocrx_word' id='word_1_217' title='bbox 1336 2750 1546 2805; x_wconf 88' lang='lat' dir='ltr'><strong>animus</strong></span> <span class='ocrx_word' id='word_1_218' title='bbox 1591 2752 1666 2804; x_wconf 89' lang='lat' dir='ltr'><strong>illi</strong></span> <span class='ocrx_word' id='word_1_219' title='bbox 1702 2767 1899 2821; x_wconf 87' lang='lat' dir='ltr'><strong>expro-</strong></span> 
     </span>
    </p>
   </div>
   <div class='ocr_carea' id='block_1_28' title="bbox 306 2836 1898 2909">
    <p class='ocr_par' dir='ltr' id='par_1_28' title="bbox 306 2836 1898 2909">
     <span class='ocr_line' id='line_1_28' title="bbox 306 2836 1898 2909; baseline 0.007 -20"><span class='ocrx_word' id='word_1_220' title='bbox 306 2836 465 2890; x_wconf 86' lang='lat' dir='ltr'><strong>brare</strong></span> <span class='ocrx_word' id='word_1_221' title='bbox 493 2836 767 2903; x_wconf 81' lang='lat' dir='ltr'><strong>beneficia,</strong></span> <span class='ocrx_word' id='word_1_222' title='bbox 796 2838 890 2893; x_wconf 89' lang='lat' dir='ltr'><strong>sed</strong></span> <span class='ocrx_word' id='word_1_223' title='bbox 918 2847 1122 2893; x_wconf 89' lang='lat' dir='ltr'><strong>tantum</strong></span> <span class='ocrx_word' id='word_1_224' title='bbox 1154 2841 1477 2909; x_wconf 86' lang='lat' dir='ltr'><strong>persuadere</strong></span> <span class='ocrx_word' id='word_1_225' title='bbox 1508 2858 1565 2897; x_wconf 86' lang='lat' dir='ltr'><strong>se</strong></span> <span class='ocrx_word' id='word_1_226' title='bbox 1592 2858 1712 2899; x_wconf 89' lang='lat' dir='ltr'><strong>esse</strong></span> <span class='ocrx_word' id='word_1_227' title='bbox 1734 2860 1898 2899; x_wconf 81' lang='lat' dir='ltr'><strong>unum</strong></span> 
     </span>
    </p>
   </div>
   <div class='ocr_carea' id='block_1_29' title="bbox 305 2930 1895 3000">
    <p class='ocr_par' dir='ltr' id='par_1_29' title="bbox 305 2930 1895 3000">
     <span class='ocr_line' id='line_1_29' title="bbox 305 2930 1895 3000; baseline 0.006 -20"><span class='ocrx_word' id='word_1_228' title='bbox 305 2941 374 2981; x_wconf 87' lang='lat' dir='ltr'><strong>ex</strong></span> <span class='ocrx_word' id='word_1_229' title='bbox 404 2941 589 2981; x_wconf 88' lang='lat' dir='ltr'><strong>eorum</strong></span> <span class='ocrx_word' id='word_1_230' title='bbox 617 2944 864 2995; x_wconf 91' lang='lat' dir='ltr'><strong>numero,</strong></span> <span class='ocrx_word' id='word_1_231' title='bbox 892 2930 981 2999; x_wconf 87' lang='lat' dir='ltr'><strong>qui</strong></span> <span class='ocrx_word' id='word_1_232' title='bbox 1014 2930 1183 2999; x_wconf 90' lang='lat' dir='ltr'><strong>ipsum</strong></span> <span class='ocrx_word' id='word_1_233' title='bbox 1207 2941 1262 2985; x_wconf 89' lang='lat' dir='ltr'><strong>et</strong></span> <span class='ocrx_word' id='word_1_234' title='bbox 1280 2943 1523 2986; x_wconf 90' lang='lat' dir='ltr'><strong>amarent</strong></span> <span class='ocrx_word' id='word_1_235' title='bbox 1549 2949 1611 2987; x_wconf 90' lang='lat' dir='ltr'><strong>ac</strong></span> <span class='ocrx_word' id='word_1_236' title='bbox 1636 2934 1895 3000; x_wconf 90' lang='lat' dir='ltr'><strong>colerent,</strong></span> 
     </span>
    </p>
   </div>
   <div class='ocr_carea' id='block_1_30' title="bbox 305 3018 1631 3086">
    <p class='ocr_par' dir='ltr' id='par_1_30' title="bbox 305 3018 1631 3086">
     <span class='ocr_line' id='line_1_30' title="bbox 305 3018 1631 3086; baseline 0.005 -15"><span class='ocrx_word' id='word_1_237' title='bbox 305 3030 417 3072; x_wconf 85' lang='lat' dir='ltr'><strong>non</strong></span> <span class='ocrx_word' id='word_1_238' title='bbox 443 3018 532 3086; x_wconf 92' lang='lat' dir='ltr'><strong>qui</strong></span> <span class='ocrx_word' id='word_1_239' title='bbox 559 3018 901 3073; x_wconf 89' lang='lat' dir='ltr'><strong>rebellionem</strong></span> <span class='ocrx_word' id='word_1_240' title='bbox 926 3028 1020 3073; x_wconf 90' lang='lat' dir='ltr'><strong>aut</strong></span> <span class='ocrx_word' id='word_1_241' title='bbox 1046 3020 1266 3075; x_wconf 88' lang='lat' dir='ltr'><strong>insidias</strong></span> <span class='ocrx_word' id='word_1_242' title='bbox 1293 3022 1631 3077; x_wconf 83' lang='lat' dir='ltr'><strong>molirentur.</strong></span> 
     </span>
    </p>
   </div>
   <div class='ocr_carea' id='block_1_31' title="bbox 378 3105 1897 3177">
    <p class='ocr_par' dir='ltr' id='par_1_31' title="bbox 378 3105 1897 3177">
     <span class='ocr_line' id='line_1_31' title="bbox 378 3105 1897 3177; baseline 0.005 -16"><span class='ocrx_word' id='word_1_243' title='bbox 378 3105 545 3161; x_wconf 78' lang='lat' dir='ltr'><strong>Unius</strong></span> <span class='ocrx_word' id='word_1_244' title='bbox 587 3106 681 3161; x_wconf 86' lang='lat' dir='ltr'><strong>Dei</strong></span> <span class='ocrx_word' id='word_1_245' title='bbox 725 3108 1031 3163; x_wconf 79' lang='lat' dir='ltr'><strong>voluntatem</strong></span> <span class='ocrx_word' id='word_1_246' title='bbox 1054 3121 1244 3177; x_wconf 81' lang='lat' dir='ltr'><strong>spectat</strong></span> <span class='ocrx_word' id='word_1_247' title='bbox 1282 3111 1483 3176; x_wconf 80' lang='lat' dir='ltr'><strong>Dauid;</strong></span> <span class='ocrx_word' id='word_1_248' title='bbox 1510 3124 1720 3168; x_wconf 81' lang='lat' dir='ltr'><strong>mortem</strong></span> <span class='ocrx_word' id='word_1_249' title='bbox 1760 3115 1897 3169; x_wconf 76' lang='lat' dir='ltr'><strong>Sati-</strong></span> 
     </span>
    </p>
   </div>
   <div class='ocr_carea' id='block_1_32' title="bbox 300 3196 1895 3273">
    <p class='ocr_par' dir='ltr' id='par_1_32' title="bbox 300 3196 1895 3273">
     <span class='ocr_line' id='line_1_32' title="bbox 300 3196 1895 3273; baseline 0.004 -23"><span class='ocrx_word' id='word_1_250' title='bbox 300 3198 368 3251; x_wconf 84' lang='lat' dir='ltr'><strong>lis</strong></span> <span class='ocrx_word' id='word_1_251' title='bbox 393 3197 563 3267; x_wconf 80' lang='lat' dir='ltr'><strong>deﬂet.</strong></span> <span class='ocrx_word' id='word_1_252' title='bbox 587 3196 863 3268; x_wconf 81' lang='lat' dir='ltr'><strong>Lacrymas</strong></span> <span class='ocrx_word' id='word_1_253' title='bbox 888 3200 1205 3255; x_wconf 75' lang='lat' dir='ltr'><strong>audientibus</strong></span> <span class='ocrx_word' id='word_1_254' title='bbox 1226 3212 1385 3256; x_wconf 81' lang='lat' dir='ltr'><strong>movet</strong></span> <span class='ocrx_word' id='word_1_255' title='bbox 1411 3202 1895 3273; x_wconf 69' lang='lat' dir='ltr'><strong>Clu-grauatum.—</strong></span> 
     </span>
    </p>
   </div>
   <div class='ocr_carea' id='block_1_33' title="bbox 298 3286 1896 3363">
    <p class='ocr_par' dir='ltr' id='par_1_33' title="bbox 298 3286 1896 3363">
     <span class='ocr_line' id='line_1_33' title="bbox 298 3286 1896 3363; baseline 0.005 -21"><span class='ocrx_word' id='word_1_256' title='bbox 298 3286 429 3342; x_wconf 76' lang='lat' dir='ltr'><strong>Ideo</strong></span> <span class='ocrx_word' id='word_1_257' title='bbox 460 3289 832 3356; x_wconf 83' lang='lat' dir='ltr'><strong>pra:termissis</strong></span> <span class='ocrx_word' id='word_1_258' title='bbox 861 3289 963 3343; x_wconf 88' lang='lat' dir='ltr'><strong>illis</strong></span> <span class='ocrx_word' id='word_1_259' title='bbox 992 3291 1269 3355; x_wconf 89' lang='lat' dir='ltr'><strong>omnibus,</strong></span> <span class='ocrx_word' id='word_1_260' title='bbox 1314 3300 1517 3346; x_wconf 87' lang='lat' dir='ltr'><strong>tantum</strong></span> <span class='ocrx_word' id='word_1_261' title='bbox 1543 3294 1682 3363; x_wconf 89' lang='lat' dir='ltr'><strong>quod</strong></span> <span class='ocrx_word' id='word_1_262' title='bbox 1712 3310 1777 3350; x_wconf 93' lang='lat' dir='ltr'><strong>co</strong></span> <span class='ocrx_word' id='word_1_263' title='bbox 1805 3310 1896 3350; x_wconf 90' lang='lat' dir='ltr'><strong>ac-</strong></span> 
     </span>
    </p>
   </div>
   <div class='ocr_carea' id='block_1_34' title="bbox 297 3379 1892 3456">
    <p class='ocr_par' dir='ltr' id='par_1_34' title="bbox 297 3379 1892 3456">
     <span class='ocr_line' id='line_1_34' title="bbox 297 3379 1892 3456; baseline 0.005 -23"><span class='ocrx_word' id='word_1_264' title='bbox 297 3379 501 3434; x_wconf 88' lang='lat' dir='ltr'><strong>ciderat</strong></span> <span class='ocrx_word' id='word_1_265' title='bbox 526 3380 631 3445; x_wconf 88' lang='lat' dir='ltr'><strong>die,</strong></span> <span class='ocrx_word' id='word_1_266' title='bbox 665 3381 718 3434; x_wconf 91' lang='lat' dir='ltr'><strong>in</strong></span> <span class='ocrx_word' id='word_1_267' title='bbox 748 3380 1114 3436; x_wconf 81' lang='lat' dir='ltr'><strong>defensionem</strong></span> <span class='ocrx_word' id='word_1_268' title='bbox 1141 3382 1382 3437; x_wconf 78' lang='lat' dir='ltr'><strong>adduxit.</strong></span> <span class='ocrx_word' id='word_1_269' title='bbox 1418 3384 1595 3453; x_wconf 80' lang='lat' dir='ltr'><strong>Usque</strong></span> <span class='ocrx_word' id='word_1_270' title='bbox 1630 3385 1765 3441; x_wconf 88' lang='lat' dir='ltr'><strong>adeo</strong></span> <span class='ocrx_word' id='word_1_271' title='bbox 1792 3402 1892 3456; x_wconf 87' lang='lat' dir='ltr'><strong>pu-</strong></span> 
     </span>
    </p>
   </div>
   <div class='ocr_carea' id='block_1_35' title="bbox 296 3471 1893 3543">
    <p class='ocr_par' dir='ltr' id='par_1_35' title="bbox 296 3471 1893 3543">
     <span class='ocr_line' id='line_1_35' title="bbox 296 3471 1893 3543; baseline 0.004 -19"><span class='ocrx_word' id='word_1_272' title='bbox 296 3484 392 3524; x_wconf 77' lang='lat' dir='ltr'><strong>rus</strong></span> <span class='ocrx_word' id='word_1_273' title='bbox 430 3479 572 3533; x_wconf 81' lang='lat' dir='ltr'><strong>erat,</strong></span> <span class='ocrx_word' id='word_1_274' title='bbox 605 3480 655 3525; x_wconf 89' lang='lat' dir='ltr'><strong>et</strong></span> <span class='ocrx_word' id='word_1_275' title='bbox 682 3471 750 3524; x_wconf 92' lang='lat' dir='ltr'><strong>ab</strong></span> <span class='ocrx_word' id='word_1_276' title='bbox 785 3472 930 3525; x_wconf 90' lang='lat' dir='ltr'><strong>omni</strong></span> <span class='ocrx_word' id='word_1_277' title='bbox 959 3473 1103 3526; x_wconf 87' lang='lat' dir='ltr'><strong>inani</strong></span> <span class='ocrx_word' id='word_1_278' title='bbox 1142 3473 1312 3543; x_wconf 92' lang='lat' dir='ltr'><strong>gloria</strong></span> <span class='ocrx_word' id='word_1_279' title='bbox 1352 3476 1631 3543; x_wconf 90' lang='lat' dir='ltr'><strong>immunis,</strong></span> <span class='ocrx_word' id='word_1_280' title='bbox 1664 3492 1762 3531; x_wconf 91' lang='lat' dir='ltr'><strong>nec</strong></span> <span class='ocrx_word' id='word_1_281' title='bbox 1786 3478 1893 3531; x_wconf 89' lang='lat' dir='ltr'><strong>alio</strong></span> 
     </span>
    </p>
   </div>
   <div class='ocr_carea' id='block_1_36' title="bbox 296 3562 1888 3630">
    <p class='ocr_par' dir='ltr' id='par_1_36' title="bbox 296 3562 1888 3630">
     <span class='ocr_line' id='line_1_36' title="bbox 296 3562 1888 3630; baseline 0.004 -15"><span class='ocrx_word' id='word_1_282' title='bbox 296 3563 559 3630; x_wconf 80' lang='lat' dir='ltr'><strong>respexit,</strong></span> <span class='ocrx_word' id='word_1_283' title='bbox 584 3577 740 3630; x_wconf 88' lang='lat' dir='ltr'><strong>quam</strong></span> <span class='ocrx_word' id='word_1_284' title='bbox 769 3562 837 3616; x_wconf 88' lang='lat' dir='ltr'><strong>ad</strong></span> <span class='ocrx_word' id='word_1_285' title='bbox 867 3562 1021 3617; x_wconf 91' lang='lat' dir='ltr'><strong>unius</strong></span> <span class='ocrx_word' id='word_1_286' title='bbox 1054 3562 1146 3617; x_wconf 87' lang='lat' dir='ltr'><strong>Dei</strong></span> <span class='ocrx_word' id='word_1_287' title='bbox 1176 3563 1524 3621; x_wconf 77' lang='lat' dir='ltr'><strong>voluntatem.</strong></span> <span class='ocrx_word' id='word_1_288' title='bbox 1552 3567 1750 3622; x_wconf 87' lang='lat' dir='ltr'><strong>Deinde</strong></span> <span class='ocrx_word' id='word_1_289' title='bbox 1776 3569 1888 3622; x_wconf 84' lang='lat' dir='ltr'><strong>ait:</strong></span> 
     </span>
    </p>
   </div>
   <div class='ocr_carea' id='block_1_37' title="bbox 293 3649 1892 3727">
    <p class='ocr_par' dir='ltr' id='par_1_37' title="bbox 293 3649 1892 3727">
     <span class='ocr_line' id='line_1_37' title="bbox 293 3649 1892 3727; baseline 0.008 -25"><span class='ocrx_word' id='word_1_290' title='bbox 293 3649 501 3705; x_wconf 69' lang='lat' dir='ltr'><strong>Iudicat</strong></span> <span class='ocrx_word' id='word_1_291' title='bbox 547 3650 797 3707; x_wconf 76' lang='lat' dir='ltr'><strong>Dominus</strong></span> <span class='ocrx_word' id='word_1_292' title='bbox 839 3654 968 3707; x_wconf 85' lang='lat' dir='ltr'><strong>inter</strong></span> <span class='ocrx_word' id='word_1_293' title='bbox 1014 3669 1092 3706; x_wconf 82' lang='lat' dir='ltr'><strong>me</strong></span> <span class='ocrx_word' id='word_1_294' title='bbox 1125 3661 1185 3707; x_wconf 19' lang='lat' dir='ltr'><strong>et.</strong></span> <span class='ocrx_word' id='word_1_295' title='bbox 1216 3663 1263 3708; x_wconf 84' lang='lat' dir='ltr'><strong>te</strong></span> <span class='ocrx_word' id='word_1_296' title='bbox 1307 3654 1481 3727; x_wconf 86' lang='lat' dir='ltr'><strong>(Ibid.</strong></span> <span class='ocrx_word' id='word_1_297' title='bbox 1511 3673 1557 3709; x_wconf 80' lang='grc' dir='ltr'><strong>υ.</strong></span> <span class='ocrx_word' id='word_1_298' title='bbox 1594 3658 1722 3725; x_wconf 79' lang='lat' dir='ltr'><strong>l5).</strong></span> <span class='ocrx_word' id='word_1_299' title='bbox 1777 3658 1892 3715; x_wconf 78' lang='lat' dir='ltr'><strong>Hoc</strong></span> 
     </span>
    </p>
   </div>
   <div class='ocr_carea' id='block_1_38' title="bbox 296 3743 1891 3818">
    <p class='ocr_par' dir='ltr' id='par_1_38' title="bbox 296 3743 1891 3818">
     <span class='ocr_line' id='line_1_38' title="bbox 296 3743 1891 3818; baseline 0.008 -21"><span class='ocrx_word' id='word_1_300' title='bbox 296 3745 520 3799; x_wconf 82' lang='lat' dir='ltr'><strong>verbum</strong></span> <span class='ocrx_word' id='word_1_301' title='bbox 546 3743 680 3801; x_wconf 87' lang='lat' dir='ltr'><strong>dixit</strong></span> <span class='ocrx_word' id='word_1_302' title='bbox 704 3761 810 3800; x_wconf 91' lang='lat' dir='ltr'><strong>non</strong></span> <span class='ocrx_word' id='word_1_303' title='bbox 836 3747 1227 3817; x_wconf 70' lang='lat' dir='ltr'><strong>quod-cuperet</strong></span> <span class='ocrx_word' id='word_1_304' title='bbox 1246 3749 1419 3818; x_wconf 90' lang='lat' dir='ltr'><strong>puniri</strong></span> <span class='ocrx_word' id='word_1_305' title='bbox 1440 3750 1675 3818; x_wconf 76' lang='lat' dir='ltr'><strong>Saulem,</strong></span> <span class='ocrx_word' id='word_1_306' title='bbox 1706 3762 1798 3807; x_wconf 88' lang='lat' dir='ltr'><strong>aut</strong></span> <span class='ocrx_word' id='word_1_307' title='bbox 1823 3754 1891 3809; x_wconf 91' lang='lat' dir='ltr'><strong>de</strong></span> 
     </span>
    </p>
   </div>
   <div class='ocr_carea' id='block_1_39' title="bbox 295 3836 1889 3914">
    <p class='ocr_par' dir='ltr' id='par_1_39' title="bbox 295 3836 1889 3914">
     <span class='ocr_line' id='line_1_39' title="bbox 295 3836 1889 3914; baseline 0.006 -23"><span class='ocrx_word' id='word_1_308' title='bbox 295 3836 395 3892; x_wconf 91' lang='lat' dir='ltr'><strong>illo</strong></span> <span class='ocrx_word' id='word_1_309' title='bbox 421 3852 612 3906; x_wconf 72' lang='lat' dir='ltr'><strong>paenae</strong></span> <span class='ocrx_word' id='word_1_310' title='bbox 633 3838 802 3902; x_wconf 84' lang='lat' dir='ltr'><strong>sumi,</strong></span> <span class='ocrx_word' id='word_1_311' title='bbox 847 3838 943 3905; x_wconf 82' lang='lat' dir='ltr'><strong>sed</strong></span> <span class='ocrx_word' id='word_1_312' title='bbox 985 3848 1043 3893; x_wconf 93' lang='lat' dir='ltr'><strong>ut</strong></span> <span class='ocrx_word' id='word_1_313' title='bbox 1080 3840 1153 3894; x_wconf 89' lang='lat' dir='ltr'><strong>illi</strong></span> <span class='ocrx_word' id='word_1_314' title='bbox 1184 3840 1525 3897; x_wconf 83' lang='lat' dir='ltr'><strong>formidinem</strong></span> <span class='ocrx_word' id='word_1_315' title='bbox 1554 3844 1797 3914; x_wconf 88' lang='lat' dir='ltr'><strong>injiceret</strong></span> <span class='ocrx_word' id='word_1_316' title='bbox 1822 3863 1889 3901; x_wconf 85' lang='lat' dir='ltr'><strong>ex</strong></span> 
     </span>
    </p>
   </div>
   <div class='ocr_carea' id='block_1_40' title="bbox 297 3926 1891 4003">
    <p class='ocr_par' dir='ltr' id='par_1_40' title="bbox 297 3926 1891 4003">
     <span class='ocr_line' id='line_1_40' title="bbox 297 3926 1891 4003; baseline 0.008 -23"><span class='ocrx_word' id='word_1_317' title='bbox 297 3926 462 3981; x_wconf 84' lang='lat' dir='ltr'><strong>futuri</strong></span> <span class='ocrx_word' id='word_1_318' title='bbox 501 3926 687 3996; x_wconf 88' lang='lat' dir='ltr'><strong>judieii</strong></span> <span class='ocrx_word' id='word_1_319' title='bbox 726 3930 1233 3986; x_wconf 70' lang='lat' dir='ltr'><strong>commemoratione</strong></span> <span class='ocrx_word' id='word_1_320' title='bbox 1269 3948 1282 3984; x_wconf 89' lang='lat'><strong>:</strong></span> <span class='ocrx_word' id='word_1_321' title='bbox 1324 3947 1499 4003; x_wconf 85' lang='lat' dir='ltr'><strong>neque</strong></span> <span class='ocrx_word' id='word_1_322' title='bbox 1542 3942 1599 3987; x_wconf 89' lang='lat' dir='ltr'><strong>ut</strong></span> <span class='ocrx_word' id='word_1_323' title='bbox 1642 3935 1891 3991; x_wconf 81' lang='lat' dir='ltr'><strong>tintorem</strong></span> 
     </span>
    </p>
   </div>
   <div class='ocr_carea' id='block_1_41' title="bbox 298 4015 1890 4095">
    <p class='ocr_par' dir='ltr' id='par_1_41' title="bbox 298 4015 1890 4095">
     <span class='ocr_line' id='line_1_41' title="bbox 298 4015 1890 4095; baseline 0.007 -26"><span class='ocrx_word' id='word_1_324' title='bbox 298 4015 575 4071; x_wconf 77' lang='lat' dir='ltr'><strong>incuteret</strong></span> <span class='ocrx_word' id='word_1_325' title='bbox 590 4026 817 4082; x_wconf 88' lang='lat' dir='ltr'><strong>tantum,</strong></span> <span class='ocrx_word' id='word_1_326' title='bbox 843 4032 1027 4072; x_wconf 84' lang='lat' dir='ltr'><strong>verum</strong></span> <span class='ocrx_word' id='word_1_327' title='bbox 1053 4029 1109 4073; x_wconf 91' lang='lat' dir='ltr'><strong>ut</strong></span> <span class='ocrx_word' id='word_1_328' title='bbox 1131 4021 1368 4089; x_wconf 84' lang='lat' dir='ltr'><strong>seipsum</strong></span> <span class='ocrx_word' id='word_1_329' title='bbox 1392 4036 1423 4076; x_wconf 91' lang='lat' dir='ltr'><strong>a</strong></span> <span class='ocrx_word' id='word_1_330' title='bbox 1448 4022 1687 4080; x_wconf 89' lang='lat' dir='ltr'><strong>criminis</strong></span> <span class='ocrx_word' id='word_1_331' title='bbox 1716 4026 1890 4095; x_wconf 85' lang='lat' dir='ltr'><strong>suspi-</strong></span> 
     </span>
    </p>
   </div>
   <div class='ocr_carea' id='block_1_42' title="bbox 295 4108 1890 4184">
    <p class='ocr_par' dir='ltr' id='par_1_42' title="bbox 295 4108 1890 4184">
     <span class='ocr_line' id='line_1_42' title="bbox 295 4108 1890 4184; baseline 0.005 -21"><span class='ocrx_word' id='word_1_332' title='bbox 295 4108 454 4163; x_wconf 84' lang='lat' dir='ltr'><strong>oione</strong></span> <span class='ocrx_word' id='word_1_333' title='bbox 482 4118 745 4179; x_wconf 64' lang='lat' dir='ltr'><strong>purgant.</strong></span> <span class='ocrx_word' id='word_1_334' title='bbox 773 4109 1103 4179; x_wconf 72' lang='lat' dir='ltr'><strong>Prmcipuam</strong></span> <span class='ocrx_word' id='word_1_335' title='bbox 1126 4110 1364 4180; x_wconf 86' lang='lat' dir='ltr'><strong>quidem,</strong></span> <span class='ocrx_word' id='word_1_336' title='bbox 1399 4114 1589 4183; x_wconf 89' lang='lat' dir='ltr'><strong>inquit,</strong></span> <span class='ocrx_word' id='word_1_337' title='bbox 1620 4116 1890 4184; x_wconf 80' lang='lat' dir='ltr'><strong>probatio-</strong></span> 
     </span>
    </p>
   </div>
   <div class='ocr_carea' id='block_1_43' title="bbox 298 4199 1885 4274">
    <p class='ocr_par' dir='ltr' id='par_1_43' title="bbox 298 4199 1885 4274">
     <span class='ocr_line' id='line_1_43' title="bbox 298 4199 1885 4274; baseline 0.004 -21"><span class='ocrx_word' id='word_1_338' title='bbox 298 4214 425 4255; x_wconf 83' lang='lat' dir='ltr'><strong>nem</strong></span> <span class='ocrx_word' id='word_1_339' title='bbox 451 4215 517 4253; x_wconf 91' lang='lat' dir='ltr'><strong>ex</strong></span> <span class='ocrx_word' id='word_1_340' title='bbox 545 4200 673 4269; x_wconf 86' lang='lat' dir='ltr'><strong>ipsis</strong></span> <span class='ocrx_word' id='word_1_341' title='bbox 704 4199 873 4255; x_wconf 85' lang='lat' dir='ltr'><strong>habeo</strong></span> <span class='ocrx_word' id='word_1_342' title='bbox 900 4200 1051 4255; x_wconf 85' lang='lat' dir='ltr'><strong>factis</strong></span> <span class='ocrx_word' id='word_1_343' title='bbox 1076 4219 1090 4253; x_wconf 91' lang='lat'><strong>:</strong></span> <span class='ocrx_word' id='word_1_344' title='bbox 1118 4202 1330 4271; x_wconf 83' lang='lat' dir='ltr'><strong>quodsi</strong></span> <span class='ocrx_word' id='word_1_345' title='bbox 1352 4218 1459 4258; x_wconf 93' lang='lat' dir='ltr'><strong>non</strong></span> <span class='ocrx_word' id='word_1_346' title='bbox 1487 4205 1684 4270; x_wconf 89' lang='lat' dir='ltr'><strong>credis,</strong></span> <span class='ocrx_word' id='word_1_347' title='bbox 1714 4206 1885 4274; x_wconf 90' lang='lat' dir='ltr'><strong>ipsum</strong></span> 
     </span>
    </p>
   </div>
   <div class='ocr_carea' id='block_1_44' title="bbox 297 4289 1887 4362">
    <p class='ocr_par' dir='ltr' id='par_1_44' title="bbox 297 4289 1887 4362">
     <span class='ocr_line' id='line_1_44' title="bbox 297 4289 1887 4362; baseline 0.004 -17"><span class='ocrx_word' id='word_1_348' title='bbox 297 4289 471 4345; x_wconf 80' lang='lat' dir='ltr'><strong>Deum</strong></span> <span class='ocrx_word' id='word_1_349' title='bbox 494 4290 685 4345; x_wconf 88' lang='lat' dir='ltr'><strong>invoco</strong></span> <span class='ocrx_word' id='word_1_350' title='bbox 716 4300 927 4357; x_wconf 88' lang='lat' dir='ltr'><strong>testem,</strong></span> <span class='ocrx_word' id='word_1_351' title='bbox 955 4293 1046 4361; x_wconf 91' lang='lat' dir='ltr'><strong>qui</strong></span> <span class='ocrx_word' id='word_1_352' title='bbox 1073 4292 1331 4362; x_wconf 86' lang='lat' dir='ltr'><strong>cujusque</strong></span> <span class='ocrx_word' id='word_1_353' title='bbox 1353 4295 1549 4350; x_wconf 75' lang='lat' dir='ltr'><strong>mentis</strong></span> <span class='ocrx_word' id='word_1_354' title='bbox 1571 4310 1763 4351; x_wconf 90' lang='lat' dir='ltr'><strong>arcana</strong></span> <span class='ocrx_word' id='word_1_355' title='bbox 1792 4312 1887 4352; x_wconf 89' lang='lat' dir='ltr'><strong>no-</strong></span> 
     </span>
    </p>
   </div>
   <div class='ocr_carea' id='block_1_45' title="bbox 295 4379 1321 4451">
    <p class='ocr_par' dir='ltr' id='par_1_45' title="bbox 295 4379 1321 4451">
     <span class='ocr_line' id='line_1_45' title="bbox 295 4379 1321 4451; baseline 0.004 -18"><span class='ocrx_word' id='word_1_356' title='bbox 295 4379 394 4444; x_wconf 79' lang='lat' dir='ltr'><strong>vit,</strong></span> <span class='ocrx_word' id='word_1_357' title='bbox 419 4390 471 4434; x_wconf 90' lang='lat' dir='ltr'><strong>et</strong></span> <span class='ocrx_word' id='word_1_358' title='bbox 495 4382 717 4435; x_wconf 86' lang='lat' dir='ltr'><strong>scrutari</strong></span> <span class='ocrx_word' id='word_1_359' title='bbox 745 4391 919 4451; x_wconf 84' lang='lat' dir='ltr'><strong>potest</strong></span> <span class='ocrx_word' id='word_1_360' title='bbox 945 4383 1321 4440; x_wconf 87' lang='lat' dir='ltr'><strong>conscientias.</strong></span> 
     </span>
    </p>
   </div>
   <div class='ocr_carea' id='block_1_46' title="bbox 370 4472 1887 4551">
    <p class='ocr_par' dir='ltr' id='par_1_46' title="bbox 370 4472 1887 4551">
     <span class='ocr_line' id='line_1_46' title="bbox 370 4472 1887 4551; baseline 0.007 -25"><span class='ocrx_word' id='word_1_361' title='bbox 370 4472 572 4527; x_wconf 67' lang='lat' dir='ltr'><strong>5.11m</strong></span> <span class='ocrx_word' id='word_1_362' title='bbox 610 4484 785 4527; x_wconf 89' lang='lat' dir='ltr'><strong>autem</strong></span> <span class='ocrx_word' id='word_1_363' title='bbox 830 4475 1079 4545; x_wconf 87' lang='lat' dir='ltr'><strong>loquutus</strong></span> <span class='ocrx_word' id='word_1_364' title='bbox 1125 4485 1225 4543; x_wconf 86' lang='lat' dir='ltr'><strong>est,</strong></span> <span class='ocrx_word' id='word_1_365' title='bbox 1273 4477 1554 4533; x_wconf 72' lang='lat' dir='ltr'><strong>declarans</strong></span> <span class='ocrx_word' id='word_1_366' title='bbox 1582 4496 1641 4536; x_wconf 88' lang='lat' dir='ltr'><strong>se</strong></span> <span class='ocrx_word' id='word_1_367' title='bbox 1682 4498 1887 4551; x_wconf 86' lang='lat' dir='ltr'><strong>nequa-</strong></span> 
     </span>
    </p>
   </div>
   <div class='ocr_carea' id='block_1_47' title="bbox 296 4563 1885 4637">
    <p class='ocr_par' dir='ltr' id='par_1_47' title="bbox 296 4563 1885 4637">
     <span class='ocr_line' id='line_1_47' title="bbox 296 4563 1885 4637; baseline 0.007 -22"><span class='ocrx_word' id='word_1_368' title='bbox 296 4578 459 4632; x_wconf 87' lang='lat' dir='ltr'><strong>quam</strong></span> <span class='ocrx_word' id='word_1_369' title='bbox 497 4577 747 4617; x_wconf 88' lang='lat' dir='ltr'><strong>ausurmu</strong></span> <span class='ocrx_word' id='word_1_370' title='bbox 797 4563 959 4618; x_wconf 89' lang='lat' dir='ltr'><strong>fuisse</strong></span> <span class='ocrx_word' id='word_1_371' title='bbox 997 4566 1267 4634; x_wconf 75' lang='lat' dir='ltr'><strong>appellare</strong></span> <span class='ocrx_word' id='word_1_372' title='bbox 1308 4567 1551 4624; x_wconf 82' lang='lat' dir='ltr'><strong>Judicem</strong></span> <span class='ocrx_word' id='word_1_373' title='bbox 1593 4572 1885 4637; x_wconf 89' lang='lat' dir='ltr'><strong>illum,.eui</strong></span> 
     </span>
    </p>
   </div>
   <div class='ocr_carea' id='block_1_48' title="bbox 297 4655 1885 4723">
    <p class='ocr_par' dir='ltr' id='par_1_48' title="bbox 297 4655 1885 4723">
     <span class='ocr_line' id='line_1_48' title="bbox 297 4655 1885 4723; baseline 0.007 -16"><span class='ocrx_word' id='word_1_374' title='bbox 297 4670 406 4708; x_wconf 87' lang='lat' dir='ltr'><strong>nou</strong></span> <span class='ocrx_word' id='word_1_375' title='bbox 436 4663 613 4723; x_wconf 88' lang='lat' dir='ltr'><strong>potest</strong></span> <span class='ocrx_word' id='word_1_376' title='bbox 639 4655 856 4723; x_wconf 87' lang='lat' dir='ltr'><strong>imponi,</strong></span> <span class='ocrx_word' id='word_1_377' title='bbox 880 4666 935 4709; x_wconf 91' lang='lat' dir='ltr'><strong>et</strong></span> <span class='ocrx_word' id='word_1_378' title='bbox 956 4655 1006 4708; x_wconf 90' lang='lat' dir='ltr'><strong>in</strong></span> <span class='ocrx_word' id='word_1_379' title='bbox 1034 4672 1152 4711; x_wconf 88' lang='lat' dir='ltr'><strong>sese</strong></span> <span class='ocrx_word' id='word_1_380' title='bbox 1180 4657 1680 4715; x_wconf 87' lang='lat' dir='ltr'><strong>condemnationem</strong></span> <span class='ocrx_word' id='word_1_381' title='bbox 1706 4678 1885 4717; x_wconf 87' lang='lat' dir='ltr'><strong>accer-</strong></span> 
     </span>
    </p>
   </div>
   <div class='ocr_carea' id='block_1_49' title="bbox 294 4744 1886 4809">
    <p class='ocr_par' dir='ltr' id='par_1_49' title="bbox 294 4744 1886 4809">
     <span class='ocr_line' id='line_1_49' title="bbox 294 4744 1886 4809; baseline 0.006 -9"><span class='ocrx_word' id='word_1_382' title='bbox 294 4760 439 4809; x_wconf 85' lang='lat' dir='ltr'><strong>sere,</strong></span> <span class='ocrx_word' id='word_1_383' title='bbox 472 4744 571 4797; x_wconf 86' lang='lat' dir='ltr'><strong>nisi</strong></span> <span class='ocrx_word' id='word_1_384' title='bbox 609 4747 965 4799; x_wconf 79' lang='lat' dir='ltr'><strong>certissimum</strong></span> <span class='ocrx_word' id='word_1_385' title='bbox 1007 4746 1245 4809; x_wconf 89' lang='lat' dir='ltr'><strong>haberet,</strong></span> <span class='ocrx_word' id='word_1_386' title='bbox 1276 4765 1335 4803; x_wconf 91' lang='lat' dir='ltr'><strong>se</strong></span> <span class='ocrx_word' id='word_1_387' title='bbox 1379 4752 1443 4804; x_wconf 88' lang='lat' dir='ltr'><strong>ab</strong></span> <span class='ocrx_word' id='word_1_388' title='bbox 1482 4754 1623 4805; x_wconf 90' lang='lat' dir='ltr'><strong>omni</strong></span> <span class='ocrx_word' id='word_1_389' title='bbox 1668 4755 1886 4809; x_wconf 80' lang='lat' dir='ltr'><strong>insidia-</strong></span> 
     </span>
    </p>
   </div>
   <div class='ocr_carea' id='block_1_50' title="bbox 295 4835 1888 4911">
    <p class='ocr_par' dir='ltr' id='par_1_50' title="bbox 295 4835 1888 4911">
     <span class='ocr_line' id='line_1_50' title="bbox 295 4835 1888 4911; baseline 0.007 -21"><span class='ocrx_word' id='word_1_390' title='bbox 295 4851 415 4890; x_wconf 89' lang='lat' dir='ltr'><strong>rum</strong></span> <span class='ocrx_word' id='word_1_391' title='bbox 456 4835 679 4889; x_wconf 91' lang='lat' dir='ltr'><strong>crimine</strong></span> <span class='ocrx_word' id='word_1_392' title='bbox 721 4851 911 4903; x_wconf 90' lang='lat' dir='ltr'><strong>purum</strong></span> <span class='ocrx_word' id='word_1_393' title='bbox 952 4850 1088 4890; x_wconf 89' lang='lat' dir='ltr'><strong>esse.</strong></span> <span class='ocrx_word' id='word_1_394' title='bbox 1138 4838 1203 4891; x_wconf 79' lang='lat' dir='ltr'><strong>Et</strong></span> <span class='ocrx_word' id='word_1_395' title='bbox 1232 4840 1371 4907; x_wconf 89' lang='lat' dir='ltr'><strong>quod</strong></span> <span class='ocrx_word' id='word_1_396' title='bbox 1408 4856 1466 4894; x_wconf 92' lang='lat' dir='ltr'><strong>ca</strong></span> <span class='ocrx_word' id='word_1_397' title='bbox 1500 4858 1617 4911; x_wconf 75' lang='lat' dir='ltr'><strong>qua:</strong></span> <span class='ocrx_word' id='word_1_398' title='bbox 1663 4845 1888 4901; x_wconf 82' lang='lat' dir='ltr'><strong>dicimus</strong></span> 
     </span>
    </p>
   </div>
   <div class='ocr_carea' id='block_1_51' title="bbox 295 4926 1889 5004">
    <p class='ocr_par' dir='ltr' id='par_1_51' title="bbox 295 4926 1889 5004">
     <span class='ocr_line' id='line_1_51' title="bbox 295 4926 1889 5004; baseline 0.007 -24"><span class='ocrx_word' id='word_1_399' title='bbox 295 4941 404 4981; x_wconf 86' lang='lat' dir='ltr'><strong>non</strong></span> <span class='ocrx_word' id='word_1_400' title='bbox 436 4926 779 4993; x_wconf 63' lang='lat' dir='ltr'><strong>conjectura‘,</strong></span> <span class='ocrx_word' id='word_1_401' title='bbox 811 4928 904 4980; x_wconf 85' lang='lat' dir='ltr'><strong>sed</strong></span> <span class='ocrx_word' id='word_1_402' title='bbox 935 4930 1073 4997; x_wconf 83' lang='lat' dir='ltr'><strong>quod</strong></span> <span class='ocrx_word' id='word_1_403' title='bbox 1108 4931 1266 4983; x_wconf 89' lang='lat' dir='ltr'><strong>simul</strong></span> <span class='ocrx_word' id='word_1_404' title='bbox 1304 4943 1356 4986; x_wconf 93' lang='lat' dir='ltr'><strong>et</strong></span> <span class='ocrx_word' id='word_1_405' title='bbox 1382 4948 1501 4987; x_wconf 90' lang='lat' dir='ltr'><strong>sese</strong></span> <span class='ocrx_word' id='word_1_406' title='bbox 1542 4952 1765 5004; x_wconf 74' lang='lat' dir='ltr'><strong>purgare</strong></span> <span class='ocrx_word' id='word_1_407' title='bbox 1795 4954 1889 4991; x_wconf 87' lang='lat' dir='ltr'><strong>cu-</strong></span> 
     </span>
    </p>
   </div>
   <div class='ocr_carea' id='block_1_52' title="bbox 294 5016 1885 5093">
    <p class='ocr_par' dir='ltr' id='par_1_52' title="bbox 294 5016 1885 5093">
     <span class='ocr_line' id='line_1_52' title="bbox 294 5016 1885 5093; baseline 0.007 -24"><span class='ocrx_word' id='word_1_408' title='bbox 294 5017 472 5087; x_wconf 83' lang='lat' dir='ltr'><strong>piens,</strong></span> <span class='ocrx_word' id='word_1_409' title='bbox 506 5025 559 5069; x_wconf 91' lang='lat' dir='ltr'><strong>et</strong></span> <span class='ocrx_word' id='word_1_410' title='bbox 590 5016 734 5069; x_wconf 90' lang='lat' dir='ltr'><strong>illum</strong></span> <span class='ocrx_word' id='word_1_411' title='bbox 767 5016 830 5069; x_wconf 90' lang='lat' dir='ltr'><strong>ad</strong></span> <span class='ocrx_word' id='word_1_412' title='bbox 869 5018 1209 5073; x_wconf 82' lang='lat' dir='ltr'><strong>sobrietatem</strong></span> <span class='ocrx_word' id='word_1_413' title='bbox 1239 5038 1508 5087; x_wconf 77' lang='lat' dir='ltr'><strong>revocare,</strong></span> <span class='ocrx_word' id='word_1_414' title='bbox 1544 5026 1680 5079; x_wconf 80' lang='lat' dir='ltr'><strong>illius</strong></span> <span class='ocrx_word' id='word_1_415' title='bbox 1705 5027 1885 5093; x_wconf 78' lang='lat' dir='ltr'><strong>judieii</strong></span> 
     </span>
    </p>
   </div>
   <div class='ocr_carea' id='block_1_53' title="bbox 296 5106 1890 5180">
    <p class='ocr_par' dir='ltr' id='par_1_53' title="bbox 296 5106 1890 5180">
     <span class='ocr_line' id='line_1_53' title="bbox 296 5106 1890 5180; baseline 0.005 -19"><span class='ocrx_word' id='word_1_416' title='bbox 296 5106 424 5161; x_wconf 86' lang='lat' dir='ltr'><strong>fecit</strong></span> <span class='ocrx_word' id='word_1_417' title='bbox 448 5108 796 5173; x_wconf 85' lang='lat' dir='ltr'><strong>mentionem,</strong></span> <span class='ocrx_word' id='word_1_418' title='bbox 822 5106 909 5160; x_wconf 87' lang='lat' dir='ltr'><strong>illa</strong></span> <span class='ocrx_word' id='word_1_419' title='bbox 939 5112 1178 5177; x_wconf 71' lang='lat' dir='ltr'><strong>qumjam</strong></span> <span class='ocrx_word' id='word_1_420' title='bbox 1206 5122 1350 5180; x_wconf 87' lang='lat' dir='ltr'><strong>gesta</strong></span> <span class='ocrx_word' id='word_1_421' title='bbox 1386 5112 1595 5169; x_wconf 80' lang='lat' dir='ltr'><strong>fuerunt</strong></span> <span class='ocrx_word' id='word_1_422' title='bbox 1626 5118 1890 5173; x_wconf 74' lang='lat' dir='ltr'><strong>sufﬁcien-</strong></span> 
     </span>
    </p>
   </div>
   <div class='ocr_carea' id='block_1_54' title="bbox 297 5196 1886 5277">
    <p class='ocr_par' dir='ltr' id='par_1_54' title="bbox 297 5196 1886 5277">
     <span class='ocr_line' id='line_1_54' title="bbox 297 5196 1886 5277; baseline 0.009 -28"><span class='ocrx_word' id='word_1_423' title='bbox 297 5207 381 5251; x_wconf 87' lang='lat' dir='ltr'><strong>ter</strong></span> <span class='ocrx_word' id='word_1_424' title='bbox 404 5196 725 5251; x_wconf 89' lang='lat' dir='ltr'><strong>ostcndunt:</strong></span> <span class='ocrx_word' id='word_1_425' title='bbox 759 5212 859 5250; x_wconf 88' lang='lat' dir='ltr'><strong>non</strong></span> <span class='ocrx_word' id='word_1_426' title='bbox 890 5199 1063 5251; x_wconf 87' lang='lat' dir='ltr'><strong>minus</strong></span> <span class='ocrx_word' id='word_1_427' title='bbox 1087 5210 1264 5254; x_wconf 87' lang='lat' dir='ltr'><strong>autem</strong></span> <span class='ocrx_word' id='word_1_428' title='bbox 1316 5202 1398 5257; x_wconf 86' lang='lat' dir='ltr'><strong>bis</strong></span> <span class='ocrx_word' id='word_1_429' title='bbox 1429 5216 1483 5261; x_wconf 81' lang='lat' dir='ltr'><strong>et</strong></span> <span class='ocrx_word' id='word_1_430' title='bbox 1512 5207 1617 5270; x_wconf 81' lang='lat' dir='ltr'><strong>ilia,</strong></span> <span class='ocrx_word' id='word_1_431' title='bbox 1645 5224 1762 5276; x_wconf 78' lang='lat' dir='ltr'><strong>qure</strong></span> <span class='ocrx_word' id='word_1_432' title='bbox 1794 5226 1886 5277; x_wconf 86' lang='lat' dir='ltr'><strong>po-</strong></span> 
     </span>
    </p>
   </div>
   <div class='ocr_carea' id='block_1_55' title="bbox 294 5288 1886 5365">
    <p class='ocr_par' dir='ltr' id='par_1_55' title="bbox 294 5288 1886 5365">
     <span class='ocr_line' id='line_1_55' title="bbox 294 5288 1886 5365; baseline 0.008 -22"><span class='ocrx_word' id='word_1_433' title='bbox 294 5297 411 5343; x_wconf 86' lang='lat' dir='ltr'><strong>stea</strong></span> <span class='ocrx_word' id='word_1_434' title='bbox 444 5288 747 5342; x_wconf 88' lang='lat' dir='ltr'><strong>acciderunt</strong></span> <span class='ocrx_word' id='word_1_435' title='bbox 768 5328 781 5349; x_wconf 94' lang='lat'><strong>,</strong></span> <span class='ocrx_word' id='word_1_436' title='bbox 811 5288 966 5358; x_wconf 84' lang='lat' dir='ltr'><strong>hujus</strong></span> <span class='ocrx_word' id='word_1_437' title='bbox 996 5292 1069 5343; x_wconf 87' lang='lat' dir='ltr'><strong>rei</strong></span> <span class='ocrx_word' id='word_1_438' title='bbox 1103 5292 1260 5346; x_wconf 81' lang='lat' dir='ltr'><strong>ﬁdem</strong></span> <span class='ocrx_word' id='word_1_439' title='bbox 1287 5296 1459 5349; x_wconf 86' lang='lat' dir='ltr'><strong>lacere</strong></span> <span class='ocrx_word' id='word_1_440' title='bbox 1484 5310 1722 5365; x_wconf 87' lang='lat' dir='ltr'><strong>possunt.</strong></span> <span class='ocrx_word' id='word_1_441' title='bbox 1754 5300 1886 5355; x_wconf 79' lang='lat' dir='ltr'><strong>Nam</strong></span> 
     </span>
    </p>
   </div>
   <div class='ocr_carea' id='block_1_56' title="bbox 296 5377 1883 5456">
    <p class='ocr_par' dir='ltr' id='par_1_56' title="bbox 296 5377 1883 5456">
     <span class='ocr_line' id='line_1_56' title="bbox 296 5377 1883 5456; baseline 0.008 -25"><span class='ocrx_word' id='word_1_442' title='bbox 296 5392 419 5431; x_wconf 90' lang='lat' dir='ltr'><strong>cum</strong></span> <span class='ocrx_word' id='word_1_443' title='bbox 449 5393 635 5432; x_wconf 89' lang='lat' dir='ltr'><strong>rursus</strong></span> <span class='ocrx_word' id='word_1_444' title='bbox 663 5377 786 5433; x_wconf 74' lang='lat' dir='ltr'><strong>Saul</strong></span> <span class='ocrx_word' id='word_1_445' title='bbox 814 5379 1087 5433; x_wconf 86' lang='lat' dir='ltr'><strong>incidisset</strong></span> <span class='ocrx_word' id='word_1_446' title='bbox 1114 5382 1163 5433; x_wconf 90' lang='lat' dir='ltr'><strong>in</strong></span> <span class='ocrx_word' id='word_1_447' title='bbox 1194 5397 1383 5436; x_wconf 89' lang='lat' dir='ltr'><strong>manus</strong></span> <span class='ocrx_word' id='word_1_448' title='bbox 1413 5385 1575 5453; x_wconf 85' lang='lat' dir='ltr'><strong>ipsius</strong></span> <span class='ocrx_word' id='word_1_449' title='bbox 1594 5429 1606 5451; x_wconf 94' lang='lat'><strong>,</strong></span> <span class='ocrx_word' id='word_1_450' title='bbox 1643 5400 1759 5456; x_wconf 72' lang='lat' dir='ltr'><strong>post</strong></span> <span class='ocrx_word' id='word_1_451' title='bbox 1790 5392 1883 5444; x_wconf 82' lang='lat' dir='ltr'><strong>da-</strong></span> 
     </span>
    </p>
   </div>
   <div class='ocr_carea' id='block_1_57' title="bbox 300 5469 1881 5546">
    <p class='ocr_par' dir='ltr' id='par_1_57' title="bbox 300 5469 1881 5546">
     <span class='ocr_line' id='line_1_57' title="bbox 300 5469 1881 5546; baseline 0.009 -25"><span class='ocrx_word' id='word_1_452' title='bbox 300 5479 407 5521; x_wconf 90' lang='lat' dir='ltr'><strong>tam</strong></span> <span class='ocrx_word' id='word_1_453' title='bbox 452 5469 679 5521; x_wconf 83' lang='lat' dir='ltr'><strong>salutent</strong></span> <span class='ocrx_word' id='word_1_454' title='bbox 728 5469 1012 5538; x_wconf 86' lang='lat' dir='ltr'><strong>insequens</strong></span> <span class='ocrx_word' id='word_1_455' title='bbox 1054 5470 1237 5538; x_wconf 91' lang='lat' dir='ltr'><strong>illum,</strong></span> <span class='ocrx_word' id='word_1_456' title='bbox 1285 5484 1337 5527; x_wconf 90' lang='lat' dir='ltr'><strong>et</strong></span> <span class='ocrx_word' id='word_1_457' title='bbox 1383 5478 1627 5532; x_wconf 87' lang='lat' dir='ltr'><strong>occidere</strong></span> <span class='ocrx_word' id='word_1_458' title='bbox 1667 5482 1881 5546; x_wconf 87' lang='lat' dir='ltr'><strong>volens,</strong></span> 
     </span>
    </p>
   </div>
   <div class='ocr_carea' id='block_1_58' title="bbox 296 5559 1887 5628">
    <p class='ocr_par' dir='ltr' id='par_1_58' title="bbox 296 5559 1887 5628">
     <span class='ocr_line' id='line_1_58' title="bbox 296 5559 1887 5628; baseline 0.009 -15"><span class='ocrx_word' id='word_1_459' title='bbox 296 5573 526 5628; x_wconf 87' lang='lat' dir='ltr'><strong>cumque</strong></span> <span class='ocrx_word' id='word_1_460' title='bbox 574 5568 751 5626; x_wconf 76' lang='lat' dir='ltr'><strong>posset</strong></span> <span class='ocrx_word' id='word_1_461' title='bbox 786 5559 993 5613; x_wconf 83' lang='lat' dir='ltr'><strong>hostem</strong></span> <span class='ocrx_word' id='word_1_462' title='bbox 1023 5576 1143 5615; x_wconf 87' lang='lat' dir='ltr'><strong>cum</strong></span> <span class='ocrx_word' id='word_1_463' title='bbox 1170 5564 1415 5619; x_wconf 88' lang='lat' dir='ltr'><strong>universo</strong></span> <span class='ocrx_word' id='word_1_464' title='bbox 1446 5574 1682 5623; x_wconf 66' lang='lat' dir='ltr'><strong>exercitu</strong></span> <span class='ocrx_word' id='word_1_465' title='bbox 1709 5575 1887 5627; x_wconf 78' lang='lat' dir='ltr'><strong>conci-</strong></span> 
     </span>
    </p>
   </div>
   <div class='ocr_carea' id='block_1_59' title="bbox 297 5648 1887 5732">
    <p class='ocr_par' dir='ltr' id='par_1_59' title="bbox 297 5648 1887 5732">
     <span class='ocr_line' id='line_1_59' title="bbox 297 5648 1887 5732; baseline 0.009 -30"><span class='ocrx_word' id='word_1_466' title='bbox 297 5648 449 5715; x_wconf 87' lang='lat' dir='ltr'><strong>dere,</strong></span> <span class='ocrx_word' id='word_1_467' title='bbox 486 5648 690 5702; x_wconf 84' lang='lat' dir='ltr'><strong>dimisit</strong></span> <span class='ocrx_word' id='word_1_468' title='bbox 730 5649 873 5702; x_wconf 89' lang='lat' dir='ltr'><strong>illum</strong></span> <span class='ocrx_word' id='word_1_469' title='bbox 905 5652 1166 5719; x_wconf 73' lang='lat' dir='ltr'><strong>integrum</strong></span> <span class='ocrx_word' id='word_1_470' title='bbox 1193 5664 1246 5707; x_wconf 88' lang='lat' dir='ltr'><strong>cl</strong></span> <span class='ocrx_word' id='word_1_471' title='bbox 1277 5657 1612 5713; x_wconf 78' lang='lat' dir='ltr'><strong>incolumem.</strong></span> <span class='ocrx_word' id='word_1_472' title='bbox 1661 5662 1887 5732; x_wconf 80' lang='lat' dir='ltr'><strong>Ideoque</strong></span> 
     </span>
    </p>
   </div>
   <div class='ocr_carea' id='block_1_60' title="bbox 301 5739 1885 5826">
    <p class='ocr_par' dir='ltr' id='par_1_60' title="bbox 301 5739 1885 5826">
     <span class='ocr_line' id='line_1_60' title="bbox 301 5739 1885 5826; baseline 0.006 -33"><span class='ocrx_word' id='word_1_473' title='bbox 301 5749 427 5793; x_wconf 86' lang='lat' dir='ltr'><strong>cum</strong></span> <span class='ocrx_word' id='word_1_474' title='bbox 452 5739 609 5794; x_wconf 89' lang='lat' dir='ltr'><strong>sciret</strong></span> <span class='ocrx_word' id='word_1_475' title='bbox 635 5739 877 5794; x_wconf 84' lang='lat' dir='ltr'><strong>morbum</strong></span> <span class='ocrx_word' id='word_1_476' title='bbox 908 5745 1044 5811; x_wconf 73' lang='lat' dir='ltr'><strong>regis</strong></span> <span class='ocrx_word' id='word_1_477' title='bbox 1073 5744 1514 5804; x_wconf 68' lang='lat' dir='ltr'><strong>imntedit-abilem</strong></span> <span class='ocrx_word' id='word_1_478' title='bbox 1542 5768 1679 5819; x_wconf 83' lang='lat' dir='ltr'><strong>esse,</strong></span> <span class='ocrx_word' id='word_1_479' title='bbox 1718 5772 1885 5826; x_wconf 51' lang='lat' dir='ltr'><strong>neque</strong></span> 
     </span>
    </p>
   </div>
   <div class='ocr_carea' id='block_1_61' title="bbox 1307 349 2512 418">
    <p class='ocr_par' dir='ltr' id='par_1_61' title="bbox 1307 349 2512 418">
     <span class='ocr_line' id='line_1_61' title="bbox 1307 349 2512 418; baseline -0.007 0"><span class='ocrx_word' id='word_1_480' title='bbox 1307 359 1397 418; x_wconf 81' lang='lat' dir='ltr'><strong>DB</strong></span> <span class='ocrx_word' id='word_1_481' title='bbox 1439 354 1695 417; x_wconf 75' lang='lat' dir='ltr'><strong>DAVIDE</strong></span> <span class='ocrx_word' id='word_1_482' title='bbox 1734 352 1822 411; x_wconf 82' lang='lat' dir='ltr'><strong>ET</strong></span> <span class='ocrx_word' id='word_1_483' title='bbox 1860 349 2088 410; x_wconf 80' lang='lat' dir='ltr'><strong>SAULE</strong></span> <span class='ocrx_word' id='word_1_484' title='bbox 2131 351 2408 412; x_wconf 60' lang='lat' dir='ltr'><strong>nonius</strong></span> <span class='ocrx_word' id='word_1_485' title='bbox 2451 354 2512 410; x_wconf 86' lang='lat' dir='ltr'><strong>ll.</strong></span> 
     </span>
    </p>
   </div>
   <div class='ocr_carea' id='block_1_62' title="bbox 3512 366 3621 421">
    <p class='ocr_par' dir='ltr' id='par_1_62' title="bbox 3512 366 3621 421">
     <span class='ocr_line' id='line_1_62' title="bbox 3512 366 3621 421; baseline 0 0"><span class='ocrx_word' id='word_1_486' title='bbox 3512 366 3621 421; x_wconf 65' lang='grc' dir='ltr'><strong>ϐω</strong></span> 
     </span>
    </p>
   </div>
   <div class='ocr_carea' id='block_1_63' title="bbox 2025 465 3617 543">
    <p class='ocr_par' dir='ltr' id='par_1_63' title="bbox 2025 465 3617 543">
     <span class='ocr_line' id='line_1_63' title="bbox 2025 465 3617 543; baseline 0.004 -25"><span class='ocrx_word' id='word_1_487' title='bbox 2025 465 2174 522; x_wconf 91' lang='lat' dir='ltr'><strong>illum</strong></span> <span class='ocrx_word' id='word_1_488' title='bbox 2224 483 2475 539; x_wconf 87' lang='lat' dir='ltr'><strong>umquam</strong></span> <span class='ocrx_word' id='word_1_489' title='bbox 2513 468 2761 525; x_wconf 85' lang='lat' dir='ltr'><strong>hostilem</strong></span> <span class='ocrx_word' id='word_1_490' title='bbox 2800 471 2853 525; x_wconf 85' lang='lat' dir='ltr'><strong>in</strong></span> <span class='ocrx_word' id='word_1_491' title='bbox 2890 484 2950 525; x_wconf 88' lang='lat' dir='ltr'><strong>se</strong></span> <span class='ocrx_word' id='word_1_492' title='bbox 2998 469 3237 526; x_wconf 89' lang='lat' dir='ltr'><strong>animum</strong></span> <span class='ocrx_word' id='word_1_493' title='bbox 3278 471 3617 543; x_wconf 87' lang='lat' dir='ltr'><strong>positurum,</strong></span> 
     </span>
    </p>
   </div>
   <div class='ocr_carea' id='block_1_64' title="bbox 2023 557 3616 631">
    <p class='ocr_par' dir='ltr' id='par_1_64' title="bbox 2023 557 3616 631">
     <span class='ocr_line' id='line_1_64' title="bbox 2023 557 3616 631; baseline 0.004 -20"><span class='ocrx_word' id='word_1_494' title='bbox 2023 557 2293 614; x_wconf 87' lang='lat' dir='ltr'><strong>submovit</strong></span> <span class='ocrx_word' id='word_1_495' title='bbox 2317 573 2438 615; x_wconf 91' lang='lat' dir='ltr'><strong>sese</strong></span> <span class='ocrx_word' id='word_1_496' title='bbox 2457 559 2524 614; x_wconf 93' lang='lat' dir='ltr'><strong>ab</strong></span> <span class='ocrx_word' id='word_1_497' title='bbox 2540 559 2704 615; x_wconf 91' lang='lat' dir='ltr'><strong>oculis</strong></span> <span class='ocrx_word' id='word_1_498' title='bbox 2734 560 2894 626; x_wconf 88' lang='lat' dir='ltr'><strong>illius,</strong></span> <span class='ocrx_word' id='word_1_499' title='bbox 2928 570 2983 617; x_wconf 86' lang='lat' dir='ltr'><strong>et</strong></span> <span class='ocrx_word' id='word_1_500' title='bbox 3006 562 3147 631; x_wconf 88' lang='lat' dir='ltr'><strong>apud</strong></span> <span class='ocrx_word' id='word_1_501' title='bbox 3174 561 3431 618; x_wconf 85' lang='lat' dir='ltr'><strong>barbaros</strong></span> <span class='ocrx_word' id='word_1_502' title='bbox 3454 562 3616 617; x_wconf 79' lang='lat' dir='ltr'><strong>vitam</strong></span> 
     </span>
    </p>
   </div>
   <div class='ocr_carea' id='block_1_65' title="bbox 2022 650 3615 724">
    <p class='ocr_par' dir='ltr' id='par_1_65' title="bbox 2022 650 3615 724">
     <span class='ocr_line' id='line_1_65' title="bbox 2022 650 3615 724; baseline 0.006 -23"><span class='ocrx_word' id='word_1_503' title='bbox 2022 650 2244 717; x_wconf 79' lang='lat' dir='ltr'><strong>agebat,</strong></span> <span class='ocrx_word' id='word_1_504' title='bbox 2285 651 2545 717; x_wconf 84' lang='lat' dir='ltr'><strong>serviens,</strong></span> <span class='ocrx_word' id='word_1_505' title='bbox 2577 650 2782 707; x_wconf 87' lang='lat' dir='ltr'><strong>honore</strong></span> <span class='ocrx_word' id='word_1_506' title='bbox 2810 652 3067 722; x_wconf 79' lang='lat' dir='ltr'><strong>privatus,</strong></span> <span class='ocrx_word' id='word_1_507' title='bbox 3112 654 3316 724; x_wconf 89' lang='lat' dir='ltr'><strong>pudore</strong></span> <span class='ocrx_word' id='word_1_508' title='bbox 3358 654 3615 719; x_wconf 76' lang='lat' dir='ltr'><strong>suffusus,</strong></span> 
     </span>
    </p>
   </div>
   <div class='ocr_carea' id='block_1_66' title="bbox 2023 739 3619 813">
    <p class='ocr_par' dir='ltr' id='par_1_66' title="bbox 2023 739 3619 813">
     <span class='ocr_line' id='line_1_66' title="bbox 2023 739 3619 813; baseline 0.005 -21"><span class='ocrx_word' id='word_1_509' title='bbox 2023 739 2297 797; x_wconf 29' lang='lat' dir='ltr'><strong>laborevae</strong></span> <span class='ocrx_word' id='word_1_510' title='bbox 2322 744 2537 798; x_wconf 86' lang='lat' dir='ltr'><strong>miseria</strong></span> <span class='ocrx_word' id='word_1_511' title='bbox 2562 744 2663 798; x_wconf 88' lang='lat' dir='ltr'><strong>sibi</strong></span> <span class='ocrx_word' id='word_1_512' title='bbox 2696 743 2795 813; x_wconf 87' lang='lat' dir='ltr'><strong>ipsi</strong></span> <span class='ocrx_word' id='word_1_513' title='bbox 2825 758 3017 813; x_wconf 87' lang='lat' dir='ltr'><strong>parans</strong></span> <span class='ocrx_word' id='word_1_514' title='bbox 3043 745 3110 800; x_wconf 90' lang='lat' dir='ltr'><strong>ad</strong></span> <span class='ocrx_word' id='word_1_515' title='bbox 3144 747 3339 802; x_wconf 90' lang='lat' dir='ltr'><strong>victum</strong></span> <span class='ocrx_word' id='word_1_516' title='bbox 3370 762 3619 802; x_wconf 61' lang='lat' dir='ltr'><strong>necessa~</strong></span> 
     </span>
    </p>
   </div>
   <div class='ocr_carea' id='block_1_67' title="bbox 2021 832 3621 907">
    <p class='ocr_par' dir='ltr' id='par_1_67' title="bbox 2021 832 3621 907">
     <span class='ocr_line' id='line_1_67' title="bbox 2021 832 3621 907; baseline 0.006 -23"><span class='ocrx_word' id='word_1_517' title='bbox 2021 832 2118 888; x_wconf 80' lang='lat' dir='ltr'><strong>ria.</strong></span> <span class='ocrx_word' id='word_1_518' title='bbox 2148 834 2308 903; x_wconf 82' lang='lat' dir='ltr'><strong>Atqui</strong></span> <span class='ocrx_word' id='word_1_519' title='bbox 2336 848 2443 888; x_wconf 89' lang='lat' dir='ltr'><strong>non</strong></span> <span class='ocrx_word' id='word_1_520' title='bbox 2475 835 2577 889; x_wconf 90' lang='lat' dir='ltr'><strong>hoc</strong></span> <span class='ocrx_word' id='word_1_521' title='bbox 2604 843 2807 891; x_wconf 87' lang='lat' dir='ltr'><strong>tantum</strong></span> <span class='ocrx_word' id='word_1_522' title='bbox 2834 845 2915 892; x_wconf 90' lang='lat' dir='ltr'><strong>est</strong></span> <span class='ocrx_word' id='word_1_523' title='bbox 2941 837 3085 907; x_wconf 81' lang='lat' dir='ltr'><strong>quod</strong></span> <span class='ocrx_word' id='word_1_524' title='bbox 3112 840 3390 905; x_wconf 89' lang='lat' dir='ltr'><strong>miremur,</strong></span> <span class='ocrx_word' id='word_1_525' title='bbox 3422 839 3516 893; x_wconf 88' lang='lat' dir='ltr'><strong>sed</strong></span> <span class='ocrx_word' id='word_1_526' title='bbox 3554 842 3621 893; x_wconf 69' lang='lat' dir='ltr'><strong>il~</strong></span> 
     </span>
    </p>
   </div>
   <div class='ocr_carea' id='block_1_68' title="bbox 2016 921 3621 999">
    <p class='ocr_par' dir='ltr' id='par_1_68' title="bbox 2016 921 3621 999">
     <span class='ocr_line' id='line_1_68' title="bbox 2016 921 3621 999; baseline 0.004 -24"><span class='ocrx_word' id='word_1_527' title='bbox 2016 921 2109 976; x_wconf 90' lang='lat' dir='ltr'><strong>lud</strong></span> <span class='ocrx_word' id='word_1_528' title='bbox 2138 936 2369 992; x_wconf 88' lang='lat' dir='ltr'><strong>quoque,</strong></span> <span class='ocrx_word' id='word_1_529' title='bbox 2396 923 2537 994; x_wconf 86' lang='lat' dir='ltr'><strong>quod</strong></span> <span class='ocrx_word' id='word_1_530' title='bbox 2567 934 2914 997; x_wconf 83' lang='lat' dir='ltr'><strong>posteaquam</strong></span> <span class='ocrx_word' id='word_1_531' title='bbox 2940 926 3183 983; x_wconf 89' lang='lat' dir='ltr'><strong>audierat</strong></span> <span class='ocrx_word' id='word_1_532' title='bbox 3209 943 3388 999; x_wconf 89' lang='lat' dir='ltr'><strong>regem</strong></span> <span class='ocrx_word' id='word_1_533' title='bbox 3417 928 3469 983; x_wconf 90' lang='lat' dir='ltr'><strong>in</strong></span> <span class='ocrx_word' id='word_1_534' title='bbox 3500 928 3621 985; x_wconf 88' lang='lat' dir='ltr'><strong>acie</strong></span> 
     </span>
    </p>
   </div>
   <div class='ocr_carea' id='block_1_69' title="bbox 2016 1010 3615 1084">
    <p class='ocr_par' dir='ltr' id='par_1_69' title="bbox 2016 1010 3615 1084">
     <span class='ocr_line' id='line_1_69' title="bbox 2016 1010 3615 1084; baseline 0.002 -20"><span class='ocrx_word' id='word_1_535' title='bbox 2016 1010 2296 1078; x_wconf 88' lang='lat' dir='ltr'><strong>cecidisse,</strong></span> <span class='ocrx_word' id='word_1_536' title='bbox 2327 1014 2540 1068; x_wconf 90' lang='lat' dir='ltr'><strong>discidit</strong></span> <span class='ocrx_word' id='word_1_537' title='bbox 2566 1024 2788 1081; x_wconf 85' lang='lat' dir='ltr'><strong>vestem,</strong></span> <span class='ocrx_word' id='word_1_538' title='bbox 2819 1024 2875 1071; x_wconf 90' lang='lat' dir='ltr'><strong>et</strong></span> <span class='ocrx_word' id='word_1_539' title='bbox 2913 1017 3093 1071; x_wconf 87' lang='lat' dir='ltr'><strong>cinere</strong></span> <span class='ocrx_word' id='word_1_540' title='bbox 3122 1031 3181 1071; x_wconf 86' lang='lat' dir='ltr'><strong>se</strong></span> <span class='ocrx_word' id='word_1_541' title='bbox 3207 1016 3528 1084; x_wconf 88' lang='lat' dir='ltr'><strong>conspersit,</strong></span> <span class='ocrx_word' id='word_1_542' title='bbox 3561 1024 3615 1068; x_wconf 74' lang='lat' dir='ltr'><strong>et</strong></span> 
     </span>
    </p>
   </div>
   <div class='ocr_carea' id='block_1_70' title="bbox 2017 1104 3615 1177">
    <p class='ocr_par' dir='ltr' id='par_1_70' title="bbox 2017 1104 3615 1177">
     <span class='ocr_line' id='line_1_70' title="bbox 2017 1104 3615 1177; baseline 0.001 -18"><span class='ocrx_word' id='word_1_543' title='bbox 2017 1118 2083 1159; x_wconf 89' lang='lat' dir='ltr'><strong>eo</strong></span> <span class='ocrx_word' id='word_1_544' title='bbox 2109 1104 2255 1159; x_wconf 90' lang='lat' dir='ltr'><strong>luctu</strong></span> <span class='ocrx_word' id='word_1_545' title='bbox 2282 1105 2437 1169; x_wconf 87' lang='lat' dir='ltr'><strong>luxit,</strong></span> <span class='ocrx_word' id='word_1_546' title='bbox 2470 1121 2577 1175; x_wconf 79' lang='lat' dir='ltr'><strong>quo</strong></span> <span class='ocrx_word' id='word_1_547' title='bbox 2615 1108 2736 1176; x_wconf 87' lang='lat' dir='ltr'><strong>quis</strong></span> <span class='ocrx_word' id='word_1_548' title='bbox 2768 1108 2972 1177; x_wconf 79' lang='lat' dir='ltr'><strong>lugeret</strong></span> <span class='ocrx_word' id='word_1_549' title='bbox 3006 1108 3215 1173; x_wconf 78' lang='lat' dir='ltr'><strong>amisso</strong></span> <span class='ocrx_word' id='word_1_550' title='bbox 3257 1106 3615 1177; x_wconf 81' lang='lat' dir='ltr'><strong>primogenito</strong></span> 
     </span>
    </p>
   </div>
   <div class='ocr_carea' id='block_1_71' title="bbox 2014 1192 3615 1264">
    <p class='ocr_par' dir='ltr' id='par_1_71' title="bbox 2014 1192 3615 1264">
     <span class='ocr_line' id='line_1_71' title="bbox 2014 1192 3615 1264; baseline 0.004 -15"><span class='ocrx_word' id='word_1_551' title='bbox 2014 1209 2375 1264; x_wconf 89' lang='lat' dir='ltr'><strong>germanoque</strong></span> <span class='ocrx_word' id='word_1_552' title='bbox 2428 1196 2567 1261; x_wconf 84' lang='lat' dir='ltr'><strong>filio;</strong></span> <span class='ocrx_word' id='word_1_553' title='bbox 2618 1192 2845 1253; x_wconf 89' lang='lat' dir='ltr'><strong>subinde</strong></span> <span class='ocrx_word' id='word_1_554' title='bbox 2890 1214 3088 1253; x_wconf 81' lang='lat' dir='ltr'><strong>nomen</strong></span> <span class='ocrx_word' id='word_1_555' title='bbox 3129 1199 3269 1253; x_wconf 89' lang='lat' dir='ltr'><strong>illius</strong></span> <span class='ocrx_word' id='word_1_556' title='bbox 3320 1198 3615 1255; x_wconf 86' lang='lat' dir='ltr'><strong>inclamans</strong></span> 
     </span>
    </p>
   </div>
   <div class='ocr_carea' id='block_1_72' title="bbox 2018 1286 3615 1358">
    <p class='ocr_par' dir='ltr' id='par_1_72' title="bbox 2018 1286 3615 1358">
     <span class='ocr_line' id='line_1_72' title="bbox 2018 1286 3615 1358; baseline 0.004 -18"><span class='ocrx_word' id='word_1_557' title='bbox 2018 1300 2119 1340; x_wconf 82' lang='lat' dir='ltr'><strong>una</strong></span> <span class='ocrx_word' id='word_1_558' title='bbox 2149 1301 2269 1340; x_wconf 91' lang='lat' dir='ltr'><strong>cum</strong></span> <span class='ocrx_word' id='word_1_559' title='bbox 2300 1286 2391 1340; x_wconf 84' lang='lat' dir='ltr'><strong>filii</strong></span> <span class='ocrx_word' id='word_1_560' title='bbox 2436 1288 2676 1355; x_wconf 88' lang='lat' dir='ltr'><strong>nomine,</strong></span> <span class='ocrx_word' id='word_1_561' title='bbox 2708 1290 3019 1358; x_wconf 85' lang='lat' dir='ltr'><strong>compositis</strong></span> <span class='ocrx_word' id='word_1_562' title='bbox 3049 1288 3209 1345; x_wconf 89' lang='lat' dir='ltr'><strong>etiam</strong></span> <span class='ocrx_word' id='word_1_563' title='bbox 3237 1290 3516 1354; x_wconf 91' lang='lat' dir='ltr'><strong>cncomiis,</strong></span> <span class='ocrx_word' id='word_1_564' title='bbox 3551 1306 3615 1347; x_wconf 90' lang='lat' dir='ltr'><strong>ac</strong></span> 
     </span>
    </p>
   </div>
   <div class='ocr_carea' id='block_1_73' title="bbox 2015 1377 3612 1449">
    <p class='ocr_par' dir='ltr' id='par_1_73' title="bbox 2015 1377 3612 1449">
     <span class='ocr_line' id='line_1_73' title="bbox 2015 1377 3612 1449; baseline 0.003 -21"><span class='ocrx_word' id='word_1_565' title='bbox 2015 1390 2176 1431; x_wconf 90' lang='lat' dir='ltr'><strong>voces</strong></span> <span class='ocrx_word' id='word_1_566' title='bbox 2198 1377 2377 1431; x_wconf 88' lang='lat' dir='ltr'><strong>acerbi</strong></span> <span class='ocrx_word' id='word_1_567' title='bbox 2404 1378 2605 1433; x_wconf 88' lang='lat' dir='ltr'><strong>doloris</strong></span> <span class='ocrx_word' id='word_1_568' title='bbox 2637 1387 2800 1434; x_wconf 88' lang='lat' dir='ltr'><strong>testes</strong></span> <span class='ocrx_word' id='word_1_569' title='bbox 2827 1381 3098 1445; x_wconf 80' lang='lat' dir='ltr'><strong>emittens,</strong></span> <span class='ocrx_word' id='word_1_570' title='bbox 3133 1380 3434 1449; x_wconf 87' lang='lat' dir='ltr'><strong>impransus</strong></span> <span class='ocrx_word' id='word_1_571' title='bbox 3460 1396 3581 1433; x_wconf 91' lang='lat' dir='ltr'><strong>man</strong></span> <span class='ocrx_word' id='word_1_572' title='bbox 3598 1410 3612 1419; x_wconf 91' lang='lat'><strong>-</strong></span> 
     </span>
    </p>
   </div>
   <div class='ocr_carea' id='block_1_74' title="bbox 2013 1467 3612 1541">
    <p class='ocr_par' dir='ltr' id='par_1_74' title="bbox 2013 1467 3612 1541">
     <span class='ocr_line' id='line_1_74' title="bbox 2013 1467 3612 1541; baseline 0.004 -22"><span class='ocrx_word' id='word_1_573' title='bbox 2013 1467 2087 1520; x_wconf 87' lang='lat' dir='ltr'><strong>sit</strong></span> <span class='ocrx_word' id='word_1_574' title='bbox 2122 1483 2289 1537; x_wconf 90' lang='lat' dir='ltr'><strong>usque</strong></span> <span class='ocrx_word' id='word_1_575' title='bbox 2317 1468 2385 1522; x_wconf 90' lang='lat' dir='ltr'><strong>ad</strong></span> <span class='ocrx_word' id='word_1_576' title='bbox 2428 1484 2704 1538; x_wconf 85' lang='lat' dir='ltr'><strong>vesperam</strong></span> <span class='ocrx_word' id='word_1_577' title='bbox 2725 1510 2743 1537; x_wconf 93' lang='lat'><strong>,</strong></span> <span class='ocrx_word' id='word_1_578' title='bbox 2774 1485 3062 1525; x_wconf 78' lang='lat' dir='ltr'><strong>exsecraus</strong></span> <span class='ocrx_word' id='word_1_579' title='bbox 3100 1478 3156 1526; x_wconf 92' lang='lat' dir='ltr'><strong>et</strong></span> <span class='ocrx_word' id='word_1_580' title='bbox 3184 1472 3299 1539; x_wconf 86' lang='lat' dir='ltr'><strong>ipsa</strong></span> <span class='ocrx_word' id='word_1_581' title='bbox 3345 1472 3461 1526; x_wconf 90' lang='lat' dir='ltr'><strong>loca</strong></span> <span class='ocrx_word' id='word_1_582' title='bbox 3492 1488 3612 1541; x_wconf 67' lang='lat' dir='ltr'><strong>quas</strong></span> 
     </span>
    </p>
   </div>
   <div class='ocr_carea' id='block_1_75' title="bbox 2014 1553 3612 1628">
    <p class='ocr_par' dir='ltr' id='par_1_75' title="bbox 2014 1553 3612 1628">
     <span class='ocr_line' id='line_1_75' title="bbox 2014 1553 3612 1628; baseline 0.004 -19"><span class='ocrx_word' id='word_1_583' title='bbox 2014 1553 2191 1611; x_wconf 72' lang='lat' dir='ltr'><strong>Saulis</strong></span> <span class='ocrx_word' id='word_1_584' title='bbox 2219 1557 2530 1626; x_wconf 88' lang='lat' dir='ltr'><strong>sanguinem</strong></span> <span class='ocrx_word' id='word_1_585' title='bbox 2557 1568 2896 1627; x_wconf 87' lang='lat' dir='ltr'><strong>exceperant.</strong></span> <span class='ocrx_word' id='word_1_586' title='bbox 2927 1558 3145 1623; x_wconf 78' lang='lat' dir='ltr'><strong>Montes,</strong></span> <span class='ocrx_word' id='word_1_587' title='bbox 3176 1558 3612 1628; x_wconf 72' lang='lat' dir='ltr'><strong>inquit,.Gelboé,</strong></span> 
     </span>
    </p>
   </div>
   <div class='ocr_carea' id='block_1_76' title="bbox 2012 1645 3605 1719">
    <p class='ocr_par' dir='ltr' id='par_1_76' title="bbox 2012 1645 3605 1719">
     <span class='ocr_line' id='line_1_76' title="bbox 2012 1645 3605 1719; baseline 0.002 -21"><span class='ocrx_word' id='word_1_588' title='bbox 2012 1660 2077 1698; x_wconf 82' lang='lat' dir='ltr'><strong>ne</strong></span> <span class='ocrx_word' id='word_1_589' title='bbox 2108 1645 2256 1698; x_wconf 86' lang='lat' dir='ltr'><strong>cadat</strong></span> <span class='ocrx_word' id='word_1_590' title='bbox 2294 1662 2446 1715; x_wconf 81' lang='lat' dir='ltr'><strong>super</strong></span> <span class='ocrx_word' id='word_1_591' title='bbox 2482 1661 2568 1700; x_wconf 78' lang='lat' dir='ltr'><strong>vos</strong></span> <span class='ocrx_word' id='word_1_592' title='bbox 2598 1662 2756 1719; x_wconf 80' lang='lat' dir='ltr'><strong>neque</strong></span> <span class='ocrx_word' id='word_1_593' title='bbox 2797 1662 2900 1712; x_wconf 86' lang='lat' dir='ltr'><strong>ros,</strong></span> <span class='ocrx_word' id='word_1_594' title='bbox 2953 1664 3109 1718; x_wconf 81' lang='lat' dir='ltr'><strong>neque</strong></span> <span class='ocrx_word' id='word_1_595' title='bbox 3148 1648 3322 1717; x_wconf 83' lang='lat' dir='ltr'><strong>pluvia</strong></span> <span class='ocrx_word' id='word_1_596' title='bbox 3360 1663 3380 1701; x_wconf 92' lang='lat'><strong><em>:</em></strong></span> <span class='ocrx_word' id='word_1_597' title='bbox 3413 1659 3605 1703; x_wconf 77' lang='lat' dir='ltr'><strong>montes</strong></span> 
     </span>
    </p>
   </div>
   <div class='ocr_carea' id='block_1_77' title="bbox 2010 1736 3612 1807">
    <p class='ocr_par' dir='ltr' id='par_1_77' title="bbox 2010 1736 3612 1807">
     <span class='ocr_line' id='line_1_77' title="bbox 2010 1736 3612 1807; baseline 0.002 -18"><span class='ocrx_word' id='word_1_598' title='bbox 2010 1736 2214 1795; x_wconf 85' lang='lat' dir='ltr'><strong>mortis,</strong></span> <span class='ocrx_word' id='word_1_599' title='bbox 2257 1738 2496 1805; x_wconf 84' lang='lat' dir='ltr'><strong>quoniam</strong></span> <span class='ocrx_word' id='word_1_600' title='bbox 2526 1737 2634 1790; x_wconf 85' lang='lat' dir='ltr'><strong>illic</strong></span> <span class='ocrx_word' id='word_1_601' title='bbox 2674 1737 2874 1791; x_wconf 83' lang='lat' dir='ltr'><strong>sublata</strong></span> <span class='ocrx_word' id='word_1_602' title='bbox 2916 1747 3032 1791; x_wconf 83' lang='lat' dir='ltr'><strong>sunt</strong></span> <span class='ocrx_word' id='word_1_603' title='bbox 3076 1737 3403 1792; x_wconf 83' lang='lat' dir='ltr'><strong>tabernacula</strong></span> <span class='ocrx_word' id='word_1_604' title='bbox 3433 1749 3612 1807; x_wconf 80' lang='lat' dir='ltr'><strong>poten-</strong></span> 
     </span>
    </p>
   </div>
   <div class='ocr_carea' id='block_1_78' title="bbox 2011 1829 3613 1903">
    <p class='ocr_par' dir='ltr' id='par_1_78' title="bbox 2011 1829 3613 1903">
     <span class='ocr_line' id='line_1_78' title="bbox 2011 1829 3613 1903; baseline 0.002 -20"><span class='ocrx_word' id='word_1_605' title='bbox 2011 1830 2138 1883; x_wconf 83' lang='lat' dir='ltr'><strong>tium</strong></span> <span class='ocrx_word' id='word_1_606' title='bbox 2190 1829 2264 1900; x_wconf 74' lang='grc'><strong>(2.</strong></span> <span class='ocrx_word' id='word_1_607' title='bbox 2300 1829 2427 1900; x_wconf 80' lang='lat' dir='ltr'><strong>Reg.</strong></span> <span class='ocrx_word' id='word_1_608' title='bbox 2469 1836 2519 1887; x_wconf 83' lang='lat' dir='ltr'><strong>l.</strong></span> <span class='ocrx_word' id='word_1_609' title='bbox 2549 1831 2658 1903; x_wconf 70' lang='grc'><strong>21).</strong></span> <span class='ocrx_word' id='word_1_610' title='bbox 2704 1830 2856 1900; x_wconf 82' lang='lat' dir='ltr'><strong>Quod</strong></span> <span class='ocrx_word' id='word_1_611' title='bbox 2902 1846 3046 1901; x_wconf 70' lang='lat' dir='ltr'><strong>saepe</strong></span> <span class='ocrx_word' id='word_1_612' title='bbox 3080 1841 3263 1901; x_wconf 84' lang='lat' dir='ltr'><strong>patres</strong></span> <span class='ocrx_word' id='word_1_613' title='bbox 3292 1830 3520 1897; x_wconf 85' lang='lat' dir='ltr'><strong>faciunt,</strong></span> <span class='ocrx_word' id='word_1_614' title='bbox 3556 1843 3613 1887; x_wconf 88' lang='lat' dir='ltr'><strong>ut</strong></span> 
     </span>
    </p>
   </div>
   <div class='ocr_carea' id='block_1_79' title="bbox 2009 1921 3607 1995">
    <p class='ocr_par' dir='ltr' id='par_1_79' title="bbox 2009 1921 3607 1995">
     <span class='ocr_line' id='line_1_79' title="bbox 2009 1921 3607 1995; baseline 0.001 -20"><span class='ocrx_word' id='word_1_615' title='bbox 2009 1921 2226 1975; x_wconf 90' lang='lat' dir='ltr'><strong>domum</strong></span> <span class='ocrx_word' id='word_1_616' title='bbox 2256 1922 2418 1976; x_wconf 88' lang='lat' dir='ltr'><strong>etiam</strong></span> <span class='ocrx_word' id='word_1_617' title='bbox 2441 1932 2779 1989; x_wconf 83' lang='lat' dir='ltr'><strong>averseutur,</strong></span> <span class='ocrx_word' id='word_1_618' title='bbox 2798 1934 2851 1979; x_wconf 91' lang='lat' dir='ltr'><strong>et</strong></span> <span class='ocrx_word' id='word_1_619' title='bbox 2875 1924 3039 1979; x_wconf 90' lang='lat' dir='ltr'><strong>limen</strong></span> <span class='ocrx_word' id='word_1_620' title='bbox 3063 1925 3307 1987; x_wconf 86' lang='lat' dir='ltr'><strong>dolenter</strong></span> <span class='ocrx_word' id='word_1_621' title='bbox 3326 1924 3607 1995; x_wconf 88' lang='lat' dir='ltr'><strong>aspiciant,</strong></span> 
     </span>
    </p>
   </div>
   <div class='ocr_carea' id='block_1_80' title="bbox 2010 2011 3611 2082">
    <p class='ocr_par' dir='ltr' id='par_1_80' title="bbox 2010 2011 3611 2082">
     <span class='ocr_line' id='line_1_80' title="bbox 2010 2011 3611 2082; baseline 0.001 -18"><span class='ocrx_word' id='word_1_622' title='bbox 2010 2028 2106 2082; x_wconf 85' lang='lat' dir='ltr'><strong>per</strong></span> <span class='ocrx_word' id='word_1_623' title='bbox 2136 2011 2277 2082; x_wconf 89' lang='lat' dir='ltr'><strong>quod</strong></span> <span class='ocrx_word' id='word_1_624' title='bbox 2304 2013 2542 2067; x_wconf 77' lang='lat' dir='ltr'><strong>extulere</strong></span> <span class='ocrx_word' id='word_1_625' title='bbox 2572 2012 2760 2078; x_wconf 84' lang='lat' dir='ltr'><strong>tilium,</strong></span> <span class='ocrx_word' id='word_1_626' title='bbox 2786 2013 2890 2068; x_wconf 86' lang='lat' dir='ltr'><strong>hoc</strong></span> <span class='ocrx_word' id='word_1_627' title='bbox 2912 2024 2963 2067; x_wconf 93' lang='lat' dir='ltr'><strong>et</strong></span> <span class='ocrx_word' id='word_1_628' title='bbox 2996 2012 3083 2068; x_wconf 86' lang='lat' dir='ltr'><strong>hic</strong></span> <span class='ocrx_word' id='word_1_629' title='bbox 3104 2011 3248 2077; x_wconf 88' lang='lat' dir='ltr'><strong>fecit,</strong></span> <span class='ocrx_word' id='word_1_630' title='bbox 3278 2029 3372 2069; x_wconf 90' lang='lat' dir='ltr'><strong>eos</strong></span> <span class='ocrx_word' id='word_1_631' title='bbox 3398 2025 3611 2068; x_wconf 89' lang='lat' dir='ltr'><strong>montes</strong></span> 
     </span>
    </p>
   </div>
   <div class='ocr_carea' id='block_1_81' title="bbox 2008 2102 3605 2175">
    <p class='ocr_par' dir='ltr' id='par_1_81' title="bbox 2008 2102 3605 2175">
     <span class='ocr_line' id='line_1_81' title="bbox 2008 2102 3605 2175; baseline 0.002 -19"><span class='ocrx_word' id='word_1_632' title='bbox 2008 2102 2304 2170; x_wconf 86' lang='lat' dir='ltr'><strong>devovens,</strong></span> <span class='ocrx_word' id='word_1_633' title='bbox 2334 2103 2427 2173; x_wconf 89' lang='lat' dir='ltr'><strong>qui</strong></span> <span class='ocrx_word' id='word_1_634' title='bbox 2454 2104 2657 2159; x_wconf 66' lang='lat' dir='ltr'><strong>caedem</strong></span> <span class='ocrx_word' id='word_1_635' title='bbox 2688 2104 2831 2159; x_wconf 88' lang='lat' dir='ltr'><strong>illam</strong></span> <span class='ocrx_word' id='word_1_636' title='bbox 2862 2114 3212 2174; x_wconf 90' lang='lat' dir='ltr'><strong>exceperant.</strong></span> <span class='ocrx_word' id='word_1_637' title='bbox 3242 2104 3363 2172; x_wconf 88' lang='lat' dir='ltr'><strong>Odi,</strong></span> <span class='ocrx_word' id='word_1_638' title='bbox 3396 2104 3605 2175; x_wconf 89' lang='lat' dir='ltr'><strong>inquit,</strong></span> 
     </span>
    </p>
   </div>
   <div class='ocr_carea' id='block_1_82' title="bbox 2009 2194 3596 2265">
    <p class='ocr_par' dir='ltr' id='par_1_82' title="bbox 2009 2194 3596 2265">
     <span class='ocr_line' id='line_1_82' title="bbox 2009 2194 3596 2265; baseline 0 -18"><span class='ocrx_word' id='word_1_639' title='bbox 2009 2194 2183 2262; x_wconf 87' lang='lat' dir='ltr'><strong>ipsum</strong></span> <span class='ocrx_word' id='word_1_640' title='bbox 2230 2194 2389 2249; x_wconf 92' lang='lat' dir='ltr'><strong>etiam</strong></span> <span class='ocrx_word' id='word_1_641' title='bbox 2418 2194 2592 2249; x_wconf 91' lang='lat' dir='ltr'><strong>locum</strong></span> <span class='ocrx_word' id='word_1_642' title='bbox 2618 2206 2836 2265; x_wconf 88' lang='lat' dir='ltr'><strong>prepter</strong></span> <span class='ocrx_word' id='word_1_643' title='bbox 2866 2207 3103 2249; x_wconf 87' lang='lat' dir='ltr'><strong>mortuos</strong></span> <span class='ocrx_word' id='word_1_644' title='bbox 3136 2196 3245 2250; x_wconf 86' lang='lat' dir='ltr'><strong>illic</strong></span> <span class='ocrx_word' id='word_1_645' title='bbox 3277 2205 3596 2264; x_wconf 89' lang='lat' dir='ltr'><strong>prostratos.</strong></span> 
     </span>
    </p>
   </div>
   <div class='ocr_carea' id='block_1_83' title="bbox 2007 2284 3607 2356">
    <p class='ocr_par' dir='ltr' id='par_1_83' title="bbox 2007 2284 3607 2356">
     <span class='ocr_line' id='line_1_83' title="bbox 2007 2284 3607 2356; baseline 0.001 -17"><span class='ocrx_word' id='word_1_646' title='bbox 2007 2284 2084 2339; x_wconf 86' lang='lat' dir='ltr'><strong>Ne</strong></span> <span class='ocrx_word' id='word_1_647' title='bbox 2113 2285 2276 2356; x_wconf 86' lang='lat' dir='ltr'><strong>igitur</strong></span> <span class='ocrx_word' id='word_1_648' title='bbox 2314 2285 2605 2355; x_wconf 88' lang='lat' dir='ltr'><strong>irrigcminl</strong></span> <span class='ocrx_word' id='word_1_649' title='bbox 2651 2286 2873 2355; x_wconf 70' lang='lat' dir='ltr'><strong>posthac</strong></span> <span class='ocrx_word' id='word_1_650' title='bbox 2901 2285 3202 2340; x_wconf 66' lang='lat' dir='ltr'><strong>catlestibus</strong></span> <span class='ocrx_word' id='word_1_651' title='bbox 3230 2285 3437 2354; x_wconf 86' lang='lat' dir='ltr'><strong>pluviis,</strong></span> <span class='ocrx_word' id='word_1_652' title='bbox 3481 2286 3607 2355; x_wconf 86' lang='lat' dir='ltr'><strong>quia</strong></span> 
     </span>
    </p>
   </div>
   <div class='ocr_carea' id='block_1_84' title="bbox 2006 2376 3605 2448">
    <p class='ocr_par' dir='ltr' id='par_1_84' title="bbox 2006 2376 3605 2448">
     <span class='ocr_line' id='line_1_84' title="bbox 2006 2376 3605 2448; baseline 0.001 -16"><span class='ocrx_word' id='word_1_653' title='bbox 2006 2378 2147 2434; x_wconf 89' lang='lat' dir='ltr'><strong>male</strong></span> <span class='ocrx_word' id='word_1_654' title='bbox 2169 2376 2337 2433; x_wconf 91' lang='lat' dir='ltr'><strong>semel</strong></span> <span class='ocrx_word' id='word_1_655' title='bbox 2366 2377 2568 2447; x_wconf 88' lang='lat' dir='ltr'><strong>irrigati</strong></span> <span class='ocrx_word' id='word_1_656' title='bbox 2588 2377 2719 2432; x_wconf 89' lang='lat' dir='ltr'><strong>estis</strong></span> <span class='ocrx_word' id='word_1_657' title='bbox 2737 2376 3030 2431; x_wconf 88' lang='lat' dir='ltr'><strong>amicorum</strong></span> <span class='ocrx_word' id='word_1_658' title='bbox 3054 2392 3298 2432; x_wconf 89' lang='lat' dir='ltr'><strong>meorum</strong></span> <span class='ocrx_word' id='word_1_659' title='bbox 3326 2377 3605 2448; x_wconf 88' lang='lat' dir='ltr'><strong>sanguine,</strong></span> 
     </span>
    </p>
   </div>
   <div class='ocr_carea' id='block_1_85' title="bbox 2007 2468 3606 2540">
    <p class='ocr_par' dir='ltr' id='par_1_85' title="bbox 2007 2468 3606 2540">
     <span class='ocr_line' id='line_1_85' title="bbox 2007 2468 3606 2540; baseline -0.001 -15"><span class='ocrx_word' id='word_1_660' title='bbox 2007 2485 2177 2540; x_wconf 88' lang='lat' dir='ltr'><strong>eaque</strong></span> <span class='ocrx_word' id='word_1_661' title='bbox 2222 2468 2444 2524; x_wconf 89' lang='lat' dir='ltr'><strong>nomina</strong></span> <span class='ocrx_word' id='word_1_662' title='bbox 2481 2468 2706 2524; x_wconf 89' lang='lat' dir='ltr'><strong>subinde</strong></span> <span class='ocrx_word' id='word_1_663' title='bbox 2736 2469 3031 2539; x_wconf 82' lang='lat' dir='ltr'><strong>repetebat,</strong></span> <span class='ocrx_word' id='word_1_664' title='bbox 3080 2469 3150 2523; x_wconf 92' lang='lat' dir='ltr'><strong>ita</strong></span> <span class='ocrx_word' id='word_1_665' title='bbox 3176 2469 3438 2539; x_wconf 84' lang='lat' dir='ltr'><strong>loquens:</strong></span> <span class='ocrx_word' id='word_1_666' title='bbox 3473 2468 3606 2524; x_wconf 74' lang='lat' dir='ltr'><strong>Saz‘tl</strong></span> 
     </span>
    </p>
   </div>
   <div class='ocr_carea' id='block_1_86' title="bbox 2006 2556 3607 2633">
    <p class='ocr_par' dir='ltr' id='par_1_86' title="bbox 2006 2556 3607 2633">
     <span class='ocr_line' id='line_1_86' title="bbox 2006 2556 3607 2633; baseline 0 -17"><span class='ocrx_word' id='word_1_667' title='bbox 2006 2572 2050 2617; x_wconf 85' lang='lat' dir='ltr'><strong>et</strong></span> <span class='ocrx_word' id='word_1_668' title='bbox 2077 2561 2361 2631; x_wconf 84' lang='lat' dir='ltr'><strong>Jonathas,</strong></span> <span class='ocrx_word' id='word_1_669' title='bbox 2398 2562 2640 2617; x_wconf 83' lang='lat' dir='ltr'><strong>amabiles</strong></span> <span class='ocrx_word' id='word_1_670' title='bbox 2666 2580 2725 2616; x_wconf 88' lang='lat' dir='ltr'><strong>ac</strong></span> <span class='ocrx_word' id='word_1_671' title='bbox 2749 2562 2985 2633; x_wconf 85' lang='lat' dir='ltr'><strong>speciosi,</strong></span> <span class='ocrx_word' id='word_1_672' title='bbox 3017 2563 3069 2616; x_wconf 84' lang='lat' dir='ltr'><strong>in</strong></span> <span class='ocrx_word' id='word_1_673' title='bbox 3094 2562 3194 2616; x_wconf 82' lang='lat' dir='ltr'><strong>vita</strong></span> <span class='ocrx_word' id='word_1_674' title='bbox 3222 2578 3317 2617; x_wconf 86' lang='lat' dir='ltr'><strong>sua</strong></span> <span class='ocrx_word' id='word_1_675' title='bbox 3350 2577 3451 2616; x_wconf 85' lang='lat' dir='ltr'><strong>non</strong></span> <span class='ocrx_word' id='word_1_676' title='bbox 3488 2556 3607 2630; x_wconf 59' lang='lat' dir='ltr'><strong>Iuc-</strong></span> 
     </span>
    </p>
   </div>
   <div class='ocr_carea' id='block_1_87' title="bbox 2004 2653 3601 2727">
    <p class='ocr_par' dir='ltr' id='par_1_87' title="bbox 2004 2653 3601 2727">
     <span class='ocr_line' id='line_1_87' title="bbox 2004 2653 3601 2727; baseline 0.001 -19"><span class='ocrx_word' id='word_1_677' title='bbox 2004 2664 2120 2709; x_wconf 84' lang='lat' dir='ltr'><strong>rant</strong></span> <span class='ocrx_word' id='word_1_678' title='bbox 2151 2655 2416 2721; x_wconf 76' lang='lat' dir='ltr'><strong>disiuncti,</strong></span> <span class='ocrx_word' id='word_1_679' title='bbox 2439 2671 2525 2708; x_wconf 86' lang='lat' dir='ltr'><strong>nec</strong></span> <span class='ocrx_word' id='word_1_680' title='bbox 2550 2665 2709 2709; x_wconf 89' lang='lat' dir='ltr'><strong>morte</strong></span> <span class='ocrx_word' id='word_1_681' title='bbox 2737 2672 2830 2710; x_wconf 87' lang='lat' dir='ltr'><strong>sua</strong></span> <span class='ocrx_word' id='word_1_682' title='bbox 2854 2656 3076 2727; x_wconf 83' lang='lat' dir='ltr'><strong>separati</strong></span> <span class='ocrx_word' id='word_1_683' title='bbox 3100 2665 3218 2710; x_wconf 84' lang='lat' dir='ltr'><strong>sunt</strong></span> <span class='ocrx_word' id='word_1_684' title='bbox 3246 2654 3406 2727; x_wconf 86' lang='lat' dir='ltr'><strong>(Ibid.</strong></span> <span class='ocrx_word' id='word_1_685' title='bbox 3423 2653 3601 2725; x_wconf 54' lang='grc' dir='ltr'><strong>ωλι).</strong></span> 
     </span>
    </p>
   </div>
   <div class='ocr_carea' id='block_1_88' title="bbox 2004 2745 3608 2818">
    <p class='ocr_par' dir='ltr' id='par_1_88' title="bbox 2004 2745 3608 2818">
     <span class='ocr_line' id='line_1_88' title="bbox 2004 2745 3608 2818; baseline 0.001 -20"><span class='ocrx_word' id='word_1_686' title='bbox 2004 2745 2265 2813; x_wconf 89' lang='lat' dir='ltr'><strong>Quoniam</strong></span> <span class='ocrx_word' id='word_1_687' title='bbox 2307 2747 2451 2801; x_wconf 89' lang='lat' dir='ltr'><strong>enim</strong></span> <span class='ocrx_word' id='word_1_688' title='bbox 2493 2746 2734 2800; x_wconf 80' lang='lat' dir='ltr'><strong>absentia</strong></span> <span class='ocrx_word' id='word_1_689' title='bbox 2783 2747 2995 2801; x_wconf 88' lang='lat' dir='ltr'><strong>illorum</strong></span> <span class='ocrx_word' id='word_1_690' title='bbox 3038 2761 3264 2818; x_wconf 88' lang='lat' dir='ltr'><strong>corpora</strong></span> <span class='ocrx_word' id='word_1_691' title='bbox 3305 2761 3413 2802; x_wconf 92' lang='lat' dir='ltr'><strong>non</strong></span> <span class='ocrx_word' id='word_1_692' title='bbox 3457 2746 3608 2801; x_wconf 89' lang='lat' dir='ltr'><strong>licuit</strong></span> 
     </span>
    </p>
   </div>
   <div class='ocr_carea' id='block_1_89' title="bbox 2001 2834 3605 2906">
    <p class='ocr_par' dir='ltr' id='par_1_89' title="bbox 2001 2834 3605 2906">
     <span class='ocr_line' id='line_1_89' title="bbox 2001 2834 3605 2906; baseline 0.001 -17"><span class='ocrx_word' id='word_1_693' title='bbox 2001 2834 2270 2905; x_wconf 84' lang='lat' dir='ltr'><strong>amplecti,</strong></span> <span class='ocrx_word' id='word_1_694' title='bbox 2305 2837 2520 2890; x_wconf 83' lang='lat' dir='ltr'><strong>nomina</strong></span> <span class='ocrx_word' id='word_1_695' title='bbox 2552 2836 2760 2890; x_wconf 87' lang='lat' dir='ltr'><strong>illoram</strong></span> <span class='ocrx_word' id='word_1_696' title='bbox 2790 2838 3104 2906; x_wconf 72' lang='lat' dir='ltr'><strong>complexus</strong></span> <span class='ocrx_word' id='word_1_697' title='bbox 3128 2846 3232 2904; x_wconf 90' lang='lat' dir='ltr'><strong>est,</strong></span> <span class='ocrx_word' id='word_1_698' title='bbox 3260 2852 3415 2892; x_wconf 91' lang='lat' dir='ltr'><strong>suum</strong></span> <span class='ocrx_word' id='word_1_699' title='bbox 3449 2836 3605 2891; x_wconf 90' lang='lat' dir='ltr'><strong>dolo-</strong></span> 
     </span>
    </p>
   </div>
   <div class='ocr_carea' id='block_1_90' title="bbox 2004 2927 3599 2997">
    <p class='ocr_par' dir='ltr' id='par_1_90' title="bbox 2004 2927 3599 2997">
     <span class='ocr_line' id='line_1_90' title="bbox 2004 2927 3599 2997; baseline 0.001 -17"><span class='ocrx_word' id='word_1_700' title='bbox 2004 2942 2117 2981; x_wconf 91' lang='lat' dir='ltr'><strong>rem</strong></span> <span class='ocrx_word' id='word_1_701' title='bbox 2141 2927 2287 2984; x_wconf 91' lang='lat' dir='ltr'><strong>hisce</strong></span> <span class='ocrx_word' id='word_1_702' title='bbox 2313 2929 2483 2983; x_wconf 89' lang='lat' dir='ltr'><strong>modis</strong></span> <span class='ocrx_word' id='word_1_703' title='bbox 2512 2937 2778 2997; x_wconf 89' lang='lat' dir='ltr'><strong>quatenus</strong></span> <span class='ocrx_word' id='word_1_704' title='bbox 2808 2928 2954 2983; x_wconf 91' lang='lat' dir='ltr'><strong>licuit</strong></span> <span class='ocrx_word' id='word_1_705' title='bbox 2974 2928 3181 2984; x_wconf 89' lang='lat' dir='ltr'><strong>leniens</strong></span> <span class='ocrx_word' id='word_1_706' title='bbox 3206 2936 3258 2982; x_wconf 91' lang='lat' dir='ltr'><strong>et</strong></span> <span class='ocrx_word' id='word_1_707' title='bbox 3279 2927 3599 2983; x_wconf 88' lang='lat' dir='ltr'><strong>calamitatis</strong></span> 
     </span>
    </p>
   </div>
   <div class='ocr_carea' id='block_1_91' title="bbox 2001 3017 3601 3091">
    <p class='ocr_par' dir='ltr' id='par_1_91' title="bbox 2001 3017 3601 3091">
     <span class='ocr_line' id='line_1_91' title="bbox 2001 3017 3601 3091; baseline -0.002 -18"><span class='ocrx_word' id='word_1_708' title='bbox 2001 3020 2419 3091; x_wconf 68' lang='lat' dir='ltr'><strong>magnitudinem</strong></span> <span class='ocrx_word' id='word_1_709' title='bbox 2464 3020 2735 3089; x_wconf 74' lang='lat' dir='ltr'><strong>mitigans.</strong></span> <span class='ocrx_word' id='word_1_710' title='bbox 2779 3018 2910 3085; x_wconf 90' lang='lat' dir='ltr'><strong>Quia</strong></span> <span class='ocrx_word' id='word_1_711' title='bbox 2941 3020 3083 3075; x_wconf 90' lang='lat' dir='ltr'><strong>enim</strong></span> <span class='ocrx_word' id='word_1_712' title='bbox 3111 3033 3142 3072; x_wconf 91' lang='lat' dir='ltr'><strong>a</strong></span> <span class='ocrx_word' id='word_1_713' title='bbox 3172 3018 3355 3071; x_wconf 90' lang='lat' dir='ltr'><strong>multis</strong></span> <span class='ocrx_word' id='word_1_714' title='bbox 3399 3017 3601 3071; x_wconf 91' lang='lat' dir='ltr'><strong>malum</strong></span> 
     </span>
    </p>
   </div>
   <div class='ocr_carea' id='block_1_92' title="bbox 2000 3106 3599 3180">
    <p class='ocr_par' dir='ltr' id='par_1_92' title="bbox 2000 3106 3599 3180">
     <span class='ocr_line' id='line_1_92' title="bbox 2000 3106 3599 3180; baseline -0.003 -15"><span class='ocrx_word' id='word_1_715' title='bbox 2000 3110 2284 3180; x_wconf 74' lang='lat' dir='ltr'><strong>putabatur</strong></span> <span class='ocrx_word' id='word_1_716' title='bbox 2309 3109 2625 3178; x_wconf 87' lang='lat' dir='ltr'><strong>insanabile,</strong></span> <span class='ocrx_word' id='word_1_717' title='bbox 2648 3108 2836 3164; x_wconf 87' lang='lat' dir='ltr'><strong>ambos</strong></span> <span class='ocrx_word' id='word_1_718' title='bbox 2856 3107 3045 3164; x_wconf 90' lang='lat' dir='ltr'><strong>eodem</strong></span> <span class='ocrx_word' id='word_1_719' title='bbox 3074 3107 3333 3163; x_wconf 90' lang='lat' dir='ltr'><strong>cecidisse</strong></span> <span class='ocrx_word' id='word_1_720' title='bbox 3355 3107 3466 3173; x_wconf 89' lang='lat' dir='ltr'><strong>die,</strong></span> <span class='ocrx_word' id='word_1_721' title='bbox 3496 3106 3599 3161; x_wconf 88' lang='lat' dir='ltr'><strong>hoc</strong></span> 
     </span>
    </p>
   </div>
   <div class='ocr_carea' id='block_1_93' title="bbox 2000 3196 3599 3272">
    <p class='ocr_par' dir='ltr' id='par_1_93' title="bbox 2000 3196 3599 3272">
     <span class='ocr_line' id='line_1_93' title="bbox 2000 3196 3599 3272; baseline -0.003 -17"><span class='ocrx_word' id='word_1_722' title='bbox 2000 3202 2174 3272; x_wconf 85' lang='lat' dir='ltr'><strong>ipsum</strong></span> <span class='ocrx_word' id='word_1_723' title='bbox 2219 3202 2445 3272; x_wconf 89' lang='lat' dir='ltr'><strong>arripuit</strong></span> <span class='ocrx_word' id='word_1_724' title='bbox 2489 3202 2541 3255; x_wconf 93' lang='lat' dir='ltr'><strong>in</strong></span> <span class='ocrx_word' id='word_1_725' title='bbox 2605 3201 2987 3257; x_wconf 83' lang='lat' dir='ltr'><strong>consolationis</strong></span> <span class='ocrx_word' id='word_1_726' title='bbox 3029 3207 3424 3269; x_wconf 88' lang='lat' dir='ltr'><strong>argumentum.</strong></span> <span class='ocrx_word' id='word_1_727' title='bbox 3465 3196 3599 3252; x_wconf 81' lang='lat' dir='ltr'><strong>Nam</strong></span> 
     </span>
    </p>
   </div>
   <div class='ocr_carea' id='block_1_94' title="bbox 1998 3291 3600 3363">
    <p class='ocr_par' dir='ltr' id='par_1_94' title="bbox 1998 3291 3600 3363">
     <span class='ocr_line' id='line_1_94' title="bbox 1998 3291 3600 3363; baseline -0.002 -16"><span class='ocrx_word' id='word_1_728' title='bbox 1998 3293 2141 3363; x_wconf 89' lang='lat' dir='ltr'><strong>quod</strong></span> <span class='ocrx_word' id='word_1_729' title='bbox 2188 3294 2281 3357; x_wconf 91' lang='lat' dir='ltr'><strong>ait,</strong></span> <span class='ocrx_word' id='word_1_730' title='bbox 2319 3292 2383 3346; x_wconf 88' lang='lat' dir='ltr'><strong>In</strong></span> <span class='ocrx_word' id='word_1_731' title='bbox 2430 3294 2530 3347; x_wconf 77' lang='lat' dir='ltr'><strong>vita</strong></span> <span class='ocrx_word' id='word_1_732' title='bbox 2572 3311 2667 3348; x_wconf 82' lang='lat' dir='ltr'><strong>sua</strong></span> <span class='ocrx_word' id='word_1_733' title='bbox 2705 3309 2809 3346; x_wconf 80' lang='lat' dir='ltr'><strong>non</strong></span> <span class='ocrx_word' id='word_1_734' title='bbox 2853 3296 3053 3363; x_wconf 78' lang='lat' dir='ltr'><strong>fuerant</strong></span> <span class='ocrx_word' id='word_1_735' title='bbox 3095 3292 3372 3362; x_wconf 82' lang='lat' dir='ltr'><strong>disjuncti,</strong></span> <span class='ocrx_word' id='word_1_736' title='bbox 3420 3305 3510 3345; x_wconf 82' lang='lat' dir='ltr'><strong>nec</strong></span> <span class='ocrx_word' id='word_1_737' title='bbox 3545 3291 3600 3344; x_wconf 79' lang='lat' dir='ltr'><strong>in</strong></span> 
     </span>
    </p>
   </div>
   <div class='ocr_carea' id='block_1_95' title="bbox 1998 3382 3595 3453">
    <p class='ocr_par' dir='ltr' id='par_1_95' title="bbox 1998 3382 3595 3453">
     <span class='ocr_line' id='line_1_95' title="bbox 1998 3382 3595 3453; baseline 0 -16"><span class='ocrx_word' id='word_1_738' title='bbox 1998 3394 2159 3440; x_wconf 86' lang='lat' dir='ltr'><strong>morte</strong></span> <span class='ocrx_word' id='word_1_739' title='bbox 2193 3394 2311 3438; x_wconf 85' lang='lat' dir='ltr'><strong>sunt</strong></span> <span class='ocrx_word' id='word_1_740' title='bbox 2344 3386 2588 3452; x_wconf 81' lang='lat' dir='ltr'><strong>separati,</strong></span> <span class='ocrx_word' id='word_1_741' title='bbox 2618 3382 2783 3440; x_wconf 84' lang='lat' dir='ltr'><strong>verba</strong></span> <span class='ocrx_word' id='word_1_742' title='bbox 2824 3392 2976 3438; x_wconf 92' lang='lat' dir='ltr'><strong>erant</strong></span> <span class='ocrx_word' id='word_1_743' title='bbox 3001 3382 3133 3438; x_wconf 88' lang='lat' dir='ltr'><strong>nihil</strong></span> <span class='ocrx_word' id='word_1_744' title='bbox 3175 3382 3317 3438; x_wconf 85' lang='lat' dir='ltr'><strong>aliud</strong></span> <span class='ocrx_word' id='word_1_745' title='bbox 3352 3382 3595 3453; x_wconf 85' lang='lat' dir='ltr'><strong>agentis,</strong></span> 
     </span>
    </p>
   </div>
   <div class='ocr_carea' id='block_1_96' title="bbox 1996 3473 3601 3547">
    <p class='ocr_par' dir='ltr' id='par_1_96' title="bbox 1996 3473 3601 3547">
     <span class='ocr_line' id='line_1_96' title="bbox 1996 3473 3601 3547; baseline -0.002 -16"><span class='ocrx_word' id='word_1_746' title='bbox 1996 3492 2157 3547; x_wconf 89' lang='lat' dir='ltr'><strong>quam</strong></span> <span class='ocrx_word' id='word_1_747' title='bbox 2187 3485 2246 3531; x_wconf 90' lang='lat' dir='ltr'><strong>ut</strong></span> <span class='ocrx_word' id='word_1_748' title='bbox 2272 3476 2377 3531; x_wconf 91' lang='lat' dir='ltr'><strong>boo</strong></span> <span class='ocrx_word' id='word_1_749' title='bbox 2395 3476 2550 3531; x_wconf 92' lang='lat' dir='ltr'><strong>cedat</strong></span> <span class='ocrx_word' id='word_1_750' title='bbox 2577 3475 2630 3530; x_wconf 89' lang='lat' dir='ltr'><strong>iu</strong></span> <span class='ocrx_word' id='word_1_751' title='bbox 2653 3474 2903 3531; x_wconf 88' lang='lat' dir='ltr'><strong>solatium</strong></span> <span class='ocrx_word' id='word_1_752' title='bbox 2928 3474 3151 3530; x_wconf 90' lang='lat' dir='ltr'><strong>doloris.</strong></span> <span class='ocrx_word' id='word_1_753' title='bbox 3178 3475 3296 3531; x_wconf 85' lang='lat' dir='ltr'><strong>Jam</strong></span> <span class='ocrx_word' id='word_1_754' title='bbox 3325 3475 3490 3540; x_wconf 89' lang='lat' dir='ltr'><strong>enim,</strong></span> <span class='ocrx_word' id='word_1_755' title='bbox 3516 3473 3601 3527; x_wconf 88' lang='lat' dir='ltr'><strong>in-</strong></span> 
     </span>
    </p>
   </div>
   <div class='ocr_carea' id='block_1_97' title="bbox 1996 3564 3647 3639">
    <p class='ocr_par' dir='ltr' id='par_1_97' title="bbox 1996 3564 3647 3639">
     <span class='ocr_line' id='line_1_97' title="bbox 1996 3564 3647 3639; baseline 0.001 -17"><span class='ocrx_word' id='word_1_756' title='bbox 1996 3570 2130 3639; x_wconf 85' lang='lat' dir='ltr'><strong>quit,</strong></span> <span class='ocrx_word' id='word_1_757' title='bbox 2154 3582 2260 3623; x_wconf 91' lang='lat' dir='ltr'><strong>non</strong></span> <span class='ocrx_word' id='word_1_758' title='bbox 2288 3576 2463 3637; x_wconf 89' lang='lat' dir='ltr'><strong>potest</strong></span> <span class='ocrx_word' id='word_1_759' title='bbox 2489 3566 2615 3634; x_wconf 85' lang='lat' dir='ltr'><strong>diei,</strong></span> <span class='ocrx_word' id='word_1_760' title='bbox 2644 3566 2786 3637; x_wconf 84' lang='lat' dir='ltr'><strong>quod</strong></span> <span class='ocrx_word' id='word_1_761' title='bbox 2809 3566 2950 3621; x_wconf 84' lang='lat' dir='ltr'><strong>illius</strong></span> <span class='ocrx_word' id='word_1_762' title='bbox 2969 3565 3269 3636; x_wconf 83' lang='lat' dir='ltr'><strong>orphanum</strong></span> <span class='ocrx_word' id='word_1_763' title='bbox 3291 3579 3413 3621; x_wconf 87' lang='lat' dir='ltr'><strong>esse</strong></span> <span class='ocrx_word' id='word_1_764' title='bbox 3436 3578 3497 3619; x_wconf 81' lang='lat' dir='ltr'><strong>se</strong></span> <span class='ocrx_word' id='word_1_765' title='bbox 3526 3564 3599 3619; x_wconf 83' lang='lat' dir='ltr'><strong>lu-</strong></span> <span class='ocrx_word' id='word_1_766' title='bbox 3642 3616 3647 3623; x_wconf 91' lang='lat'><strong>.</strong></span> 
     </span>
    </p>
   </div>
   <div class='ocr_carea' id='block_1_98' title="bbox 1994 3654 3595 3731">
    <p class='ocr_par' dir='ltr' id='par_1_98' title="bbox 1994 3654 3595 3731">
     <span class='ocr_line' id='line_1_98' title="bbox 1994 3654 3595 3731; baseline -0.002 -18"><span class='ocrx_word' id='word_1_767' title='bbox 1994 3668 2135 3731; x_wconf 88' lang='lat' dir='ltr'><strong>geat,</strong></span> <span class='ocrx_word' id='word_1_768' title='bbox 2187 3674 2359 3729; x_wconf 88' lang='lat' dir='ltr'><strong>neque</strong></span> <span class='ocrx_word' id='word_1_769' title='bbox 2397 3657 2539 3726; x_wconf 88' lang='lat' dir='ltr'><strong>quod</strong></span> <span class='ocrx_word' id='word_1_770' title='bbox 2589 3664 2741 3728; x_wconf 88' lang='lat' dir='ltr'><strong>pater</strong></span> <span class='ocrx_word' id='word_1_771' title='bbox 2780 3656 3064 3711; x_wconf 79' lang='lat' dir='ltr'><strong>orbitatem</strong></span> <span class='ocrx_word' id='word_1_772' title='bbox 3103 3669 3253 3711; x_wconf 92' lang='lat' dir='ltr'><strong>suam</strong></span> <span class='ocrx_word' id='word_1_773' title='bbox 3299 3654 3544 3723; x_wconf 87' lang='lat' dir='ltr'><strong>deploret</strong></span> <span class='ocrx_word' id='word_1_774' title='bbox 3580 3673 3595 3709; x_wconf 89' lang='lat'><strong>:</strong></span> 
     </span>
    </p>
   </div>
   <div class='ocr_carea' id='block_1_99' title="bbox 1994 3744 3594 3819">
    <p class='ocr_par' dir='ltr' id='par_1_99' title="bbox 1994 3744 3594 3819">
     <span class='ocr_line' id='line_1_99' title="bbox 1994 3744 3594 3819; baseline -0.001 -18"><span class='ocrx_word' id='word_1_775' title='bbox 1994 3764 2181 3815; x_wconf 89' lang='lat' dir='ltr'><strong>verum</strong></span> <span class='ocrx_word' id='word_1_776' title='bbox 2211 3748 2353 3819; x_wconf 90' lang='lat' dir='ltr'><strong>quod</strong></span> <span class='ocrx_word' id='word_1_777' title='bbox 2395 3748 2575 3812; x_wconf 78' lang='lat' dir='ltr'><strong>nullis,</strong></span> <span class='ocrx_word' id='word_1_778' title='bbox 2614 3748 2803 3817; x_wconf 89' lang='lat' dir='ltr'><strong>inquit,</strong></span> <span class='ocrx_word' id='word_1_779' title='bbox 2844 3747 3055 3816; x_wconf 91' lang='lat' dir='ltr'><strong>obtigit,</strong></span> <span class='ocrx_word' id='word_1_780' title='bbox 3086 3745 3194 3800; x_wconf 91' lang='lat' dir='ltr'><strong>illis</strong></span> <span class='ocrx_word' id='word_1_781' title='bbox 3221 3745 3444 3815; x_wconf 89' lang='lat' dir='ltr'><strong>contigit</strong></span> <span class='ocrx_word' id='word_1_782' title='bbox 3469 3762 3481 3797; x_wconf 92' lang='lat'>:</span> <span class='ocrx_word' id='word_1_783' title='bbox 3512 3744 3594 3799; x_wconf 79' lang='lat' dir='ltr'><strong>vi~</strong></span> 
     </span>
    </p>
   </div>
   <div class='ocr_carea' id='block_1_100' title="bbox 1994 3835 3597 3907">
    <p class='ocr_par' dir='ltr' id='par_1_100' title="bbox 1994 3835 3597 3907">
     <span class='ocr_line' id='line_1_100' title="bbox 1994 3835 3597 3907; baseline -0.002 -14"><span class='ocrx_word' id='word_1_784' title='bbox 1994 3838 2191 3895; x_wconf 77' lang='lat' dir='ltr'><strong>delicat</strong></span> <span class='ocrx_word' id='word_1_785' title='bbox 2215 3853 2322 3893; x_wconf 91' lang='lat' dir='ltr'><strong>uno</strong></span> <span class='ocrx_word' id='word_1_786' title='bbox 2348 3837 2643 3907; x_wconf 87' lang='lat' dir='ltr'><strong>eodemque</strong></span> <span class='ocrx_word' id='word_1_787' title='bbox 2668 3837 2759 3892; x_wconf 88' lang='lat' dir='ltr'><strong>die</strong></span> <span class='ocrx_word' id='word_1_788' title='bbox 2794 3853 2825 3892; x_wconf 90' lang='lat' dir='ltr'><strong>e</strong></span> <span class='ocrx_word' id='word_1_789' title='bbox 2855 3836 2988 3891; x_wconf 89' lang='lat' dir='ltr'><strong>vivis</strong></span> <span class='ocrx_word' id='word_1_790' title='bbox 3019 3835 3189 3905; x_wconf 89' lang='lat' dir='ltr'><strong>erepti</strong></span> <span class='ocrx_word' id='word_1_791' title='bbox 3218 3843 3377 3901; x_wconf 91' lang='lat' dir='ltr'><strong>sunt,</strong></span> <span class='ocrx_word' id='word_1_792' title='bbox 3406 3845 3597 3890; x_wconf 90' lang='lat' dir='ltr'><strong>neutro</strong></span> 
     </span>
    </p>
   </div>
   <div class='ocr_carea' id='block_1_101' title="bbox 1993 3926 3591 4000">
    <p class='ocr_par' dir='ltr' id='par_1_101' title="bbox 1993 3926 3591 4000">
     <span class='ocr_line' id='line_1_101' title="bbox 1993 3926 3591 4000; baseline -0.003 -15"><span class='ocrx_word' id='word_1_793' title='bbox 1993 3930 2147 3985; x_wconf 91' lang='lat' dir='ltr'><strong>alteri</strong></span> <span class='ocrx_word' id='word_1_794' title='bbox 2186 3926 2490 4000; x_wconf 85' lang='lat' dir='ltr'><strong>superstite.</strong></span> <span class='ocrx_word' id='word_1_795' title='bbox 2526 3926 2879 3983; x_wconf 85' lang='lat' dir='ltr'><strong>Existimabat</strong></span> <span class='ocrx_word' id='word_1_796' title='bbox 2915 3928 3058 3982; x_wconf 90' lang='lat' dir='ltr'><strong>enim</strong></span> <span class='ocrx_word' id='word_1_797' title='bbox 3100 3927 3265 3982; x_wconf 88' lang='lat' dir='ltr'><strong>vitam</strong></span> <span class='ocrx_word' id='word_1_798' title='bbox 3308 3926 3407 3982; x_wconf 91' lang='lat' dir='ltr'><strong>sibi</strong></span> <span class='ocrx_word' id='word_1_799' title='bbox 3447 3926 3591 3997; x_wconf 82' lang='lat' dir='ltr'><strong>inju-</strong></span> 
     </span>
    </p>
   </div>
   <div class='ocr_carea' id='block_1_102' title="bbox 1993 4016 3595 4086">
    <p class='ocr_par' dir='ltr' id='par_1_102' title="bbox 1993 4016 3595 4086">
     <span class='ocr_line' id='line_1_102' title="bbox 1993 4016 3595 4086; baseline -0.001 -11"><span class='ocrx_word' id='word_1_800' title='bbox 1993 4021 2223 4075; x_wconf 91' lang='lat' dir='ltr'><strong>cundam</strong></span> <span class='ocrx_word' id='word_1_801' title='bbox 2253 4020 2385 4086; x_wconf 89' lang='lat' dir='ltr'><strong>fore,</strong></span> <span class='ocrx_word' id='word_1_802' title='bbox 2414 4021 2459 4073; x_wconf 90' lang='lat' dir='ltr'><strong>si</strong></span> <span class='ocrx_word' id='word_1_803' title='bbox 2487 4020 2624 4073; x_wconf 86' lang='lat' dir='ltr'><strong>alter</strong></span> <span class='ocrx_word' id='word_1_804' title='bbox 2646 4017 2715 4073; x_wconf 88' lang='lat' dir='ltr'><strong>ab</strong></span> <span class='ocrx_word' id='word_1_805' title='bbox 2738 4018 2910 4072; x_wconf 89' lang='lat' dir='ltr'><strong>altero</strong></span> <span class='ocrx_word' id='word_1_806' title='bbox 2937 4017 3123 4072; x_wconf 86' lang='lat' dir='ltr'><strong>fuisset</strong></span> <span class='ocrx_word' id='word_1_807' title='bbox 3148 4018 3409 4072; x_wconf 85' lang='lat' dir='ltr'><strong>divulsus.</strong></span> <span class='ocrx_word' id='word_1_808' title='bbox 3429 4016 3595 4073; x_wconf 86' lang='lat' dir='ltr'><strong>Com-</strong></span> 
     </span>
    </p>
   </div>
   <div class='ocr_carea' id='block_1_103' title="bbox 1995 4109 3593 4180">
    <p class='ocr_par' dir='ltr' id='par_1_103' title="bbox 1995 4109 3593 4180">
     <span class='ocr_line' id='line_1_103' title="bbox 1995 4109 3593 4180; baseline -0.003 -13"><span class='ocrx_word' id='word_1_809' title='bbox 1995 4111 2286 4167; x_wconf 87' lang='lat' dir='ltr'><strong>movemini</strong></span> <span class='ocrx_word' id='word_1_810' title='bbox 2318 4124 2480 4177; x_wconf 89' lang='lat' dir='ltr'><strong>nunc,</strong></span> <span class='ocrx_word' id='word_1_811' title='bbox 2504 4109 3060 4180; x_wconf 79' lang='lat' dir='ltr'><strong>lacrymamininunc,</strong></span> <span class='ocrx_word' id='word_1_812' title='bbox 3084 4117 3139 4163; x_wconf 92' lang='lat' dir='ltr'><strong>et</strong></span> <span class='ocrx_word' id='word_1_813' title='bbox 3166 4110 3348 4164; x_wconf 87' lang='lat' dir='ltr'><strong>animo</strong></span> <span class='ocrx_word' id='word_1_814' title='bbox 3376 4118 3593 4178; x_wconf 84' lang='lat' dir='ltr'><strong>pertur-</strong></span> 
     </span>
    </p>
   </div>
   <div class='ocr_carea' id='block_1_104' title="bbox 1993 4199 3596 4271">
    <p class='ocr_par' dir='ltr' id='par_1_104' title="bbox 1993 4199 3596 4271">
     <span class='ocr_line' id='line_1_104' title="bbox 1993 4199 3596 4271; baseline 0 -15"><span class='ocrx_word' id='word_1_815' title='bbox 1993 4202 2231 4268; x_wconf 86' lang='lat' dir='ltr'><strong>bamini;</strong></span> <span class='ocrx_word' id='word_1_816' title='bbox 2260 4216 2429 4271; x_wconf 89' lang='lat' dir='ltr'><strong>usque</strong></span> <span class='ocrx_word' id='word_1_817' title='bbox 2449 4201 2514 4254; x_wconf 89' lang='lat' dir='ltr'><strong>ad</strong></span> <span class='ocrx_word' id='word_1_818' title='bbox 2540 4202 2895 4271; x_wconf 88' lang='lat' dir='ltr'><strong>laerymarum</strong></span> <span class='ocrx_word' id='word_1_819' title='bbox 2916 4199 3230 4255; x_wconf 75' lang='lat' dir='ltr'><strong>effusionem</strong></span> <span class='ocrx_word' id='word_1_820' title='bbox 3259 4201 3445 4255; x_wconf 89' lang='lat' dir='ltr'><strong>mutati</strong></span> <span class='ocrx_word' id='word_1_821' title='bbox 3467 4210 3596 4256; x_wconf 85' lang='lat' dir='ltr'><strong>sunt</strong></span> 
     </span>
    </p>
   </div>
   <div class='ocr_carea' id='block_1_105' title="bbox 1992 4290 3596 4362">
    <p class='ocr_par' dir='ltr' id='par_1_105' title="bbox 1992 4290 3596 4362">
     <span class='ocr_line' id='line_1_105' title="bbox 1992 4290 3596 4362; baseline -0.001 -13"><span class='ocrx_word' id='word_1_822' title='bbox 1992 4294 2132 4349; x_wconf 92' lang='lat' dir='ltr'><strong>oeuli</strong></span> <span class='ocrx_word' id='word_1_823' title='bbox 2162 4294 2369 4349; x_wconf 76' lang='lat' dir='ltr'><strong>vestri?</strong></span> <span class='ocrx_word' id='word_1_824' title='bbox 2409 4292 2560 4347; x_wconf 86' lang='lat' dir='ltr'><strong>Nunc</strong></span> <span class='ocrx_word' id='word_1_825' title='bbox 2603 4292 2993 4362; x_wconf 84' lang='lat' dir='ltr'><strong>mihiquisquc</strong></span> <span class='ocrx_word' id='word_1_826' title='bbox 3031 4290 3345 4347; x_wconf 83' lang='lat' dir='ltr'><strong>recordetur</strong></span> <span class='ocrx_word' id='word_1_827' title='bbox 3390 4292 3596 4348; x_wconf 71' lang='lat' dir='ltr'><strong>inimici</strong></span> 
     </span>
    </p>
   </div>
   <div class='ocr_carea' id='block_1_106' title="bbox 1993 4382 3593 4454">
    <p class='ocr_par' dir='ltr' id='par_1_106' title="bbox 1993 4382 3593 4454">
     <span class='ocr_line' id='line_1_106' title="bbox 1993 4382 3593 4454; baseline 0 -17"><span class='ocrx_word' id='word_1_828' title='bbox 1993 4386 2082 4454; x_wconf 82' lang='lat' dir='ltr'><strong>qui</strong></span> <span class='ocrx_word' id='word_1_829' title='bbox 2112 4383 2268 4448; x_wconf 82' lang='lat' dir='ltr'><strong>laesit,</strong></span> <span class='ocrx_word' id='word_1_830' title='bbox 2302 4382 2807 4438; x_wconf 14' lang='lat' dir='ltr'><strong>doloreeetiamnum</strong></span> <span class='ocrx_word' id='word_1_831' title='bbox 2835 4382 2888 4435; x_wconf 93' lang='lat' dir='ltr'><strong>in</strong></span> <span class='ocrx_word' id='word_1_832' title='bbox 2917 4382 3097 4435; x_wconf 87' lang='lat' dir='ltr'><strong>animo</strong></span> <span class='ocrx_word' id='word_1_833' title='bbox 3123 4390 3402 4442; x_wconf 73' lang='lat' dir='ltr'><strong>mstuante,</strong></span> <span class='ocrx_word' id='word_1_834' title='bbox 3434 4387 3593 4450; x_wconf 86' lang='lat' dir='ltr'><strong>atque</strong></span> 
     </span>
    </p>
   </div>
   <div class='ocr_carea' id='block_1_107' title="bbox 1996 4472 3591 4541">
    <p class='ocr_par' dir='ltr' id='par_1_107' title="bbox 1996 4472 3591 4541">
     <span class='ocr_line' id='line_1_107' title="bbox 1996 4472 3591 4541; baseline -0.001 -12"><span class='ocrx_word' id='word_1_835' title='bbox 1996 4475 2137 4530; x_wconf 92' lang='lat' dir='ltr'><strong>hunc</strong></span> <span class='ocrx_word' id='word_1_836' title='bbox 2163 4485 2218 4531; x_wconf 92' lang='lat' dir='ltr'><strong>ct</strong></span> <span class='ocrx_word' id='word_1_837' title='bbox 2262 4476 2439 4529; x_wconf 87' lang='lat' dir='ltr'><strong>vivum</strong></span> <span class='ocrx_word' id='word_1_838' title='bbox 2481 4482 2687 4540; x_wconf 82' lang='lat' dir='ltr'><strong>servet,</strong></span> <span class='ocrx_word' id='word_1_839' title='bbox 2723 4483 2777 4528; x_wconf 92' lang='lat' dir='ltr'><strong>et</strong></span> <span class='ocrx_word' id='word_1_840' title='bbox 2819 4474 2926 4526; x_wconf 84' lang='lat' dir='ltr'><strong>vita</strong></span> <span class='ocrx_word' id='word_1_841' title='bbox 2972 4472 3281 4527; x_wconf 89' lang='lat' dir='ltr'><strong>defunctum</strong></span> <span class='ocrx_word' id='word_1_842' title='bbox 3321 4472 3591 4541; x_wconf 82' lang='lat' dir='ltr'><strong>deploret,</strong></span> 
     </span>
    </p>
   </div>
   <div class='ocr_carea' id='block_1_108' title="bbox 1995 4562 3593 4637">
    <p class='ocr_par' dir='ltr' id='par_1_108' title="bbox 1995 4562 3593 4637">
     <span class='ocr_line' id='line_1_108' title="bbox 1995 4562 3593 4637; baseline -0.003 -17"><span class='ocrx_word' id='word_1_843' title='bbox 1995 4567 2136 4621; x_wconf 87' lang='lat' dir='ltr'><strong>baud</strong></span> <span class='ocrx_word' id='word_1_844' title='bbox 2163 4568 2379 4637; x_wconf 89' lang='lat' dir='ltr'><strong>quidem</strong></span> <span class='ocrx_word' id='word_1_845' title='bbox 2408 4565 2475 4619; x_wconf 90' lang='lat' dir='ltr'><strong>ad</strong></span> <span class='ocrx_word' id='word_1_846' title='bbox 2503 4566 2940 4629; x_wconf 88' lang='lat' dir='ltr'><strong>ostentationem,</strong></span> <span class='ocrx_word' id='word_1_847' title='bbox 2973 4562 3066 4617; x_wconf 89' lang='lat' dir='ltr'><strong>sed</strong></span> <span class='ocrx_word' id='word_1_848' title='bbox 3098 4578 3163 4617; x_wconf 87' lang='lat' dir='ltr'><strong>ex</strong></span> <span class='ocrx_word' id='word_1_849' title='bbox 3194 4562 3398 4629; x_wconf 85' lang='lat' dir='ltr'><strong>animo,</strong></span> <span class='ocrx_word' id='word_1_850' title='bbox 3433 4576 3593 4617; x_wconf 88' lang='lat' dir='ltr'><strong>vero-</strong></span> 
     </span>
    </p>
   </div>
   <div class='ocr_carea' id='block_1_109' title="bbox 1993 4653 3588 4729">
    <p class='ocr_par' dir='ltr' id='par_1_109' title="bbox 1993 4653 3588 4729">
     <span class='ocr_line' id='line_1_109' title="bbox 1993 4653 3588 4729; baseline -0.004 -18"><span class='ocrx_word' id='word_1_851' title='bbox 1993 4674 2097 4729; x_wconf 89' lang='lat' dir='ltr'><strong>que</strong></span> <span class='ocrx_word' id='word_1_852' title='bbox 2127 4659 2287 4713; x_wconf 90' lang='lat' dir='ltr'><strong>corde</strong></span> <span class='ocrx_word' id='word_1_853' title='bbox 2312 4676 2323 4710; x_wconf 93' lang='lat'>:</span> <span class='ocrx_word' id='word_1_854' title='bbox 2353 4657 2559 4712; x_wconf 87' lang='lat' dir='ltr'><strong>etiamsi</strong></span> <span class='ocrx_word' id='word_1_855' title='bbox 2583 4655 2709 4725; x_wconf 88' lang='lat' dir='ltr'><strong>quid</strong></span> <span class='ocrx_word' id='word_1_856' title='bbox 2738 4653 3115 4725; x_wconf 79' lang='lat' dir='ltr'><strong>perferendum</strong></span> <span class='ocrx_word' id='word_1_857' title='bbox 3144 4653 3211 4706; x_wconf 90' lang='lat' dir='ltr'><strong>sit</strong></span> <span class='ocrx_word' id='word_1_858' title='bbox 3243 4653 3588 4721; x_wconf 86' lang='lat' dir='ltr'><strong>incommodi,</strong></span> 
     </span>
    </p>
   </div>
   <div class='ocr_carea' id='block_1_110' title="bbox 1998 4745 3591 4820">
    <p class='ocr_par' dir='ltr' id='par_1_110' title="bbox 1998 4745 3591 4820">
     <span class='ocr_line' id='line_1_110' title="bbox 1998 4745 3591 4820; baseline -0.003 -18"><span class='ocrx_word' id='word_1_859' title='bbox 1998 4765 2063 4804; x_wconf 90' lang='lat' dir='ltr'><strong>ne</strong></span> <span class='ocrx_word' id='word_1_860' title='bbox 2102 4748 2229 4820; x_wconf 86' lang='lat' dir='ltr'><strong>quid</strong></span> <span class='ocrx_word' id='word_1_861' title='bbox 2272 4748 2508 4803; x_wconf 66' lang='lat' dir='ltr'><strong>offendat</strong></span> <span class='ocrx_word' id='word_1_862' title='bbox 2534 4763 2656 4803; x_wconf 88' lang='lat' dir='ltr'><strong>eum</strong></span> <span class='ocrx_word' id='word_1_863' title='bbox 2695 4746 2784 4816; x_wconf 91' lang='lat' dir='ltr'><strong>qui</strong></span> <span class='ocrx_word' id='word_1_864' title='bbox 2831 4746 2988 4807; x_wconf 68' lang='lat' dir='ltr'><strong>Iazsit,</strong></span> <span class='ocrx_word' id='word_1_865' title='bbox 3033 4747 3212 4800; x_wconf 89' lang='lat' dir='ltr'><strong>omnia</strong></span> <span class='ocrx_word' id='word_1_866' title='bbox 3244 4755 3356 4801; x_wconf 91' lang='lat' dir='ltr'><strong>tum</strong></span> <span class='ocrx_word' id='word_1_867' title='bbox 3400 4745 3591 4814; x_wconf 82' lang='lat' dir='ltr'><strong>faciat,</strong></span> 
     </span>
    </p>
   </div>
   <div class='ocr_carea' id='block_1_111' title="bbox 1996 4837 3591 4909">
    <p class='ocr_par' dir='ltr' id='par_1_111' title="bbox 1996 4837 3591 4909">
     <span class='ocr_line' id='line_1_111' title="bbox 1996 4837 3591 4909; baseline -0.001 -16"><span class='ocrx_word' id='word_1_868' title='bbox 1996 4850 2106 4893; x_wconf 90' lang='lat' dir='ltr'><strong>tum</strong></span> <span class='ocrx_word' id='word_1_869' title='bbox 2141 4840 2391 4909; x_wconf 76' lang='lat' dir='ltr'><strong>patiatur,</strong></span> <span class='ocrx_word' id='word_1_870' title='bbox 2434 4853 2622 4907; x_wconf 84' lang='lat' dir='ltr'><strong>magna</strong></span> <span class='ocrx_word' id='word_1_871' title='bbox 2658 4852 2687 4889; x_wconf 89' lang='lat' dir='ltr'><strong>a</strong></span> <span class='ocrx_word' id='word_1_872' title='bbox 2728 4837 2836 4891; x_wconf 88' lang='lat' dir='ltr'><strong>Deo</strong></span> <span class='ocrx_word' id='word_1_873' title='bbox 2878 4845 3194 4905; x_wconf 80' lang='lat' dir='ltr'><strong>exspectans</strong></span> <span class='ocrx_word' id='word_1_874' title='bbox 3238 4837 3479 4904; x_wconf 60' lang='lat' dir='ltr'><strong>praemia.</strong></span> <span class='ocrx_word' id='word_1_875' title='bbox 3510 4838 3591 4892; x_wconf 76' lang='lat' dir='ltr'><strong>En</strong></span> 
     </span>
    </p>
   </div>
   <div class='ocr_carea' id='block_1_112' title="bbox 1997 4929 3595 4999">
    <p class='ocr_par' dir='ltr' id='par_1_112' title="bbox 1997 4929 3595 4999">
     <span class='ocr_line' id='line_1_112' title="bbox 1997 4929 3595 4999; baseline 0.001 -16"><span class='ocrx_word' id='word_1_876' title='bbox 1997 4932 2082 4984; x_wconf 89' lang='lat' dir='ltr'><strong>hic</strong></span> <span class='ocrx_word' id='word_1_877' title='bbox 2109 4932 2269 4985; x_wconf 85' lang='lat' dir='ltr'><strong>etiam</strong></span> <span class='ocrx_word' id='word_1_878' title='bbox 2302 4946 2519 4997; x_wconf 84' lang='lat' dir='ltr'><strong>regnum</strong></span> <span class='ocrx_word' id='word_1_879' title='bbox 2557 4929 2781 4999; x_wconf 84' lang='lat' dir='ltr'><strong>adeptus</strong></span> <span class='ocrx_word' id='word_1_880' title='bbox 2808 4938 2909 4993; x_wconf 90' lang='lat' dir='ltr'><strong>est,</strong></span> <span class='ocrx_word' id='word_1_881' title='bbox 2943 4942 3039 4982; x_wconf 86' lang='lat' dir='ltr'><strong>nec</strong></span> <span class='ocrx_word' id='word_1_882' title='bbox 3080 4936 3255 4981; x_wconf 87' lang='lat' dir='ltr'><strong>tamen</strong></span> <span class='ocrx_word' id='word_1_883' title='bbox 3297 4929 3595 4998; x_wconf 81' lang='lat' dir='ltr'><strong>inquinavit</strong></span> 
     </span>
    </p>
   </div>
   <div class='ocr_carea' id='block_1_113' title="bbox 1995 5002 3591 5089">
    <p class='ocr_par' dir='ltr' id='par_1_113' title="bbox 1995 5002 3591 5089">
     <span class='ocr_line' id='line_1_113' title="bbox 1995 5002 3591 5089; baseline -0.001 -13"><span class='ocrx_word' id='word_1_884' title='bbox 1995 5024 2141 5077; x_wconf 70' lang='lat' dir='ltr'><strong>caede</strong></span> <span class='ocrx_word' id='word_1_885' title='bbox 2173 5037 2359 5076; x_wconf 87' lang='lat' dir='ltr'><strong>manus</strong></span> <span class='ocrx_word' id='word_1_886' title='bbox 2380 5063 2393 5085; x_wconf 91' lang='lat'><strong>,</strong></span> <span class='ocrx_word' id='word_1_887' title='bbox 2425 5002 2796 5075; x_wconf 52' lang='lat' dir='ltr'><strong>scd&#39;dexuam</strong></span> <span class='ocrx_word' id='word_1_888' title='bbox 2827 5019 3025 5073; x_wconf 85' lang='lat' dir='ltr'><strong>habens</strong></span> <span class='ocrx_word' id='word_1_889' title='bbox 3052 5035 3259 5089; x_wconf 87' lang='lat' dir='ltr'><strong>puram,</strong></span> <span class='ocrx_word' id='word_1_890' title='bbox 3294 5021 3369 5073; x_wconf 93' lang='lat' dir='ltr'><strong>sic</strong></span> <span class='ocrx_word' id='word_1_891' title='bbox 3390 5036 3591 5074; x_wconf 88' lang='lat' dir='ltr'><strong>corona</strong></span> 
     </span>
    </p>
   </div>
   <div class='ocr_carea' id='block_1_114' title="bbox 1997 5112 3593 5181">
    <p class='ocr_par' dir='ltr' id='par_1_114' title="bbox 1997 5112 3593 5181">
     <span class='ocr_line' id='line_1_114' title="bbox 1997 5112 3593 5181; baseline -0.001 -14"><span class='ocrx_word' id='word_1_892' title='bbox 1997 5116 2273 5169; x_wconf 83' lang='lat' dir='ltr'><strong>redimitus</strong></span> <span class='ocrx_word' id='word_1_893' title='bbox 2302 5124 2399 5177; x_wconf 89' lang='lat' dir='ltr'><strong>est,</strong></span> <span class='ocrx_word' id='word_1_894' title='bbox 2432 5115 2509 5167; x_wconf 87' lang='lat' dir='ltr'><strong>sic</strong></span> <span class='ocrx_word' id='word_1_895' title='bbox 2527 5114 2590 5167; x_wconf 87' lang='lat' dir='ltr'><strong>ad</strong></span> <span class='ocrx_word' id='word_1_896' title='bbox 2619 5114 2809 5168; x_wconf 88' lang='lat' dir='ltr'><strong>solium</strong></span> <span class='ocrx_word' id='word_1_897' title='bbox 2834 5112 3093 5175; x_wconf 86' lang='lat' dir='ltr'><strong>ascendit,</strong></span> <span class='ocrx_word' id='word_1_898' title='bbox 3126 5127 3359 5181; x_wconf 88' lang='lat' dir='ltr'><strong>purpura</strong></span> <span class='ocrx_word' id='word_1_899' title='bbox 3390 5127 3452 5165; x_wconf 91' lang='lat' dir='ltr'><strong>ac</strong></span> <span class='ocrx_word' id='word_1_900' title='bbox 3478 5112 3593 5165; x_wconf 78' lang='lat' dir='ltr'><strong>dia-</strong></span> 
     </span>
    </p>
   </div>
   <div class='ocr_carea' id='block_1_115' title="bbox 1995 5204 3607 5273">
    <p class='ocr_par' dir='ltr' id='par_1_115' title="bbox 1995 5204 3607 5273">
     <span class='ocr_line' id='line_1_115' title="bbox 1995 5204 3607 5273; baseline -0.002 -14"><span class='ocrx_word' id='word_1_901' title='bbox 1995 5206 2205 5260; x_wconf 86' lang='lat' dir='ltr'><strong>demate</strong></span> <span class='ocrx_word' id='word_1_902' title='bbox 2249 5204 2673 5272; x_wconf 77' lang='lat' dir='ltr'><strong>magnificentius</strong></span> <span class='ocrx_word' id='word_1_903' title='bbox 2701 5204 3002 5258; x_wconf 87' lang='lat' dir='ltr'><strong>encomimn</strong></span> <span class='ocrx_word' id='word_1_904' title='bbox 3048 5214 3297 5273; x_wconf 84' lang='lat' dir='ltr'><strong>gestans,</strong></span> <span class='ocrx_word' id='word_1_905' title='bbox 3349 5204 3607 5260; x_wconf 81' lang='lat' dir='ltr'><strong>videlicet</strong></span> 
     </span>
    </p>
   </div>
   <div class='ocr_carea' id='block_1_116' title="bbox 1996 5297 3590 5367">
    <p class='ocr_par' dir='ltr' id='par_1_116' title="bbox 1996 5297 3590 5367">
     <span class='ocr_line' id='line_1_116' title="bbox 1996 5297 3590 5367; baseline 0 -16"><span class='ocrx_word' id='word_1_906' title='bbox 1996 5298 2137 5367; x_wconf 88' lang='lat' dir='ltr'><strong>quod</strong></span> <span class='ocrx_word' id='word_1_907' title='bbox 2186 5298 2323 5353; x_wconf 90' lang='lat' dir='ltr'><strong>hosti</strong></span> <span class='ocrx_word' id='word_1_908' title='bbox 2369 5298 2729 5366; x_wconf 83' lang='lat' dir='ltr'><strong>pepercisset,</strong></span> <span class='ocrx_word' id='word_1_909' title='bbox 2785 5297 2925 5364; x_wconf 88' lang='lat' dir='ltr'><strong>quod</strong></span> <span class='ocrx_word' id='word_1_910' title='bbox 2974 5297 3219 5351; x_wconf 86' lang='lat' dir='ltr'><strong>eumdem</strong></span> <span class='ocrx_word' id='word_1_911' title='bbox 3270 5299 3590 5351; x_wconf 81' lang='lat' dir='ltr'><strong>exstinctum</strong></span> 
     </span>
    </p>
   </div>
   <div class='ocr_carea' id='block_1_117' title="bbox 1998 5387 3589 5449">
    <p class='ocr_par' dir='ltr' id='par_1_117' title="bbox 1998 5387 3589 5449">
     <span class='ocr_line' id='line_1_117' title="bbox 1998 5387 3589 5449; baseline -0.001 -6"><span class='ocrx_word' id='word_1_912' title='bbox 1998 5391 2239 5444; x_wconf 70' lang='lat' dir='ltr'><strong>lusisset.</strong></span> <span class='ocrx_word' id='word_1_913' title='bbox 2270 5389 2473 5443; x_wconf 86' lang='lat' dir='ltr'><strong>Idcirco</strong></span> <span class='ocrx_word' id='word_1_914' title='bbox 2501 5404 2605 5441; x_wconf 91' lang='lat' dir='ltr'><strong>non</strong></span> <span class='ocrx_word' id='word_1_915' title='bbox 2636 5388 2791 5440; x_wconf 84' lang='lat' dir='ltr'><strong>vivus</strong></span> <span class='ocrx_word' id='word_1_916' title='bbox 2819 5387 2997 5449; x_wconf 86' lang='lat' dir='ltr'><strong>modo,</strong></span> <span class='ocrx_word' id='word_1_917' title='bbox 3022 5387 3113 5440; x_wconf 86' lang='lat' dir='ltr'><strong>sed</strong></span> <span class='ocrx_word' id='word_1_918' title='bbox 3142 5399 3193 5441; x_wconf 89' lang='lat' dir='ltr'><strong>et</strong></span> <span class='ocrx_word' id='word_1_919' title='bbox 3222 5397 3461 5441; x_wconf 84' lang='lat' dir='ltr'><strong>mortuus</strong></span> <span class='ocrx_word' id='word_1_920' title='bbox 3494 5390 3589 5443; x_wconf 87' lang='lat' dir='ltr'><strong>bo-</strong></span> 
     </span>
    </p>
   </div>
   <div class='ocr_carea' id='block_1_118' title="bbox 1998 5484 3592 5554">
    <p class='ocr_par' dir='ltr' id='par_1_118' title="bbox 1998 5484 3592 5554">
     <span class='ocr_line' id='line_1_118' title="bbox 1998 5484 3592 5554; baseline 0.002 -17"><span class='ocrx_word' id='word_1_921' title='bbox 1998 5486 2198 5537; x_wconf 89' lang='lat' dir='ltr'><strong>minum</strong></span> <span class='ocrx_word' id='word_1_922' title='bbox 2240 5484 2493 5537; x_wconf 88' lang='lat' dir='ltr'><strong>memoria</strong></span> <span class='ocrx_word' id='word_1_923' title='bbox 2541 5484 2861 5538; x_wconf 85' lang='lat' dir='ltr'><strong>celebratur.</strong></span> <span class='ocrx_word' id='word_1_924' title='bbox 2909 5484 3243 5552; x_wconf 74' lang='lat' dir='ltr'><strong>Quapropter</strong></span> <span class='ocrx_word' id='word_1_925' title='bbox 3268 5486 3311 5539; x_wconf 87' lang='lat' dir='ltr'><strong>si</strong></span> <span class='ocrx_word' id='word_1_926' title='bbox 3351 5487 3499 5554; x_wconf 88' lang='lat' dir='ltr'><strong>cupis</strong></span> <span class='ocrx_word' id='word_1_927' title='bbox 3539 5497 3592 5540; x_wconf 86' lang='lat' dir='ltr'><strong>et</strong></span> 
     </span>
    </p>
   </div>
   <div class='ocr_carea' id='block_1_119' title="bbox 1999 5575 3589 5645">
    <p class='ocr_par' dir='ltr' id='par_1_119' title="bbox 1999 5575 3589 5645">
     <span class='ocr_line' id='line_1_119' title="bbox 1999 5575 3589 5645; baseline 0 -16"><span class='ocrx_word' id='word_1_928' title='bbox 1999 5577 2083 5629; x_wconf 88' lang='lat' dir='ltr'><strong>hic</strong></span> <span class='ocrx_word' id='word_1_929' title='bbox 2110 5585 2417 5645; x_wconf 89' lang='lat' dir='ltr'><strong>perpetuam</strong></span> <span class='ocrx_word' id='word_1_930' title='bbox 2454 5576 2709 5643; x_wconf 87' lang='lat' dir='ltr'><strong>consequi</strong></span> <span class='ocrx_word' id='word_1_931' title='bbox 2750 5575 3002 5644; x_wconf 83' lang='lat' dir='ltr'><strong>gloriam,</strong></span> <span class='ocrx_word' id='word_1_932' title='bbox 3034 5584 3087 5629; x_wconf 86' lang='lat' dir='ltr'><strong>et</strong></span> <span class='ocrx_word' id='word_1_933' title='bbox 3114 5575 3222 5629; x_wconf 86' lang='lat' dir='ltr'><strong>illic</strong></span> <span class='ocrx_word' id='word_1_934' title='bbox 3258 5576 3440 5630; x_wconf 80' lang='lat' dir='ltr'><strong>solidis</strong></span> <span class='ocrx_word' id='word_1_935' title='bbox 3472 5592 3589 5645; x_wconf 90' lang='lat' dir='ltr'><strong>pcr-</strong></span> 
     </span>
    </p>
   </div>
   <div class='ocr_carea' id='block_1_120' title="bbox 1997 5665 3588 5735">
    <p class='ocr_par' dir='ltr' id='par_1_120' title="bbox 1997 5665 3588 5735">
     <span class='ocr_line' id='line_1_120' title="bbox 1997 5665 3588 5735; baseline 0.001 -15"><span class='ocrx_word' id='word_1_936' title='bbox 1997 5669 2095 5721; x_wconf 83' lang='lat' dir='ltr'><strong>frui</strong></span> <span class='ocrx_word' id='word_1_937' title='bbox 2126 5669 2297 5731; x_wconf 90' lang='lat' dir='ltr'><strong>bonis,</strong></span> <span class='ocrx_word' id='word_1_938' title='bbox 2332 5667 2487 5735; x_wconf 90' lang='lat' dir='ltr'><strong>hujus</strong></span> <span class='ocrx_word' id='word_1_939' title='bbox 2521 5665 2650 5733; x_wconf 91' lang='lat' dir='ltr'><strong>justi</strong></span> <span class='ocrx_word' id='word_1_940' title='bbox 2688 5666 2934 5720; x_wconf 90' lang='lat' dir='ltr'><strong>virtutem</strong></span> <span class='ocrx_word' id='word_1_941' title='bbox 2978 5666 3206 5732; x_wconf 87' lang='lat' dir='ltr'><strong>imitare,</strong></span> <span class='ocrx_word' id='word_1_942' title='bbox 3240 5667 3398 5734; x_wconf 84' lang='lat' dir='ltr'><strong>hujus</strong></span> <span class='ocrx_word' id='word_1_943' title='bbox 3424 5684 3588 5723; x_wconf 62' lang='lat' dir='ltr'><strong>temu-</strong></span> 
     </span>
    </p>
   </div>
   <div class='ocr_carea' id='block_1_121' title="bbox 2001 5756 3590 5829">
    <p class='ocr_par' dir='ltr' id='par_1_121' title="bbox 2001 5756 3590 5829">
     <span class='ocr_line' id='line_1_121' title="bbox 2001 5756 3590 5829; baseline -0.001 -16"><span class='ocrx_word' id='word_1_944' title='bbox 2001 5760 2109 5814; x_wconf 83' lang='lat' dir='ltr'><strong>lare</strong></span> <span class='ocrx_word' id='word_1_945' title='bbox 2149 5758 2557 5829; x_wconf 65' lang='lat' dir='ltr'><strong>philosolthiam,</strong></span> <span class='ocrx_word' id='word_1_946' title='bbox 2589 5757 2811 5813; x_wconf 82' lang='lat' dir='ltr'><strong>ostende</strong></span> <span class='ocrx_word' id='word_1_947' title='bbox 2852 5757 3002 5813; x_wconf 80' lang='lat' dir='ltr'><strong>factis</strong></span> <span class='ocrx_word' id='word_1_948' title='bbox 3034 5760 3161 5829; x_wconf 85' lang='lat' dir='ltr'><strong>ipsis</strong></span> <span class='ocrx_word' id='word_1_949' title='bbox 3201 5756 3590 5827; x_wconf 54' lang='lat' dir='ltr'><strong>hanciujurinr</strong></span> 
     </span>
    </p>
   </div>
  </div>
