4178 6330
622 561 746 604 rum
782 541 1135 608 tolerantiam,
1179 545 1236 592 ut
1279 534 1497 592 eosdem
1537 532 1745 588 labores
1771 528 2059 592 sustinens,
2103 535 2195 580 ea-

624 639 748 694 dem
776 636 915 691 bona
941 627 1322 700 consequaris:
1351 641 1472 697 quae
1500 626 1700 678 minam
1743 618 2013 686 contingat
2045 610 2203 668 nobis

623 728 872 784 ontnibus
895 723 1134 792 adipisci,
1165 720 1339 792 gratia
1374 726 1428 773 et
1452 713 1771 783 benignitate
1796 705 2003 763 Domini
2029 701 2201 792 nostri

621 821 750 875 Jcsu
781 791 1009 878 Christi,
1041 811 1128 868 cui
1171 791 1292 866 eum
1322 808 1478 863 Patre
1505 817 1604 857 una
1635 815 1753 856 cum
1780 805 1964 853 sancto
1997 791 2206 864 Spiritu

621 907 813 978 gloria,
854 902 1155 972 imperium,
1199 898 1390 961 honor,
1419 907 1558 948 nunc
1588 900 1642 946 et
1670 901 1900 958 semper,
1929 891 1986 940 et
2021 884 2073 937 in
2100 893 2198 934 stu-

625 997 745 1052 eula
770 994 1108 1050 saeculorum.
1142 991 1329 1042 Amen.

1219 1071 1499 1130 HOMILIA
1525 1068 1611 1124 Ill.

628 1172 779 1242 Quod
795 1168 1125 1239 periculosum
1148 1165 1211 1218 sit
1226 1162 1367 1216 odire
1387 1157 1694 1230 spectacula,
1709 1162 1758 1208 et
1773 1166 1926 1206 eam
1945 1149 2201 1203 adulteros

703 1261 948 1332 perfectos
987 1257 1162 1326 faciat,
1192 1263 1238 1308 et
1275 1253 1392 1306 hinc
1420 1249 1622 1304 tristitia
1648 1243 1991 1311 contentioque
2018 1253 2199 1292 nascu-

699 1331 820 1408 tur:
859 1363 965 1406 tum
991 1348 1124 1420 quod
1152 1363 1298 1402 omne
1333 1342 1611 1399 tolerantia
1650 1353 1807 1410 genta
1843 1333 2008 1388 David
2035 1333 2088 1386 in
2116 1331 2198 1394 iis,

701 1462 816 1516 quin
838 1445 954 1516 fecit
983 1459 1104 1512 ergo
1129 1439 1360 1502 Scitam,
1387 1433 1672 1504 superarit:
1701 1436 1950 1499 postremo
1968 1423 2103 1494 quod
2125 1439 2202 1476 ra-

700 1515 871 1606 pinam
899 1549 1041 1603 aqua
1069 1531 1241 1584 animo
1265 1531 1418 1597 ferre,
1445 1539 1546 1578 non
1571 1521 1736 1574 minor
1760 1519 1914 1573 virtus
1941 1515 2024 1580 sit,
2051 1529 2202 1584 quam

702 1625 878 1696 largiri
904 1625 1288 1690 eiecmosynam.

703 1720 758 1772 i.
791 1713 1048 1785 Equidem
1081 1710 1313 1766 arbitror
1341 1705 1535 1762 multos
1563 1718 1628 1760 ex
1670 1702 1758 1768 iis,
1790 1699 1882 1770 qui
1909 1711 2080 1767 nuper
2105 1709 2204 1752 nos

630 1809 992 1868 deseruerant,
1018 1810 1073 1857 et
1093 1799 1164 1855 ad
1185 1795 1475 1870 iniquitatis
1497 1791 1795 1863 spectacula
1819 1788 2201 1851 discesserant,

632 1897 791 1954 hodie
829 1901 1118 1967 prasentes
1152 1904 1292 1946 esse.
1333 1885 1571 1957 Optarim
1611 1893 1788 1938 autem
1819 1881 1948 1935 istos
1981 1877 2072 1948 qui
2098 1877 2206 1932 sint

633 1989 807 2057 pahm
836 1999 1014 2047 nosse,
1053 1991 1110 2039 ut
1135 1997 1229 2038 eos
1254 1995 1286 2035 a
1327 1978 1494 2034 sacris
1521 1973 1795 2031 vestibulis
1833 1984 2068 2038 arceam,
2098 1983 2204 2024 non

631 2088 695 2134 ut
713 2084 964 2147 perpetuo
989 2071 1119 2129 loris
1141 2077 1403 2131 maneant,
1427 2065 1523 2122 sed
1540 2073 1596 2119 ut
1627 2061 1856 2119 correcti
1879 2057 2056 2115 denuo
2084 2057 2207 2113 red-

632 2177 796 2231 eant:
830 2162 1252 2235 quandoquidem
1281 2169 1332 2215 et
1351 2167 1528 2227 patres
1551 2155 1690 2211 illius
1712 2152 2080 2222 delinquentes
2105 2148 2210 2206 fre-

630 2266 858 2327 quenter
883 2269 949 2310 ex
977 2251 1184 2308 aedibus
1195 2249 1430 2319 exigunt,
1447 2254 1501 2302 et
1513 2260 1543 2300 a
1555 2259 1738 2300 mensa
1748 2243 2081 2303 submovent.
2094 2253 2205 2327 non

631 2325 692 2402 ut
704 2358 916 2416 semper
929 2343 1073 2398 illinc
1084 2339 1345 2403 assolent,
1360 2336 1455 2393 sed
1477 2343 1538 2390 ut
1555 2334 1655 2390 hac
1669 2330 2001 2401 correptione
2014 2325 2206 2386 redditi

633 2433 904 2498 meliores,
917 2445 1037 2486 cum
1053 2428 1230 2485 debita
1245 2426 1402 2482 laude
1419 2433 1475 2481 et
1494 2424 1697 2479 honore
1716 2421 1770 2476 in
1793 2429 2066 2490 paternam
2087 2417 2209 2474 red-

630 2531 757 2580 eant
779 2531 998 2578 sortem.
1027 2515 1169 2574 idem
1189 2531 1318 2574 sane
1344 2515 1541 2571 faciunt
1567 2520 1622 2568 et
1642 2520 1899 2582 pastores,
1929 2507 2056 2564 dum
2080 2521 2208 2562 oves

629 2612 811 2670 scabie
821 2609 1062 2682 oppletas
1075 2624 1107 2664 a
1122 2607 1264 2664 sanis
1278 2613 1578 2678 segregant,
1593 2611 1652 2659 ut
1665 2602 1864 2658 misero
1879 2599 2066 2655 morbo
2075 2598 2210 2653 leva.

633 2714 726 2771 tm,
745 2701 919 2757 denuo
935 2709 1046 2754 tuto
1064 2695 1132 2753 ad
1147 2709 1303 2754 sanas
1325 2702 1674 2758 revertantur,
1687 2706 1755 2746 ne
1770 2699 1980 2761 egrotae
1995 2701 2207 2759 gregem

633 2795 938 2850 universum
960 2806 1062 2847 suo
1083 2790 1180 2848 illo
1206 2789 1395 2845 morbo
1420 2786 1692 2857 impleant.
1715 2783 1839 2838 ideo
1865 2781 2208 2850 cupiebamus

635 2884 771 2938 istos
784 2895 940 2936 nosse
957 2895 973 2944 ;
995 2879 1089 2936 sed
1110 2878 1348 2949 quamvis
1357 2890 1451 2932 eos
1464 2872 1704 2943 corporis
1715 2870 1884 2926 oculis
1897 2869 2209 2940 dignoscere

634 2985 742 3027 non
767 2968 1062 3034 valeatntrs,
1097 2966 1321 3023 verbum
1349 2973 1528 3020 tamen
1556 2975 1649 3017 eos
1678 2972 1896 3029 prorsus
1922 2966 2203 3029 agnoscet,

631 3069 983 3130 correptaque
1003 3058 1216 3119 illorum
1232 3054 1573 3116 conscientia.
1592 3051 1745 3107 facile
1772 3049 2128 3120 persuadebit,
2153 3057 2210 3104 ut

641 3164 742 3206 sua
778 3155 966 3218 sponte
996 3146 1340 3214 volentesque
1368 3151 1583 3206 exeant,
1620 3139 1820 3196 docens
1855 3139 2004 3194 illum
2035 3138 2209 3194 solum

635 3252 755 3296 esse
782 3238 943 3303 intus,
971 3236 1064 3306 qui
1085 3241 1316 3290 mentem
1337 3230 1439 3288 hac
1464 3229 1845 3286 exercitatione
1865 3227 2080 3298 dignam
2108 3227 2208 3282 ba-

636 3327 798 3386 beat:
826 3325 988 3384 veluti
1010 3333 1219 3391 contra,
1256 3321 1347 3393 qui
1374 3329 1622 3390 corrupte
1649 3318 1835 3378 vivens
1858 3332 2027 3373 sacrm
2053 3316 2210 3387 huius

637 3417 1060 3490 congregationis
1086 3415 1349 3486 particeps
1377 3422 1485 3481 est,
1509 3411 1716 3469 etiamsi
1752 3424 1980 3481 corpore
2002 3408 2090 3466 hic
2113 3410 2211 3465 nd-

635 3507 853 3573 stiterit,
880 3505 1113 3577 rejcetus
1131 3511 1234 3568 est,
1258 3500 1546 3572 veriusque
1563 3499 1859 3565 submotus,
1877 3513 2036 3569 quam
2057 3499 2098 3555 ii
2119 3499 2208 3570 qui

635 3599 781 3655 foras
814 3596 1013 3654 exclusi
1059 3603 1184 3653 sunt
1236 3591 1334 3666 (tt),
1378 3591 1572 3662 quibus
1609 3589 1844 3646 nondum
1876 3589 2003 3645 licet
2041 3603 2211 3645 sacrm

638 3702 842 3747 mense
886 3684 1169 3756 participes
1212 3694 1356 3739 esse.
1389 3680 1666 3751 Siquidem
1694 3679 1770 3735 illi
1809 3678 2098 3736 secandum
2127 3678 2211 3735 di.

636 3782 790 3835 vinas
828 3779 974 3850 leges
1000 3775 1206 3846 expulsi
1242 3773 1480 3844 forisque
1519 3779 1816 3836 manentes.
1859 3768 2118 3827 hactenus
2154 3774 2211 3826 in

639 3883 738 3939 spe
765 3869 901 3923 bona
928 3875 1055 3924 sunt
1088 3881 1105 3920 :
1133 3878 1255 3921 nam
1282 3861 1329 3918 si
1353 3859 1513 3920 modo
1542 3861 1705 3917 velint
1723 3859 1994 3931 corrigere
2018 3855 2212 3917 delicta

637 3973 757 4027 sua,
783 3958 855 4014 oh
880 3973 1000 4028 qum
1025 3972 1121 4026 per
1147 3953 1442 4010 Ecclesium
1469 3961 1596 4007 sunt
1627 3951 1806 4021 eiecti,
1836 3959 2090 4021 poterunt
2119 3949 2214 4006 de-

638 4065 748 4106 nuo
770 4063 892 4104 ctun
916 4061 1046 4116 pura
1069 4042 1396 4102 conscientia
1659 4041 1836 4110 Atqui
1861 4039 2067 4108 seipsos
2085 4052 2213 4094 con-

639 4138 1029 4194 taminaverunt
1047 4175 1064 4202 ,
1093 4143 1147 4189 et
1170 4131 1426 4188 admoniti
1451 4144 1521 4184 ne
1541 4128 1687 4196 prius
1713 4127 2016 4194 introeant,
2041 4125 2214 4185 donec

640 4223 902 4280 maculam
927 4236 962 4278 e
986 4219 1275 4278 minibus
1295 4226 1625 4275 contr-suam
1649 4213 2214 4285 repurgarint,tleinde

641 4313 978 4385 impudenter
1003 4324 1064 4367 se
1085 4317 1295 4386 gerunt,
1321 4307 1514 4362 vulnus
1540 4313 1596 4360 et
1622 4302 1774 4360 ulcus
1796 4297 1959 4358 animi
1985 4300 2218 4358 reddunt

639 4403 884 4461 acerbius
906 4415 970 4458 ac
1005 4401 1195 4472 majus.
1231 4397 1415 4470 Neque
1437 4395 1580 4452 enim
1605 4403 1711 4450 tam
1749 4407 1912 4464 grave
1939 4401 2023 4448 est
2043 4391 2218 4449 delin-

641 4507 830 4564 quere,
855 4505 1013 4562 quam
1039 4499 1159 4561 post
1179 4488 1432 4546 delictum
1451 4485 1784 4557 impudenter
1802 4498 1862 4540 se
1878 4497 2090 4554 gerere,
2114 4496 2218 4540 nec

641 4598 831 4654 parere
870 4581 1236 4639 sacerdotibus
1261 4579 1386 4634 talia
1408 4575 1738 4647 iubentibus.
1766 4574 1833 4630 Et
1864 4573 1991 4644 quid
2021 4573 2096 4642 bi,
2135 4575 2218 4630 in-

645 4676 854 4745 quiunt,
883 4673 1017 4728 adeo
1043 4672 1217 4742 magni
1252 4669 1473 4726 sceleris
1495 4667 1902 4731 commiserunt,
1929 4672 1986 4719 ut
2007 4664 2074 4720 ab
2100 4664 2219 4721 istis

647 4765 818 4821 sacris
844 4762 1096 4819 cancellis
1123 4760 1338 4818 arcendi
1366 4759 1509 4815 sint?
1531 4759 1641 4814 imo
1668 4757 1809 4828 quod
1834 4756 2086 4813 delictum
2115 4755 2219 4812 hoc

643 4853 860 4927 gravius
884 4852 1079 4923 qucris
1106 4851 1350 4917 istorum,
1377 4848 1470 4921 qui
1495 4862 1621 4905 cum
1653 4847 1857 4918 seipsus
1886 4846 2041 4916 plane
2067 4845 2219 4900 adul-

645 4947 782 5004 terio
817 4942 1246 5010 eoataminarint,
1273 4941 1610 5012 impudenter
1632 4953 1697 4995 ac
1736 4938 2043 4995 rabidorum
2069 4951 2221 4995 more

642 5049 858 5101 unum,
885 5033 952 5089 ad
971 5047 1175 5090 sacram
1197 5031 1334 5086 hanc
1351 5043 1586 5086 mensam
1614 5028 1859 5085 irruuntl
1879 5027 2032 5098 Quod
2056 5028 2102 5084 si
2127 5042 2220 5084 ven

648 5128 716 5183 lis
755 5125 1002 5182 adulterii
1042 5123 1254 5179 modum
1282 5135 1623 5192 cognoscere,
1663 5133 1769 5174 non
1794 5133 1911 5175 mea
1936 5119 2098 5175 verba
2123 5119 2219 5174 tibi

647 5216 895 5280 referam,
924 5213 1020 5272 sed
1049 5213 1190 5269 illius
1215 5213 1304 5282 qui
1332 5212 1400 5267 de
1425 5220 1537 5266 tota
1564 5209 1794 5265 hominis
1819 5210 1922 5264 vita
1946 5209 2218 5279 judicatu-

647 5321 744 5363 rus
767 5316 849 5362 est
870 5319 886 5358 :
917 5303 1019 5372 Qui
1043 5303 1185 5360 enim
1213 5302 1409 5368 uiderit,
1442 5301 1631 5371 inquit,
1662 5299 1921 5353 inetiam
1944 5299 2013 5354 ad
2035 5316 2220 5354 conen-

649 5395 939 5465 piscendam
975 5394 1139 5462 illam,
1168 5394 1282 5466 jam
1309 5391 1582 5447 multatus
1614 5398 1688 5445 est
1715 5406 1828 5445 eant
1854 5391 1906 5444 in
1941 5389 2091 5445 corde
2127 5407 2220 5446 suo

653 5483 865 5557 (Matth.
895 5483 951 5540 5.
973 5482 1089 5554 98).
1113 5484 1266 5551 Quod
1283 5482 1332 5540 si
1355 5483 1548 5538 mulier
1567 5479 1705 5536 forte
1731 5479 1786 5535 in
1813 5477 1934 5536 foro
1957 5479 2134 5549 obvia,
2160 5491 2216 5537 et

655 5575 947 5647 neglectius
984 5575 1124 5633 mlta
1149 5589 1293 5647 saepe
1317 5573 1578 5631 curiosius
1598 5569 1894 5627 intuentem
1927 5572 2070 5642 cepit
2104 5572 2223 5643 ipso

654 5666 830 5725 vultus
855 5673 1106 5736 aspectu;
1146 5665 1234 5722 isti
1262 5664 1353 5738 qui
1389 5679 1496 5722 non
1531 5661 1862 5733 simpliciter,
1907 5677 2079 5736 neque
2116 5663 2224 5721 for-

719 5776 1138 5841 (.

1379 423 1434 479 S.
1476 417 1749 479 JOANNIS
1785 401 2262 473 (
2299 401 2620 461 ARCHIEP.
2655 397 3192 459 CONSTANTINOP.

2308 517 2464 583 .
2497 515 2590 573 sed
2617 516 2814 584 studio,
2845 525 2903 572 et
2925 525 3070 570 tanto
3109 513 3314 581 studio,
3352 523 3410 568 ut
3434 512 3729 569 Ecclesium
3753 527 3892 584 quo-

2304 623 2410 679 que
2435 618 2799 672 contemnant,
2823 618 2881 663 et
2899 606 3000 662 hac
3019 619 3177 662 causa
3204 615 3427 677 pergunt
3453 605 3596 670 illuc,
3623 619 3687 659 ac
3715 613 3890 659 totum

2305 698 2375 753 ibi
2401 697 2706 755 desidentes
2736 698 2878 754 diem
2921 697 2974 753 in
3011 696 3174 752 facies
3211 697 3538 766 abjectarum
3569 695 3890 750 feminal-tun

2305 789 2518 847 illarum
2556 790 2758 846 dexos
2795 789 2991 849 habent
3026 787 3233 855 oculos,
3277 801 3382 862 qua
3427 787 3601 843 (reme
3638 793 3891 857 poterunt

2304 878 2507 947 dicere,
2530 895 2590 936 se
2632 895 2725 936 eas
2752 895 2860 936 non
2897 879 3092 935 vidisse
3131 879 3201 934 ad
3237 877 3755 947 concupiscendum?
3793 874 3892 930 ubi

2307 967 2469 1024 verba
2498 983 2710 1040 quoque
2735 970 2999 1026 accedunt
3026 968 3191 1024 fracta
3217 967 3536 1039 lascivaque,
3568 966 3659 1022 ubi
3683 967 3892 1021 cautim

2307 1073 2404 1114 nes
2437 1062 2775 1129 meretriciae,
2817 1062 2908 1117 ubi
2945 1076 3048 1117 vox
3073 1061 3420 1116 vehementer
3447 1060 3512 1114 ad
3555 1060 3892 1128 voluptatem

2307 1152 2627 1220 composita,
2655 1151 2747 1207 ubi
2771 1153 2932 1208 stibio
2955 1152 3082 1223 picti
3104 1153 3263 1218 oculi,
3296 1149 3681 1206 ubi-coloribus
3707 1149 3895 1204 tincta

2305 1257 2476 1311 gente,
2504 1243 2594 1297 ubi
2618 1243 2784 1298 vestis
2807 1244 3071 1299 curiosius
3094 1242 3436 1306 concinnata,
3459 1243 3548 1297 ubi
3577 1242 3736 1297 totius
3761 1255 3892 1296 cor-

2309 1335 2450 1402 poris
2480 1334 2688 1391 hahitus
2713 1335 2833 1392 fuco
2858 1336 3047 1405 plenus
3071 1342 3173 1397 est,
3204 1335 3411 1404 aliaque
3435 1334 3598 1389 multa
3625 1333 3898 1388 lenocinia

2306 1424 2374 1482 ad
2415 1423 2674 1481 fallendos
2707 1425 3130 1495 inescandosque
3158 1425 3424 1480 intuentes
3467 1426 3748 1488 instructa;
3796 1422 3899 1476 ubi

2307 1517 2550 1573 socordia
2593 1515 2967 1586 spectantium,
3014 1515 3284 1586 multaque
3309 1515 3572 1582 confusio,
3609 1514 3734 1569 hinc
3772 1514 3900 1584 ipse

2309 1608 2458 1664 locus
2490 1609 2557 1662 ad
2586 1607 2856 1663 lasciviam
2883 1606 3136 1673 invitans,
3170 1616 3284 1661 tum
3311 1607 3380 1662 ab
3406 1607 3473 1661 iis
3499 1604 3901 1661 acroamatibus

2307 1713 2425 1769 qua:
2453 1706 2860 1767 prmcesserunt,
2892 1706 3002 1752 tum
3039 1699 3108 1752 ab
3133 1697 3196 1752 iis
3224 1713 3340 1768 qua:
3365 1706 3687 1768 consequuta
3724 1696 3902 1750 sunt?

2306 1785 2585 1842 Accedunt
2623 1787 2949 1842 irritamenta
2993 1802 3092 1858 per
3131 1786 3336 1842 fistulas
3372 1801 3435 1842 ac
3464 1786 3639 1852 tibias,
3679 1786 3894 1856 aliaque

2307 1875 2423 1945 ejus
2451 1877 2664 1946 generis
2686 1877 2994 1943 modulatio,
3028 1877 3083 1931 in
3121 1875 3361 1931 fraudem
3390 1875 3632 1940 illiciens,
3661 1876 3892 1930 mentis-

2307 1979 2412 2035 que
2439 1967 2602 2021 robur
2625 1967 2905 2022 emolliens
2927 2007 2943 2031 ,
2981 1981 3047 2022 ac
3064 1967 3402 2022 meretricum
3431 1965 3639 2022 insidiis
3664 1975 3719 2021 et
3741 1964 3895 2022 delo-

2309 2061 2540 2116 ctatione
2569 2075 2877 2131 prmparans
2907 2060 3016 2116 illic
3054 2059 3408 2114 desidentium
3450 2057 3688 2123 animos.
3720 2056 3896 2114 cilici-

2309 2165 2510 2221 ensque
2535 2159 2592 2206 ut
2619 2150 2824 2206 facilius
2841 2151 3169 2221 capiantur.
3188 2149 3398 2204 Etenim
3428 2148 3475 2203 si
3503 2148 3612 2217 hic,
3629 2148 3716 2204 ubi
3747 2147 3896 2218 psal-

2311 2241 2406 2307 mi,
2430 2240 2519 2294 ubi
2549 2254 2757 2311 preces,
2787 2241 2875 2295 ubi
2895 2239 3197 2294 divinorum
3220 2239 3555 2309 eloquiorum
3596 2239 3894 2307 enarratio,

2310 2331 2397 2386 ubi
2429 2331 2523 2388 Dei
2552 2339 2742 2395 metus,
2768 2331 3040 2401 multaque
3062 2329 3249 2400 pietas,
3275 2329 3601 2399 frequenter,
3628 2345 3725 2386 ceu
3751 2331 3902 2387 latro

2308 2419 2571 2489 quispiam
2591 2428 2859 2486 versutus,
2881 2419 3021 2474 clam
3040 2419 3250 2488 obrepit
3265 2417 3694 2488 concupiscentia
3718 2437 3732 2474 :
3756 2433 3900 2488 quos

2311 2509 2472 2564 modo
2513 2510 2602 2580 qui
2627 2509 2873 2566 desident
2899 2509 2951 2564 in
2981 2509 3214 2576 theatro,
3239 2508 3330 2579 qui
3357 2507 3490 2566 nihil
3514 2507 3631 2564 sani
3668 2507 3898 2564 audiunt

2311 2597 2618 2668 videntque,
2647 2598 2742 2654 sed
2765 2598 2931 2653 multa
2959 2597 3209 2653 dililuunt
3232 2596 3578 2667 turpitudine,
3609 2596 3778 2652 multa

2311 2686 2497 2755 quitia,
2524 2687 2614 2757 qui
2639 2686 2872 2756 undique
2897 2685 3231 2741 obsidionem
3259 2687 3548 2756 patiuntur,
3582 2701 3683 2756 per
3707 2701 3898 2750 aures,

2312 2791 2408 2845 per
2424 2777 2629 2844 oculos,
2655 2776 2862 2847 possint
2883 2776 3077 2831 malam
3097 2789 3347 2847 superare
3368 2775 3853 2846 concupiscentiam

2311 2866 2542 2921 Rursum
2571 2867 2617 2920 si
2656 2882 2762 2920 non
2789 2876 3029 2936 possunt,
3061 2865 3328 2936 quomodo
3357 2874 3609 2936 poterunt
3635 2882 3892 2938 umquam

2311 2955 2380 3011 ab
2406 2957 2648 3013 adulterii
2671 2957 2893 3012 crimine
2912 2956 3300 3012 absolvile
3324 2957 3414 3027 qui
3443 2973 3553 3014 non
3581 2957 3738 3014 liberi
3763 2969 3894 3016 sunt

2311 3047 2381 3101 ab
2398 3046 2643 3102 adulterii
2666 3047 2909 3113 crimine,
2931 3043 3201 3117 quomodo
3225 3055 3476 3117 poterunt
3496 3047 3700 3118 absque
3723 3049 3897 3119 peni-

2313 3141 2477 3195 tentia
2499 3137 2567 3193 ad
2587 3137 2704 3193 haec
2722 3152 2873 3194 sacra
2896 3137 3152 3193 vestibula
3172 3137 3446 3208 accedere,
3465 3137 3734 3211 huiusque
3758 3155 3898 3213 pra:-

2311 3228 2444 3285 clari
2471 3237 2762 3286 conventus
2787 3243 2908 3285 esse
2935 3227 3264 3299 participes?

2382 3343 2438 3401 2.
2459 3342 2625 3409 Quam
2645 3342 2866 3398 alienum
2882 3344 2948 3397 sit
3018 3341 3240 3397 moribus
3263 3341 3570 3411 christianis,

2314 3431 2639 3487 theatralibus
2671 3432 2924 3486 interesse.
3048 3431 3383 3502 Quapropter
3419 3431 3676 3504 equidem
3701 3420 3901 3491 hortor

2311 3534 2581 3593 rogoque,
2612 3531 2669 3575 ut
2696 3521 2845 3591 prius
2870 3522 3206 3578 confessione
3227 3537 3294 3576 ac
3323 3522 3632 3592 pmnitentia
3670 3524 3902 3596 aliisque

2312 3609 2564 3667 remediis
2587 3609 2837 3665 omnibus
2862 3624 2982 3666 sese
3004 3625 3035 3665 a
3055 3618 3279 3681 peccato
3299 3626 3365 3667 ex
3391 3612 3665 3671 theatricis
3690 3625 3902 3684 specta.

2313 3701 2449 3756 culis
2473 3709 2748 3756 contracto
2772 3710 3096 3772 perpurgent
3118 3742 3135 3766 ,
3156 3710 3318 3772 autne
3342 3702 3415 3758 ita
3438 3703 3651 3760 divinos
3675 3705 3900 3764 audiant

2314 3794 2611 3847 sermobes.
2640 3790 2824 3860 Neque
2849 3793 2993 3848 enim
3017 3792 3361 3851 mediocriter
3381 3810 3414 3849 a
3442 3795 3598 3852 nobis
3623 3795 3899 3870 delinqui-

2315 3889 2436 3947 tur;
2460 3880 2514 3936 id
2545 3880 2688 3952 quod
2718 3880 2788 3936 ab
2813 3882 3071 3955 exemplis
3100 3883 3274 3939 cuivis
3301 3885 3581 3954 perspicue
3603 3886 3792 3945 videre
3830 3887 3900 3943 li-

2314 3980 2420 4026 cet.
2442 3969 2576 4027 Nam
2593 3970 2638 4026 si
2659 3969 2888 4029 famulus
2905 3970 2962 4026 in
2984 3971 3239 4039 amnhm,
3261 3973 3353 4028 ubi
3371 3973 3554 4030 herilis
3575 3975 3902 4034 vestimenta

2316 4059 2550 4128 pretiosa
2588 4074 2858 4131 aureaque
2897 4059 3172 4116 recondita
3197 4069 3360 4127 sunt,
3388 4062 3636 4119 servilem
3663 4071 3905 4126 tunicam

2313 4149 2563 4206 sordibus
2599 4164 2664 4206 ac
2697 4149 2880 4206 multis
2904 4148 3169 4220 pediculis
3203 4150 3456 4207 refertam
3484 4151 3726 4224 imponat
3745 4195 3760 4220 ,
3800 4169 3904 4227 age

2317 4239 2405 4297 dic
2427 4240 2560 4299 mihi
2595 4255 2725 4298 num
2751 4256 2872 4298 eam
2905 4241 3283 4298 cunulaeliam
3317 4257 3476 4314 siquo
3504 4258 3684 4302 animo
3715 4243 3904 4305 feras!

2318 4329 2455 4398 Quid
2474 4341 2654 4387 autem
2675 4331 2722 4389 si
2745 4332 2864 4402 quis
2889 4333 2942 4388 in
2972 4332 3248 4389 vasculum
3269 4348 3520 4403 aureum,
3545 4336 3600 4392 in
3624 4353 3734 4409 quo
3754 4353 3905 4397 scm-

2319 4437 2416 4494 per
2434 4432 2697 4495 unguenta
2718 4423 2919 4479 servari
2945 4425 3341 4492 consueverint,
3366 4435 3573 4484 stercus
3593 4442 3659 4484 ac
3679 4443 3904 4488 caenum

2319 4512 2563 4570 infundat
2585 4553 2600 4576 .
2640 4528 2820 4570 annon
2847 4514 2895 4569 ei
2923 4514 3106 4585 plagas
3139 4515 3407 4586 indigeres
3449 4521 3543 4588 qui
3577 4518 3757 4576 scelus
3795 4520 3906 4579 hoc

2318 4602 2714 4660 misisset?
2734 4602 2942 4674 Ergone
2966 4604 3286 4661 scrinium
3301 4620 3369 4664 ac
3388 4621 3653 4674 vasorum,
3672 4612 3905 4669 vestium

2318 4701 2376 4749 et
2419 4702 2808 4764 unguentorum
2847 4702 2991 4750 tanta
3027 4710 3154 4750 cura
3193 4695 3629 4766 sollicitabimur,
3663 4701 3906 4764 animam

2321 4796 2450 4837 vero
2475 4791 2714 4840 nostram
2738 4782 2984 4839 omnibus
3010 4783 3127 4839 istis
3151 4783 3397 4842 viliorem
3423 4801 3544 4843 esse
3564 4789 3865 4858 putabimus
3885 4792 3912 4846 ?

2320 4880 2480 4941 atque
2504 4872 2592 4930 ubi
2618 4872 2848 4945 Spiritus
2877 4874 3107 4928 infusum
3133 4884 3217 4930 est
3244 4885 3593 4946 unguentum,
3621 4893 3696 4934 eo
3717 4878 3908 4936 diabo-

2321 4962 2453 5019 licas
2473 4977 2693 5034 pompas
2711 4963 3092 5020 immittemusl
3113 4978 3184 5042 eo,
3204 4964 3412 5022 fabulas
3436 4977 3658 5037 nunc,
3685 4984 3755 5029 oo
3777 4983 3909 5028 can-

2323 5056 2516 5112 tilenas
2538 5053 2852 5110 meretricia
2881 5053 3220 5123 turpitudinis
3247 5056 3478 5126 plenas!
3501 5057 3598 5114 llic
3621 5059 3778 5128 mihi,
3799 5076 3908 5132 quo

2321 5145 2506 5201 animo
2531 5145 2630 5200 ista
2655 5143 2793 5199 feret
2817 5143 2999 5199 Deus?
3024 5144 3184 5214 Atqui
3222 5160 3327 5201 non
3360 5155 3565 5206 tantum
3587 5159 3676 5208 est
3711 5150 3908 5206 diseri-

2324 5251 2448 5292 men
2469 5236 2610 5291 inter
2618 5244 2948 5304 unguentum
2959 5242 3015 5291 et
3027 5249 3258 5303 ctutum,
3284 5235 3424 5293 inter
3443 5248 3621 5296 vestes
3637 5238 3832 5297 herile:
3850 5251 3910 5300 et

2324 5325 2550 5382 serviles
2571 5366 2588 5394 ,
2619 5335 2879 5396 quantum
2897 5335 2981 5382 est
3007 5325 3147 5382 inter
3169 5325 3398 5398 Spiritus
3421 5329 3648 5398 gratiam
3673 5338 3730 5385 et
3753 5332 3909 5391 istam

2325 5430 2636 5485 perversam
2662 5415 2946 5471 actionem.
2973 5415 3089 5472 Non
3119 5417 3337 5485 metuis,
3363 5433 3398 5472 o
3423 5419 3607 5488 homo,
3635 5421 3763 5484 dum
3782 5426 3907 5494 qui-

2326 5507 2428 5563 bus
2460 5507 2630 5563 oculis
2667 5507 2778 5563 illic
2811 5506 3009 5563 lectum
3030 5508 3124 5579 qui
3150 5517 3234 5564 est
3271 5508 3324 5563 in
3351 5508 3630 5567 orchestra
3654 5522 3866 5584 spectas
3888 5555 3908 5588 ,

2328 5598 2417 5656 ubi
2455 5597 2783 5657 detestanda
2822 5597 3071 5655 adulterii
3106 5597 3297 5655 fabula
3335 5612 3682 5672 peraguntur.
3721 5602 3909 5663 iisdem

2447 5748 2700 5814 Reg.duo,
2722 5747 3780 5816 faciasqucpcrcaltuattt'stodectat.
