4178 6330
275 422 383 482 097

276 538 418 592 hanc
458 546 666 589 sacram
720 540 962 585 mensam
1007 521 1233 580 intueris
1254 562 1271 587 ,
1313 519 1404 575 ubi
1434 514 1712 574 tremenda
1748 528 1877 585 per—

274 639 507 699 aguntur
516 623 769 697 mysteria
780 619 940 675 ‘ldum
961 617 1149 672 iisdem
1168 613 1387 669 auribus
1402 610 1556 666 audis
1569 619 1624 666 ct
1640 619 1879 665 scortum

274 696 534 777 obscaeno
562 696 789 786 loquens
812 754 827 781 ,
858 722 913 767 et
939 710 1256 779 prophetam
1297 702 1707 775 apostolumque
1736 708 1789 755 te
1811 696 1880 752 ad

273 826 473 867 arcana
510 807 801 875 Scriptura:
840 794 1315 857 introducentem‘l
1341 794 1469 848 dum
1496 792 1688 848 eodem
1714 787 1881 845 corde

277 902 457 959 letalia
496 898 665 955 sumis
706 909 917 951 venena
942 935 956 958 ,
997 900 1051 946 et
1095 890 1232 943 hanc
1263 885 1489 940 hostiam
1529 891 1769 937 sanctam
1816 893 1880 934 ac

274 990 658 1049 tremendam?
686 988 878 1042 Annon
909 984 1023 1038 haec
1046 989 1173 1037 sunt
1194 980 1318 1032 vita:
1350 974 1655 1039 subversio,
1686 970 1878 1040 conju-

270 1084 487 1155 giorum
513 1077 853 1147 corruptelae,
882 1074 1021 1128 bella
1050 1082 1345 1141 pugnumque
1374 1074 1429 1121 et
1457 1066 1585 1119 rixa:
1612 1064 1664 1117 in
1702 1059 1878 1116 domi-

274 1152 376 1232 bus
395 1176 421 1229 ‘t
446 1173 581 1228 Cum
608 1170 749 1226 enim
778 1162 1097 1237 spectaculis
1123 1162 1227 1214 illis
1247 1156 1556 1212 dissolutior
1577 1168 1640 1208 ac
1665 1152 1882 1207 mollior

273 1266 633 1334 lasciviorque
656 1303 672 1329 ,
710 1258 990 1326 omnisque
1028 1252 1295 1325 pudicitiae
1336 1249 1505 1304 hostis
1546 1246 1712 1302 factus
1735 1286 1751 1311 ,
1779 1244 1880 1299 do—

274 1374 427 1415 mum
457 1354 682 1412 redieris
704 1394 723 1421 ,
747 1350 931 1407 uxoris
960 1354 1208 1417 aspectus
1238 1344 1414 1397 minus
1440 1341 1544 1396 erit
1565 1338 1831 1409 iucundus
1861 1378 1878 1403 ,

274 1451 683 1523 qualiscumque
703 1445 866 1499 etiam
891 1441 981 1496 illa
1006 1438 1185 1494 fuerit.
1216 1434 1491 1506 Siquidem
1523 1432 1883 1523 inflammatus

276 1518 368 1597 illa
394 1536 825 1608 concupiscentia
847 1574 862 1598 ,
893 1545 1053 1602 quam
1092 1529 1145 1583 in
1184 1526 1407 1582 theatris
1434 1522 1694 1587 hausisti,
1729 1529 1781 1575 et
1812 1518 1881 1573 ab

274 1630 584 1687 llioalieno
612 1624 916 1696 spectaculo
940 1664 956 1688 ,
989 1620 1131 1691 quod
1173 1628 1224 1674 te
1265 1615 1626 1680 dementavit,
1658 1619 1880 1682 captus,

273 1732 480 1779 castam
508 1735 572 1777 ac
597 1718 893 1774 modestam
920 1728 1141 1768 uxorem
1169 1719 1223 1765 et
1246 1709 1407 1764 totius
1431 1708 1554 1762 vita:
1575 1713 1882 1761 consortem

274 1816 530 1887 despicis,
552 1810 873 1868 contumelia
894 1806 1086 1870 afiicis,
1106 1800 1505 1870 innumerisque
1524 1796 1733 1868 probris
1753 1808 1884 1865 ope-

274 1910 354 1965 ris
373 1950 387 1974 ,
419 1923 527 1963 non
555 1903 695 1976 quod
724 1899 1013 1972 quidquam
1043 1895 1244 1950 habeas
1269 1890 1414 1963 quod
1448 1891 1503 1945 in
1535 1888 1625 1943 illa
1654 1887 1839 1976 culpes
1863 1923 1879 1949 ,

274 1998 374 2055 sed
402 1995 546 2068 quod
567 1975 855 2051 erubescas
884 1985 1127 2043 confiteri
1165 1982 1413 2038 morbum
1438 2020 1453 2045 ,
1495 1978 1643 2050 quod
1686 1975 1883 2068 pudeat

273 2064 471 2144 vulnus
499 2083 805 2150 ostendere,
831 2094 938 2150 quo
965 2078 1019 2133 in
1047 2073 1372 2145 spectaculis
1398 2069 1671 2126 sauciatus
1696 2064 1883 2122 redisti

274 2180 498 2236 domum
522 2219 537 2244 ,
568 2176 703 2231 alias
738 2171 910 2228 nectis
937 2168 1279 2225 causationes
1302 2213 1316 2229 ,
1346 2164 1553 2233 iniquas
1588 2157 1883 2214 inimicitia:
1933 2202 1937 2206 .

274 2283 529 2343 quarrens
552 2267 884 2328 occasiones,
908 2262 1087 2318 omnia
1108 2274 1231 2330 qua;
1251 2255 1398 2312 domi
1424 2263 1551 2309 sunt
1578 2250 1880 2319 fastidiens,

273 2370 332 2419 et
364 2362 434 2417 ad
474 2360 757 2416 scelestam
801 2357 943 2411 illam
983 2361 1040 2408 et
1081 2353 1344 2421 impuram
1384 2347 1597 2403 inhians
1623 2343 1884 2412 concupi-

274 2450 537 2508 scentiam
559 2490 575 2515 ,
618 2461 648 2502 a
686 2460 789 2517 qua
812 2444 1009 2499 vulnus
1034 2439 1324 2512 accepisti,
1370 2437 1605 2507 dumque
1646 2433 1882 2489 sonitum

275 2541 427 2596 vocis
450 2538 593 2610 geris
623 2537 677 2591 in
708 2536 890 2590 animo
924 2539 1230 2587 manentem
1255 2570 1271 2595 ,
1314 2529 1549 2596 itemque
1588 2533 1838 2595 aspectus
1864 2565 1881 2591 ,

277 2641 460 2688 motus
478 2672 493 2696 ,
521 2630 808 2698 omniaque
835 2627 924 2681 illa
957 2623 1276 2680 meretricia:
1308 2620 1546 2676 libidinis
1571 2618 1881 2683 simulacra,

276 2722 415 2778 nihil
449 2736 633 2776 eorum
660 2733 780 2789 quae
816 2716 961 2771 domi
1004 2723 1129 2769 sunt
1154 2728 1277 2767 cum
1319 2711 1590 2779 voluptate
1634 2706 1881 2762 intueris.

276 2813 351 2870 Et
371 2813 498 2884 quid
526 2812 715 2882 loquor
747 2808 816 2864 de
854 2822 1023 2862 uxore
1058 2816 1148 2859 aut
1192 2803 1392 2858 familia
1419 2844 1434 2868 ,
1466 2799 1681 2867 quando
1711 2798 1884 2869 ipsam

278 2903 444 2959 etiam
474 2900 756 2956 ecclesiam
788 2906 977 2967 postea
1009 2895 1187 2949 minus
1213 2894 1446 2948 libenter
1470 2893 1682 2944 visurus
1708 2903 1767 2944 es
1788 2929 1803 2953 ,
1831 2898 1886 2942 et

276 3007 405 3048 cum
447 2990 606 3046 taadio
646 2987 927 3043 auditurus
966 2998 1270 3041 sermonem
1313 2982 1383 3035 de
1419 2979 1672 3050 pudicitia
1710 2977 1886 3046 deque

278 3082 587 3140 modestia?
624 3079 808 3150 Neque
832 3078 976 3133 enim
1004 3077 1114 3145 jam
1145 3090 1207 3130 ea
1233 3089 1353 3144 quac
1380 3072 1632 3128 dicuntur
1662 3069 1755 3124 tibi
1786 3083 1887 3138 pro

279 3173 525 3229 doctrina
555 3180 701 3237 sunt,
728 3169 821 3225 sed
851 3184 946 3238 pro
972 3166 1336 3227 accusatione,
1363 3173 1521 3232 teque
1546 3161 1799 3231 paulatim
1832 3159 1884 3213 in

279 3265 711 3335 desperationem
727 3260 1023 3316 adducent:
1043 3257 1256 3313 tandem
1274 3266 1329 3310 et
1347 3257 1635 3323 abrumpes
1656 3253 1886 3322 teipsum

281 3371 312 3410 a
340 3354 621 3425 disciplina
650 3352 717 3407 ad
748 3351 1015 3422 publicam
1042 3349 1280 3403 omnium
1308 3347 1592 3401 utilitatem
1622 3343 1883 3399 adhibita.

281 3448 624 3517 Quapropter
653 3460 785 3514 rogo
813 3457 909 3498 vos
933 3456 1142 3505 omnes,
1173 3450 1232 3494 ut
1254 3449 1311 3494 et
1337 3439 1436 3509 ipsi
1464 3453 1654 3507 pravas
1680 3438 1732 3490 in
1759 3450 1887 3506 spe-

280 3537 507 3593 ctaculis
528 3535 980 3591 commorationes
999 3533 1197 3598 vitetis,
1215 3540 1270 3587 et
1288 3531 1425 3585 alios
1440 3530 1609 3586 abhis
1629 3529 1890 3585 deductos

284 3627 593 3684 retrahatis.
626 3624 893 3694 Quidquid
924 3624 1066 3678 enim
1099 3622 1209 3676 illic
1236 3625 1458 3691 geritur,
1488 3635 1598 3674 non
1624 3626 1707 3674 est
1731 3617 1886 3673 oble-

283 3719 470 3783 etalio;
492 3716 588 3773 sed
617 3715 904 3785 pernicies,
934 3714 1029 3769 sed
1056 3726 1237 3783 parua,
1265 3710 1360 3766 sed
1389 3710 1732 3781 supplicium.
1751 3707 1889 3775 Quid

284 3810 508 3875 prodest
536 3809 624 3863 illa
651 3808 974 3878 temporaria
1002 3805 1266 3875 voluptas,
1295 3804 1421 3858 dum
1452 3804 1577 3858 hinc
1603 3811 1891 3873 perpetuus

286 3902 528 3959 nascitur
553 3900 728 3964 dolor,
758 3901 993 3968 dumque
1019 3906 1177 3953 nocte
1204 3897 1401 3966 pariter
1428 3910 1491 3949 ac
1518 3895 1605 3950 die
1630 3910 1659 3949 a
1688 3908 1891 3949 concu-

286 3992 552 4064 piscentia
574 3990 896 4055 stimulatus,
924 3986 1174 4042 omnibus
1200 3986 1459 4042 molestus
1483 3999 1543 4040 es
1568 3992 1623 4039 et
1650 3982 1892 4038 invisus?

288 4083 495 4139 Excute
516 4076 676 4151 igitur
701 4080 955 4149 teipsum,
978 4086 1232 4148 reputans
1255 4076 1428 4146 qualis
1456 4075 1552 4129 tias
1576 4075 1642 4128 ab
1665 4074 1891 4128 ecclesia

289 4174 508 4231 rediens
533 4214 549 4239 ,
591 4185 779 4228 rursus
804 4170 979 4241 qualis
1004 4184 1035 4223 a
1071 4168 1389 4239 spectaculis
1414 4209 1428 4230 ,
1453 4176 1614 4237 atque
1642 4165 1742 4220 hos
1775 4166 1893 4221 dies

288 4282 414 4324 cum
446 4265 553 4321 illis
574 4263 818 4320 conferas
850 4279 866 4315 :
907 4261 960 4316 id
990 4262 1035 4315 si
1070 4260 1261 4316 feceris
1283 4301 1299 4326 ,
1339 4259 1472 4313 nihil
1500 4274 1635 4329 opus
1660 4260 1763 4313 erit
1791 4272 1893 4312 no-

290 4364 405 4412 Stro
433 4368 705 4413 sermone.
740 4351 882 4409 Satis
907 4351 1052 4407 enim
1078 4349 1275 4415 fuerit,
1306 4349 1449 4403 hunc
1476 4349 1616 4403 diem
1645 4363 1768 4402 cum
1802 4347 1897 4402 illo

216 4430 231 4441 ’
293 4459 654 4515 comparasse,
684 4443 749 4497 ad
779 4440 1170 4497 ostendendum
1199 4450 1253 4495 et
1278 4456 1435 4511 quam
1458 4456 1646 4511 magna
1674 4440 1745 4496 sit
1769 4442 1896 4499 hinc

293 4538 517 4602 utilitas,
536 4545 589 4591 et
610 4542 804 4605 quanta
827 4535 896 4588 sit
916 4533 1061 4587 illinc
1084 4547 1242 4588 noxa.
1268 4533 1395 4588 llaec
1416 4548 1557 4586 nunc
1572 4532 1639 4587 ad
1661 4541 1894 4586 vestram

294 4628 573 4685 caritatem
590 4627 811 4681 dicenda
833 4626 1035 4695 putavi,
1055 4640 1156 4680 nec
1178 4640 1427 4693 umquam
1450 4625 1631 4679 dicere
1648 4624 1893 4679 cessabo.

295 4719 390 4776 Sic
415 4718 613 4773 etenim
633 4726 686 4774 et
712 4732 805 4771 eos
826 4716 913 4785 qui
937 4716 1061 4771 huic
1080 4716 1268 4771 morbo
1294 4715 1509 4770 obnoxii
1538 4725 1681 4780 sunt,
1712 4717 1897 4771 admo-

300 4806 580 4870 nebimus,
609 4816 662 4861 et
690 4807 778 4875 qui
822 4806 935 4860 sani
972 4814 1117 4870 sunt,
1151 4804 1583 4861 confirmabimus
1611 4824 1624 4859 :
1660 4807 1899 4876 utrisque

294 4898 441 4954 enim
469 4898 625 4950 fuerit
653 4898 797 4951 utilis
828 4897 942 4953 lucc
969 4898 1140 4951 oratio
1169 4914 1181 4950 :
1216 4898 1398 4952 alteris
1423 4898 1637 4966 quidem
1672 4907 1728 4951 ut
1752 4898 1895 4953 desi-

296 4999 463 5055 stant,
483 4989 662 5043 alteris
679 5004 805 5043 vero
823 5005 888 5042 ne
907 4989 1160 5043 incidant.
1180 4989 1446 5043 Caeterum
1463 4993 1713 5057 quoniam
1737 5004 1901 5059 opor-

297 5089 377 5132 tet
420 5079 836 5147 iucrepationem
881 5094 1001 5133 esse
1035 5078 1364 5133 moderatam
1390 5120 1405 5144 ,
1438 5078 1525 5133 hic
1551 5079 1900 5135 admonitioni

296 5171 463 5224 tlncm
496 5168 830 5237 imponemus
852 5210 864 5232 ,
899 5178 953 5222 ct
979 5185 1097 5237 (piae
1119 5168 1185 5223 de
1210 5170 1485 5237 superiore
1512 5179 1721 5225 restant
1744 5187 1904 5240 argu-

298 5265 483 5313 mento
512 5258 879 5328 persolvemus
903 5297 917 5324 ,
947 5258 1234 5313 redeuntes
1263 5259 1327 5312 ad
1360 5260 1612 5313 Davidem
1648 5263 1686 5311 ι.
1719 5260 1902 5331 Siqui-

296 5349 424 5405 dem
466 5348 555 5403 hic
586 5348 877 5417 pictoribus
928 5365 1043 5403 mos
1073 5360 1150 5403 est
1180 5391 1193 5413 ,
1232 5352 1443 5421 quoties
1479 5352 1762 5420 imaginem
1803 5352 1903 5407 ali-

299 5455 463 5509 quam
491 5439 556 5492 ad
587 5441 767 5493 vivum
795 5454 1107 5509 expressam
1133 5441 1415 5502 absolvere
1441 5444 1681 5510 cupiunt,
1712 5459 1899 5508 unum,

300 5530 475 5593 duos,
504 5530 588 5583 vel
631 5540 738 5584 tres
767 5531 881 5585 dies
911 5531 1149 5585 assident
1197 5532 1259 5586 iis
1303 5548 1436 5601 quos
1478 5534 1813 5603 depingunt,
1848 5544 1906 5588 ut

301 5622 523 5678 assidua
550 5624 1000 5692 contemplatione
1027 5624 1157 5677 citra
1192 5640 1429 5680 errorem
1467 5635 1758 5697 cxacteque
1798 5626 1903 5682 fur-

373 5755 389 5788 ι
427 5761 545 5821 Heg.
569 5768 696 5805 unus
720 5760 773 5807 et
793 5755 943 5817 Colb.,
971 5754 1192 5809 dabimus
1212 5756 1278 5808 ad
1296 5764 1484 5821 patrem
1506 5765 1722 5810 nostrum
1746 5759 1898 5809 Abra-

303 5817 421 5866 ham
447 5817 718 5868 redeuntes.

1320 404 1409 463 DE
1449 400 1699 460 DAYIDE
1738 394 1837 457 ET
1858 392 2087 457 SAULE
2117 392 2397 455 llOMlLIA
2430 389 2517 451 Ill.

3493 382 3601 441 698

1988 522 2189 569 matam
2216 511 2524 582 exprimant
2545 506 2976 565 similitudinem.
3006 504 3152 573 Quia'
3174 502 3337 575 igitur
3360 510 3417 557 et
3447 501 3602 555 nobis

1989 605 2323 675 propositum
2350 612 2435 657 est
2461 614 2566 656 non
2598 600 2894 671 corporalis
2922 598 3110 653 forma:
3138 596 3424 667 imaginem
3448 636 3463 657 .
3504 592 3601 649 sed

1989 694 2156 749 animi
2184 692 2632 763 pulchritudinem
2653 732 2671 757 ,
2713 705 2776 745 ac
2805 688 3140 758 spiritualem
3169 686 3421 741 decorem
3449 684 3603 739 vobis

1990 784 2152 840 hodie
2177 783 2493 854 depingere,
2521 783 2696 851 ipsum
2726 779 2981 835 Davidem
3007 777 3256 832 volumus
3281 774 3472 831 adesse
3501 790 3601 828 vo-

1991 876 2075 931 bis
2104 915 2120 943 ,
2147 883 2209 930 ut
2236 888 2429 929 omnes
2459 874 2512 928 in
2542 888 2665 928 eum
2698 873 2968 927 intuentes
3000 870 3051 924 in
3082 868 3323 923 animum
3355 867 3604 922 referatis

1990 980 2301 1036 expressam
2325 965 2456 1035 justi
2478 962 2957 1035 pulchritudinem,
2991 960 3308 1014 suavitatem
3329 999 3347 1025 ,
3381 970 3603 1027 magna—

1991 1058 2288 1113 nimitatem
2314 1098 2330 1121 ,
2374 1058 2427 1111 in
2452 1070 2663 1110 summa
2695 1054 2946 1107 virtutem
2973 1051 3089 1122 ejus
3117 1065 3358 1107 omnem.
3388 1048 3601 1104 Etenim

1989 1152 2035 1205 si
2066 1150 2309 1220 corporis
2340 1150 2602 1218 imagines
2631 1146 2949 1200 nonnullum
2983 1141 3317 1197 intuentibus
3346 1138 3598 1194 solatium
3668 1208 3671 1209 ν

1989 1242 2267 1304 adferunt.
2297 1241 2468 1295 multo
2498 1240 2669 1310 magis
2693 1239 2834 1294 idem
2867 1236 3064 1292 facient
3092 1232 3290 1290 mentis
3316 1232 3601 1302 imagines.

1989 1335 2164 1403 Atque
2186 1332 2301 1387 illas
2323 1330 2539 1402 quidem
2571 1345 2676 1385 non
2709 1329 2835 1385 licet
2858 1327 3031 1382 ubivis
3054 1323 3271 1387 intueri,
3290 1320 3386 1378 sed
3407 1320 3601 1377 eodem

1990 1424 2047 1480 in
2071 1424 2190 1478 loco
2218 1423 2483 1478 consistas
2510 1429 2723 1491 oportet
2751 1435 2764 1472 :
2796 1419 2933 1472 hanc
2959 1430 3089 1471 vero
3112 1412 3244 1470 nihil
3272 1420 3435 1476 vetat,
3466 1425 3605 1481 quo-

1991 1514 2171 1569 minus
2198 1526 2538 1582 quocumque
2565 1510 2699 1565 velis
2728 1520 2902 1563 tecum
2944 1505 3314 1561 circumferas.
3344 1502 3479 1557 Nam
3506 1516 3604 1572 po-

1990 1613 2267 1673 steaquam
2294 1618 2413 1657 eam
2443 1602 2497 1656 in
2532 1600 2696 1655 animi
2730 1597 3092 1669 penetralibus
3116 1594 3400 1666 reposuisti
3426 1634 3442 1660 ,
3484 1590 3605 1647 ubi-

1990 1711 2222 1766 cumque
2266 1696 2503 1750 locorum
2540 1695 2708 1749 fueris
2734 1733 2749 1759 ,
2781 1691 2984 1760 poteris
3018 1702 3164 1759 stupe
3205 1683 3598 1755 contemplari,

1991 1788 2388 1856 plurimumque
2414 1800 2479 1840 ex
2508 1798 2571 1840 ea
2602 1783 2845 1838 utilitatis
2872 1794 3085 1851 capere.
3127 1779 3196 1834 Et
3234 1777 3373 1833 sicut
3399 1775 3491 1844 qui
3522 1774 3604 1828 la-

1990 1880 2183 1936 borant
2208 1879 2414 1947 oculis,
2455 1878 2501 1931 si
2540 1875 2793 1947 spongias
2821 1889 2885 1928 ae
2908 1872 3143 1929 vestium
3182 1883 3389 1942 cyaneo
3418 1867 3607 1923 colore

1990 1986 2198 2043 pannos
2220 1978 2464 2025 tenentes
2489 1969 2800 2038 frequenter
2822 1966 2873 2020 in
2895 1980 2959 2021 ea
2982 1966 3312 2028 intueantur,
3340 1976 3406 2015 ex
3429 1973 3497 2015 eo
3514 1972 3607 2015 co-

1991 2062 2105 2118 lore
2122 2059 2439 2117 nonnullum
2458 2058 2677 2129 capiunt
2698 2056 2868 2112 morbi
2890 2056 3133 2110 levamen
3155 2070 3169 2107 :
3187 2051 3437 2108 similiter
3450 2058 3504 2105 et
3523 2058 3603 2113 tu,

1990 2155 2035 2209 si
2066 2152 2282 2208 Davidis
2321 2150 2610 2222 imaginem
2646 2164 2759 2220 prae
2795 2146 2965 2203 oculis
3007 2146 3209 2199 habeas
3230 2185 3244 2207 ,
3278 2152 3334 2197 et
3378 2141 3431 2196 in
3464 2141 3604 2196 hanc

1990 2241 2209 2299 assidue
2231 2241 2435 2313 deligas
2459 2240 2647 2296 oculos
2672 2279 2686 2304 ,
2731 2236 2945 2293 etiamsi
2985 2235 3184 2291 millies
3217 2231 3482 2298 obtundat
3524 2232 3604 2286 ira

1991 2334 2190 2391 mentis
2219 2334 2434 2390 oculum
2466 2331 2790 2403 perturbans
2811 2370 2827 2396 ,
2858 2328 2926 2385 ad
2959 2327 3063 2386 hoc
3087 2326 3301 2383 virtutis
3329 2325 3608 2395 exemplar

1990 2429 2314 2499 reSpiciens,
2343 2426 2637 2498 perfectam
2666 2422 3015 2494 consequeris
3038 2419 3321 2477 sanitatem
3339 2458 3355 2485 ,
3386 2432 3608 2490 puram-

1992 2536 2097 2592 que
2116 2520 2281 2575 animi
2310 2516 2728 2589 philosophiam.

2062 2614 2120 2669 '5.
2152 2610 2345 2667 Nullus
2366 2611 2605 2665 inimicus
2635 2607 2799 2665 Saﬁle
2828 2608 3067 2664 deterior.
3091 2636 3169 2649 —
3193 2604 3274 2662 Ne
3300 2605 3421 2676 quis
3450 2605 3610 2673 igitur

1993 2702 2126 2757 mihi
2157 2702 2301 2757 dicat
2329 2721 2343 2755 :
2378 2700 2656 2756 Inimicum
2691 2700 2866 2755 habeo
2896 2700 3187 2755 scelestum
3210 2738 3223 2761 ,
3255 2695 3561 2767 improbum
3586 2734 3606 2762 ,

1994 2804 2332 2865 corruptum,
2367 2792 2806 2862 incorrigibilem.
2835 2790 3104 2860 Quidquid
3134 2788 3358 2853 dixeris,
3386 2801 3494 2841 non
3526 2793 3612 2842 est

1996 2898 2171 2942 tamen
2198 2887 2360 2942 Saule
2398 2886 2654 2946 deterior.
2685 2884 2778 2953 qui
2816 2883 2986 2938 semel
3017 2891 3072 2937 et
3102 2882 3296 2936 iterum
3318 2922 3332 2945 ,
3366 2878 3475 2933 imo
3502 2890 3609 2930 sac-

1992 2978 2113 3047 pius
2139 2984 2384 3031 servatus
2412 2990 2442 3029 a
2465 2974 2683 3039 Davide,
2707 2987 2829 3028 cum
2854 2974 2969 3042 ipse
2996 2970 3146 3026 mille
3172 2969 3348 3024 modis
3373 2968 3448 3023 illi
3468 2975 3613 3021 strtt-

1994 3070 2163 3124 xissct
2190 3067 2436 3133 insidias,
2460 3075 2639 3120 tamen
2668 3080 2767 3135 pro
2791 3072 2870 3119 tot
2896 3061 3173 3119 beneficiis
3201 3061 3457 3131 acceptis,
3488 3074 3609 3128 per-

1993 3160 2262 3217 severavit
2282 3160 2333 3213 in
2356 3174 2451 3213 sua
2473 3158 2692 3212 malitia.
2714 3154 2850 3223 Quid
2875 3153 3037 3225 igitur
3054 3152 3219 3207 habes
3237 3150 3379 3221 quod
3398 3151 3611 3205 incuses

1996 3249 2313 3307 inimicum?
2341 3248 2495 3317 Quod
2525 3257 2682 3321 terra;
2703 3255 2911 3317 partem
2935 3242 3176 3309 ademit,
3204 3241 3348 3313 quod
3380 3240 3434 3294 in
3465 3239 3611 3311 agris

1996 3343 2125 3400 fecit
2154 3343 2402 3413 injuriam
2423 3383 2437 3408 ,
2469 3340 2613 3411 quod
2637 3340 2831 3401 domus
2855 3338 3061 3394 limites
3086 3345 3457 3405 transgressus
3482 3340 3565 3389 est
3589 3373 3607 3400 ,

1996 3434 2139 3506 quod
2167 3434 2432 3504 mancipia
2460 3444 2550 3487 tua
2580 3430 2779 3502 rapuit,
2810 3429 2952 3501 quod
2985 3428 3092 3483 vim
3120 3425 3319 3493 attulit,
3348 3423 3490 3496 quod
3518 3431 3608 3478 tua

1997 3535 2197 3597 praeter
2216 3525 2305 3596 jus
2330 3509 2653 3594 occupavit,
2684 3521 2827 3593 quod
2855 3521 2926 3576 ad
2958 3526 3327 3591 paupertatem
3354 3514 3563 3586 redegit
3586 3513 3614 3570 τ

1998 3620 2069 3673 At
2099 3615 2339 3672 nondum
2385 3615 2585 3685 eripuit
2626 3614 2790 3669 vitam
2816 3655 2833 3682 ,
2866 3611 3008 3684 quod
3046 3611 3265 3666 molitus
3307 3619 3393 3665 est
3434 3606 3562 3664 Salii
3595 3624 3610 3664 :

1997 3708 2142 3779 quod
2168 3708 2213 3762 si
2242 3716 2298 3764 et
2323 3706 2487 3761 vitam
2518 3706 2729 3776 eripere
2754 3714 2978 3760 conatus
3014 3714 3099 3758 est
3121 3741 3138 3769 ,
3173 3700 3406 3757 fortasse
3434 3698 3609 3756 semel

1999 3797 2051 3853 id
2083 3811 2247 3853 ausus
2276 3804 2381 3864 est,
2400 3810 2511 3851 non
2537 3795 2729 3862 semel,
2755 3793 2840 3850 bis
2860 3801 2955 3849 aut
2983 3801 3084 3856 ter,
3104 3800 3195 3847 aut
3224 3791 3444 3861 saepius,
3476 3790 3616 3845 sicut

1999 3888 2129 3944 fecit
2152 3888 2282 3943 Saul
2326 3885 2407 3959 (a)
2438 3905 2453 3941 :
2485 3885 2628 3957 quod
2656 3886 2701 3939 si
2726 3885 2888 3940 etiam
2915 3882 3115 3947 semel,
3144 3883 3191 3936 si
3217 3880 3303 3935 bis
3321 3922 3337 3947 ,
3360 3881 3405 3935 si
3437 3889 3538 3943 ter.
3566 3879 3614 3937 si

1999 3978 2199 4049 saepius
2222 3978 2328 4034 hoc
2350 3978 2597 4043 tentavit,
2627 3986 2683 4032 at
2711 3992 2817 4031 non
2849 3985 2924 4027 tot
2954 3973 3179 4027 affectus
3200 3973 3299 4027 abs
3321 3980 3375 4027 te
3403 3970 3611 4027 benefl-

1999 4070 2119 4136 ciis,
2143 4076 2200 4123 at
2226 4083 2335 4123 non
2362 4082 2487 4123 cum
2515 4065 2684 4122 semel
2709 4074 2873 4136 atque
2901 4066 3095 4120 iterum
3124 4063 3401 4119 incidisset
3421 4063 3475 4118 in
3500 4078 3618 4119 ma-

2001 4173 2104 4216 nus
2134 4171 2273 4224 tuas,
2298 4166 2355 4215 et
2384 4168 2631 4214 servatus
2656 4163 2803 4213 esset
2832 4177 2847 4212 :
2876 4167 2931 4213 et
2956 4158 3002 4211 si
3032 4156 3136 4212 hoc
3164 4169 3381 4227 quoque
3410 4153 3612 4211 factum

2000 4262 2124 4320 est,
2154 4251 2233 4307 sic
2270 4251 2435 4307 etiam
2463 4264 2650 4304 rursus
2686 4257 2905 4318 superat
2948 4248 3064 4318 ipse
3106 4246 3294 4303 David.
3324 4245 3443 4302 Non
3468 4246 3615 4303 enim

2003 4343 2150 4416 paria
2171 4352 2299 4398 sunt
2330 4342 2430 4396 sub
2468 4348 2649 4395 vetere
2686 4340 2806 4411 lege
2841 4338 3125 4410 degentem
3151 4379 3169 4406 ,
3214 4345 3269 4393 et
3310 4350 3455 4390 nunc
3494 4345 3619 4405 post

2001 4435 2280 4507 Evangelii
2306 4435 2535 4507 gratiam
2563 4431 2688 4487 talia
2728 4430 3039 4486 condonare
3063 4429 3250 4500 gratis.
3284 4428 3403 4484 Non
3434 4426 3621 4483 audie-

2005 4532 2088 4579 rat
2136 4522 2301 4578 David
2340 4523 2647 4592 parabolam
2688 4520 2757 4575 de
2798 4519 2987 4575 decem
3025 4519 3260 4574 millibus
3290 4520 3615 4575 talentorum

2004 4627 2165 4687 atque
2193 4616 2261 4671 de
2287 4622 2500 4669 centum
2530 4613 2801 4676 denariis;
2835 4628 2943 4666 non
2974 4611 3218 4667 audierat
3247 4612 3617 4682 precationem

2006 4707 2295 4769 dicentem,
2328 4704 2587 4757 Remittite
2612 4703 2899 4757 hominibus
2923 4702 3094 4756 debita
3123 4704 3384 4774 ipsorum,
3414 4712 3546 4757 sicut
3574 4715 3621 4758 et

2012 4796 2170 4851 Pater
2208 4806 2365 4850 vester
2403 4796 2615 4850 caelestis
2659 4793 2875 4865 (Marc.
2923 4795 3012 4849 ll.
3057 4796 3165 4866 25)
3200 4811 3216 4853 :
3250 4810 3360 4850 non
3410 4795 3623 4851 viderat

2008 4890 2281 4945 Christum
2310 4888 2651 4950 crucifixum,
2684 4902 2792 4940 non
2820 4885 3049 4941 eﬂ'usum
3078 4888 3374 4956 pretiosum
3406 4887 3595 4956 sangui

2010 4999 2155 5050 nem,
2182 4996 2280 5037 nec
2298 4980 2542 5036 audierat
2566 4978 2990 5035 innumerabiles
3012 4994 3294 5035 sermones
3311 4980 3456 5035 circa
3483 4979 3623 5034 hanc

2010 5072 2447 5143 philosophiam;
2481 5086 2588 5126 non
2635 5070 2756 5125 talis
2804 5069 3055 5127 sacriﬁcii
3082 5112 3096 5135 ,
3134 5085 3315 5141 neque
3342 5084 3624 5141 sanguinis

2011 5163 2264 5219 dominici
2296 5164 2562 5231 particeps
2589 5160 2802 5226 fuerat,
2849 5160 2943 5215 sed
2973 5161 3180 5231 legibus
3208 5159 3627 5229 imperfectiori-

2012 5255 2112 5310 bus
2140 5254 2399 5310 educatus
2419 5295 2435 5319 ,
2469 5268 2644 5323 neque
2675 5253 2782 5307 tale
2807 5252 3099 5322 quidquam
3133 5251 3474 5322 exigentibus
3499 5292 3514 5317 ,
3544 5261 3627 5308 ta-

2014 5362 2138 5402 men
2182 5347 2248 5400 ad
2293 5347 2615 5416 evangelica:
2654 5345 3013 5416 philosophiae
3057 5346 3322 5416 fastigium
3355 5345 3619 5414 pervenit.

2014 5440 2083 5492 At
2110 5448 2164 5491 tu
2192 5438 2502 5507 frequenter
2541 5439 2743 5501 iratus,
2780 5437 3097 5506 injuriarum
3138 5438 3459 5491 memoriam
3488 5436 3621 5491 retio

2015 5546 2113 5585 nes
2140 5548 2152 5581 :
2190 5532 2276 5585 hic
2302 5544 2433 5585 vero
2459 5545 2581 5584 cum
2614 5530 2683 5585 de
2710 5530 2899 5585 futuris
2926 5539 3208 5596 metueret,
3244 5538 3394 5585 certo
3424 5530 3621 5596 sciens,

2015 5625 2059 5679 si
2086 5625 2296 5681 hostem
2318 5632 2580 5693 servaret,
2614 5639 2673 5680 se
2697 5634 2749 5680 et
2779 5625 2996 5679 civitate
3023 5625 3389 5680 exsulaturum
3416 5663 3431 5691 ,
3464 5631 3521 5678 et
3548 5621 3631 5678 vi-

2078 5759 2155 5829 (ςζ)
2186 5760 2269 5808 llic
2292 5758 2485 5829 etinfra
2510 5759 2731 5823 quaedam
2755 5757 2964 5810 deerant
2989 5761 3038 5809 in
3061 5760 3225 5821 Editis,
3250 5772 3360 5822 quae
3387 5770 3453 5811 ex
3471 5753 3632 5818 Regio

2025 5821 2192 5871 codice
2218 5821 2528 5885 supplentur.
