4178 6330
598 399 703 456 σου

599 528 708 572 tam
744 515 1102 571 calamitosam
1143 519 1408 574 acturum,
1444 524 1548 564 non
1581 507 1782 563 destitit
1819 515 1995 558 tamen
2039 501 2178 556 illius

601 608 801 661 habere
827 619 1028 666 curam,
1056 601 1150 657 sed
1178 601 1355 656 omnia
1386 601 1527 666 fecit,
1560 599 1699 653 hunc
1731 598 1889 652 talem
1913 603 2094 651 contra
2121 608 2180 648 se

605 696 809 748 hostem
840 693 1042 746 fovens.
1061 691 1192 758 Quis
1211 703 1629 745 commemorare
1650 688 1819 741 valeat
1842 686 2180 740 tolerantiam

605 784 704 836 hac
722 782 1019 851 majorem?
1042 781 1206 836 Porro
1233 789 1290 835 ut
1315 795 1418 833 non
1448 787 1648 833 tantum
1673 793 1738 832 es
1767 777 2068 846 prmteritis,
2093 791 2184 830 ve-

603 887 720 924 rum
748 886 813 926 es
844 871 927 926 his
951 885 1162 940 quoque
1186 885 1304 939 qua
1332 883 1475 922 nunc
1499 867 1630 921 [lunt
1657 868 1832 922 discas
1860 867 1972 923 lieri
1998 881 2176 938 posse,

604 973 662 1016 ut
689 977 811 1017 cum
850 964 1037 1032 quovis
1074 962 1288 1016 homine
1329 961 1563 1014 animum
1608 961 1672 1013 in
1702 971 1753 1013 te
1799 959 2042 1015 hostilem
2084 974 2177 1029 ge-

606 1066 756 1110 rente
779 1054 966 1108 redeas
987 1054 1040 1108 iu
1061 1051 1446 1122 gratiam,quid
1469 1052 1622 1106 leone
1650 1049 1888 1104 suavius?
1914 1051 1986 1106 Et
2004 1059 2180 1104 tamen

607 1144 748 1198 hunc
774 1144 1011 1198 cicurem
1035 1153 1475 1212 mansuetumque
1511 1141 1744 1197 reddunt
1767 1141 2038 1204 homines,
2067 1151 2183 1194 arte

607 1244 849 1289 naturaet
898 1244 1248 1303 superantes:
1292 1233 1454 1305 (itque
1491 1235 1675 1304 quavis
1715 1248 1815 1288 ove
1857 1233 2037 1286 mitior
2073 1231 2182 1285 l‘era

608 1326 845 1379 omnium
875 1325 1258 1379 immanissima
1286 1333 1341 1379 et
1381 1323 1754 1394 superbissima
1780 1365 1795 1388 ,
1838 1323 1972 1378 adeo
1999 1335 2055 1377 ut
2089 1337 2186 1392 per

610 1417 780 1470 lorum
811 1416 1045 1470 ambulet
1068 1455 1089 1477 ,
1111 1415 1376 1470 neminem
1407 1415 1674 1470 territans.
1705 1415 1872 1481 Quam
1905 1415 2062 1482 igitur
2089 1413 2189 1466 ha-

617 1509 777 1564 hituri
803 1522 989 1563 sumus
1013 1508 1440 1571 excusationem,
1478 1521 1634 1575 quam
1664 1505 2064 1574 impetrabimus
2087 1519 2185 1558 ve-

613 1599 756 1653 niam
777 1639 794 1665 ,
835 1600 878 1652 si
908 1613 1028 1652 cum
1061 1596 1198 1651 feras
1226 1597 1422 1652 bestias
1450 1597 1748 1650 cicuremus
1771 1636 1788 1660 ,
1818 1596 2188 1664 negaverimus

615 1687 855 1741 homines
877 1701 1122 1756 umquam
1147 1701 1303 1755 posse
1323 1686 1516 1756 placari
1541 1685 1930 1754 benevolosque
1945 1699 2068 1754 erga
2091 1700 2192 1740 nos

612 1776 760 1831 reddi
779 1776 804 1828 ἲ
827 1777 983 1847 Atqui
1015 1777 1198 1832 bestia:
1220 1777 1434 1846 quidem
1465 1785 1659 1846 prmter
1686 1785 1928 1830 naturam
1956 1784 2038 1829 est
2067 1789 2188 1830 esse

614 1874 967 1931 mansuetam,
997 1867 1195 1921 homini
1229 1883 1356 1922 vero
1384 1877 1575 1936 pra'ter
1600 1877 1843 1920 naturam
1869 1875 1953 1921 est
1982 1866 2185 1921 feritas.

615 1955 754 2024 Ergo
782 1971 901 2009 cum
945 1958 996 2010 in
1028 1956 1130 2011 illis
1157 1967 1398 2012 naturam
1426 1957 1729 2022 vincamus,
1758 1972 1860 2026 qua
1890 1955 2063 2012 fronte
2092 1970 2194 2011 nos

615 2046 987 2100 escusahimus
1010 2087 1026 2110 ,
1057 2047 1104 2100 si
1133 2047 1186 2101 in
1214 2047 1427 2101 homine
1452 2061 1731 2102 causentur
1759 2046 1919 2100 animi
1947 2047 2189 2115 proposi-

617 2147 731 2190 tum
759 2153 862 2190 non
891 2151 1046 2206 posse
1073 2136 1308 2206 corrigi?
1335 2138 1485 2202 Quod
1509 2139 1554 2194 si
1579 2138 1755 2192 adhuc
1783 2136 2097 2202 contendis,
2125 2137 2193 2191 il-

618 2225 707 2279 Iud
728 2226 969 2289 dixerim,
996 2228 1236 2296 quamvis
1265 2228 1540 2281 insanabili
1564 2229 1748 2281 morbo
1768 2237 1987 2296 aegrotet
2007 2227 2201 2293 homo,

617 2330 724 2383 quo
754 2315 871 2384 plus
898 2314 1053 2370 fuerit
1079 2315 1289 2380 laboris,
1321 2316 1422 2371 hoc
1451 2318 1544 2371 tibi
1581 2331 1784 2373 merces
1803 2316 1903 2371 erit
1931 2316 2190 2386 amplior;

621 2404 667 2458 si
695 2404 948 2470 assidens,
981 2420 1175 2460 curans
1208 2407 1582 2462 immedicabili
1624 2407 1812 2462 morbo
1840 2407 2190 2463 laborantem.

692 2495 843 2550 Nihil
860 2499 1025 2550 nocuit
1044 2496 1228 2552 Doridi
1247 2499 1416 2552 odium
1445 2497 1619 2554 Sutilis
1637 2513 1662 2564 ;
1697 2515 1789 2554 cur
1816 2501 2069 2571 patientia
2091 2516 2196 2554 me-

621 2587 776 2641 ritum
802 2598 1025 2659 aquator
1046 2589 1394 2660 cummagna.
1432 2619 1503 2632 -—
1526 2589 1700 2648 Unum
1728 2592 1886 2660 igitur
1912 2591 2042 2646 illud
2069 2607 2196 2663 spe-

623 2687 862 2742 ctemus,
891 2695 994 2733 non
1023 2694 1091 2736 ue
1119 2679 1246 2750 quid
1273 2681 1398 2736 mali
1420 2682 1682 2750 patiamur
1708 2682 1776 2738 ab
1803 2681 2030 2737 inimicis
2052 2722 2068 2746 ,
2101 2681 2197 2738 sed

630 2784 700 2824 ne
736 2769 863 2840 quid
891 2771 996 2826 illis
1021 2773 1149 2826 mali
1170 2771 1426 2827 faciamus
1454 2790 1470 2827 :
1499 2773 1570 2850 ita
1595 2773 1725 2828 nihil
1753 2775 2018 2844 patiemur
2047 2775 2194 2843 mali,

623 2859 833 2915 etiamsi
873 2861 1146 2916 innumera
1173 2861 1504 2931 perferamus
1536 2863 1673 2918 mals
1703 2881 1718 2917 :
1748 2865 2197 2936 quemadmodum

625 2965 726 3005 nec
754 2951 944 3018 David,
967 2952 1094 3006 dum
1119 2953 1344 3021 eiicitur,
1365 2952 1492 3008 dum
1516 2955 1568 3008 in
1593 2955 1836 3011 exsilium
1865 2941 2198 3028 agitur,dum

628 3055 795 3110 usque
817 3041 884 3096 ad
911 3044 1031 3096 vitm
1051 3043 1338 3100 discrimen
1365 3043 1573 3100 insidiis
1595 3048 1890 3116 appetitur,
1911 3049 2200 3118 quidquam

628 3131 812 3186 acerbi
848 3145 1035 3202 passus
1066 3141 1150 3188 est
1177 3152 1190 3187 :
1223 3134 1351 3204 quin
1377 3135 1553 3204 potius
1577 3135 1731 3192 hoste
1762 3150 1862 3192 suo
1906 3137 2075 3194 factus
2117 3147 2207 3194 est

629 3223 890 3282 illustrior
922 3223 1411 3295 honorabiliorque,
1439 3229 1757 3300 exterisque
1782 3230 2037 3287 otunilms
2055 3245 2204 3285 ama-

631 3313 820 3378 bilior,
848 3314 1006 3385 idque
1030 3331 1137 3372 non
1169 3317 1470 3375 hominle
1513 3327 1722 3376 tanaim
1745 3362 1765 3388 ,
1791 3325 1886 3378 sed
1916 3324 2026 3393 ipsi-
2043 3326 2203 3380 etiam

633 3403 764 3458 Deo.
793 3403 929 3471 Quid
955 3405 1098 3462 enim
1140 3407 1444 3465 detrimenti
1481 3410 1626 3482 cepit
1664 3422 1885 3471 anuus
1928 3413 2050 3477 ille,
2081 3429 2206 3471 cum

631 3502 744 3548 tam
784 3495 951 3549 multa
996 3507 1364 3568 perpeteretur
1384 3515 1416 3554 a
1443 3498 1601 3557 Satio
1630 3502 1867 3560 lAnnon
1905 3505 1959 3559 in
1987 3505 2204 3562 hodier-

634 3599 762 3640 num
793 3601 960 3656 usque
977 3586 1120 3645 diem
1139 3592 1352 3646 canitur
1374 3591 1596 3650 illustris
1616 3594 1670 3649 in
1697 3604 1857 3662 terra,
1875 3595 2133 3653 illustrior
2151 3597 2205 3652 in

629 3675 786 3730 calo?
808 3692 986 3735 annon
1009 3680 1156 3737 illum
1180 3682 1551 3741 inenarrabilis
1576 3695 1794 3743 manent
1813 3687 1957 3742 bona
1975 3698 2032 3744 et
2050 3690 2219 3745 calo-

635 3779 754 3820 rum
783 3769 1049 3837 regnum?
1075 3770 1281 3828 Rursus
1295 3775 1421 3844 quid
1447 3779 1718 3833 commodi
1743 3778 1887 3848 cepit
1905 3779 2085 3835 inletix
2116 3780 2216 3837 ille

631 3869 698 3910 ac
722 3857 905 3924 miser,
921 3869 996 3914 tot
1023 3860 1242 3917 inshlias
1269 3865 1728 3924 molituslﬂonne
1756 3885 1923 3940 regno
1951 3887 2211 3929 excussus

631 3945 758 4001 est?
803 3962 980 4005 nonne
1031 3951 1332 4008 miseranda
1385 3968 1572 4015 morte
1591 3960 1750 4030 periit
1773 3977 1880 4016 una
1908 3977 2032 4018 cu
2074 3964 2207 4030 alio,

634 4045 796 4107 atque
818 4036 888 4092 ab
909 4040 1160 4096 omnibus
1179 4043 1543 4118 vituperatur(
1573 4049 1626 4102 Ι.
1647 4047 1782 4119 Reg.
1810 4047 1962 4122 sit),
1989 4060 2044 4106 et
2062 4054 2213 4121 quod

639 4125 723 4180 his
746 4128 959 4195 gravius
977 4137 1084 4196 est,
1108 4137 1308 4188 eterna
1337 4134 1437 4190 luit
1461 4137 1758 4206 supplicia?
1784 4138 2069 4197 Postumo
2080 4141 2210 4212 quid

642 4214 856 4273 tandem
873 4227 958 4274 est
979 4220 1126 4291 quod
1157 4221 1372 4279 incusas
1393 4264 1410 4290 ,
1437 4227 1782 4296 quamobrem
1830 4245 1942 4285 non
1965 4232 2046 4287 vis
2087 4246 2210 4289 cum

639 4307 735 4364 illo
756 4307 932 4365 redire
952 4312 1006 4366 in
1030 4314 1255 4381 gratiam
1275 4313 1596 4371 H’ecunias
1619 4317 1860 4387 eripuit?
1885 4319 1992 4376 Sed
2022 4321 2068 4376 si
2106 4323 2214 4377 lor-

640 4398 769 4455 titer
803 4400 1010 4470 perfert
1037 4404 1279 4473 rapinam
1297 4445 1315 4471 ,
1351 4406 1682 4464 tantumdem
1697 4411 1930 4480 accipies
1949 4413 2214 4470 mercedis

638 4503 704 4546 ac
728 4490 896 4546 sicas
930 4492 984 4548 in
1009 4507 1200 4549 manu
1224 4509 1517 4566 pauperum
1546 4499 1897 4568 reposuisses.
1936 4500 2213 4571 Siquidem

643 4589 698 4634 ct
723 4580 815 4650 qui
836 4580 989 4638 dedit
1015 4584 1200 4654 egenis
1221 4625 1238 4650 ,
1268 4593 1324 4641 et
1347 4587 1436 4656 qui
1479 4587 1530 4644 ei
1560 4589 1653 4658 qui
1697 4589 1876 4646 aliena
1904 4594 2211 4662 usurpavit,

640 4684 816 4739 neque
841 4679 991 4740 parat
1037 4671 1288 4737 insidias,
1328 4690 1503 4746 neque
1541 4678 1684 4735 male
1731 4688 2012 4750 precatur,
2052 4682 2214 4740 ambo

643 4770 861 4830 propter
872 4761 1038 4817 Deum
1059 4762 1112 4817 id
1138 4762 1356 4820 faciunt.
1386 4765 1618 4824 Proinde
1634 4783 1756 4825 cum
1777 4770 2031 4842 impendii
2053 4788 2215 4830 causa

638 4850 850 4917 eadem,
880 4853 1220 4924 perspicuum
1243 4865 1323 4911 est
1357 4872 1517 4913 unam
1537 4859 1889 4932 eamdemque
1913 4862 2029 4920 fore
2055 4879 2216 4921 coro-

645 4959 790 5002 nam.
815 4942 923 5000 Sed
949 4946 1072 5002 vita
1095 4946 1370 5004 insidiatus
1393 4960 1498 5016 est,
1515 4961 1571 5007 et
1599 4963 1824 5010 certatus
1847 4965 1931 5012 est
1944 4957 2218 5015 occidere?

649 5036 724 5090 Ea
753 5051 844 5092 res
872 5037 965 5092 tibi
996 5052 1094 5108 pro
1116 5040 1374 5111 martyrio
1395 5040 1762 5113 imputabitur,
1787 5047 1830 5100 si
1859 5047 2080 5105 insidias
2104 5065 2218 5105 mo-

645 5129 1046 5195 lientem,etad
1085 5140 1286 5188 tantam
1325 5145 1639 5204 provectum
1674 5139 2001 5197 inimicitiam
2025 5183 2040 5204 .
2073 5143 2216 5199 inter

646 5218 778 5274 bene
804 5221 1024 5277 meritos
1048 5223 1371 5291 numeraris,
1399 5239 1505 5280 non
1532 5227 1782 5285 desinens
1800 5245 2066 5304 orarepro
2100 5233 2215 5303 illo,

646 5309 812 5368 Deum
841 5313 1204 5382 obsecrando,
1235 5323 1296 5371 ut
1323 5315 1398 5371 illi
1425 5316 1520 5372 iiut
1545 5320 1822 5389 propitius.

714 5404 768 5460 ι.
790 5403 870 5460 Ne
913 5405 1072 5478 igitur
1107 5406 1235 5463 illud
1270 5418 1616 5480 reputemus.
1641 5412 1783 5481 quod
1824 5413 1964 5470 Dens
1991 5417 2221 5473 vemerit

644 5509 715 5552 ne
732 5494 986 5552 Davidem
1008 5497 1279 5558 occideret
1293 5500 1424 5558 Salii
1448 5519 1462 5556 :
1489 5500 1586 5559 sed
1626 5503 1754 5559 illud
1775 5507 2076 5574 considera,
2093 5525 2219 5566 eum

642 5602 708 5642 ex
740 5586 947 5644 insidiis
970 5589 1149 5647 sint;
1189 5591 1346 5665 tr'mh
1381 5593 1785 5667 quadruplaqoe
1833 5598 2077 5669 martyrii
2120 5613 2218 5655 co-

643 5695 775 5737 rona
803 5683 1105 5744 redimitum
1131 5687 1315 5745 fuisse.
1335 5687 1540 5744 Etenim
1567 5688 1658 5761 qui
1687 5697 1902 5760 propter
1923 5689 2088 5747 Deum
2106 5705 2224 5747 ser-

643 5774 787 5832 vavit
813 5776 1052 5849 hostem,
1100 5793 1222 5839 cum
1249 5779 1342 5854 qui
1379 5779 1548 5843 semel
1569 5821 1586 5854 ,
1613 5780 1695 5841 bis
1719 5823 1735 5854 ,
1765 5783 1874 5840 imo
1911 5780 2225 5857 frequenter

1323 394 1379 450 ς.
1417 389 1690 448 3οᾹΝΝ18
1727 381 2202 446 CllllYSOSTOII
2241 383 2559 441 ARCHIEP.
2598 385 3134 448 CONSTANTINOP.

3773 394 3882 452 ⁷ου

2295 497 2534 556 lanceam
2564 502 2617 555 in
2641 512 2800 572 caput
2827 503 2970 558 illius
2998 504 3254 570 vibrarat,
3281 519 3405 560 cum
3430 511 3578 562 esset
3593 506 3880 564 occidendi

2294 601 2612 660 potestatem
2639 601 2826 648 nactus
2851 635 2869 659 ,
2899 603 3076 649 tamen
3103 595 3342 666 pepercit
3386 596 3521 666 ipsi,
3561 610 3686 652 cum
3713 596 3879 654 sciret

2290 693 2473 751 postea
2504 683 2636 748 fore,
2655 692 2714 738 ut
2737 684 2913 738 denuo
2932 684 3000 739 ab
3023 686 3114 740 illo
3137 687 3511 756 impeteretur:
3536 687 3877 757 perspicuum

2288 783 2372 830 est
2411 791 2534 830 eum
2567 776 2763 831 millies
2809 775 3144 832 interfectum
3191 793 3314 834 esse
3357 779 3519 834 animi
3555 780 3878 850 proposito;

2290 867 2485 922 millies
2537 878 2715 924 autem
2765 869 3075 925 interfectus
3119 880 3339 940 propter
3390 872 3593 936 Deum,
3620 870 3883 941 plurimas

2295 959 2420 1015 tulit
2467 961 2708 1029 martyrii
2736 975 2962 1016 coronas
2993 980 3006 1016 :
3036 963 3124 1030 qui
3151 962 3599 1032 quemadmodum
3641 972 3691 1017 et
3734 961 3882 1016 Pau-

2289 1051 2374 1106 lus
2400 1052 2506 1116 ait,
2538 1051 2775 1118 Quotidie
2802 1055 2991 1107 morior
3019 1064 3225 1124 propter
3257 1053 3420 1108 Deum
3445 1054 3623 1122 (Rom.
3646 1055 3700 1106 8.
3727 1053 3798 1108 26
3819 1054 3842 1124 )
3862 1093 3880 1117 ,

2292 1140 2522 1211 idipsum
2553 1150 2607 1196 et
2643 1143 2730 1197 ille
2761 1153 2979 1212 prepter
3023 1145 3188 1199 Deum
3265 1160 3460 1215 passus
3551 1155 3656 1201 est.
3736 1143 3886 1198 Cum

2291 1234 2432 1289 enim
2465 1245 2645 1302 posset
2671 1233 2879 1290 hostem
2907 1234 3007 1289 sibi
3036 1235 3374 1290 insidiantem
3407 1250 3438 1288 e
3466 1233 3644 1289 mulio
3664 1235 3882 1300 tollere,

2293 1332 2510 1392 propter
2544 1326 2713 1378 Deum
2743 1323 2946 1388 noluit,
2981 1332 3036 1377 et
3067 1323 3253 1377 maluit
3294 1323 3532 1392 quotidie
3563 1324 3881 1392 periclitari,

2289 1428 2448 1483 quam
2484 1413 2628 1482 justa
2654 1412 2804 1468 aede
2848 1429 2878 1468 a
2911 1423 2988 1468 tot
3029 1413 3289 1468 mortibus
3341 1413 3575 1468 liberari.
3631 1414 3781 1483 Quod
3834 1414 3888 1468 si

2295 1517 2462 1572 usque
2491 1502 2558 1556 ad
2604 1502 2771 1571 ipsius
2801 1502 2922 1555 vita!
2966 1503 3256 1572 periculum
3311 1503 3650 1557 insidiantem
3695 1502 3887 1558 ulcisci

2291 1604 2452 1663 atque
2477 1593 2658 1648 odisse
2683 1593 2765 1648 fas
2791 1608 2896 1648 non
2925 1604 3042 1660 est,
3068 1594 3237 1648 multo
3271 1595 3452 1650 minus
3485 1595 3610 1650 licet
3635 1609 3757 1650 eum
3785 1595 3892 1664 qui

2293 1684 2583 1752 vulgariter
2607 1683 2766 1750 lzcsit,
2797 1684 3001 1739 ulcisci.

2364 1776 2508 1845 Md
2555 1776 2869 1831 coruumeliis
2887 1791 2954 1829 sn
2978 1772 3400 1830 sit-intolerabile.
3435 1771 3677 1829 Utiliores
3706 1773 3891 1828 micis

2295 1869 2491 1923 inimici
2517 1869 2621 1941 (tt).
2651 1898 2726 1910 —
2767 1869 3044 1938 Plerisque
3068 1867 3139 1922 ab
3179 1866 3410 1920 inimicis
3432 1865 3571 1920 afﬁci
3599 1865 3891 1928 conviciis,

2294 1969 2386 2012 aut
2413 1960 2479 2013 in
2494 1959 2852 2028 suspicionem
2875 1956 3090 2021 adduci,
3119 1955 3327 2010 videtur
3349 1955 3597 2010 omnibus
3621 1953 3895 2008 mortibus

2296 2049 2703 2106 intolerabilius.
2725 2051 2838 2118 Age
2862 2049 3084 2117 igituret
3108 2046 3246 2103 istud
3265 2045 3649 2116 expendamus.
3675 2044 3894 2114 Aliquis

2301 2142 2393 2196 tibi
2417 2139 2728 2205 maledixit,
2756 2139 3058 2195 adulterum
3101 2152 3166 2193 ac
3183 2146 3538 2192 scortatorem
3561 2133 3852 2206 appellavit
3868 2135 3894 2185 1’

2298 2231 2411 2285 Hoc
2451 2231 2497 2285 si
2535 2244 2660 2284 vere
2701 2229 2852 2292 dicit,
2887 2231 3139 2298 corrige:
3182 2228 3264 2282 sin
3292 2228 3465 2294 falso,
3494 2226 3690 2288 irride;
3721 2225 3767 2278 si
3789 2223 3893 2278 tibi

2299 2321 2416 2390 ipse
2443 2319 2692 2375 conscius
2715 2334 2775 2375 es
2804 2334 2990 2375 eorum
3011 2334 3130 2389 qute
3145 2319 3492 2388 objiciuntur,
3529 2315 3812 2387 resipisec;
3839 2317 3890 2370 si

2300 2425 2405 2466 non
2429 2422 2533 2474 est,
2558 2410 2774 2478 despice
2804 2427 2819 2462 :
2862 2411 2971 2464 imo
3007 2409 3183 2478 potius
3213 2424 3318 2463 non
3356 2409 3528 2463 solum
3562 2423 3667 2461 non
3697 2406 3894 2460 deride

2299 2517 2362 2557 ac
2381 2494 2608 2572 neglige,
2638 2515 2825 2557 verum
2849 2502 3011 2557 etiam
3052 2501 3226 2572 gaude
3261 2510 3422 2572 atque
3459 2498 3673 2555 essqu
3693 2512 3890 2553 secun-

2303 2593 2430 2647 dum
2463 2591 2670 2646 Domini
2717 2606 3058 2658 sermonem,
3111 2591 3202 2661 qui
3252 2605 3354 2646 nos
3388 2589 3540 2660 jubet
3585 2589 3656 2643 ita
3688 2588 3890 2642 facere.

2302 2683 2450 2748 Cum,
2482 2681 3091 2752 inquit,ea:probrnaerint
3106 2681 3261 2748 nobis,
3283 2691 3329 2736 st
3354 2680 3573 2734 dixerint
3591 2695 3758 2733 omne.
3774 2693 3893 2730 nia-

2301 2772 2406 2825 lunt
2431 2772 2927 2827 sorbumadsersum
2952 2785 3047 2824 uos
3060 2771 3375 2834 mentientes,
3402 2770 3615 2840 gaudete
3640 2778 3690 2821 et
3716 2767 3894 2821 casula

2303 2876 2424 2931 tate,
2443 2866 2684 2936 quoniam
2711 2880 2900 2919 merces
2923 2871 3086 2917 vestra
3115 2863 3321 2932 copioso
3344 2871 3417 2916 est
3431 2861 3495 2915 in
3517 2860 3656 2915 colis
3677 2858 3894 2929 (lout.

2305 2955 2360 3011 5.
2392 2957 2478 3010 ll.
2507 2954 2636 3025 l2).
2689 2959 2770 3010 Ac
2814 2967 3063 3019 rursum,
3111 2951 3338 3007 Gaudete
3385 2961 3433 3006 et
3469 2951 3746 3016 multata,
3777 2965 3902 3002 cum

2303 3048 2542 3117 eiecerint
2589 3063 2770 3102 nomen
2814 3055 3037 3102 oestrum
3064 3057 3322 3116 tamquam
3369 3045 3564 3097 malum
3601 3042 3906 3097 mentienta

2306 3137 2479 3209 (an.
2510 3137 2567 3193 6.
2597 3137 2689 3192 ΞΩ.
2718 3136 2791 3194 i5
2810 3135 2853 3209 ).
2884 3137 3150 3194 Caterum
3189 3137 3282 3191 uht
3323 3135 3653 3191 conviciator
3677 3133 3903 3205 quidem

2306 3227 2682 3292 veradixerit,
2710 3235 2769 3281 tu
2815 3242 2940 3282 vero
2980 3227 3222 3282 modeste
3261 3225 3550 3296 pertuleris
3593 3239 3658 3280 ea
3689 3224 3852 3279 verba
3879 3266 3900 3291 ,

2309 3333 2416 3373 non
2445 3333 2702 3390 regerem
2721 3319 3102 3374 contumeliam
3126 3359 3142 3386 ,
3167 3332 3341 3388 neque
3361 3318 3601 3372 convicia
3627 3316 3898 3382 referens,

2308 3409 2404 3464 sed
2453 3422 2638 3464 amare
2683 3408 3008 3478 iugemueris
3051 3407 3312 3463 damnam
3360 3419 3455 3463 tua
3487 3407 3682 3462 delicta
3707 3447 3724 3470 ,
3754 3405 3901 3461 haud

2309 3501 2572 3557 minorem
2615 3497 2761 3556 feres
2791 3497 3097 3554 mercedem
3121 3539 3139 3564 ,
3180 3513 3341 3569 quam
3385 3499 3477 3554 ille
3523 3497 3710 3567 prior:
3738 3495 3908 3565 idque

2310 3593 2463 3649 vobis
2481 3607 2514 3649 e
2539 3591 2750 3663 Scriptu
2759 3592 2832 3647 ris
2851 3591 3148 3662 approbare
3169 3590 3407 3646 conabor
3421 3630 3438 3657 ,
3467 3589 3542 3643 uti
3571 3587 3910 3659 pernoscatis

2311 3695 2420 3737 non
2443 3689 2646 3736 tantum
2673 3679 2913 3736 utilitatis
2931 3680 3132 3736 all'erre
3146 3680 3350 3735 amicos
3365 3679 3494 3734 dum
3522 3678 3736 3733 laudant
3755 3687 3812 3733 et
3831 3677 3904 3732 ad

2312 3772 2541 3842 gratiam
2588 3770 2884 3841 loquuntur
2903 3811 2920 3838 .
2951 3781 3206 3841 quantum
3248 3770 3490 3825 utilitatis
3517 3767 3770 3824 adferunt
3799 3768 3904 3824 iui-

2315 3863 2438 3918 tnici
2459 3862 2830 3933 vituperando,
2853 3863 3065 3918 etiamsi
3092 3876 3218 3917 vena
3239 3860 3496 3926 dixerint,
3527 3861 3607 3916 sic
3635 3869 3818 3916 tamen
3845 3867 3908 3915 ut

2317 3967 2415 4008 nos
2456 3953 2885 4009 accusationibus
2929 3953 3138 4008 illorum
3183 3951 3251 4006 ad
3277 3951 3361 4016 id,
3389 3950 3459 4006 ad
3482 3950 3624 4020 quod
3653 3957 3903 4020 oportet,

2317 4044 2392 4098 uti
2421 4044 2666 4100 velimus.
2697 4043 2829 4098 Nam
2857 4043 3017 4099 amisi
3046 4041 3356 4113 frequenter
3396 4040 3464 4097 ad
3506 4039 3734 4110 gratiam
3765 4039 3905 4094 adu.

2315 4134 2529 4200 lantur;
2557 4144 2752 4190 contra:
2790 4133 2972 4190 hostes
3007 4133 3200 4191 delicta
3234 4132 3597 4205 pmicrnntin
3642 4132 3906 4189 medium.

2315 4225 2576 4290 Quoniam
2605 4239 2728 4279 cum
2763 4238 2863 4280 nos
2911 4232 3103 4280 nostra
3133 4231 3353 4293 peccata
3377 4237 3488 4278 rion
3533 4222 3810 4278 videamus
3837 4221 3912 4276 oh

2318 4329 2558 4371 amorem
2582 4315 2754 4370 nostri
2781 4313 2936 4371 nobis
2955 4313 3194 4380 insitum,
3220 4313 3455 4382 illi,tu
3481 4323 3699 4384 propter
3723 4312 3908 4368 odium

2321 4419 2386 4460 ea
2415 4404 2607 4460 melius
2631 4419 2789 4476 quam
2810 4417 2910 4460 nos
2928 4403 3282 4475 perspiciunt,
3305 4402 3685 4473 exprobrando
3714 4417 3816 4459 nos
3840 4401 3910 4457 ad

2321 4495 2673 4552 correctionis
2698 4495 3069 4551 necessitatem
3109 4493 3430 4564 impellunt:
3457 4503 3513 4548 ut
3561 4493 3776 4548 illorum
3808 4493 3911 4548 ii-

2319 4588 2521 4643 micitia
2548 4585 2703 4641 nobis
2727 4583 2971 4650 ceatad
2997 4583 3284 4639 maximam
3312 4583 3618 4650 utilitatem,
3647 4597 3756 4638 non
3790 4583 3914 4638 ideo

2321 4684 2530 4732 tantum
2578 4673 2726 4746 quod
2751 4688 2847 4745 per
2889 4673 3012 4730 illos
3049 4671 3310 4728 admoniti
3349 4671 3698 4742 intelligimus
3733 4680 3911 4727 errata

2320 4775 2534 4831 nostra.
2555 4765 2652 4822 sed
2681 4765 2824 4836 quod
2861 4779 2924 4819 ea
2952 4761 3275 4832 deponimus
3301 4777 3536 4833 quoque.
3575 4759 3707 4816 Nam
3733 4761 3782 4816 si
3815 4760 3918 4815 ini-

2322 4855 2493 4912 micus
2522 4854 2925 4924 exprobravcrit
2950 4854 3043 4910 tibi
3065 4853 3292 4920 erinnen,
3320 4851 3476 4921 cujus
3519 4851 3616 4906 tibi
3663 4850 3917 4905 coruscius

2318 4961 2403 5011 es,
2433 4956 2488 5002 tu
2511 4961 2640 5004 vero
2663 4945 2891 5003 audiens
2915 4959 3026 5000 non
3052 4944 3375 5000 esnvicieris
3400 4943 3477 4997 illi
3513 4941 3753 4997 vicissim
3779 4982 3796 5006 .
3819 4940 3912 4996 ied

2321 5053 2442 5094 cum
2474 5052 2659 5093 amaro
2680 5037 2883 5109 gemitu
2912 5036 3081 5092 Deum
3107 5035 3396 5104 imploees,
3424 5032 3668 5103 protinus
3695 5045 3916 5086 onmem

2320 5132 2536 5201 culpam
2571 5113 2890 5201 deposuisti;
2919 5126 3073 5197 Rogo
3101 5124 3232 5196 quid
3263 5127 3366 5180 hoc
3403 5137 3527 5180 esse
3563 5122 3765 5192 poterit
3796 5119 3915 5176 feli-

2323 5221 2478 5278 cius?
2497 5220 2625 5292 quid
2651 5219 2721 5274 ad
2758 5219 3044 5275 criminum
3068 5215 3414 5272 abolitionem
3445 5210 3696 5268 l‘aeilius!
3719 5209 3827 5267 Sed
3849 5224 3917 5266 ne

2327 5296 2608 5370 videamur
2653 5325 2754 5367 nos
2790 5308 2970 5366 verbis
3015 5307 3265 5364 humanis
3333 5305 3613 5369 excitare,
3641 5316 3675 5357 ο
3721 5300 3916 5358 divinis

2327 5606 2558 5663 quorum
2577 5588 2666 5645 hic
2691 5585 2908 5661 quidem
2931 5584 3003 5642 ad
3025 5597 3292 5643 summam
3317 5593 3637 5652 progressus
3662 5586 3779 5634 erat
3798 5589 3914 5632 ma-

2499 5718 2625 5772 Vide
2654 5717 2909 5772 Plutarch.
2935 5713 3024 5769 lib.
3058 5712 3142 5769 De
3167 5710 3390 5768 utilitate
3426 5706 3670 5776 capienda
3711 5717 3776 5758 es
3820 5703 3918 5758 iul-
