4178 6330
256 474 408 547 αὑτῷ
432 472 585 528 ἰσται
613 471 647 542 ἡ
689 467 864 530 πόλις,
890 465 984 520 καὶ
1013 462 1245 524 ἀϐίωτος
1275 461 1304 511 6
1339 457 1453 528 βίος
1488 452 1725 507 σώσαντι

258 534 475 638 ἐχθρὸν,
512 561 616 615 οὑκ
635 534 905 628 ἀφίστατο
946 553 1047 625 τῆς
1074 549 1285 606 ἐκείνου
1312 540 1660 615 κηδεμονίας,
1709 534 1849 590 άλλά

454 653 716 725 ῐπραττε,
769 646 893 701 καθ’
926 642 1121 701 ἐαυτοῦ
1171 640 1263 694 τὸν
1301 635 1560 706 πολέμιον
1607 630 1843 703 τρέφων.

262 749 362 814 Τίς
378 749 447 805 ἀν
473 722 626 816 σχοίη
656 740 861 811 ταύτης
880 737 1101 810 μείζονα
1125 728 1473 797 ἀνεξικακίαν
1501 726 1706 789 είπεῖν;
1734 722 1851 776 Ἵνα

262 842 321 895 δέ
341 811 442 894 καὶ
475 811 541 889 ἐκ
566 811 676 887 τών
709 831 803 885 νῦν
832 827 1133 899 γινομένων
1170 822 1371 896 μάθῃς,
1394 820 1477 873 ὅτι
1509 814 1754 875 δυνατὸν,
1784 811 1851 865 ἂν

264 930 567 999 ἐθέλωμεν,
643 923 823 976 πάντα
868 918 1155 990 ἄνθρωπον
1199 912 1337 985 πρὸς
1397 911 1546 982 ἡμᾶς
1597 905 1852 976 ἀπεχθῶς

264 997 463 1094 ἔχοντα
512 1014 867 1081 καταλλάξαι,
915 1011 969 1065 τί
1012 1010 1225 1071 λέοντος
1281 1001 1653 1075 άγριώτερονς
1714 997 1853 1052 Ἀλλ’

265 1092 417 1186 ὅμως
438 1110 624 1165 τοῦτον
657 1104 955 1179 ἡμεροῦσιν
1006 1101 1315 1171 ἄνθρωποι,
1352 1097 1447 1151 καὶ
1497 1097 1530 1167 ἡ
1561 1095 1722 1165 τέχνη
1756 1092 1854 1164 τὴν

269 1204 435 1274 φύσιν
470 1201 731 1271 βιάζεται.
764 1196 857 1250 καὶ
893 1193 1104 1263 γίνεται
1137 1190 1412 1261 προϐάτου
1446 1186 1648 1248 παντὸς
1680 1186 1856 1238 ἐπιει-

268 1296 533 1364 κέστερος
559 1290 588 1342 6
628 1287 845 1341 πάντων
908 1283 1111 1353 θηρίων
1156 1280 1493 1351 ἀγριώτερος
1527 1278 1620 1331 κα)⁵
1650 1275 1858 1346 βασιλι-

270 1385 533 1454 κώτερος,
568 1380 662 1433 καὶ
688 1377 776 1430 διά
795 1376 893 1446 τῆς
923 1374 1128 1443 ἀγορᾶς
1174 1368 1378 1439 βαδίζει
1429 1366 1635 1438 μηδένα
1686 1365 1858 1419 δεδιτ-

268 1478 520 1547 τόμενος.
577 1469 690 1523 Τίν’
728 1462 821 1520 οῦν
868 1464 1061 1534 ἕξομεν
1092 1460 1411 1530 ἀπολογίαν,
1464 1458 1583 1512 τίνα
1614 1456 1861 1525 συγγνώ-

274 1584 407 1639 μην,
447 1562 612 1632 θηρία
641 1560 739 1629 μὲν
779 1554 1133 1627 ἡμεροῦντες,
1168 1550 1490 1620 ἀνθρώπους
1519 1550 1574 1601 δὲ
1612 1548 1862 1616 λέγοντες

374 1653 632 1710 δύνασθαι
671 1645 1075 1716 καταπραΰνειν
1137 1641 1287 1706 ποτὲ,
1352 1639 1485 1711 μηδέ
1516 1639 1688 1691 ποιεῖν
1726 1636 1865 1708 πρὸς

476 1740 622 1811 ἔχειν
665 1736 873 1807 ἡδέως;
929 1731 1120 1786 Καίτοι
1143 1746 1215 1817 γε
1260 1727 1338 1799 τῷ
1385 1726 1559 1798 θηρίῳ
1591 1726 1690 1796 μὲν
1715 1724 1866 1795 παρά

274 1810 440 1902 φύσιν
468 1828 530 1882 τὸ
573 1828 799 1895 ἡμεροψ
847 1819 927 1890 τῷ
982 1816 1256 1888 ἀνθρώπῳ
1305 1812 1363 1866 δὲ
1405 1813 1558 1883 παρά
1616 1810 1778 1881 φύσιν
1807 1810 1867 1863 τὸ

275 1895 493 1989 ἀγριον.
526 1914 695 1966 Ὅταν
750 1902 845 1962 οῦν
898 1904 998 1974 τῆς
1036 1902 1252 1972 φύσεως
1286 1898 1716 1970 περιγινιὶῳεθα,
1765 1895 1867 1949 τίν’

275 1984 475 2075 ἓξόμεν
514 1995 831 2065 ἀπολογίαν,
872 1991 1193 2063 προαίρεσιν
1234 1986 1481 2055 λέγοντες
1512 1984 1870 2057 μὴδύνασθαι

278 2091 557 2165 διορθοῦν;
590 2089 657 2143 EI
691 2087 733 2139 δ’
752 2084 833 2137 έτι
857 2082 1198 2150 φιλονεικεῖς,
1235 2078 1397 2129 ἐκεῖν’
1427 2076 1494 2129 ἂν
1528 2077 1761 2147 εἴποιμι,
1786 2077 1870 2129 ὅτι

278 2161 383 2236 κᾶν
410 2178 606 2233 ἀνίατα
633 2174 762 2241 νοσῇ
790 2210 805 2235 ,
836 2171 959 2233 ὅσος
982 2185 1064 2221 σοι
1094 2165 1295 2237 μείζων
1344 2166 1373 2218 ό
1396 2164 1576 2228 πόνος,
1618 2161 1873 2226 τοσοῦτός

281 2285 367 2323 σοι
404 2266 501 2319 καὶ
538 2265 566 2316 6
594 2260 781 2332 μισθὸς
816 2256 1207 2330 παραμένοντι,
1247 2252 1341 2307 καὶ
1392 2250 1749 2322 θεραπεύοντι
1783 2251 1874 2303 τὸν

277 2352 546 2411 νοσοῦντα
574 2347 787 2402 ἀνίατα.

362 2474 461 2527 Ἐν
487 2470 665 2524 τοίνυν
691 2463 983 2534 σκοπῶμεν
1016 2460 1196 2532 μόνον,
1214 2460 1311 2529 οὑχ
1326 2458 1475 2521 ὅπως
1501 2457 1669 2529 μηδὲν
1690 2457 1878 2511 πάθω-

289 2578 389 2635 μεν
420 2557 571 2628 παρά
601 2554 709 2608 τῶν
746 2551 955 2622 ἐχθρῶν
990 2548 1181 2612 κακὸν,
1212 2545 1326 2599 ἀλλ’
1358 2546 1506 2609 ὅπως
1564 2545 1730 2616 μηδὲν
1781 2546 1879 2599 αὑ-

285 2634 413 2714 τοὺς
438 2649 599 2719 ἡμεῖς
631 2641 993 2715 ἐργασώμεθα
1022 2638 1210 2692 κακόψ
1266 2638 1361 2691 καὶ
1382 2636 1534 2690 οὐδὲν
1577 2634 1880 2706 πεισόμεθα

287 2738 484 2801 δεινὸν,
515 2732 621 2787 κᾶν
648 2730 818 2803 μυρία
856 2727 1158 2797 πάσχωμεν
1206 2723 1376 2777 δεινά·
1400 2721 1687 2795 ώσπεροῦν
1718 2723 1826 2776 οὐδ’
1852 2722 1883 2775 6

290 2830 454 2889 Δαυῒδ
474 2828 849 2899 ἐλαυνόμενος,
898 2822 1358 2893 φυγαδευόμενος,
1394 2819 1556 2893 μέχρι
1578 2820 1678 2891 τῆς
1702 2818 1883 2891 ψυχῆς

288 2930 462 3000 αὑτῆς
485 2924 984 2993 ἐπιϐουλευόμενος,
1008 2919 1177 2973 ἔπαθέ
1198 2935 1250 2972 τι
1290 2916 1483 2974 δεινὸν.
1520 2915 1635 2971 ἀλλ’
1673 2915 1882 2971 ἐκείνου

284 3015 673 3089 λαμπρότερος
716 3007 785 3083 ἦν
829 3010 926 3063 καὶ
987 3005 1316 3076 σεμνότερος
1361 3006 1456 3055 κα)⁴
1507 3001 1885 3073 ποθεινότερος

282 3109 520 3169 ἱπασιν,
546 3106 647 3159 οὑκ
680 3100 989 3175 ἀνθρώποις
1014 3099 1071 3152 δὲ
1106 3096 1290 3167 μόνον,
1329 3093 1466 3147 ἀλλά
1496 3094 1591 3147 καὶ
1631 3093 1782 3163 αὑτῷ
1806 3092 1888 3164 τῷ

282 3197 437 3269 Θεῷ.
463 3196 529 3249 Τί
560 3194 668 3266 7&9
709 3190 947 3263 ἡδικὴθη
986 3191 1015 3242 6
1051 3188 1205 3257 ἅγιος
1240 3186 1448 3247 ἐκεῖνος
1492 3183 1615 3238 τότε
1649 3184 1889 3238 τοσαῦτα

288 3294 490 3353 παθὼν
531 3291 684 3363 παρά
729 3289 825 3344 τοῦ
869 3287 1076 3351 Σαούλ;
1121 3285 1257 3354 Οὑχὶ
1305 3284 1464 3355 μέχρι
1502 3282 1603 3352 τῆς
1654 3285 1890 3356 σήμερον

286 3392 515 3465 ἡμέρας
540 3389 742 3461 ᾄδεται,
782 3385 876 3439 καὶ
900 3382 1153 3454 λαμπρὸς
1184 3379 1284 3452 μὲν
1306 3380 1364 3435 ἐν
1384 3381 1478 3451 γῇ,
1509 3379 1892 3452 λαμπρότερος

286 3485 357 3539 ’δέ
386 3484 444 3537 ἐν
468 3479 717 3554 οὑρανῷς
746 3478 867 3548 οὑχὶ
894 3476 963 3529 τά
992 3473 1283 3545 ἀπόρρητα
1308 3470 1470 3525 αὑτὸν
1500 3469 1682 3539 ἀγαθά
1716 3471 1890 3542 μένει,

296 3576 399 3630 καὶ
426 3576 460 3645 ἡ
489 3571 596 3626 τῶν
626 3567 874 3641 οὐρανῶν
906 3564 1189 3638 βασιλεία;
1236 3564 1301 3617 Τί
1337 3564 1380 3616 δ’
1417 3562 1701 3633 ὠφέλησεν
1732 3566 1761 3617 ὁ
1792 3581 1890 3617 ται

298 3665 579 3735 λαίπωρος
615 3663 825 3723 ἐκεῖνος
853 3658 950 3713 καὶ
980 3656 1165 3720 ἄθλιος
1189 3654 1430 3709 τοσαῦτα
1458 3654 1891 3723 ἐπιδουλεύσας;

292 3758 442 3829 Ὁύχὶ
475 3755 686 3825 καὶτῆς
711 3751 988 3824 βασιλείας
1020 3749 1267 3815 ἐξέπεσε,
1301 3747 1395 3802 καὶ
1423 3746 1654 3801 ἐλεεινὸν
1684 3747 1893 3819 ὑπέστη

300 3847 398 3904 τὸν
429 3846 657 3901 θάνατον
686 3842 824 3914 μετά
843 3839 937 3896 τοῦ
972 3840 1181 3904 παιδὸς,
1208 3838 1307 3893 καὶ
1340 3837 1493 3909 παρὰ
1512 3837 1733 3892 πάντων
1764 3854 1897 3891 κατ-

302 3940 612 4013 ηγορεῖται,
629 3936 724 3991 καὶ
751 3933 812 3987 τὸ
832 3932 896 4005 δὴ
929 3930 1330 4004 χαλεπώτερον,
1352 3927 1452 3992 τάς
1470 3928 1775 3993 ἀθανάτους
1800 3928 1897 3983 νῦν

300 4029 590 4101 ὶκδέχεται
626 4025 930 4099 τιμωρίας;
970 4022 1147 4086 Ὀλως
1189 4021 1247 4075 δέ
1289 4020 1343 4075 τί
1375 4019 1507 4073 ποτέ
1553 4020 1734 4081 ἐστιν,
1760 4019 1901 4089 ὅπερ

305 4120 559 4193 ἐγκαλῶν
588 4118 667 4191 τῷ
725 4113 905 4188 ἐχθρῷ
947 4112 1009 4169 οὑ
1041 4112 1220 4184 βούλει
1261 4110 1703 4181 καταλλαγῆναι;
1748 4111 1902 4183 Χρή-

302 4211 463 4285 ματά
490 4227 551 4265 σε
600 4208 883 4278 άφείλετο;
928 4206 1069 4259 Ἀλλ’
1110 4204 1178 4260 ἂν
1234 4203 1465 4278 ἐνέγκῃς
1496 4204 1759 4273 γενναίως
1799 4204 1903 4274 τὴν

309 4301 590 4375 ἁρπαγὴν,
628 4297 882 4354 τοσοῦτον
919 4297 1066 4370 λήψῃ
1096 4295 1307 4369 μισθὸν,
1329 4297 1453 4351 ὅσον
1480 4294 1548 4349 ἂν
1577 4297 1626 4348 εί
1650 4297 1771 4354 ταῖς
1790 4294 1903 4350 τῶν

311 4393 564 4464 πενήτων
598 4388 739 4444 αὑτά
763 4389 952 4460 χερσὶν
978 4387 1342 4460 ἐναπέθηκας.
1367 4387 1480 4442 Καὶ
1503 4386 1613 4459 γάρ
1640 4388 1669 4441 6
1704 4386 1903 4458 πένησι

302 4480 598 4545 δεδωκὼς,
634 4479 731 4534 καὶ
781 4482 811 4532 6
867 4476 948 4549 τῷ
991 4477 1450 4548 πλεονεκτήσαντι
1504 4479 1642 4550 μήτε
1684 4476 1906 4532 ἐπιδουο

311 4574 510 4636 λεύων,
552 4572 689 4643 μήτε
719 4568 1134 4641 καταρώμενος,
1173 4569 1263 4624 διὰ
1301 4569 1394 4623 τὸν
1424 4569 1559 4623 Θεὸν
1584 4568 1759 4624 ταῦτα
1793 4571 1905 4641 άμ-

313 4665 536 4734 φότεροι
566 4661 831 4716 ποιοῦσιν.
851 4661 1022 4715 Ὅταν
1048 4655 1143 4713 οὖν
1173 4662 1207 4731 ἡ
1242 4659 1504 4723 ὑπόθεσις
1531 4660 1631 4730 τῆς
1658 4659 1905 4729 δαπάνης

312 4755 351 4830 ᾖ
388 4754 509 4827 μία,
543 4751 766 4825 εὔδηλον
784 4752 866 4806 ὃτι
892 4753 987 4806 καὶ
1010 4751 1277 4822 στέφανος
1313 4745 1417 4814 εἷς·
1455 4749 1594 4803 Ἀλλ’
1623 4751 1703 4814 εις
1724 4749 1906 4823 ψυχὴν

317 4844 477 4921 [774]
503 4844 883 4909 ἐπεϐούλευσε,
924 4845 1019 4899 καὶ
1050 4845 1263 4900 ἀνελεῖν
1295 4842 1622 4916 ἐπεχείρησε
1643 4860 1659 4907 ;
1683 4841 1908 4915 Μαρτύ-

318 4939 437 5013 ριόν
466 4955 548 4993 σοι
578 4938 642 4991 τὸ
678 4939 912 5007 πρᾶγμα
937 4935 1239 5007 λογίζεται,
1272 4934 1339 4989 ἂν
1365 4934 1457 4988 τὸν
1481 4934 1790 5002 ἐπίϐουλον,
1813 4935 1910 4995 καὶ

316 5028 486 5101 μέχρι
509 5025 763 5081 τοσούτω
784 5024 882 5096 τὴν
902 5023 1105 5095 ῑχθραν
1132 5022 1493 5093 ἐξαγαγόντα,
1520 5024 1579 5077 ἐν
1612 5025 1726 5088 τοῖς
1751 5023 1911 5096 εὐερ-

316 5117 509 5189 γέταις
534 5115 797 5188 ἀριθμῇς,
818 5114 914 5168 καὶ
940 5113 1187 5185 διατελῇς
1220 5113 1514 5185 εὐχόμενος
1542 5113 1682 5187 ὑπὲρ
1717 5113 1907 5179 αὑτοῦ,

320 5208 414 5263 καὶ
450 5207 538 5261 τὸν
564 5204 699 5261 Θεὸν
718 5203 849 5259 ῖλεω
877 5202 1135 5274 γενέσθαι
1169 5202 1526 5275 παρακαλῶν.

394 5390 459 5447 υ.
481 5390 573 5463 Μὴ
601 5390 714 5462 7&9
737 5389 803 5461 δὴ
833 5387 994 5444 τοῦτο
1017 5388 1239 5461 ἴδωμεν,
1262 5388 1346 5443 δτι
1369 5385 1698 5443 διεκώλυσεν
1732 5387 1763 5439 6
1782 5385 1914 5451 Θεὸς

323 5482 603 5555 σφαγῆναι
616 5482 714 5537 τὸν
739 5481 925 5547 Δαυῖδ,
953 5481 1069 5536 ἀλλ’
1091 5482 1271 5535 ἐκεῖνο
1306 5480 1522 5543 σκόπει,
1544 5480 1627 5534 ὅτι
1651 5479 1915 5551 τριπλοῦν

323 5575 424 5630 καὶ
444 5571 784 5646 τετραπλοῦν
827 5572 1091 5643 στέφανον
1127 5571 1432 5644 μαρτυρίου
1472 5570 1775 5642 ἀνεδήσατο
1807 5570 1916 5625 ἀπὸ

322 5663 429 5734 τῆς
459 5661 556 5716 τοῦ
585 5660 760 5716 Σαοὺλ
801 5660 1114 5732 ἐπιϐουλῆς.
1152 5662 1211 5716 '0
1259 5659 1370 5731 7&9
1405 5659 1495 5713 διὰ
1523 5658 1615 5713 τὸν
1654 5657 1792 5713 Θεὸν
1823 5659 1915 5713 τὸν

327 5749 591 5822 πολέμιον
621 5749 829 5819 σώζων,
857 5749 952 5807 τὸν
992 5749 1141 5816 ἅπαξ
1181 5750 1277 5805 καὶ
1312 5749 1395 5814 δὶς
1422 5747 1517 5805 καὶ
1556 5746 1814 5813 πολλάκις
1854 5748 1917 5802 τὸ

1258 344 1348 402 DE
1388 335 1649 397 DAVle
1690 331 1779 388 ET
1822 326 2053 385 SAULE
2086 327 2375 385 HOMILIA
2412 327 2498 383 Ill.

3437 311 3542 369 700

1954 443 2084 515 δόρυ
2122 441 2266 496 κατά
2298 442 2397 512 τῆς
2426 434 2593 492 αὑτοῦ
2634 430 2876 505 κεφαλῆς
2906 430 3290 492 ἀκοντίσαντα,
3324 427 3417 482 καὶ
3454 444 3548 497 γε·

1955 538 2181 605 νόμενος
2227 532 2415 604 κύριος
2445 528 2675 593 ἀνελεῖν,
2712 521 2833 579 εἶτα
2871 522 3225 594 φεισάμενος,
3256 520 3351 573 καὶ
3394 517 3551 573 ταῦτ’

1957 627 2134 691 εἰδὼς,
2164 626 2246 680 ὃτι
2279 623 2416 696 μετά
2449 622 2549 691 τὴν
2583 618 2749 689 φειδὼ
2777 615 2983 687 ταύτην
3007 614 3170 668 πάλιν
3204 610 3552 682 ἐπιθήσεται,

1957 718 2181 791 εῦδηλον
2214 718 2297 771 ὅτι
2333 715 2593 788 μυριάκις
2616 713 2832 781 ἐσφάγη
2860 709 2926 780 τῇ
2960 705 3218 779 προθέσει
3238 720 3252 734 ·
3294 702 3556 773 μυριάκις

1956 810 2015 863 δὲ
2062 808 2294 878 σφαγεῖς
2343 807 2432 860 διὰ
2464 805 2555 859 τὸν
2597 803 2761 866 Θεὸν,
2812 800 3042 862 πολλοὺς
3084 796 3198 866 ἔχει
3252 790 3555 863 μαρτυρίου

1962 902 2279 972 στεφάνους,
2305 901 2399 954 καὶ
2431 900 2568 968 ὅπερ
2607 900 2634 947 6
2663 894 2875 956 Παῦλος
2897 892 3104 959 ἔλεγεν,
3140 889 3223 941 ὅτι
3250 884 3390 939 Καθ’

1962 969 2121 1062 (mir
2149 994 2379 1063 ἡμέραν
2403 988 2775 1055 ἀποθνήσκω
2805 982 2903 1037 διὰ
2941 980 3047 1034 τὸν
3074 978 3243 1037 Θεὸν,
3276 973 3439 1027 τοῦτο
3464 969 3560 1023 καὶ

1963 1087 2126 1150 αὑτὸς
2152 1085 2359 1153 ἔπασχε
2398 1082 2487 1135 διὰ
2514 1080 2606 1133 τὸν
2636 1079 2769 1132 Θεόν
2794 1089 2843 1130 ι.
2875 1074 3185 1143 Δυνάμενος
3214 1069 3323 1138 7&9
3349 1064 3561 1118 ἀνελεῖν

1964 1178 2056 1230 τὸν
2085 1151 2534 1237 ἐπιδουλεύοντα,
2558 1169 2646 1222 διὰ
2678 1166 2771 1220 τὸν
2809 1163 2942 1218 Θεὸν
2971 1163 3074 1215 οὑκ
3102 1158 3371 1229 ἠθέλησεν
3391 1170 3406 1184 ·
3444 1151 3561 1206 ἀλλ’

1965 1268 2140 1323 εἵλετο
2169 1264 2502 1320 κινδυνεύειν
2528 1262 2649 1316 καθ’
2680 1260 2916 1326 ἑκάστην
2942 1255 3156 1326 ἡμέραν
3182 1249 3405 1322 μᾶλλον,
3428 1246 3461 1314 ἦ
3485 1246 3565 1298 δι-

1966 1364 2129 1417 καίαν
2177 1360 2559 1431 ἐργασάμενος
2608 1352 2821 1423 σφαγὴν
2856 1348 2964 1403 ἀπὸ
3005 1345 3276 1400 τοσούτων
3319 1339 3565 1393 ἀπαλλα-

1968 1456 2131 1524 γῆναι
2154 1452 2424 1505 θανάτων.
2448 1449 2510 1501 Εἰ
2535 1446 2591 1499 δέ
2624 1444 2717 1498 τὸν
2752 1444 2914 1513 μέχρι
2942 1430 3211 1508 τῆςζωῆς
3241 1431 3411 1501 αὑτῆς
3443 1430 3566 1481 ἐπι⁴

1971 1518 2295 1599 δουλεύοντα
2318 1539 2631 1613 ἀμύνασθαι
2663 1536 2757 1589 καὶ
2784 1535 2960 1604 μισεῖν
2990 1532 3050 1583 οὑ
3075 1527 3204 1599 χρὴ,
3225 1522 3404 1593 πολλῷ
3432 1518 3565 1591 μᾶλ-

1970 1640 2063 1692 λον
2093 1639 2173 1700 εἱς
2198 1634 2378 1690 ὁτιοῦν
2399 1632 2525 1685 ἄλλο
2550 1629 2864 1693 ἀδικοῦντα.

2044 1727 2269 1790 Πολλοῖς
2300 1727 2448 1786 δοκεῖ
2475 1724 2537 1776 τὸ
2573 1721 2761 1783 κακῶς
2795 1720 3037 1780 ἀκούειν,
3064 1714 3159 1768 καὶ
3192 1714 3271 1774 είς
3298 1704 3571 1774 ὑπόληψιν

1976 1818 2473 1893 παραὸλάπτεσθαι
2507 1814 2659 1885 παρά
2682 1813 2789 1866 τῶν
2816 1809 3047 1881 ἐχθρῶν,
3076 1806 3295 1860 πάντων
3323 1798 3573 1853 θανάτων

1977 1886 2381 1984 ἀφορητότερον
2411 1905 2575 1963 εἶναι.
2609 1906 2747 1976 Φέρε
2781 1898 2875 1957 οὖν
2907 1901 3000 1954 καὶ
3036 1897 3167 1951 αὑτὸ
3198 1894 3359 1948 τοῦτο
3387 1886 3574 1956 ἐξετάα

1980 1982 2165 2075 σωμεν
2191 2018 2205 2033 ’
2241 1997 2377 2056 Εἷπέ
2406 2000 2468 2053 σέ
2509 2017 2595 2062 τις
2623 1995 2833 2058 κακῶς,
2872 1994 2968 2045 καὶ
3019 1988 3207 2061 μοιχὸν
3243 1985 3339 2038 καὶ
3374 1982 3577 2051 πόρνον

1980 2067 2241 2161 ἐκάλεσε;
2284 2092 2468 2147 Ταῦτα
2512 2092 2559 2143 εί
2598 2089 2697 2161 μὲν
2739 2085 2915 2157 ἀληθῆ
2950 2083 3106 2153 λέγῃ,
3156 2076 3484 2148 διόρθωσαι·
3526 2067 3577 2123 εί

1978 2189 2036 2243 δὲ
2061 2186 2259 2258 ψευδῆ,
2297 2183 2674 2252 καταγέλασον
2698 2197 2713 2213 ε
2746 2180 2797 2232 εί
2826 2176 3075 2237 σύνοιδας
3106 2168 3290 2239 σαυτῷ
3326 2167 3392 2219 τὰ
3422 2167 3580 2235 εἰρη-

1986 2284 2143 2355 μένα,
2180 2279 2534 2350 σωφρόνησον
2557 2292 2571 2307 ·
2613 2274 2661 2328 εί
2697 2274 2754 2326 δὲ
2796 2270 2871 2341 μὴ
2926 2266 3201 2328 σύνοιδας,
3234 2260 3582 2329 καταφρόνη-

1984 2353 2077 2429 σον
2096 2390 2111 2406 ο
2140 2372 2342 2445 μᾶλλον
2371 2370 2430 2424 δὲ
2462 2368 2538 2441 μὴ
2561 2364 2964 2436 καταγελάσῃς,
2993 2359 3130 2431 μηδὲ
3158 2353 3583 2426 καταφρονήσῃς

1988 2440 2172 2536 μόνον,
2201 2462 2339 2518 ἀλλά
2368 2462 2465 2522 καὶ
2494 2462 2676 2530 χαῖρε,
2704 2455 2797 2511 καὶ
2831 2452 3028 2521 σκίρτα
3065 2447 3209 2503 κατά
3235 2445 3328 2498 τὸν
3351 2440 3444 2496 τοῦ
3469 2443 3585 2495 Κυ-

1989 2532 2107 2630 ρίου
2137 2555 2319 2624 λόγον,
2360 2554 2452 2607 τὸν
2502 2549 2796 2604 κελεύοντα
2850 2543 2995 2598 οὕτω
3035 2542 3230 2594 ποιεῖν.
3254 2535 3440 2589 Ὅταν
3473 2532 3586 2601 γὰρ

1989 2624 2358 2710 όνειδίσωσι,
2390 2644 2578 2714 φησὶν,
2602 2639 2778 2711 ὑμᾶς,
2803 2637 2899 2692 καὶ
2925 2635 3138 2689 almum
3164 2629 3291 2685 πᾶν
3318 2624 3588 2693 πονηρὸν

1984 2738 2149 2809 ῥῆμα
2199 2738 2331 2791 καθ’
2360 2736 2532 2805 ὑμῶν
2562 2728 2948 2801 ψευδόμενοι.
2981 2726 3221 2795 χαίρετε
3260 2721 3358 2775 καὶ
3394 2720 3587 2788 ἀγαλ-

1989 2832 2228 2891 λιᾶσθε,
2260 2830 2350 2883 ὅτι
2395 2830 2428 2880 ὁ
2455 2823 2679 2895 μισθὸς
2711 2820 2876 2891 ὑμῶν
2915 2816 3115 2881 πολὺς
3148 2815 3219 2867 ἐν
3247 2811 3376 2879 τοῖς
3412 2812 3594 2877 οὐρα-

1990 2924 2142 2987 νοῖς.
2179 2920 2285 2975 Καὶ
2319 2918 2507 2981 πάλιν,
2548 2914 2793 2980 Χαίρετε
2830 2908 2931 2963 καί
2964 2905 3269 2974 σκιρτᾶτε,
3308 2903 3458 2955 ὅταν
3491 2900 3593 2953 ὲκ-

1993 3014 2221 3068 6ἀλωσι
2244 3010 2308 3063 τὸ
2335 3010 2523 3075 ὄνομα
2555 3003 2720 3074 ὑμῶν
2740 3003 2821 3067 ὡς
2842 2997 3113 3066 πονηρὸν
3143 2994 3509 3065 ψευδόμενοι
3538 2991 3592 3044 ι’.

1996 3105 2120 3157 Ὅτι
2137 3100 2194 3156 δέ
2216 3100 2318 3155 κᾶν
2339 3096 2620 3169 ἀληθεύων
2642 3095 2791 3166 εἴπῃ,
2811 3092 2875 3145 σὺ
2903 3091 2959 3143 δέ
2984 3088 3100 3159 μετ’
3116 3084 3418 3148 ἐπιεικείας
3441 3082 3596 3150 ἐνέγο

1996 3213 2100 3265 κῃς
2121 3194 2191 3246 τά
2215 3194 2281 3263 ρή
2290 3206 2456 3261 ματα.
2480 3188 2575 3241 καὶ
2601 3186 2675 3256 μὴ
2701 3182 3053 3252 ἀνθυ6ρίσῃς,
3088 3177 3224 3249 μηδὲ
3251 3175 3595 3246 λοιδορήσῃς,

1997 3263 2131 3337 ἀλλά
2148 3280 2410 3351 στενάξῃς
2428 3276 2647 3348 πικρὸν,
2663 3270 3061 3341 καῖ’καταγνῷς
3075 3269 3185 3321 τῶν
3202 3263 3598 3336 πεπλημμελη-

2002 3379 2200 3450 μένων,
2227 3376 2327 3429 οὑκ
2348 3374 2610 3426 ἐλάττονα
2638 3366 2735 3422 τοῦ
2758 3365 3027 3439 προτέρου
3066 3361 3343 3434 καρπώσῃ
3367 3357 3558 3430 μισθόν
3574 3366 3594 3385 ⁶

2000 3448 2095 3525 καὶ
2125 3468 2283 3522 τοῦτο
2313 3464 2423 3521 ἀπὸ
2453 3458 2825 3532 τῶνΤραφῶν
2852 3458 2978 3529 ὑμῖν
3014 3452 3366 3526 παραστῆσαι
3405 3448 3600 3520 πειρά-

2003 3580 2188 3633 σομαι,
2214 3560 2304 3613 ἵνα
2339 3556 2547 3629 μάθητε
2580 3555 2665 3608 δτι
2700 3552 2801 3607 ὅσα
2829 3551 2929 3603 οὑκ
2960 3546 3234 3618 ὠφελοῦσι
3268 3544 3414 3615 φίλοι
3440 3545 3599 3596 ἐπαι-

2001 3653 2219 3714 νοῦντες
2252 3649 2347 3703 καλ
2384 3645 2756 3719 χαριζόμενοι,
2785 3639 3024 3695 τοσαῦτα
3072 3636 3378 3707 ὠφελοῦσιν
3411 3633 3601 3705 ἐχθροὶ

2003 3742 2190 3806 κακῶς
2218 3741 2492 3810 λέγοντες,
2534 3737 2640 3791 κᾶν
2682 3732 3024 3805 ἀληθεύωσι,
3058 3730 3219 3803 μόνον
3247 3728 3314 3782 ἂν
3355 3728 3437 3791 είς
3478 3725 3601 3780 δέον

2003 3840 2167 3910 ἡμεῖς
2199 3838 2321 3896 ταῖς
2366 3829 2725 3901 κατηγορίαις
2758 3824 3072 3899 χρήσασθαι
3118 3820 3493 3897 βουληθῶμεν.
3533 3818 3600 3871 ίὶί

2008 3929 2108 4000 μὲν
2129 3928 2239 3999 γάρ
2259 3925 2403 3995 φίλοι
2426 3920 2687 3984 πολλάκις
2708 3919 2804 3973 καὶ
2833 3916 2969 3987 πρὸς
2992 3916 3151 3986 χάριν
3180 3910 3567 3967 κολακεύουσιν
3582 3924 3598 3941 °

2005 4024 2055 4075 οί
2075 4020 2121 4074 δ’
2143 4018 2236 4089 ἐχθ
2246 4018 2325 4088 ροὶ
2342 4016 2410 4069 τά
2427 4013 2805 4085 άμαρτὴματα
2824 4011 2905 4072 είς
2930 4008 3097 4078 μέσον
3115 4004 3363 4074 ἄγουσιν.
3381 4000 3603 4075 Ἐπειδὴ

2006 4110 2119 4182 γάρ
2173 4107 2281 4161 ὑπὸ
2330 4102 2619 4175 φιλαυτίας
2664 4100 2825 4171 ἡμεῖς
2866 4097 2935 4150 τά
2978 4095 3228 4166 ἡμέτερα
3277 4092 3606 4164 πλημμελὴ-

2012 4215 2157 4271 ματα
2185 4198 2288 4269 οὑχ
2322 4196 2560 4268 ὁρῶμεν,
2585 4192 2693 4249 ὑπὸ
2720 4191 2818 4262 τῆς
2864 4190 3064 4261 ἔχθρας
3106 4189 3307 4243 ἐκεῖνοι
3342 4187 3605 4251 πολλάκις

2010 4290 2168 4363 ἡμῶν
2198 4288 2592 4358 ἀκριϐέστερον
2618 4282 2967 4354 θεασάμενοι,
2998 4279 3096 4337 καὶ
3131 4279 3491 4345 ὀνειδίσαντες
3522 4279 3608 4342 είς

2009 4384 2256 4452 ἀνάγκην
2276 4378 2426 4453 [775]
2449 4379 2599 4449 ἡμᾶς
2620 4374 2875 4431 ἐνέδαλον
2893 4372 3253 4445 διορθώσεως,
3271 4372 3366 4426 καὶ
3380 4371 3608 4441 γέγονεν

2012 4475 2144 4546 ἡμῖν
2169 4473 2203 4543 ἡ
2233 4470 2403 4542 ἔχθρα
2436 4468 2702 4540 μεγίστης
2738 4465 3009 4537 ὠφελείας
3036 4463 3315 4528 ὑπόθεσις,
3351 4464 3414 4517 οὑ
3447 4462 3611 4534 μόνον

2012 4565 2095 4619 ὅτι
2144 4558 2582 4635 μιμνησκόμενοι
2627 4557 2761 4630 παρ’
2806 4556 3034 4611 ἐκείνων
3082 4555 3318 4625 νοοῦμεν
3346 4553 3503 4626 ἡμῶν
3539 4554 3611 4608 τά

2014 4656 2427 4727 ἁμαρτήματα,
2473 4651 2590 4705 ἀλλ’
2618 4651 2702 4705 ὅτι
2739 4650 2880 4705 αὑτά
2928 4649 3025 4704 καὶ
3066 4646 3460 4719 ἀποτιθέμεθα.
3512 4648 3613 4701 Ἂν

2013 4746 2125 4819 7&9
2160 4745 2400 4818 ὀνειδίσῃ
2424 4760 2483 4797 σε
2511 4744 2541 4797 6
2568 4740 2761 4815 ἐχθρὸς
2787 4742 3116 4813 ἁμάρτημα,
3134 4741 3164 4795 6
3191 4742 3256 4795 σὺ
3282 4738 3464 4811 σαυτῷ
3492 4738 3613 4793 σύν-

2014 4840 2183 4905 οιδας,
2204 4840 2270 4894 σὺ
2289 4838 2335 4893 δ’
2356 4837 2600 4903 ἀκούσας
2623 4838 2831 4893 ἐκεῖνον
2858 4834 2959 4908 μὶν
2978 4836 3053 4907 μὴ
3073 4834 3327 4907 ὑϐρίσῃς,
3346 4833 3612 4905 στενάξῃς

2016 4932 2074 4986 δέ
2111 4932 2330 5004 πικρὸν,
2350 4931 2560 4986 καὶτὸν
2578 4928 2713 4985 Θεὸν
2738 4926 3153 5001 παρακαλέσῃς,
3176 4926 3382 4990 εὐθέως
3402 4924 3612 4979 ἀπέθου

2018 5022 2117 5094 τὴν
2146 5021 2423 5093 ἁμαρτίαν
2444 5020 2682 5083 ἃπασαν.
2706 5017 2859 5093 Ἆρα
2880 5019 2937 5074 τί
2963 5019 3159 5074 τούτου
3186 5017 3386 5087 γένοιτ’
3410 5015 3476 5071 ἀν
3507 5034 3613 5089 μα-

2019 5114 2392 5187 καριώτερονς
2430 5113 2484 5168 τί
2532 5113 2579 5167 δ’
2616 5111 2986 5185 εὐκολώτερον
3017 5110 3157 5183 πρὸς
3194 5108 3617 5182 ἁμαρτημάτων

2017 5207 2374 5277 ἀπαλλαγήν;
2412 5205 2551 5260 Ἀλλ’
2602 5206 2690 5260 ῖνα
2736 5206 2813 5278 μὴ
2853 5204 3083 5277 νομίσῃς
3116 5204 3266 5276 ἡμᾶς
3320 5201 3509 5266 ἀπλῶς
3552 5217 3615 5253 σε

2018 5295 2386 5368 ψυχαγωγεῖν,
2416 5296 2525 5349 ἀπὸ
2547 5293 2658 5350 τῶν
2680 5293 3090 5364 θείωπνΓραφῶν
3115 5294 3219 5365 τὴν
3240 5293 3384 5365 ὑπὲρ
3408 5292 3617 5346 τούτων

2022 5386 2334 5459 παρέξομαι
2370 5386 2697 5459 μαρτυρίαν,
2722 5386 2815 5440 νῐνα
2848 5383 3016 5456 μηδέν
3052 5381 3371 5454 ἀμφιϐάλῃς
3403 5381 3615 5435 λοιπόν.

2020 5478 2317 5550 Φαρισαῖός
2351 5494 2437 5541 τις
2467 5474 2569 5549 ῆν,
2601 5477 2697 5532 καὶ
2736 5473 3009 5547 τελώνης⁸
3040 5476 3070 5530 6
3112 5474 3215 5547 μιν
3258 5475 3337 5539 είς
3376 5472 3621 5545 ἐσχάτην

2086 5709 2111 5761 9
2135 5696 2207 5761 133x
2234 5709 2337 5747 uno
2357 5696 2516 5761 Regio
2530 5695 2608 5761 ,εῇο
2628 5698 2858 5748 restituta
2887 5699 3049 5753 series
3071 5697 3182 5750 fuil.

2087 5757 2118 5797 ι
2137 5758 2263 5821 Reg.
2303 5757 2726 5811 ιιιιιιεῖκϐάλωσιν
2745 5761 2882 5823 ὑμῶν
2904 5761 3111 5824 πονηρὸν
3143 5762 3295 5822 ὄνομα
3317 5759 3613 5824 ψευδόμενοι.
