4178 6330
622 382 724 440 ῚΟΙ

623 497 822 553 κακίαν
875 493 1183 566 ἐληλακὼς,
1237 493 1265 544 6
1311 491 1370 544 δέ
1415 490 1757 562 δικαιοσύνης
1804 485 2192 557 ἐπιμελόμενος

624 586 832 656 ἄκρας·
872 582 1107 654 καὶὶγάρ
1151 580 1219 632 τά
1259 579 1388 632 ὄντα
1438 579 1743 656 προήκατο,
1783 577 1877 629 καὶ
1919 571 2193 656 νηστεύων

622 652 864 728 διετέλει,
905 652 1002 719 καί
1045 652 1356 728 πλεονεξίας
1401 659 1469 734 ἦν
1508 655 1777 729 καθαρός’
1814 659 2018 717 ἐκεῖνος
2058 652 2102 706 δ’
2135 653 2193 704 ἐν

622 757 899 823 ἁρπαγαῖς
945 755 1039 807 καὶ
1074 753 1214 822 βίαις
1252 751 1342 803 τὸν
1394 750 1608 802 ἅπαντα
1647 747 1838 818 χρόνον
1895 743 2190 823 ἀνήλωσεν.

636 821 889 914 ’Ᾰνῆλθον
917 821 1209 911 ἀμφότεροι
1241 834 1639 907 προσεύξασθαι
1674 836 1753 896 εἰς
1791 830 2033 900 τὸίερόν.
2063 821 2194 880 Εἶτα

627 933 833 994 ἐκεῖνος
880 929 1009 989 στάς
1050 925 1267 992 ελεγενο
1310 919 1665 992 Εὐχαριστῶ
1698 935 1829 978 σοι,
1857 919 2056 984 Κύριε,
2105 915 2194 967 ὅτι

623 1019 734 1070 οὐκ
765 1017 879 1084 ειμί
922 1016 1002 1080 ὡς
1033 1017 1086 1067 οι
1130 1014 1329 1067 ,λοιποί
1371 1013 1487 1066 τῶν
1521 1010 1874 1077 ἀνθρώπων,
1908 1005 2192 1073 ἅρπαγες,

618 1103 997 1166 πλεονέκται,
1014 1101 1139 1155 οὐδ’
1159 1101 1237 1166 ὡς
1257 1095 1434 1162 οὗτος
1455 1101 1487 1150 ό
1509 1095 1791 1162 τελώνης.
1809 1094 1864 1146 '0
1883 1091 1938 1145 δὲ
1959 1089 2195 1160 τελώνης

623 1190 901 1260 πόρρωθεν
930 1187 1129 1250 ἑστὼς,
1161 1188 1261 1240 οὐκ
1304 1185 1625 1255 ἀνθύϐρισεν
1644 1223 1660 1246 ,
1689 1183 1788 1234 οὐκ
1821 1177 2195 1247 ἀντελοιδόρη-

623 1291 736 1339 σεν,
776 1274 877 1326 οὐκ
907 1269 1024 1325 εἰπε
1055 1272 1226 1325 ταῦτα
1253 1272 1322 1324 τά
1363 1271 1471 1324 τῶν
1504 1268 1713 1322 πολλῶν
1743 1268 1962 1339 ῥήματα
1985 1281 1998 1295 ο
2029 1265 2100 1317 Σὺ
2135 1262 2193 1315 δὲ

619 1361 823 1431 τολμᾷς
845 1360 938 1412 τοῦ
968 1359 1104 1429 ἐμοῦ
1136 1357 1443 1429 μεμνῆσθαι
1467 1357 1601 1426 βίου,
1628 1353 1976 1407 ἐπιλαϐέσθαι
2000 1351 2055 1404 δὲ
2086 1349 2194 1402 τῶν

621 1445 748 1514 ἐμοὶ
775 1442 1177 1513 πεπραγμένων
1201 1460 1214 1506 ;
1247 1442 1319 1494 Ού
1353 1442 1461 1508 γάρ
1485 1439 1600 1507 εἰμί
1626 1455 1720 1489 σου
1756 1435 2012 1506 βελτίων;
2041 1433 2193 1484 Εἴπω

622 1527 692 1580 τά
713 1543 792 1578 σοι
817 1525 1178 1594 πεπλημμελη
1187 1523 1340 1593 μένα,
1361 1525 1452 1575 καὶ
1476 1521 1687 1590 ποιήσω
1712 1516 1980 1589 μηδέποτέ
2001 1519 2064 1567 σε
2084 1514 2193 1566 τῶν

623 1612 780 1681 ἰερῶν
805 1610 1007 1665 τούτων
1043 1610 1298 1680 ἐπιϐῆναι
1325 1608 1493 1681 προθύ
1504 1625 1628 1679 ρων.
1652 1607 1815 1660 Οὑδέν
1842 1603 2045 1657 τούτων
2073 1598 2191 1654 εἷπε

619 1697 727 1751 τῶν
738 1697 958 1769 ψυχρῶν
977 1699 1042 1767 ρη
1051 1697 1254 1767 μάτων,
1273 1695 1308 1750 ἃ
1324 1695 1443 1748 καθ’
1456 1694 1692 1762 ἑκάστην
1706 1692 1919 1763 ἡμέραν
1935 1688 2193 1760 ἀλλήλους

621 1785 909 1850 πλύνοντες
931 1784 1190 1857 λέγομεν·
1239 1785 1375 1838 ἀλλά
1407 1784 1618 1854 πικρῶς
1659 1781 1921 1847 στενάξας
1953 1781 2046 1834 καὶ
2083 1797 2192 1832 πα-

620 1872 787 1938 τάξας
812 1873 873 1926 τὸ
896 1873 1110 1943 στῆθος,
1134 1870 1386 1926 τοσοῦτον
1414 1867 1531 1923 εἰπε
1559 1868 1737 1940 μόνον,
1766 1866 2075 1933 Ἰλάσθητί
2089 1883 2193 1934 μοι

620 1956 701 2023 τῷ
727 1957 1072 2029 ἁμαρτωλῷ,
1093 1957 1190 2011 καὶ
1227 1955 1459 2026 κατῆλθε
1516 1952 1952 2025 δεδικαιωμένος.

689 2055 842 2123 Εἶδες
877 2060 1072 2130 τάχος;
1117 2058 1454 2122 Κατεδέξατο
1490 2057 1711 2119 δνειδος,
1753 2056 1848 2110 καὶ
1893 2053 2192 2124 ἀπενίψατο

617 2144 848 2210 δνειδος·
890 2145 1102 2211 ἐπέγνω
1144 2145 1212 2196 τὰ
1255 2145 1653 2214 ἁμαρτήματα,
1710 2143 1804 2196 καὶ
1851 2141 2082 2195 ἀπέθετο
2127 2141 2193 2192 τά

620 2231 1017 2300 ἁμαρτήματαο
1050 2231 1144 2282 καὶ
1173 2231 1205 2300 ή
1235 2229 1538 2299 κατηγορία
1557 2230 1656 2300 τῆς
1678 2228 1952 2299 ἁμαρτίας
1971 2228 2192 2294 γέγονεν

618 2317 895 2388 ἀναίρεσις
939 2316 1041 2388 τῆς
1083 2316 1378 2387 ἁμαρτίας,
1413 2317 1504 2370 καί
1547 2319 1576 2369 6
1625 2315 1816 2386 ἐχθρὸς
1854 2314 2003 2368 ἄκων
2039 2314 2193 2384 εὐερ-

619 2405 785 2475 γέτης
812 2405 1122 2461 καθίστατο.
1151 2404 1301 2460 Πόσα
1324 2403 1432 2474 γὰρ
1465 2405 1570 2457 ἔδει
1609 2405 1805 2474 καμεῖν
1838 2402 1929 2456 τὸν
1955 2401 2192 2472 τελώνην

619 2489 964 2560 νηστεύοντα,
993 2488 1382 2561 χαμευνοῦντα,
1407 2487 1811 2556 ἀγρυπνοῦντα,
1832 2487 1901 2540 τά
1929 2485 2056 2539 ὄντα
2080 2489 2192 2550 τοῖς

617 2575 890 2646 δεομένοις
913 2577 1238 2648 παρέχοντα,
1263 2577 1319 2628 ἐν
1351 2573 1528 2645 σποδῷ
1555 2575 1648 2627 καὶ
1670 2574 1858 2644 σάκκῳ
1887 2573 2193 2644 καθήμενον

618 2663 678 2714 ἐν
706 2661 881 2734 πολλῷ
905 2662 982 2732 τῷ
1010 2662 1209 2734 χρόνῳ,
1237 2661 1376 2715 ὥστε
1408 2660 1698 2732 δυνηθῆναι
1727 2660 1796 2713 τά
1821 2661 2195 2730 ἁμαρτήματα

615 2748 918 2802 ἀποθέσθαι
939 2751 1120 2802 ἐκεῖνα
1139 2767 1153 2813 ;
1175 2749 1286 2801 Καὶ
1304 2746 1400 2802 νῦν
1425 2747 1577 2801 οὐδὲν
1598 2747 1801 2799 τούτων
1829 2747 2082 2816 ποιήσας,
2107 2745 2193 2797 διὰ

617 2834 776 2904 ψιλοῦ
805 2837 1047 2907 ῥήματος
1085 2835 1264 2886 πᾶσαν
1313 2833 1544 2887 ἀπέθετο
1571 2831 1668 2904 τὴν
1713 2831 1909 2886 κακίαν
1932 2848 1945 2861 '
1991 2832 2085 2885 καί
2126 2831 2194 2884 τὰ

615 2921 795 2994 ὀνείδη
827 2925 921 2976 καί
948 2924 1003 2976 αἰ
1047 2921 1303 2992 λοιδορίαι
1349 2919 1443 2974 τοῦ
1475 2920 1728 2986 δόξαντος
1762 2921 1922 2974 αὐτὸν
1954 2919 2192 2991 ὑϐρίζειν

621 3011 882 3078 στέφανον
902 3009 1049 3082 αὐτῷ
1069 3009 1412 3079 δικαιοσύνης
1432 3008 1714 3078 ἐκόμισαν,
1732 3009 1901 3079 χωρὶς
1933 3008 2190 3078 ἱδρώτων,

619 3099 714 3150 καὶ
740 3097 936 3160 πόνων,
969 3097 1063 3150 καὶ
1089 3099 1281 3168 χρόνου
1312 3095 1545 3168 μακροῦ.
1590 3096 1752 3166 Ὁρᾷς
1777 3097 1858 3149 ὃτι
1889 3095 1990 3148 κᾶν
2019 3095 2192 3165 ἀληθῆ

608 3203 704 3249 οτις
738 3186 870 3258 λέγῃ
901 3187 1026 3256 περί
1053 3185 1226 3256 ήμῶν,
1251 3185 1354 3238 κᾶν
1384 3184 1604 3238 τοιαῦτα
1630 3184 1772 3256 άπερ
1801 3186 1961 3254 ἡμεῖς
1984 3186 2195 3247 ἑαυτοῖς

623 3271 900 3342 σύνισμεν,
930 3274 1089 3344 ἡμεῖς
1116 3271 1172 3325 δὲ
1203 3271 1293 3325 τὸν
1318 3271 1544 3341 λέγοντα
1583 3271 1659 3342 μὴ
1696 3271 2030 3341 ύϐρίσωμεν,
2058 3270 2195 3324 ἀλλά

621 3361 966 3432 στενάξωμεν
991 3360 1206 3431 πικρὸν,
1237 3359 1328 3414 καί
1356 3359 1448 3413 τὸν
1475 3359 1606 3412 Θεὸν
1634 3360 1775 3430 ὑπὲρ
1807 3361 1915 3414 τῶν
1944 3363 2193 3431 ἁμαρτη-

625 3447 811 3517 μάτων
831 3446 1322 3518 παρακαλέσωμεν,
1338 3447 1515 3500 πάντα
1535 3445 1874 3517 δυνησόμεθα
1895 3449 2193 3501 ἀποθέσθαι

620 3535 689 3588 τά
715 3535 1191 3605 πλημμελήματα;
1219 3532 1375 3586 Οὕτω
1400 3532 1531 3603 γοῦν
1558 3536 1650 3588 καὶ
1684 3528 1841 3599 οὗτος
1868 3534 2155 3606 ἐδικαιώθη
2175 3553 2190 3569 ο

620 3621 810 3692 ἐπειδὴ
835 3621 943 3692 γὰρ
985 3621 1085 3674 οὐκ
1128 3620 1452 3693 ἀνθύϐρισεν
1495 3623 1721 3687 ἐκεῖνον,
1753 3621 1869 3675 ἀλλ’
1912 3623 2194 3690 ἐστέναξεν

624 3707 764 3780 ὺπέρ
793 3706 901 3760 τῶν
933 3708 1146 3760 οἰκείων
1183 3708 1618 3778 ἁμαρτημάτων,
1659 3709 1896 3780 κατῆλθε
1923 3709 2196 3764 δεδικαιω-

608 3796 786 3867 μένος
817 3793 1015 3865 μᾶλλον
1045 3790 1218 3859 οὗτος,
1253 3796 1286 3866 ﬂ
1312 3797 1537 3860 ἐκεῖνος.

696 3929 760 3975 ε’.
779 3922 940 3993 Ὁρᾷς
963 3924 1087 3976 ὅσον
1105 3921 1214 3994 ἔχει
1248 3924 1437 3995 κέρδος
1466 3925 1501 3996 ἡ
1529 3923 1638 3990 ⁸ειξίιῖιν
1659 3924 1867 3997 ἐχθρῶν
1891 3926 2065 3998 ὕϐρις,
2099 3928 2193 3982 ἐὰν

625 4012 926 4080 φιλοσόφως
955 4011 1122 4085 αὐτὴν
1145 4013 1430 4085 φέρωμεν;
1458 4015 1629 4069 Ὀταν
1654 4015 1785 4083 γοῦν
1817 4017 1912 4069 καὶ
1938 4017 2197 4086 ψευδόμε-

626 4117 706 4154 νοι
729 4102 824 4153 καὶ
849 4100 1198 4170 ἀληθεύοντες
1221 4105 1366 4175 ἡμᾶς
1392 4104 1664 4173 ὠφελῶσι,
1681 4105 1822 4170 τίνος
1840 4107 2024 4160 ἕνεκεν
2040 4105 2192 4178 [ηδ]

624 4193 929 4263 ἀλγοῦμενς
960 4193 1102 4256 τίνος
1123 4193 1306 4248 ἱνεκεν
1328 4194 1665 4265 δακνόμεθας
1687 4197 1784 4249 Ἂν
1808 4198 1881 4268 μὴ
1913 4198 1976 4250 σὺ
2001 4199 2194 4252 σαυτὸν

626 4285 1006 4357 παραϐλάψῃς.
1040 4286 1322 4354 ἄνθρωπε,
1345 4286 1469 4341 οὕτε
1499 4287 1672 4357 φίλος,
1706 4287 1815 4342 οὔτ’
1841 4288 2054 4359 ἐχθρὸς,
2083 4290 2194 4346 οὔτ’

623 4375 786 4439 αὐτός
805 4391 866 4428 σε
894 4379 922 4429 6
939 4374 1182 4440 διάϐολος
1205 4378 1558 4449 παραϐλάψαι
1575 4380 1879 4451 δυνήσεται.
1902 4383 2066 4436 Ὅταν
2090 4383 2194 4455 γὰρ

620 4469 674 4522 οἰ
704 4467 1044 4539 ὑϐρίζοντες,
1089 4470 1139 4522 οἰ
1177 4469 1539 4538 δημεύοντες,
1585 4472 1635 4524 οἰ
1685 4473 1846 4544 μέχρι
1904 4473 2002 4544 τῆς
2052 4473 2197 4543 ζωῆς

623 4559 793 4629 αὐτῆς
848 4560 1286 4624 ἐπιϐουλεύοντες
1314 4560 1597 4630 ὠφελῶσιν
1625 4564 1804 4634 ημᾶς,
1854 4565 1947 4618 καὶ
1991 4565 2040 4617 οἰ
2099 4565 2194 4633 μὲν

629 4651 928 4722 μαρτυρίου
964 4651 1222 4719 στέφανον
1243 4654 1375 4722 ἡμῖν
1406 4653 1666 4718 πλέκωσι,
1703 4653 1954 4726 καθάπερ
1983 4655 2196 4709 ἀπεδεί-

520 4734 522 4736 ’
627 4741 816 4812 ξαμεν,
852 4741 901 4792 οἰ
934 4740 990 4792 δέ
1021 4740 1090 4793 τά
1137 4744 1510 4814 ἁμαρτήματα
1546 4744 1702 4814 ήμῶν
1729 4746 2069 4818 ὑποσύρωσι,
2101 4748 2194 4800 καὶ

623 4834 869 4896 δικαίους
904 4834 1050 4904 ἡμᾶς
1079 4833 1437 4904 ἐργάζωνται,
1479 4836 1669 4908 ὥσπερ
1699 4838 1792 4892 ἐπὶ
1830 4838 1924 4891 τοῦ
1962 4839 2192 4893 τελώνου

625 4925 837 4995 γέγονε,
865 4924 1008 4988 τίνος
1033 4924 1218 4979 ἐνεκεν
1247 4925 1650 4998 ἐκθηριούμεθα
1680 4927 1817 5001 πρὸς
1841 4927 2074 4992 αὑτούς;
2103 4930 2192 5000 Μὴ

625 5017 801 5071 τοίνυν
836 5015 1082 5087 λέγωμεν
1103 5033 1118 5047 ο
1154 5017 1211 5069 ’0
1233 5016 1388 5071 δεῖνά
1420 5035 1486 5088 με
1520 5017 1838 5089 παρώξυνε,
1870 5019 1965 5073 καὶ
1996 5020 2026 5073 6
2051 5020 2196 5074 δεῖνά

629 5125 696 5179 με
729 5110 1042 5180 προήγαγεν
1092 5109 1269 5161 εἰπεῖν
1320 5109 1538 5180 ῥήματα
1567 5109 1765 5182 αἰσχρά
1785 5126 1799 5140 ·
1838 5113 2000 5182 ἡμεῖς
2030 5111 2193 5165 αιτιοι

629 5198 905 5270 πανταχοῦ
939 5199 1164 5253 τούτων.
1195 5200 1292 5253 Ἂν
1313 5197 1422 5270 γὰρ
1447 5199 1687 5270 θέλωμεν
1720 5200 2048 5270 φιλοσοφεῖν,
2073 5202 2194 5256 οὐδὲ

623 5292 1025 5362 διίμων,ήμ.ἀς
1076 5290 1362 5361 δυνήσεται
1408 5291 1628 5361 κινῆσαι
1676 5293 1811 5364 πρὸς
1854 5293 2061 5365 ὀργήν·
2099 5294 2196 5348 καὶ

621 5381 781 5436 τοῦτο
797 5382 955 5452 δῆλον
985 5381 1076 5434 καὶ
1100 5382 1158 5447 ἐξ
1187 5380 1360 5436 ἄλλων
1390 5381 1487 5453 μὲν
1512 5381 1742 5449 πολλῶν,
1774 5385 1870 5439 καὶ
1893 5385 1991 5440 ἀπ’
2018 5386 2191 5456 αὐτῆς

620 5471 684 5526 δέ
735 5471 836 5543 τῆς
889 5471 1276 5543 προκειμένης,
1307 5473 1450 5543 ἡμῖν.
1489 5473 1728 5545 ἱστορίας
1773 5475 1881 5548 τῆς
1922 5478 2052 5549 περὶ
2099 5475 2192 5530 τοῦ

624 5563 808 5627 Δαυῒδ,
844 5565 910 5636 ἢν
938 5563 1087 5630 ἀξιον
1114 5565 1207 5616 καὶ
1240 5565 1476 5636 σήμερον
1516 5571 1857 5637 παραγαγεῖν
1885 5571 1964 5632 εἰς
2006 5570 2193 5639 μέσον,

630 5659 893 5730 πρότερον
928 5656 1334 5727 ἀναμνήσαντες
1367 5657 1518 5726 ὑμῶν
1545 5657 1642 5729 τὴν
1688 5658 1929 5732 ἀγάπην,
1960 5661 2062 5714 ποῦ
2103 5661 2193 5713 τὸν

629 5748 784 5820 λόγον
814 5747 1186 5819 κατελύσαμεν
1219 5746 1427 5815 πρώην.
1445 5735 1557 5805 Ποῦ
1579 5751 1756 5806 τοίνυν
1787 5754 1948 5808 αὑτὸν
1971 5751 2192 5810 κατελύ-

1296 377 1356 432 S.
1398 370 1686 432 JOANNIS
1719 359 2210 426 ειιιιγεοετωιι
2249 357 2565 416 ΑΚΕΙΙῙΕΡ.
2607 357 3163 416 CONSTANTINOP.

3781 357 3890 415 709

2298 495 2505 549 σαμενς
2549 478 2642 542 Εἰς
2683 479 2782 550 τὴν
2830 477 3130 546 ἀπολογίαν
3167 475 3264 547 τὴν
3293 474 3388 528 τοῦ
3438 474 3626 528 Δαυῖδ.
3675 475 3890 530 Οὐκοῦν

2297 571 2510 640 ἀνάγκη
2547 572 2786 640 σήμερον
2818 570 2886 623 τά
2931 569 3023 622 τοῦ
3070 568 3244 622 Σαοὺλ
3293 569 3515 640 ῥήματα
3544 568 3746 628 εἰπεῖν,
3791 569 3887 623 καὶ

2299 661 2426 713 ἰδεῖν
2466 661 2520 714 τί
2565 659 2702 729 πρὸς
2748 659 2847 729 τὴν
2877 658 3243 727 δικαιολογίαν
3289 659 3498 712 ἐκείνου
3544 659 3888 730 ἀπεκρίνατο

2296 747 2473 816 οὗτος.
2505 753 2579 807 Ού
2608 752 2717 823 γὰρ
2759 751 2822 822 δὴ
2860 753 3020 822 μόνον
3046 753 3142 821 ἀφ’
3186 745 3262 805 ὧν
3289 753 3317 804 6
3367 750 3532 806 Δαυῒδ
3577 750 3888 820 ἐφθέγξατο

2298 845 2584 914 ῥημάτων,
2615 843 2749 897 ἀλλά
2779 842 2874 896 καὶ
2903 841 2996 911 ἀφ’
3019 837 3094 896 ὧν
3113 844 3141 894 6
3163 843 3334 895 Σαοὺλ
3356 843 3525 913 λέγει,
3552 842 3651 914 τὴν
3677 841 3888 913 ἀρετὴν

2296 935 2554 1004 εἰσόμεθα
2609 934 2705 987 τοῦ
2755 934 2949 986 Δαυῖδο
3001 933 3069 987 ἂν
3113 934 3224 1004 γάρ
3279 937 3423 1005 φανῇ
3466 952 3519 986 τι
3558 936 3738 1005 πρᾶον
3785 933 3887 989 καὶ

2294 1026 2502 1096 ἥμερον
2531 1020 2684 1087 οὗτος
2713 1025 3102 1096 φθεγγόμενος,
3124 1025 3224 1096 τὴν
3256 1025 3434 1078 αἰτίαν
3453 1026 3659 1079 τούτων
3688 1028 3888 1097 ἐκείνῳ

2297 1115 2623 1185 λογιούμεθα
2651 1116 2729 1185 τῷ
2766 1116 3127 1185 μεταϐαλόντι
3174 1116 3265 1168 τὸν
3293 1115 3602 1186 ἄνθρωπον,
3641 1115 3721 1186 τῷ
3755 1132 3888 1170 παι-

2296 1210 2546 1264 δεύσαντι
2581 1212 2674 1264 καὶ
2723 1211 3053 1282 ρυθμίσαντι
3100 1213 3198 1284 τήν
3236 1213 3412 1284 ψυχὴν
3454 1215 3641 1268 αὑτοῦ.
3678 1216 3744 1268 Τί
3786 1212 3888 1270 οὖν

2296 1319 2461 1372 φησιν
2489 1305 2518 1356 6
2549 1302 2756 1368 Σαούλ;
2795 1303 3065 1366 ’Δκούσας
3107 1305 3201 1356 τοῦ
3227 1304 3390 1358 Δαυῖδ
3432 1307 3697 1372 εἰπόντος,
3734 1308 3887 1362 Ἰδοὺ

2295 1393 2362 1446 τὸ
2391 1396 2710 1464 πτερύγιον
2740 1393 2852 1462 τῆς
2876 1393 3186 1461 διπλοΐδος
3213 1394 3283 1449 ἐν
3312 1396 3386 1464 τῆ
3430 1399 3584 1465 χειρί
3616 1416 3758 1466 μου,
3785 1399 3887 1453 καὶ

2295 1484 2463 1538 τᾶλλα
2489 1484 2647 1537 πάνθ’
2677 1485 2713 1537 ἃ
2746 1485 2884 1553 μετά
2933 1485 3140 1537 τούτων
3181 1485 3578 1555 ἀπελογήσατο,
3625 1489 3688 1540 Ἠ
3708 1488 3887 1556 φωνή

2294 1589 2411 1626 σου
2438 1573 2611 1641 αὕτη,
2650 1567 2866 1627 τέκνον
2894 1573 3113 1638 Δαυτδς
3150 1575 3214 1626 ’Ὠ
3253 1576 3393 1645 πόση
3423 1577 3647 1645 γέγονεν
3683 1578 3888 1650 ἀθρόον

2295 1667 2328 1736 ή
2364 1664 2665 1736 μεταϐολήί
2723 1665 2784 1719 '0
2827 1665 2937 1738 γὰρ
2980 1667 3105 1738 μηδ’
3155 1666 3265 1720 ἀπὸ
3298 1667 3457 1736 ψιλοῦ
3491 1667 3584 1722 τοῦ
3618 1671 3888 1742 ὀνόματος

2295 1756 2625 1827 ἀνεχόμενος
2673 1757 2837 1810 αὐτὸν
2894 1757 3124 1812 καλέσαι
3166 1759 3332 1824 ποτε,
3384 1759 3519 1812 ἀλλά
3562 1763 3656 1814 καὶ
3713 1763 3890 1833 αὐτὴν

2295 1846 2460 1900 αὐτοῦ
2487 1897 2490 1900 ,
2503 1847 2677 1918 μισῶν
2707 1847 2807 1919 τὴν
2851 1849 3225 1922 προσηγορίαν
3248 1889 3263 1915 ,
3300 1851 3392 1904 καὶ
3438 1853 3518 1914 εἰς
3559 1850 3888 1921 συγγένειαν

2295 1936 2457 1989 αὑτὸν
2498 1938 2694 2008 ῆγαγε,
2724 1937 2916 1991 τέκνον
2949 1939 3112 1992 αὐτὸν
3140 1941 3474 2011 προσειπών.
3505 1943 3570 1995 Τί
3595 1943 3688 1996 τοῦ
3719 1943 3892 1998 Δαυῒδ

2298 2028 2742 2100 μακαριώτερον,
2773 2029 2832 2092 δς
2869 2029 2962 2102 τὸν
3010 2030 3336 2102 ἀνδροφόνον
3376 2034 3588 2105 πατέρα
3633 2035 3887 2105 ἐποίησε,

2297 2122 2390 2174 καί
2419 2122 2511 2175 τὸν
2540 2121 2704 2174 λύκον
2740 2120 3034 2190 πρόϐατον,
3065 2125 3159 2176 καὶ
3187 2123 3286 2194 τὴν
3315 2123 3547 2195 κάμινον
3575 2125 3677 2195 τῆς
3709 2127 3889 2199 ὀργῆς

2294 2212 2487 2281 δρόσου
2521 2211 2719 2279 πολλῆς
2745 2212 3030 2281 ἐνέπλησε,
3064 2215 3157 2266 καὶ
3181 2215 3248 2268 τά
3281 2218 3502 2284 κύματα
3527 2220 3608 2278 εἰς
3637 2219 3889 2288 γαλήνην

2299 2301 2588 2369 μετέϐαλε,
2624 2301 2719 2354 καί
2751 2300 2847 2372 τὴν
2877 2302 3190 2374 φλεγμονὴν
3215 2303 3312 2357 τοῦ
3337 2304 3510 2376 θυμοῦ
3547 2307 3889 2365 κατέσϐεσεν

2295 2390 2553 2455 ἀπασαν;
2603 2390 2684 2443 Τά
2717 2391 2828 2464 γάρ
2872 2394 3093 2462 ῥήματα
3137 2394 3321 2446 ἐκεῖνα
3360 2394 3456 2447 τοῦ
3484 2395 3650 2449 Δαυίδ
3675 2399 3755 2460 εἰς
3781 2397 3890 2470 τὴν

2293 2481 2531 2534 διάνοιαν
2557 2481 2869 2535 εἰσελθόντα
2897 2482 2992 2552 τοῦ
3023 2482 3428 2556 τεθηριωμένου
3460 2487 3671 2552 τούτου,
3701 2489 3888 2544 πᾶσαν

2294 2570 2499 2638 ταύτην
2526 2571 2820 2641 εἰργάσατο
2842 2573 2940 2644 τὴν
2967 2575 3294 2644 μεταϐολὴν,
3325 2575 3394 2646 ῆν
3427 2577 3536 2629 ἀπὸ
3568 2577 3678 2631 τῶν
3709 2579 3891 2650 ρημᾶμ

2295 2679 2401 2714 των
2429 2662 2633 2715 τούτων
2665 2662 2812 2716 ἔστιν
2848 2663 2996 2720 ἰδεῖν.
3033 2665 3172 2719 Οὔτε
3192 2666 3302 2738 γὰρ
3329 2662 3502 2732 εἶπεν,
3527 2672 3590 2722 Οἰ
3624 2669 3773 2738 λόγοι
3798 2686 3889 2726 σοι

2294 2749 2500 2814 οὗτοιι,
2534 2755 2722 2806 τέκνον
2740 2756 2935 2821 Δαυῖδ;
2976 2757 3112 2809 ἀλλά
3136 2758 3220 2821 τίς
3268 2759 3332 2812 Ἠ
3361 2759 3529 2827 φωνή
3556 2776 3677 2815 σου
3705 2763 3886 2832 αὕτη,

2297 2843 2509 2896 τέκνον
2525 2843 2727 2907 Δαυΐδ;
2745 2846 2838 2897 καὶ
2858 2847 2995 2916 πρὸς
3015 2848 3177 2901 αὐτὸν
3198 2848 3268 2916 γά
3275 2866 3305 2920 ρ
3320 2850 3410 2903 τὸν
3425 2851 3664 2921 φθόγγον
3677 2852 3891 2924 διεθερ-

2298 2931 2518 3003 μαίνετο
2539 2933 2744 2988 λοιπόν.
2770 2935 2881 2987 Καὶ
2908 2934 3163 3008 καθάπερ
3187 2939 3366 3010 πατὴρ
3393 2939 3614 3011 χρονίας
3639 2940 3890 3007 ἀκούσας

2297 3024 2484 3094 φωνῆς
2521 3024 2712 3088 παιδος
2760 3013 3152 3092 ἐπανελθόντος
3188 3031 3383 3094 ποθεν,
3423 3033 3544 3102 οὐχὶ
3603 3035 3742 3104 πρὸς
3781 3035 3889 3105 τὴν

2295 3115 2418 3184 ὄψιν
2445 3116 2635 3187 μόνην,
2668 3117 2801 3171 ἀλλὰ
2827 3120 2919 3171 καὶ
2954 3120 3090 3191 πρὸς
3127 3121 3229 3192 τὴν
3258 3126 3442 3195 φωνὴν
3483 3125 3654 3196 αὑτὴν
3687 3126 3891 3196 διεγεί-

2300 3221 2451 3275 ρεται
2471 3222 2485 3235 ·
2517 3205 2659 3259 οὕτω
2681 3207 2772 3261 καὶ
2789 3212 2818 3262 ὁ
2839 3209 3033 3273 Σαοὺλ,
3058 3213 3243 3285 ἐπειδὴ
3264 3213 3334 3266 τά
3357 3217 3577 3286 ῥήματα
3599 3216 3692 3270 τοῦ
3719 3219 3890 3274 Δαυῖδ

2296 3296 2608 3351 εἰσελθόντα
2640 3298 2738 3371 τὴν
2775 3300 2977 3372 ἔχθραν
3017 3302 3296 3370 ἐξέϐαλεν,
3326 3307 3540 3374 ἐπέγνω
3573 3309 3762 3374 λοιπὸν
3791 3313 3887 3368 τὸν

2295 3387 2471 3456 ἅγιον,
2490 3389 2583 3443 καὶ
2613 3390 2786 3456 πάθος
2814 3393 3177 3464 ἀποθέμενος,
3206 3397 3378 3462 πάθος
3409 3399 3646 3465 ἐδέξατο.
3684 3404 3887 3459 Ἐκϐα-

2294 3479 2402 3533 λὼν
2424 3484 2533 3552 γάρ
2559 3481 2749 3553 θυμὸν,
2777 3483 2993 3548 ἐδέξατο
3017 3485 3286 3557 εὐθυμίαν
3306 3505 3364 3542 τε
3387 3491 3480 3542 καλ⁵
3513 3493 3882 3562 συμπάθειαν.

2298 3575 2407 3628 Καὶ
2440 3574 2692 3647 καθάπερ
2738 3576 2936 3641 νυκτὸς
2973 3578 3073 3649 μὲν
3119 3580 3408 3652 παρούσης
3457 3584 3580 3637 οὐδὲ
3637 3588 3887 3656 παρόντα

2297 3665 2562 3728 πολλάκις
2588 3665 2739 3740 [777]
2780 3668 3217 3742 ἐπιγινώσκομεν
3251 3673 3425 3741 φίλον,
3454 3675 3673 3748 ἡμέρας
3701 3677 3758 3731 δι
3797 3697 3889 3748 γε·

2296 3758 2548 3829 νομένης,
2580 3758 2675 3813 καί
2711 3760 2999 3832 πόρρωθεν
3033 3762 3267 3832 ὁρῶντες
3312 3765 3475 3818 αὐτὸν
3503 3767 3847 3841 γνωρίζομεν
3867 3790 3884 3806 ο

2296 3849 2437 3903 οὕτω
2462 3851 2556 3904 καὶ
2599 3851 2692 3904 ἐπὶ
2730 3851 2832 3922 τῆς
2881 3851 3082 3924 ἔχθρας
3129 3854 3450 3925 συμϐαίνειν
3477 3857 3692 3912 είωθεν.
3737 3862 3890 3928 Ἕως

2299 3940 2398 4010 μὲν
2430 3939 2496 3994 ἂν
2523 3935 2672 4012 ῶμεν
2697 3943 2880 4012 ἀηδῶς
2904 3943 3043 4016 πρὸς
3077 3944 3339 4016 ἀλλήλους
3365 3947 3599 4019 ἔχοντες,
3635 3953 3732 4008 καὶ
3773 3971 3889 4024 φω-

2286 4031 2390 4101 ’νῆς
2423 4031 2622 4102 ἐτέρως
2663 4032 2956 4103 ἀκούομεν,
2993 4033 3086 4086 καὶ
3131 4033 3255 4104 ὄψιν
3291 4039 3432 4107 μετά
3474 4039 3890 4118 διεφθαρμένης

2296 4119 2564 4193 βλέπομεν
2595 4125 2819 4193 γνώμης
2839 4139 2852 4154 ⁸
2881 4123 3100 4178 ἐπειδάν
3125 4124 3169 4178 δ’
3193 4127 3527 4202 ἀποθώμεθα
3551 4134 3651 4203 τὴν
3688 4135 3885 4208 ὀργὴν,

2293 4215 2328 4284 ή
2369 4214 2475 4285 πρὸ
2512 4212 2701 4267 τούτου
2741 4214 2979 4286 ⁴θεολεμία
3032 4217 3127 4270 καί
3160 4216 3333 4291 ἐχθρὰ
3381 4222 3556 4294 φωνὴ,
3604 4225 3888 4299 προσηνής

2297 4305 2390 4357 καὶ
2422 4304 2610 4376 ἡδίστη
2643 4307 2776 4376 ἡμῖν
2822 4305 3108 4375 φαίνεται,
3139 4309 3234 4363 καὶ
3278 4311 3313 4382 ἡ
3349 4311 3587 4387 πολιτεία
3623 4316 3748 4387 ϐιῙνις
3789 4321 3886 4376 κά

2297 4393 2466 4465 ἀηδὴς
2492 4394 2713 4466 ποθεινὴ
2742 4397 2839 4450 καὶ
2867 4397 3146 4470 ἐπίχαρις.

2329 4571 2340 4587 ,
2368 4540 2427 4589 ς’.
2453 4529 2622 4584 Τοῦτο
2647 4531 2853 4599 γίνεται
2882 4533 2978 4586 καὶ
2996 4535 3089 4588 ἐπὶ
3121 4535 3214 4589 τοῦ
3245 4538 3531 4607 χειμῶνος.
3551 4541 3667 4594 Οὐκ
3686 4541 3883 4616 ἀφίησι

2294 4621 2386 4674 τοῦ
2417 4621 2646 4699 ούρανοῦ
2681 4623 2741 4676 τὸ
2775 4623 2970 4688 κάλλος
3002 4626 3035 4696 ή
3077 4625 3184 4680 τῶν
3214 4627 3394 4696 νεφῶν
3435 4629 3727 4698 φαίνεσθαι
3755 4650 3883 4691 συν·

2295 4710 2505 4780 δρομή’
2575 4710 2710 4764 ἀλλά
2758 4711 2861 4766 κᾶν
2915 4714 3175 4783 μυριάκις
3224 4715 3509 4789 ὀξυδερκὲς
3555 4719 3770 4793 ἔχωμεν
3820 4724 3884 4779 16

2295 4799 2470 4869 δμμα,
2502 4799 2602 4853 οὐκ
2633 4801 2891 4871 ἰσχύομεν
2936 4804 3322 4860 ἀντιλαϐέσθαι
3360 4808 3461 4878 τῆς
3505 4809 3619 4864 ἀνω
3657 4814 3885 4888 φαιδρό-

2294 4909 2479 4962 τητος.
2526 4891 2777 4947 Ἐπειδὰν
2801 4892 2845 4945 δ’
2867 4895 2902 4964 ὴ
2947 4895 3046 4966 τῆς
3075 4897 3290 4961 ἀκτῖνος
3318 4899 3588 4977 θερμότης
3615 4904 3883 4979 ἐνδιατρί-

2293 4983 2446 5053 ψασα
2478 4986 2572 5038 καὶ⁵
2591 4985 2926 5058 διαρρήξασα
2957 4988 3018 5041 τὸ
3047 4989 3226 5058 νέφος,
3251 4990 3398 5064 δείξῃ
3424 4992 3529 5047 »τὸν
3561 4994 3736 5065 ἥλιον,
3775 5000 3888 5056 δεί-

2295 5093 2453 5130 κνυσι
2492 5079 2586 5130 καὶ
2623 5078 2726 5145 τὴν
2750 5077 2843 5130 τοῦ
2871 5079 3100 5156 ούρανοῦ
3141 5081 3304 5136 πάλιν
3339 5084 3696 5154 εὐπρέπειαν.
3728 5089 3887 5148 οὕτω

2297 5159 2392 5212 καὶ
2444 5160 2529 5227 ἐφ’
2583 5158 2737 5230 ήμῶν
2780 5160 3150 5232 ὀργιζομένων
3193 5163 3436 5232 γίνεταν
3483 5169 3578 5241 καὶ
3629 5170 3884 5245 καθάπερ

2297 5249 2457 5320 νέφος
2481 5251 2902 5321 πεπυκνωμένον
2932 5254 3039 5324 πρὸ
3062 5254 3165 5307 τῶν
3190 5254 3484 5328 ὀφθαλμῶν
3506 5261 3611 5314 καὶ
3634 5263 3746 5333 πρὸ
3773 5265 3884 5317 τῶν

2295 5341 2476 5396 ἀκοῶν
2509 5341 2722 5395 ἑστῶσα
2751 5345 2785 5414 ή
2819 5343 3008 5416 ἔχθρα,
3051 5347 3243 5420 ἐτέρας
3285 5350 3382 5404 καὶ
3435 5350 3538 5417 τὰς
3570 5352 3758 5421 φωνὰς
3784 5356 3883 5410 καὶ

2295 5433 2393 5497 τάς
2425 5433 2575 5503 ὄψεις
2605 5435 2747 5486 ποιεῖ
2787 5435 3096 5503 φαίνεσθαι.
3133 5439 3383 5494 Ἐπειδὰν
3412 5440 3472 5496 δὲ
3511 5443 3881 5518 φιλοσοφήσας

2295 5541 2378 5588 τις
2405 5525 2504 5596 τήν
2533 5523 2731 5595 έχθραν
2757 5526 3027 5599 ἀπόθηται
3050 5531 3146 5583 καὶ
3189 5531 3456 5606 διαρρήξη
3486 5535 3590 5606 τῆς
3615 5536 3796 5612 λύπης
3817 5539 3877 5596 16

2296 5613 2475 5682 νέφος,
2497 5613 2620 5667 τότε
2641 5614 2922 5687 ἀδεκάστῳ
2949 5617 3194 5692 λογισμῷ
3217 5623 3313 5677 καὶ
3336 5617 3537 5692 δψεταε
3554 5629 3758 5696 πάντα,
3785 5632 3878 5688 καὶ

2360 5746 2386 5776 ⁸
2411 5745 2536 5812 Reg.
2563 5761 2697 5799 unus
2709 5753 2756 5799 οἰ
2781 5750 2914 5815 λόγοι
2936 5768 3024 5803 σου
3047 5753 3196 5808 οὗτοι.
