4178 6330
275 364 373 425 τοι

265 479 459 546 litiam,
484 476 622 535 alter
645 491 911 535 summam
948 475 1233 549 exercebat
1262 476 1545 546 justitiam,
1578 484 1635 529 ut
1661 474 1750 543 qui
1791 472 1870 528 fa-

264 570 499 626 cultates
527 585 652 625 suas
672 580 955 641 erogaret,
985 570 1307 638 assidueque
1330 568 1621 638 jejunaret,
1651 581 1813 636 purus
1840 579 1869 618 a

265 661 521 729 rapinis:
556 669 743 715 contra
777 661 913 716 alter
964 660 1016 713 in
1057 661 1260 729 rapinis
1312 673 1375 713 ac
1421 658 1692 712 violentiis
1744 659 1868 710 vita:

270 757 486 819 tempus
511 766 670 805 onmc
709 761 1133 821 consumpserat.
1183 750 1356 805 Ambo
1402 751 1763 805 ascenderunt
1817 749 1867 804 in

270 841 530 910 templum
575 840 765 895 orandi
811 842 1000 911 gratia.
1044 840 1135 894 Ille
1172 850 1320 894 stans
1367 840 1625 894 dicebat:
1667 838 1870 894 Gratius

265 946 365 1002 ago
388 931 477 984 tibi
502 972 515 996 ,
543 930 780 997 Domine,
813 934 1052 1002 quoniam
1081 948 1182 985 non
1204 949 1314 985 sum
1344 932 1473 985 sicut
1498 932 1670 984 cwteri
1701 932 1867 984 homi-

264 1037 376 1089 nes,
406 1039 619 1091 rapaces
639 1066 653 1089 ,
684 1024 861 1089 avari,
885 1038 1045 1091 neque
1074 1020 1209 1076 velut
1251 1022 1332 1074 hic
1362 1020 1662 1091 publicanus
1690 1022 1708 1089 (
1737 1021 1863 1075 Luc.

264 1113 357 1169 18.
390 1114 479 1169 11.
506 1114 574 1169 12
597 1113 640 1184 ).
665 1116 735 1169 At
777 1114 1092 1185 publicanus
1123 1114 1307 1184 procul
1335 1123 1479 1168 stans
1510 1130 1615 1167 non
1644 1115 1869 1183 regessit

267 1204 653 1260 contumeliam
682 1246 698 1273 ,
748 1219 923 1274 neque
954 1205 1187 1259 vicissim
1240 1203 1373 1258 dixit
1405 1203 1728 1269 convicium,
1760 1220 1865 1258 non

267 1297 495 1367 protulit
544 1296 645 1352 ista
684 1296 923 1367 vulgaria
962 1296 1127 1351 verba
1155 1296 1345 1351 :Tune
1384 1296 1549 1351 audes
1580 1312 1714 1352 meze
1742 1298 1867 1352 vita:

263 1390 599 1446 mentionem
625 1387 801 1444 facere
827 1402 1052 1459 meaque
1072 1388 1205 1443 facta
1226 1388 1620 1458 reprehendere
1636 1389 1659 1441 ?
1673 1391 1864 1443 Annon

262 1495 383 1536 sum
433 1490 487 1536 te
531 1482 759 1537 melior?
800 1481 1048 1537 Referam
1098 1490 1187 1535 tua
1236 1491 1489 1551 peccata,
1519 1481 1748 1549 faxoque
1799 1499 1866 1538 ne

265 1588 520 1643 umquam
557 1574 609 1627 in
660 1573 773 1628 lucc
798 1589 949 1630 sacra
984 1573 1315 1649 conscendas
1362 1574 1518 1627 atria.
1566 1573 1749 1640 Nihil,
1782 1575 1865 1629 in-

262 1681 452 1736 quam,
486 1666 785 1723 istiusmodi
834 1667 1147 1738 frigidorum
1190 1666 1474 1722 verborum
1504 1667 1755 1738 loquutus
1783 1677 1865 1723 est

264 1759 607 1829 publicanus,
640 1758 834 1828 quibus
865 1760 1064 1813 utimur
1093 1760 1332 1830 quotidie
1361 1775 1459 1815 nos
1500 1771 1690 1816 mutuo
1716 1777 1867 1817 cou—

266 1850 421 1905 rieiis
446 1860 822 1921 aspergentes;
869 1851 963 1906 sed
1009 1866 1193 1907 amare
1251 1852 1527 1921 suspirans
1570 1864 1865 1924 pectusque

262 1928 593 2012 percutiens,
626 1941 727 1998 hoc
752 1951 956 1998 tantum
984 1942 1141 2009 dixit,
1179 1942 1442 2014 Propitius
1464 1954 1566 1999 esto
1600 1945 1725 1999 mihi
1743 1963 1863 2017 pec.

260 2034 426 2087 calori
448 2034 467 2103 (
490 2032 573 2087 lb.
606 2048 654 2086 υ.
690 2034 758 2089 15
784 2034 825 2103 ),
856 2043 911 2088 et
944 2034 1221 2089 descendit
1241 2034 1587 2103 justiﬁcatus.

329 2118 601 2173 Accmtio
620 2118 701 2173 sui
730 2120 788 2187 fit
814 2120 1042 2174 remissio
1060 2120 1307 2173 criminis.
1336 2118 1420 2173 Ne
1440 2121 1640 2174 daemon
1661 2120 1863 2190 quidem

258 2226 352 2265 nos
394 2210 464 2263 ad
515 2210 646 2263 iram
675 2211 928 2265 concitare
966 2220 1144 2279 potest.
1176 2241 1251 2252 —
1292 2211 1454 2266 Vides
1491 2212 1859 2267 celeritatem?

256 2304 469 2372 accepit
511 2303 786 2372 probrum,
817 2312 872 2357 et
914 2302 1083 2357 abluit
1132 2303 1423 2372 probrum;
1479 2304 1702 2373 agnovit
1727 2319 1855 2373 pec-

255 2402 375 2448 cata
399 2433 414 2457 ,
457 2402 511 2447 et
548 2393 794 2463 deposuit
833 2403 1095 2464 peccata:
1146 2403 1201 2449 et
1253 2394 1537 2448 criminum
1583 2396 1857 2449 accusatio

257 2483 394 2539 iacta
426 2493 508 2538 est
540 2482 613 2537 illi
643 2484 927 2539 criminum
972 2485 1218 2540 remissio
1241 2525 1255 2549 ,
1305 2495 1361 2539 et
1411 2485 1579 2540 hostis
1625 2486 1862 2542 insciens

255 2572 435 2630 factus
479 2586 563 2629 est
591 2575 882 2631 beneficus.
926 2576 1068 2644 Qu0t
1107 2577 1319 2632 labores
1372 2589 1526 2631 erant
1576 2580 1859 2647 publicano

252 2666 521 2721 subeundi
554 2708 567 2732 ,
596 2667 887 2737 jejunando
911 2709 927 2734 ,
959 2668 1108 2722 humi
1157 2668 1475 2724 dormiendo
1498 2710 1515 2736 ,
1561 2668 1853 2740 vigilando,

254 2759 395 2815 bona
424 2774 521 2815 sua
553 2761 733 2830 egenis
765 2761 1139 2832 impartiendo,
1174 2761 1332 2830 longo
1364 2772 1602 2833 tempore
1626 2764 1677 2816 in
1700 2778 1858 2818 succo

252 2862 307 2907 et
334 2852 518 2907 cinere
546 2851 818 2915 sedendo,
851 2861 910 2907 ut
942 2853 1031 2907 illa
1081 2862 1185 2906 tam
1228 2853 1392 2906 multa
1425 2866 1640 2921 peccata
1674 2863 1859 2924 passet

252 2943 572 3013 deponere?
603 2947 671 2999 At
700 2960 839 3000 nunc
874 2960 995 3000 cum
1042 2944 1175 2999 nihil
1212 2946 1313 3000 tale
1372 2947 1592 3010 fecerit,
1626 2948 1856 3017 simplici

252 3037 420 3092 verbo
449 3052 665 3092 omnem
694 3037 945 3107 deposuit
989 3039 1328 3109 iniquitatem
1355 3058 1367 3093 :
1401 3056 1463 3094 ac
1498 3043 1694 3109 probra
1723 3055 1852 3095 eon-

252 3126 498 3195 viciaque
527 3127 817 3193 Pharis'ci,
849 3129 937 3197 qui
1001 3129 1279 3182 videbatur
1328 3130 1479 3184 illum
1530 3132 1855 3187 contumelia

250 3218 499 3284 afficere,
530 3221 604 3275 illi
631 3230 956 3291 pepererunt
986 3220 1210 3290 justitizu
1237 3238 1516 3288 coronam,
1548 3224 1705 3292 idque
1738 3226 1855 3279 sine

250 3313 541 3370 sudoribus
566 3354 581 3377 ,
622 3314 740 3368 sine
770 3314 1043 3369 laboribus
1064 3356 1078 3379 ,
1113 3322 1165 3368 et
1190 3315 1393 3384 absque
1420 3316 1563 3385 longi
1597 3317 1855 3385 temporis

252 3420 429 3459 mora.
461 3403 695 3458 Videsne
726 3418 845 3469 nos,
894 3404 1101 3458 etiamsi
1134 3406 1254 3474 quis
1292 3420 1415 3460 vera
1438 3406 1506 3460 de
1534 3406 1687 3460 nobis
1717 3406 1882 3475 prae-'

250 3495 417 3559 dicet,
450 3509 678 3565 quorum
708 3508 807 3549 nos
836 3494 936 3565 ipsi
960 3495 1114 3549 nobis
1135 3497 1337 3550 conscii
1367 3497 1555 3561 simus,
1588 3498 1687 3551 ista
1724 3513 1854 3553 vero

251 3584 640 3656 prmdicantem
670 3600 776 3639 non
804 3586 1041 3640 vicissim
1068 3587 1489 3656 impertierimus
1521 3588 1816 3644 maledictis
1836 3630 1852 3657 ,

251 3677 347 3733 sed
382 3691 566 3732 amare
590 3677 1026 3748 ingemiscentes,
1063 3678 1227 3735 Deum
1266 3694 1365 3749 pro
1407 3680 1619 3736 delictis
1651 3683 1853 3737 nostris

251 3768 740 3838 imploraverimus,
763 3770 941 3824 omnia
971 3781 1187 3839 peccata
1214 3770 1485 3840 deponere
1520 3775 1715 3842 posse“!
1742 3774 1857 3830 lloc

251 3870 413 3930 pacto
438 3869 492 3915 et
539 3859 625 3915 hic
653 3860 980 3929 justiﬁcatus
1021 3873 1102 3917 est
1136 3881 1149 3918 :
1193 3866 1444 3934 quoniam
1474 3866 1615 3919 enim
1668 3866 1856 3921 Phari-

252 3968 423 4007 sarum
469 3968 578 4007 non
624 3953 768 4007 ultus
796 3963 881 4008 est
912 3954 1191 4021 conviciis,
1222 3955 1315 4009 sed
1344 3970 1445 4023 pro
1478 3957 1590 4011 suis
1620 3959 1854 4026 peccatis

256 4042 536 4112 ingemuit,
568 4042 852 4099 descendit
875 4044 1205 4113 justifieatus
1231 4062 1341 4115 prae
1377 4048 1491 4102 illo.

331 4135 385 4190 5.
422 4134 583 4190 Vides
605 4145 861 4205 quantum
902 4135 1091 4191 afferat
1118 4137 1357 4192 utilitatis
1389 4139 1724 4193 inimicorum
1756 4156 1852 4195 ex-

254 4225 530 4296 probratio
554 4266 570 4293 ,
612 4226 658 4280 si
700 4225 862 4281 modo
909 4241 1027 4283 eam
1074 4227 1447 4300 philosophico
1475 4229 1853 4297 pertulerimus

252 4323 479 4378 animo?
509 4322 663 4391 Quod
684 4323 729 4378 si
758 4332 813 4379 et
848 4325 1173 4379 mentientes
1198 4332 1253 4378 et
1291 4340 1415 4380 vera
1449 4325 1727 4395 loquentes
1751 4341 1853 4380 no-

254 4414 343 4471 bis
370 4422 596 4484 prosunt
622 4454 635 4481 ,
665 4414 1013 4484 quamobrem
1042 4415 1321 4471 dolemus?
1350 4432 1511 4482 quam
1538 4417 1605 4473 ob
1636 4432 1852 4473 causam

254 4507 506 4562 urimur?
548 4506 611 4561 Ni
642 4509 868 4578 teipsum
896 4508 1121 4575 lasseris,
1150 4524 1182 4563 o
1211 4509 1396 4574 homo,
1424 4524 1599 4580 neque
1624 4510 1851 4579 amicus,

254 4611 432 4668 neque
458 4598 705 4653 inimicus
731 4639 746 4663 ,
791 4612 860 4652 ne
888 4598 1003 4666 ipse
1045 4599 1259 4669 quidem
1306 4599 1552 4655 diabolus
1578 4602 1775 4671 poterit
1803 4612 1855 4657 te

254 4690 476 4746 laedere.
531 4689 745 4745 Etenim
797 4706 919 4744 cum
950 4699 1007 4746 et
1057 4692 1093 4747 ii
1122 4692 1212 4761 qui
1244 4707 1343 4747 nos
1367 4694 1708 4748 contumeliis
1736 4695 1854 4748 affi-

250 4781 425 4845 ciunt,
452 4780 543 4851 qui
576 4782 879 4846 traducunt,
903 4783 993 4853 qui
1020 4797 1189 4853 usque
1216 4782 1281 4837 ad
1314 4784 1477 4853 ipsius
1498 4785 1626 4839 vitae
1654 4784 1852 4839 discri-

252 4887 380 4928 men
412 4872 768 4942 insidiantur,
802 4874 1086 4929 utilitatem
1114 4874 1379 4939 afferant,
1408 4884 1462 4929 et
1489 4874 1579 4929 alii
1611 4877 1855 4948 martyrii

252 4976 513 5019 coronam
546 4964 699 5019 nubis
749 4964 982 5032 plectant
1006 5005 1020 5029 ,
1048 4974 1107 5018 ut
1134 4964 1501 5031 ostendimus,
1530 4964 1621 5021 alii
1668 4981 1855 5023 rursus

254 5056 384 5113 dum
431 5066 648 5126 peccata
693 5056 848 5112 nobis
874 5056 1203 5127 exprobrant
1224 5097 1239 5121 ,
1267 5072 1368 5111 nos
1402 5057 1576 5127 justus
1602 5057 1852 5129 reddant,

252 5149 713 5221 quemadmodum
740 5151 932 5207 accidit
956 5151 1008 5205 in
1040 5150 1354 5219 publicano,
1384 5165 1480 5205 cur
1511 5151 1563 5205 in
1588 5151 1706 5205 illos
1727 5149 1857 5207 elle-

256 5243 431 5297 rimur
455 5252 510 5298 et
534 5241 983 5298 excandescimus
1003 5240 1029 5294 ?
1062 5241 1140 5295 Ne
1168 5240 1461 5296 dixerimus
1503 5242 1681 5311 itaque
1717 5258 1729 5293 :
1764 5241 1856 5297 ille

257 5350 348 5390 me
374 5334 631 5391 atrociter
676 5333 939 5401 irritavit,
973 5334 1067 5390 ille
1094 5350 1178 5388 me
1224 5334 1454 5404 perpulit
1491 5374 1507 5401 ,
1537 5343 1593 5387 ut
1618 5332 1853 5388 dicerem

255 5426 540 5483 inhonesta
594 5426 755 5483 verba
822 5443 837 5479 :
898 5442 995 5482 nos
1051 5427 1245 5497 ubique
1298 5427 1484 5481 talium
1554 5441 1713 5481 causa
1767 5442 1857 5481 su-

255 5533 399 5575 mus.
416 5517 547 5573 Nam
575 5517 622 5573 si
648 5518 873 5574 velimus
897 5518 1288 5589 philosophari,
1309 5532 1375 5573 ne
1401 5517 1611 5573 daemon
1638 5516 1854 5589 quidem

255 5613 455 5683 poterit
496 5626 594 5667 nos
624 5611 691 5667 ad
713 5613 845 5667 iram
890 5612 1165 5667 concitare
1197 5626 1212 5667 :
1240 5610 1398 5680 idque
1442 5610 1610 5679 liquet
1639 5619 1747 5665 tum
1790 5626 1857 5667 ex

256 5704 379 5762 altis
398 5706 778 5777 compluribus,
800 5714 912 5760 tum
938 5719 1004 5760 ex
1026 5703 1127 5759 hac
1156 5703 1267 5775 ipsa
1293 5718 1412 5773 qua:
1432 5718 1577 5758 nunc
1603 5702 1655 5757 in
1685 5704 1858 5759 mani-

258 5800 359 5859 bus
379 5807 463 5857 est
487 5796 709 5855 historia
735 5797 802 5855 de
824 5795 1045 5865 Davide,
1072 5810 1232 5869 quam
1258 5807 1438 5865 opera:
1468 5792 1697 5867 pretium
1728 5794 1848 5851 fue-

1294 360 1393 414 liE
1424 357 1682 414 DAVIDE
1722 355 1809 413 ΕΤ
1848 353 2072 412 SAULE
2110 353 2388 411 liOlllLlA
2434 351 2520 410 lll.

3473 358 3583 416 703

1985 470 2054 525 rit
2081 476 2135 525 et
2165 470 2327 525 hodie
2359 471 2411 525 iu
2434 469 2668 525 medium
2688 468 2900 533 afferre,
2933 470 2977 525 si
3000 470 3151 541 prius
3180 472 3453 529 caritatem
3484 490 3579 532 vo.

1981 574 2147 617 stram
2173 563 2638 629 admontterimus,
2670 563 2889 617 ubinam
2922 579 3092 634 nuper
3116 566 3587 625 terminaverimttl

1977 654 2316 709 concionem.
2352 653 2453 709 Ubi
2502 654 2660 724 igitur
2685 669 2803 709 eam
2848 655 3299 711 terminavimus?
3328 658 3380 713 in
3407 675 3582 713 exeu-

1975 745 2181 800 satione
2208 743 2441 799 Davidis.
2476 744 2711 799 Proinde
2757 760 2980 801 necesse
3008 758 3091 801 est
3112 790 3126 814 ,
3157 760 3207 801 ιιι
3245 748 3404 805 hodie
3432 753 3582 806 vobis

1976 833 2152 889 Sztt'tlis
2185 835 2344 889 verba
2402 835 2699 890 referamus
2724 878 2738 901 ,
2771 852 2879 907 quo
2923 838 3200 893 videamus
3232 839 3357 909 quid
3388 840 3475 895 hic
3515 844 3581 897 ad

1970 924 2321 993 iustissimam
2373 925 2511 981 illius
2537 929 2937 983 excusationem
2986 931 3341 1000 resPonderit.
3397 930 3583 1003 Neque

1974 1018 2116 1071 enim
2143 1032 2174 1071 e
2197 1019 2371 1073 verbis
2402 1029 2603 1074 tantum
2632 1038 2750 1090 qua:
2779 1020 2944 1076 David
2971 1022 3220 1092 loquutus
3244 1035 3323 1078 cst
3349 1068 3362 1089 ,
3397 1042 3581 1081 verum

1975 1110 2135 1163 etiam
2167 1125 2196 1163 e
2234 1108 2411 1166 Saulis
2448 1112 2691 1166 oratione
2714 1152 2730 1178 ,
2763 1112 2978 1168 Davidis
3008 1115 3257 1169 virtutem
3290 1117 3582 1187 poi-spicie-

1973 1214 2133 1253 mus:
2165 1214 2288 1255 nam
2317 1202 2363 1256 si
2402 1200 2531 1257 Sat'tl
2566 1202 2765 1272 aliqttid
2816 1203 3025 1273 placide
3076 1218 3462 1278 mansueteque
3491 1224 3581 1265 re-

1971 1288 2286 1358 sponderit,
2334 1291 2492 1360 hujus
2549 1307 2767 1347 causam
2808 1293 2991 1348 Davidi
3039 1294 3444 1365 imputabimus,
3479 1300 3573 1370 qui

1972 1378 2267 1436 immolarit
2288 1380 2587 1449 hominem,
2621 1385 2818 1457 quique
2864 1386 3152 1455 erudierit,
3182 1398 3237 1443 et
3278 1389 3345 1442 ad
3376 1390 3583 1447 sobrie-

1974 1477 2135 1524 tatem
2178 1474 2541 1543 eomposuerit
2584 1474 2725 1529 illius
2776 1476 3037 1531 animum.
3095 1478 3231 1545 Quid
3293 1479 3452 1549 igitur
3505 1483 3583 1540 ait

1970 1559 2143 1616 Sat'tl?
2173 1562 2526 1633 Posteaquam
2580 1566 2823 1620 audierat
2864 1567 3027 1621 Dat-id
3068 1568 3375 1639 loquentem
3401 1614 3416 1639 ,
3446 1570 3582 1630 Ecce

1964 1649 2158 1704 lacinia
2179 1653 2463 1724 chlamydis
2489 1664 2592 1709 tua:
2616 1654 2669 1709 in
2700 1673 2855 1710 manu
2884 1658 3035 1726 mea(
3089 1661 3138 1713 1.
3170 1659 3300 1731 Reg.
3337 1662 3431 1717 2i.
3461 1665 3579 1735 15).

1966 1742 2181 1811 aliaque
2207 1754 2401 1799 cuncta
2442 1761 2562 1816 qute
2610 1746 2662 1800 in
2706 1749 3111 1804 excusationem
3164 1753 3383 1807 attulit:
3429 1754 3577 1824 Vox,

1970 1832 2163 1903 inquit,
2199 1837 2295 1890 ista
2317 1848 2422 1905 tua,
2456 1839 2535 1907 ﬁli
2563 1838 2737 1893 David
2774 1844 2791 1910 (
2821 1841 2959 1895 Ibid.
2986 1859 3033 1895 υ.
3061 1846 3123 1897 l7
3154 1843 3214 1915 )?
3250 1846 3457 1915 Quanta
3488 1864 3578 1905 su-

1969 1920 2087 1977 bito
2117 1923 2255 1981 facta
2302 1937 2387 1981 est
2435 1930 2699 1984 mutatio!
2749 1931 2848 1999 Qui
2908 1948 3199 2004 numquam
3254 1939 3577 1999 sustinuerat

1967 2013 2120 2069 illum
2144 2016 2225 2070 vel
2253 2019 2484 2088 simplici
2515 2036 2713 2078 vocare
2746 2025 2983 2090 nomine,
3003 2026 3171 2096 ipsam
3198 2031 3360 2084 etiam
3392 2032 3579 2101 appel-

1966 2103 2219 2161 lationem
2243 2107 2445 2164 habens
2467 2126 2868 2179 exosam,nunc
2897 2116 3117 2187 adoptat
3138 2135 3263 2174 eum
3293 2122 3344 2175 itt
3372 2138 3576 2193 cogna-

1972 2195 2517 2269 tionem,appeflans
2562 2218 2684 2256 eum
2735 2204 2925 2260 lilium.
2977 2206 3116 2273 Quid
3168 2210 3326 2279 igitur
3374 2213 3577 2270 Davitlo

1970 2285 2180 2342 felicius
2205 2330 2220 2354 ,
2250 2289 2340 2359 qui
2374 2305 2441 2345 ex
2466 2291 2733 2347 homicida
2757 2295 2883 2349 fecit
2912 2306 3142 2365 patrem,
3169 2316 3199 2354 e
3234 2302 3359 2370 lupo
3390 2318 3570 2371 ovem,

1966 2377 2057 2447 qui
2086 2378 2357 2435 fornacem
2378 2382 2675 2438 iracundia:
2694 2386 2863 2441 multo
2889 2388 3130 2459 intpfetit
3154 2406 3295 2458 rore,
3319 2396 3405 2464 qui
3429 2406 3567 2453 tem-

1968 2478 2227 2538 pestatem
2252 2475 2413 2528 vertit
2463 2474 2517 2530 in
2546 2479 2982 2547 tranquillitatem
3005 2523 3019 2547 ,
3048 2485 3246 2553 quique
3297 2495 3565 2546 tumorem

1964 2576 2178 2654 omnem
2202 2566 2280 2619 ira
2311 2569 2654 2624 exmstuantis
2682 2572 2844 2627 animi
2877 2576 3168 2631 restinxit?
3192 2580 3330 2636 \‘erb
3350 2602 3356 2632 :
3378 2584 3577 2654 quippe

1970 2652 2183 2710 Davidis
2210 2658 2447 2729 ingressa
2482 2660 2533 2714 in
2561 2676 2801 2716 annuum
2831 2664 2981 2719 istius
3000 2666 3227 2736 efferati,
3250 2681 3413 2728 tutam
3440 2652 3577 2733 hanc

1967 2745 2307 2814 perfecerunt
2334 2748 2783 2818 immutationem,
2814 2757 2955 2824 quod
2984 2773 3013 2812 e
3058 2758 3234 2817 Saulis
3267 2766 3445 2821 verbis
3471 2768 3574 2824 de-

1964 2838 2267 2907 prehendas
2296 2841 2438 2897 licet.
2469 2843 2652 2914 Neque
2682 2847 2825 2900 enim
2859 2847 3020 2913 dixit,
3050 2851 3345 2912 Sermones
3364 2858 3435 2912 tui
3461 2860 3570 2926 isti,

1964 2932 2039 2984 liii
2073 2931 2236 2985 David
2268 2932 2425 2997 ?sed,
2474 2934 2587 2988 Vox
2616 2946 2702 2991 tua
2747 2939 2865 3005 ista,
2908 2940 2987 3006 [ili
3040 2941 3255 2997 David?
3283 2948 3421 3003 adeo
3449 2966 3575 3008 mox

1964 3024 2028 3075 ad
2060 3026 2225 3093 ipsam
2260 3042 2446 3081 vocem
2476 3028 2717 3083 incaluit.
2747 3030 2816 3084 Et
2845 3036 3296 3101 qucntadmolum
3324 3050 3478 3110 pater
3507 3060 3574 3100 ex

1962 3115 2123 3185 longo
2155 3117 2435 3173 intervallo
2461 3120 2639 3175 audita
2674 3122 2767 3177 lilii
2797 3129 3114 3183 revertentis
3145 3146 3278 3186 voce
3306 3176 3319 3198 ,
3370 3151 3475 3190 non
3505 3138 3573 3193 ad

1961 3218 2311 3277 couSpectum
2346 3210 2506 3266 modo
2537 3213 2707 3277 illius,
2761 3221 3112 3273 verumetiant
3146 3223 3210 3276 ad
3259 3224 3429 3294 ipsum
3477 3245 3576 3284 vo-

1961 3314 2078 3353 CClli
2110 3302 2380 3357 excitatur
2408 3321 2421 3355 :
2455 3305 2533 3359 sic
2560 3315 2614 3360 et
2664 3306 2811 3374 Sani,
2844 3311 3000 3365 simul
3055 3323 3111 3368 ut
3154 3318 3314 3372 verba
3351 3320 3572 3380 Daildis

1964 3391 2015 3444 in
2049 3395 2285 3448 animum
2316 3396 2552 3466 ingressa
2577 3410 2722 3467 sunt,
2746 3401 2943 3471 abjecit
2970 3404 3327 3477 inimicitiam,
3355 3414 3575 3486 jamque

1961 3493 2203 3538 sanetum
2236 3487 2475 3556 agnovit,
2504 3490 2785 3560 positoque
2811 3493 3005 3549 affectu
3027 3539 3042 3563 ,
3072 3504 3277 3570 recepit
3296 3505 3570 3563 alfettutn.

1963 3573 2239 3646 Siquidem
2275 3580 2445 3647 posita
2492 3580 2587 3645 ira,
2629 3584 2837 3654 recepit
2865 3591 3306 3658 tranquilliL'ttem
3349 3608 3574 3656 etcom-

1961 3668 2388 3723 miserationem.
2421 3671 2487 3725 Et
2512 3673 2652 3727 sicut
2682 3676 2936 3743 quamdiu
2969 3696 3072 3733 ttox
3101 3683 3257 3739 adest
3288 3727 3300 3751 ,
3334 3702 3477 3759 Su-pe
3503 3707 3573 3749 tte

1963 3768 2285 3825 prteseutetn
2314 3760 2528 3830 quidem
2582 3762 2815 3821 amicum
2868 3772 3229 3840 agnoscimus,
3262 3786 3317 3831 at
3356 3794 3485 3835 mox
3516 3793 3575 3840 t.t

1961 3860 2183 3907 exortus
2214 3860 2297 3907 est
2322 3852 2459 3917 dies,
2491 3854 2652 3909 etiam
2680 3858 2893 3915 eminus
2918 3876 3267 3935 conspectum
3318 3874 3570 3941 agnosci-

1960 3957 2081 3997 mus
2112 3961 2125 3995 :
2160 3943 2342 3999 itidem
2365 3953 2418 3998 et
2445 3945 2725 4003 inimicitia
2746 3949 2882 4004 solet
2910 3955 3218 4011 usuveuire.
3255 3957 3436 4017 Donec
3474 3964 3561 4018 in-

1962 4044 2045 4089 ter
2085 4052 2184 4090 nos
2206 4038 2529 4095 malevolum
2563 4042 2801 4111 gerimus
2841 4043 3102 4111 animum,
3131 4062 3234 4103 vox
3263 4050 3443 4108 audita
3471 4070 3571 4110 no-

1960 4125 2041 4182 bis
2070 4126 2227 4183 aliter
2254 4138 2429 4195 sonat,
2454 4140 2508 4187 et
2532 4132 2700 4201 ipsam
2732 4132 2920 4189 faciem
2958 4148 3209 4208 corrupta
3254 4154 3441 4201 mente
3467 4146 3568 4203 ad-

1959 4220 2219 4289 spicimus
2250 4238 2264 4274 :
2296 4231 2352 4276 at
2382 4223 2472 4279 ubi
2506 4226 2845 4293 posuerimus
2873 4226 3029 4293 iram,
3058 4238 3113 4285 et
3140 4246 3243 4286 vox
3269 4249 3391 4304 qua:
3421 4240 3571 4307 prius

1958 4321 2078 4366 erat
2105 4312 2275 4368 invisa
2297 4324 2458 4385 atque
2500 4314 2734 4381 hostilis,
2766 4317 2975 4386 placida
3006 4319 3160 4377 nobis
3186 4337 3249 4378 ac
3282 4324 3569 4395 iucundis-

1960 4403 2096 4458 sima
2128 4403 2361 4473 videtur,
2394 4414 2449 4461 et
2492 4418 2743 4477 aspectus
2774 4409 2888 4478 ipse
2918 4411 3067 4480 prius
3099 4412 3352 4472 inimicus
3376 4428 3433 4474 et
3477 4420 3567 4477 itt-

1952 4493 2226 4566 jucundus
2246 4538 2261 4561 ,
2286 4505 2398 4551 tum
2431 4497 2491 4551 iit
2518 4498 2762 4555 amabilis
2792 4500 3154 4570 etjucundus.

2035 4586 2089 4643 6.
2122 4584 2214 4641 Ira
2243 4588 2429 4655 soluta,
2460 4590 2611 4656 plane
2648 4590 2991 4661 dignoscimtts
3015 4609 3129 4664 qtae
3151 4637 3166 4661 ,
3196 4596 3275 4651 ira
3302 4599 3528 4668 fervente
3548 4647 3566 4671 ,

1962 4678 2108 4731 nobis
2145 4694 2249 4731 non
2287 4681 2621 4748 apparebant.
2679 4679 2790 4734 Vox
2830 4680 3045 4737 Doridis
3086 4690 3462 4755 potentissima.
3493 4724 3571 4737 —

1961 4769 2109 4825 idem
2130 4771 2324 4827 accidit
2354 4773 2407 4827 in
2438 4780 2776 4844 tempestate.
2814 4772 2928 4829 Non
2958 4777 3158 4844 patitur
3182 4780 3404 4843 nubium
3431 4801 3568 4843 con-

1960 4880 2153 4920 cursus
2190 4865 2346 4921 nobis
2370 4865 2717 4935 conspicuam
2754 4879 2876 4922 esse
2903 4868 3019 4923 exuli
3066 4872 3566 4947 pulchritudinem;

1962 4956 2058 5012 sed
2088 4956 2333 5026 quamvis
2376 4955 2671 5012 habeamus
2713 4956 2903 5012 oculos
2930 4959 3455 5034 perspicacissimos,
3483 4986 3578 5029 ne-

1962 5062 2233 5118 quaquam
2284 5048 2590 5119 pertingere
2642 5061 2927 5117 possumus
2965 5050 3032 5105 ad
3075 5052 3226 5110 illam
3276 5071 3570 5129 supernam

1956 5140 2369 5212 iucunditatem.
2416 5142 2485 5193 At
2527 5140 2618 5195 ubi
2666 5140 2778 5209 jam
2832 5140 3105 5198 radiorum
3156 5146 3323 5215 calor,
3380 5166 3574 5221 perru-

1966 5234 2071 5303 ptis
2097 5248 2161 5288 ac
2204 5232 2462 5288 discussis
2515 5230 2749 5287 nubibus
2796 5232 2966 5287 solem
2992 5235 3255 5301 ostendit,
3284 5255 3470 5310 rursus
3512 5253 3572 5300 et

1964 5325 2080 5380 caeli
2135 5324 2384 5379 decorem
2439 5324 2695 5379 ostendit.
2748 5322 2891 5379 Idem
2938 5324 3132 5380 accidit
3181 5328 3233 5383 in
3288 5332 3442 5387 nobis
3490 5334 3571 5392 ira

1964 5416 2293 5473 ferventibus
2320 5458 2334 5483 ,
2367 5416 2495 5470 dum
2540 5416 2789 5470 simultas
2824 5416 2969 5471 velut
3011 5418 3177 5473 densa
3222 5420 3393 5478 nubes
3440 5437 3570 5483 ante

1964 5505 2149 5567 oculos
2200 5521 2256 5566 et
2304 5526 2463 5566 aures
2515 5518 2659 5577 stat,
2706 5508 2832 5564 facit
2895 5519 2952 5564 ut
3001 5527 3160 5567 voces
3214 5526 3573 5589 aspectusque

1963 5603 2246 5659 videantur
2290 5601 2445 5657 aliter
2472 5614 2630 5671 quam
2659 5610 2807 5657 sunt.
2842 5600 3042 5658 Verum
3074 5602 3235 5660 simul
3272 5614 3431 5677 atque
3469 5608 3573 5663 sli-

1964 5697 2085 5768 quis
2132 5692 2539 5766 philosophatus
2587 5693 2827 5765 posuerit
2858 5692 3076 5763 odium,
3106 5696 3409 5769 nubemque
3462 5701 3575 5756 dis-

1967 5790 2175 5860 rupcrit
2213 5784 2545 5859 :egritudinis
2570 5828 2584 5853 ,
2614 5796 2741 5843 tunc
2778 5785 2996 5843 demum
3038 5778 3347 5859 incorrupta
3386 5801 3570 5847 mento
