4178 6330
617 385 722 446 705

617 509 677 558 ct
702 497 919 563 videbit,
941 503 995 552 et
1018 491 1195 549 audiet
1215 487 1393 547 omnia
1418 505 1430 542 :
1455 485 1596 558 quod
1617 494 1671 541 et
1687 484 1810 539 huic
1828 481 2002 538 evenit
2027 477 2196 542 Sauli,

616 592 708 662 qui
739 588 898 644 simul
927 596 1086 656 atque
1112 583 1310 639 nubem
1336 578 1729 637 malevolentia:
1759 575 2020 644 disrupit,
2047 585 2205 639 agno-

619 695 779 736 scens
810 662 994 733 vocem
1023 674 1239 731 Davidis
1260 715 1277 740 ,
1305 673 1419 728 ait:
1462 669 1569 725 Vox
1604 677 1690 722 tua
1726 669 1854 730 ista,
1891 665 1970 734 [ili
2000 663 2204 718 Dauid?

616 773 873 841 Quaenam
918 767 1067 824 Ista?
1089 767 1218 837 Quae
1243 762 1455 822 Goliath
1503 758 1694 830 deiecit.
1723 799 1739 824 ,
1765 772 1884 829 qum
1931 757 2200 810 civitatem

620 861 869 930 periculis
893 859 1126 930 eripuit,
1153 871 1272 927 qua:
1297 860 1520 910 cunctos
1545 851 1598 906 in
1628 848 1904 906 servitutis
1923 860 1987 902 ac
2014 844 2202 902 mortis

620 951 860 1018 periculo
882 947 1218 1011 constitutos,
1243 945 1296 1000 in
1323 942 1669 1000 securitatem
1697 947 1754 994 et
1778 937 2078 993 libertatem
2109 949 2200 989 re-

616 1043 830 1108 stituit,
856 1055 976 1111 qu:e
1017 1036 1197 1094 Saulis
1236 1036 1469 1091 furorem
1515 1032 1833 1092 sedaverat,
1875 1041 1994 1097 qua
2035 1025 2200 1080 multa

621 1146 917 1202 magnaque
938 1129 1196 1186 beneficia
1221 1127 1275 1182 in
1299 1141 1422 1182 eum
1449 1123 1767 1179 contulerat.
1791 1118 2067 1190 Siquidem
2087 1116 2204 1170 haec

621 1225 906 1280 barbarum
929 1222 1076 1278 illum
1094 1219 1398 1292 prostravit,
1421 1232 1487 1274 eo
1515 1214 1656 1286 quod
1685 1214 1989 1285 priusquam
2019 1209 2200 1263 mitte-

618 1327 701 1370 ret
721 1315 972 1386 lapidem,
991 1328 1113 1368 eum
1144 1308 1465 1384 precationis
1491 1306 1687 1362 robore
1711 1305 1880 1360 fuerat
1901 1313 2198 1372 aggressus.

619 1403 801 1478 Neque
820 1405 962 1461 enim
985 1402 1192 1472 vulgari
1221 1414 1371 1455 more
1396 1397 1620 1470 proiecit
1643 1395 1870 1469 lapidem
1889 1433 1906 1460 ,
1928 1391 2021 1446 sed
2052 1389 2201 1461 prius

620 1497 735 1552 hinc
759 1499 1008 1566 loquutus
1029 1537 1045 1560 ,
1068 1491 1148 1548 Tu
1176 1493 1311 1547 venis
1337 1492 1406 1545 ad
1438 1507 1516 1543 me
1557 1489 1609 1542 in
1645 1488 1744 1541 diis
1770 1487 1888 1550 tuis,
1918 1500 2008 1556 ego
2035 1490 2202 1536 autem

620 1589 760 1642 venio
788 1587 856 1640 ad
883 1595 930 1638 te
956 1585 1008 1638 in
1038 1583 1236 1637 nomine
1262 1580 1470 1638 Domini
1499 1578 1747 1644 Sabaoth,
1779 1576 1860 1630 cui
1891 1572 2203 1644 exprobrasti

622 1680 769 1733 hodie
790 1676 868 1749 (I.
902 1675 1031 1747 Reg.
1062 1675 1149 1729 l7.
1182 1672 1270 1742 45)
1301 1708 1316 1739 ,
1347 1672 1524 1726 emisit
1553 1669 1803 1738 lapidem.
1833 1666 1958 1721 limc
1992 1679 2094 1718 vox
2121 1663 2200 1717 la-

620 1771 794 1840 pidem
837 1768 998 1822 velttti
1042 1781 1204 1820 manu
1247 1763 1399 1818 duxit
1430 1763 1483 1815 in
1509 1758 1719 1814 tloliath
1747 1799 1763 1825 ,
1791 1757 1907 1812 haec
1950 1767 2200 1824 pavorem

622 1857 1142 1921 incussitbarbaro,
1167 1857 1281 1909 tunc
1318 1853 1484 1909 hostis
1511 1847 1888 1905 confidentiam
1930 1845 2104 1916 fregit.
2139 1844 2205 1898 Et

620 1953 743 2025 quid
785 1951 1024 2015 miraris,
1052 1949 1093 2003 si
1122 1963 1225 2001 vox
1245 1946 1372 2014 justi
1404 1953 1458 2000 et
1488 1943 1717 1996 furorem
1759 1940 1997 2010 mitigat,
2026 1947 2082 1994 et
2109 1936 2205 1991 ho-

621 2052 727 2099 stes
747 2042 946 2108 dejicit,
968 2055 1088 2096 cum
1114 2038 1304 2108 impios
1331 2035 1541 2106 quoque
1565 2033 1782 2103 spiritus
1805 2030 2071 2101 expellat?
2095 2029 2202 2082 Lo-

624 2132 920 2203 qucbantur
966 2139 1168 2185 tantum
1217 2127 1440 2198 apostoli
1466 2163 1483 2192 ,
1515 2135 1568 2179 et
1596 2122 1866 2192 fugiebant
1892 2134 2079 2175 omnes
2105 2118 2203 2173 ad-

624 2221 869 2276 versaria:
912 2226 1222 2288 potestates.
1284 2216 1396 2269 Vox
1449 2223 1754 2267 sanctorum
1803 2209 2113 2280 frequenter
2152 2215 2206 2261 et

619 2313 881 2367 elementa
945 2309 1099 2374 vicit,
1150 2317 1203 2362 et
1256 2313 1547 2377 potestates
1607 2303 1818 2356 illorum
1881 2299 2198 2355 immutavit.

623 2403 896 2473 Loquutus
936 2409 1018 2456 est
1043 2409 1244 2453 tantum
1283 2394 1438 2453 Jesus
1462 2395 1605 2449 Nave
1623 2434 1638 2460 ,
1662 2391 1774 2450 Stet
1798 2391 1877 2447 sol
1899 2399 1946 2446 et
1972 2389 2094 2444 lena
2116 2429 2130 2453 ,
2152 2395 2208 2444 et

622 2494 799 2556 stetit;
826 2493 902 2547 sic
930 2499 984 2545 et
1010 2490 1184 2544 Moses
1208 2502 1353 2541 mare
1381 2488 1650 2555 ingressus
1673 2491 1785 2548 est,
1814 2490 1868 2536 et
1887 2480 2047 2536 cessit
2066 2478 2204 2550 (los.

624 2583 710 2638 ιο.
746 2581 1024 2648 12;Exod.
1055 2579 1141 2634 ll.
1184 2575 1413 2648 9i):sic
1458 2583 1564 2629 tres
1608 2572 1681 2628 illi
1726 2570 1874 2643 pueri
1926 2571 2060 2642 ignis
2099 2569 2206 2624 vim

623 2675 1014 2736 exstiumrunt,
1047 2668 1259 2741 hymnis
1285 2667 1386 2721 illis
1425 2667 1534 2719 suis
1563 2678 1627 2718 ac
1655 2678 1786 2718 voce
1820 2660 1978 2733 (Dan.
2002 2658 2080 2730 5).
2115 2659 2206 2714 lti-

623 2765 745 2818 dem
775 2773 829 2816 et
851 2760 973 2816 Suisl
999 2759 1066 2814 ad
1096 2757 1335 2814 eamdem
1365 2769 1548 2810 vocem
1576 2752 1810 2817 incaluit,
1842 2751 2024 2806 dicens
2052 2768 2067 2805 :
2098 2748 2211 2804 Vos:

627 2867 714 2909 tua
747 2856 875 2920 ista,
904 2852 980 2922 ﬁli
1017 2849 1179 2904 Dauid
1195 2849 1222 2902 .’
1249 2847 1382 2914 Quid
1423 2847 1579 2916 igitur
1621 2842 1823 2900 David?
1853 2841 2042 2899 Servus
2069 2851 2207 2908 tuus,

626 2949 826 3001 domine
850 2947 919 2999 mi
944 2960 1052 2999 res.
1083 2941 1310 2998 Posthac
1333 2949 1603 2994 certamen
1641 2937 1832 3005 oritur,
1860 2944 1916 2991 et
1938 2933 2210 2991 contentio

626 3051 745 3096 uter
759 3039 985 3093 alterum
1011 3034 1212 3105 majore
1235 3038 1585 3102 prosequatur
1606 3029 1828 3083 honore.
1853 3026 1977 3083 Salii
1998 3025 2210 3097 quidem

627 3131 694 3185 ad
723 3127 1092 3199 cognationem
1112 3122 1334 3179 adscivit
1358 3139 1372 3175 :
1399 3120 1563 3176 David
1582 3129 1759 3175 autem
1785 3118 2059 3174 dominum
2082 3131 2207 3173 eum

628 3221 878 3295 appellat.
908 3216 1060 3286 Quod
1080 3224 1257 3270 autem
1287 3213 1450 3280 dicit,
1479 3212 1584 3268 tale
1613 3222 1695 3266 est
1721 3228 1734 3264 :
1763 3210 1936 3267 Unum
1961 3250 1979 3274 ,
2009 3209 2210 3279 inquit,

631 3311 758 3368 illud
789 3323 972 3380 quarro
989 3348 1006 3373 ,
1033 3307 1257 3361 salutem
1289 3314 1431 3360 tuam
1460 3317 1524 3358 ac
1545 3303 1756 3357 virtutis
1781 3301 2095 3372 profectum.
2120 3299 2214 3354 Fi-

632 3401 760 3456 lium
808 3414 896 3453 me
935 3395 1252 3467 appellasti,
1279 3393 1408 3448 mihi
1449 3407 1576 3446 vero
1615 3391 1745 3446 satis
1769 3399 1890 3454 est,
1918 3391 1965 3446 si
2004 3405 2091 3446 me
2117 3403 2215 3460 pro

632 3488 830 3544 famulo
859 3486 1054 3541 habeas
1073 3523 1089 3549 ,
1122 3492 1325 3538 tantum
1356 3490 1412 3536 ut
1433 3482 1564 3536 iram
1589 3495 1757 3551 ponas
1778 3521 1795 3547 ,
1827 3489 2031 3536 tantum
2061 3489 2118 3535 ut
2147 3494 2215 3537 ne

631 3578 757 3651 quid
787 3578 854 3633 de
879 3591 964 3632 me
992 3575 1264 3645 suspicere
1285 3573 1431 3638 mali,
1460 3587 1563 3628 neu
1593 3586 1680 3628 me
1709 3579 1861 3642 putes
1891 3570 2098 3627 hostem
2125 3579 2218 3626 aut

632 3669 1013 3725 insidiatorem.
1038 3665 1278 3735 implevit
1314 3663 1455 3718 illam
1482 3663 1652 3735 legem
1680 3663 2025 3735 apostolicam
2049 3703 2065 3731 ,
2096 3679 2216 3734 qua:

628 3761 800 3832 jubet,
829 3769 888 3813 ut
916 3771 1015 3813 nos
1039 3758 1182 3826 ipsos
1209 3757 1480 3811 vincentes
1509 3756 1712 3810 honore
1740 3755 1968 3809 invicem
2009 3769 2216 3825 prave-

634 3853 844 3908 niamus
887 3850 1064 3924 (Rom.
1095 3848 1183 3904 l2.
1229 3848 1352 3918 ill),
1383 3862 1489 3903 non
1531 3848 1823 3904 secundum
1869 3846 2217 3918 plurimorum

633 3957 857 4006 rnorem,
875 3942 963 4010 qui
992 3939 1140 4009 pejus
1159 3937 1334 3994 allecti
1358 3947 1502 4005 sunt,
1519 3953 1676 4008 quam
1700 3939 1828 4009 ipsa:
1852 3936 2105 4006 pecudes,
2127 3935 2217 4007 qui

637 4034 933 4105 proximum
962 4045 1031 4086 ne
1055 4028 1203 4085 affari
1230 4029 1443 4100 quidem
1482 4031 1687 4100 priores
1716 4030 2001 4095 sustinent,
2030 4028 2219 4083 existi-

636 4132 842 4183 mantes
866 4137 986 4179 sese
1011 4112 1328 4178 contumelia
1355 4118 1516 4190 afﬁci,
1547 4128 1602 4177 et
1627 4137 1658 4176 a
1686 4119 1942 4192 dignitate
1965 4118 2143 4191 dejici,
2170 4120 2217 4176 si

635 4230 793 4289 quem
822 4215 905 4270 vel
925 4213 1082 4270 affatu
1104 4212 1330 4284 simplici
1357 4213 1702 4283 eompellcnt.

709 4303 862 4360 Nihil
906 4304 1048 4358 inani
1092 4301 1256 4374 gloria
1289 4302 1492 4372 turpius
1528 4302 1574 4359 ei
1594 4341 1610 4369 ,
1636 4301 1721 4373 qui
1749 4302 1938 4357 honore
1958 4303 2221 4374 ρωυωὶτί

637 4396 764 4452 salt.
786 4424 858 4438 -
879 4394 1016 4465 Quid
1053 4393 1152 4451 ista
1181 4393 1449 4451 dementia
1479 4393 1648 4463 possit
1674 4408 1794 4450 esse
1821 4394 1991 4466 magis
2019 4394 2221 4450 ridicu-

637 4486 783 4542 ium?
803 4485 928 4558 quid
948 4485 1048 4541 hac
1061 4485 1360 4556 arrogantia
1382 4483 1622 4555 fastuque
1639 4485 1865 4542 foedius?
1885 4486 2035 4542 Tunc
2053 4487 2220 4554 enim.

641 4587 787 4641 tunc,
815 4577 1027 4648 inquam
1045 4615 1060 4643 ,
1084 4592 1113 4631 a
1140 4576 1393 4648 dignitate
1419 4575 1658 4647 deiectus
1684 4593 1764 4644 cs,
1791 4593 1825 4634 ο
1855 4578 2016 4639 Ιιοιιιο
2042 4621 2060 4648 ,
2092 4589 2222 4640 tunc

643 4667 858 4737 injuria,
873 4675 1000 4721 tunc
1019 4667 1338 4723 contumelia
1353 4665 1573 4723 allectus
1592 4682 1671 4736 es,
1693 4670 1900 4739 quoties
1920 4679 2218 4742 exspectas,

643 4765 703 4812 ut
726 4756 997 4828 proximus
1021 4763 1075 4812 tc
1099 4757 1244 4826 prior
1269 4756 1585 4827 alloquetur.
1615 4759 1752 4828 Quid
1780 4762 1925 4823 enim
1963 4776 2223 4834 arrogat).

646 4849 714 4903 tia
739 4845 1016 4905 deterius?
1043 4846 1170 4925 quid
1200 4847 1338 4902 fastu
1363 4857 1418 4902 et
1454 4847 1598 4902 inani
1634 4849 1801 4919 gloria
1828 4851 1995 4923 magis
2021 4852 2222 4908 ridicu-

645 4939 794 4996 lum?
816 4937 947 4996 Nam
984 4939 1030 4994 si
1055 4939 1202 5014 prior
1225 4939 1543 5009 alloquaris,
1566 4949 1622 4996 ct
1650 4941 1790 4998 Deus
1816 4943 1930 5014 ipse
1955 4944 2220 5001 collauda-

646 5033 743 5102 bit,
768 5032 910 5104 quod
938 5041 1021 5088 est
1042 5031 1278 5087 omnium
1305 5031 1592 5087 maximum
1611 5073 1627 5099 ,
1661 5043 1717 5094 et
1741 5035 1984 5096 homines
2007 5038 2224 5110 insuper

644 5122 1066 5196 commobabunt
1086 5159 1103 5189 ,
1134 5130 1297 5193 tuque
1347 5119 1488 5178 illius
1511 5126 1879 5196 appellationis
1919 5131 2221 5191 mercedem

645 5226 808 5274 totam
834 5215 1081 5287 accipies.
1100 5213 1264 5285 Quod
1288 5216 1332 5272 sl
1360 5219 1769 5287 exspectaveris,
1794 5228 1853 5283 ut
1878 5223 2024 5292 prior
2047 5223 2222 5282 hanc.

644 5320 811 5376 ratus,
829 5316 940 5366 tum
966 5306 1195 5380 denique
1223 5307 1520 5378 proximum
1543 5307 1792 5377 honores,
1822 5311 1953 5372 nihil
1971 5313 2080 5386 jam
2111 5331 2225 5370 ma-

641 5404 734 5475 gni
758 5400 968 5461 feceris.
994 5399 1124 5461 Nam
1145 5399 1190 5456 is
1214 5399 1355 5460 unde
1378 5399 1595 5462 honoris
1614 5404 1776 5476 carpit
1804 5404 2009 5462 initium
2036 5447 2052 5471 ,
2081 5407 2221 5468 idem

644 5491 798 5548 relati
821 5489 916 5551 abs
945 5499 996 5547 te
1020 5488 1238 5546 honoris
1261 5497 1426 5546 totam
1452 5491 1749 5548 mercedem
1773 5503 2090 5565 accepturus
2117 5503 2221 5553 est.

645 5577 875 5639 Proinde
902 5595 970 5642 ne
993 5589 1390 5650 exspectemus,
1418 5590 1480 5639 ut
1501 5581 1591 5638 alii
1626 5583 1832 5654 priores
1859 5584 2014 5642 nobis
2052 5586 2222 5644 hono-

645 5684 761 5732 rem
786 5673 1053 5742 deferant.
1077 5673 1172 5735 scd
1190 5688 1534 5738 mammas
1555 5675 1623 5732 ad
1648 5677 2006 5737 exhibendum
2036 5683 2222 5752 proxi-

647 5782 738 5828 tno
763 5767 1053 5835 honorem,
1078 5778 1399 5844 semperque
1426 5781 1456 5823 a
1483 5766 1634 5826 nobis
1658 5768 1860 5830 oriatur
1886 5773 2244 5833 salutationis.

1325 375 1383 432 8.
1421 366 1700 430 JOANNIS
1735 361 2208 424 CHRYSOSTOHI
2246 361 2566 422 ARCHIEP.
2607 365 3142 430 CONSTANTINOP.

3803 377 3905 434 7M

2312 481 2560 539 initium:
2616 497 2792 554 neque
2837 495 3088 558 putemus
3123 487 3224 544 hoc
3263 487 3500 544 officium
3545 501 3670 546 esse
3713 498 3905 545 eonte-

2305 575 2596 630 mnendum
2618 584 2671 632 et
2686 575 2922 648 vulgare,
2940 577 2986 634 si
3004 578 3231 635 libenter
3243 587 3297 634 et
3320 587 3565 635 amanter
3583 578 3904 634 salutemus.

2302 664 2436 720 Nam
2474 666 2580 723 hoc
2624 668 3045 739 praetermissum
3089 669 3285 725 multas
3326 669 3592 726 amicitias
3632 668 3907 737 dist-opis,

2306 757 2502 810 multas
2541 757 2751 828 peperit
2774 756 3076 814 simultates
3098 775 3112 812 :
3132 759 3583 829 quemadmodum
3611 772 3646 814 e
3683 757 3909 813 diverso

2305 846 2444 900 idem
2476 847 2715 902 studiose
2739 847 3059 914 exhibitum,
3084 858 3302 904 veteres
3326 858 3380 905 et
3405 849 3686 905 diuturnas
3724 847 3907 903 inimic

2304 936 2456 991 citias
2479 936 2763 1002 dissolvit,
2792 947 2847 993 et
2870 938 3132 994 amicitias
3155 939 3363 1009 priores
3399 938 3757 994 conﬁrmavit.
3785 932 3908 992 Noli

2301 1025 2484 1096 igitur,
2515 1026 2809 1092 carissime,
2847 1028 2930 1083 his
2955 1029 3008 1084 in
3035 1029 3196 1085 rebus
3221 1028 3457 1084 studium
3482 1030 3774 1101 negligere;
3810 1027 3907 1084 sed

2303 1117 2347 1170 si
2380 1116 2492 1171 lleri
2520 1123 2730 1185 potest,
2763 1117 2952 1173 obvios
2987 1119 3404 1192 qualescumque
3428 1119 3663 1187 fuerint,
3695 1129 3810 1174 tum
3851 1119 3908 1173 in

2303 1209 2623 1275 sulutando,
2656 1218 2767 1264 tum
2815 1209 2868 1264 in
2893 1211 3104 1266 caloris
3127 1211 3378 1266 omnibus
3426 1212 3636 1281 priores
3678 1210 3909 1266 delinia-

2303 1318 2441 1358 mus.
2471 1302 2622 1370 Quod
2652 1303 2698 1358 si
2731 1303 2851 1376 quis
2891 1311 2950 1358 te
2978 1303 3339 1372 prevenerit,
3371 1303 3631 1374 majorem
3670 1301 3910 1372 repende

2301 1393 2585 1453 honorem.
2611 1393 2742 1451 Nam
2773 1404 2826 1449 et
2863 1396 2966 1448 hoc
2987 1394 3268 1449 admonuit
3295 1395 3515 1460 Paulus,
3543 1395 3615 1449 ita
3640 1393 3906 1462 loquens:

2304 1485 2406 1538 Alii
2429 1485 2558 1538 alios
2585 1484 2723 1538 vobis
2748 1484 2874 1554 ipsis
2900 1485 3186 1553 superiores
3214 1486 3496 1539 existimate
3513 1486 3530 1517 ⁸
3559 1484 3822 1558 (Philipp.
3848 1483 3904 1538 2.

2303 1575 2383 1645 3).
2415 1575 2488 1628 ita
2531 1573 2656 1629 fecit
2687 1573 2852 1628 David
2876 1615 2890 1637 ,
2915 1574 3006 1643 qui
3035 1583 3090 1628 et
3117 1574 3262 1643 prior
3292 1574 3550 1628 honorem
3591 1572 3815 1637 detulit,
3852 1581 3907 1627 ct

2305 1671 2597 1720 honoratus
2622 1665 2877 1736 majorem
2907 1664 3168 1720 honorem
3190 1665 3450 1735 reposuit,
3476 1665 3692 1720 dicens:
3714 1663 3906 1718 Servus

2303 1765 2440 1821 tuus,
2465 1756 2669 1809 domine
2695 1757 2764 1810 nti
2790 1772 2901 1810 rex.
2927 1755 3060 1810 Vide
3088 1770 3236 1822 vero,
3269 1765 3524 1826 quantum
3549 1753 3740 1810 fecerit
3769 1754 3903 1808 lucri

2307 1847 2470 1902 David
2510 1849 2626 1903 haec
2666 1848 2934 1918 loquutus.
2987 1847 3103 1902 Non
3144 1847 3256 1918 jam
3300 1846 3547 1900 sustinuit
3597 1845 3725 1901 Saitl
3767 1844 3907 1900 hanc

2303 1952 2488 1993 vocem
2516 1938 2704 1993 audire
2728 1940 2842 1993 sine
2865 1938 3136 2008 lacrymis,
3158 1935 3254 1992 sed
3278 1937 3505 2006 ploravit
3521 1950 3724 2001 amare,
3743 1934 3905 1989 animi

2304 2029 2584 2083 sanitatem
2615 2042 2679 2081 ac
2708 2026 3102 2098 philosophiam
3129 2068 3145 2094 ,
3177 2041 3337 2098 quam
3383 2025 3546 2080 David
3595 2025 3866 2083 inseverat
3889 2063 3902 2089 ,

2305 2119 2552 2190 lacrymis
2575 2119 2877 2174 declarans.

2379 2209 2430 2261 7.
2473 2207 2610 2272 Quid
2654 2222 2773 2262 esse
2817 2208 2985 2277 possit
3039 2207 3143 2262 hoc
3197 2206 3456 2277 propheta
3513 2206 3760 2270 beatius,
3815 2205 3906 2276 qui

2305 2300 2449 2356 brevi
2469 2300 2722 2370 temporis
2739 2307 3009 2355 momento
3028 2297 3108 2356 sic
3124 2299 3332 2355 hostem
3352 2313 3383 2354 a
3403 2297 3583 2354 furore
3601 2298 3670 2353 ad
3695 2297 3906 2355 sobrie-

2307 2400 2470 2446 tatem
2499 2393 2822 2461 composuit,
2844 2401 2897 2446 et
2924 2391 3160 2446 animum
3189 2401 3381 2455 nactus
3414 2392 3692 2462 sanguinis
3716 2406 3781 2445 ac
3805 2406 3907 2446 ca:-

2307 2482 2390 2537 dis
2416 2481 2685 2540 sitientem
2707 2523 2722 2550 ,
2752 2493 2974 2552 repente
2994 2482 3062 2538 ad
3093 2483 3324 2537 lamenta
3350 2491 3405 2538 et
3428 2481 3657 2554 ejulatus
3681 2493 3906 2551 compu-

2310 2575 2411 2629 lit?
2442 2575 2558 2630 Non
2581 2575 2804 2645 perinde
2832 2576 3000 2631 miror
3035 2575 3235 2631 Moscm
3259 2576 3401 2646 quod
3421 2590 3451 2631 e
3478 2589 3608 2630 saxo
3637 2585 3910 2645 praerupto

2311 2663 2483 2721 fontes
2505 2665 2687 2721 elicuit
2710 2679 2966 2736 aquarum
2985 2665 3181 2736 (Exod.
3199 2667 3285 2723 l7.
3313 2665 3389 2737 6),
3412 2676 3469 2721 ut
3488 2665 3727 2720 admiror
3750 2665 3908 2719 Davi-

2309 2757 2454 2824 dem,
2481 2757 2624 2828 quod
2651 2773 2716 2813 ex
2737 2760 2908 2814 oculis
2938 2758 3164 2829 lapideis
3185 2757 3360 2814 fontes
3374 2757 3621 2814 eduxerit
3647 2757 3913 2830 lacryma-

2309 2863 2450 2905 rum.
2487 2848 2698 2904 Etenim
2731 2849 2822 2906 ille
2845 2849 3061 2921 quidem
3092 2850 3220 2906 vicit
3263 2859 3542 2919 naturam,
3567 2857 3623 2904 et
3666 2848 3756 2904 hic
3787 2849 3915 2905 vicit

2309 2940 2474 2997 animi
2503 2941 2837 3012 propositum
2871 2959 2886 2997 :
2917 2942 3008 2998 ille
3033 2943 3184 3014 virga
3215 2943 3486 3015 percussit
3523 2942 3757 3014 lapidem
3784 2984 3798 3008 ,
3828 2942 3914 2998 hic

2311 3047 2560 3089 sermone
2591 3033 2793 3104 pepulit
2826 3047 2940 3100 cor,
2969 3048 3078 3089 non
3105 3041 3163 3088 ut
3189 3034 3535 3090 contristaret
3559 3074 3574 3098 ,
3602 3031 3698 3088 sed
3725 3041 3785 3087 ut
3813 3044 3913 3104 pu-

2313 3140 2431 3181 rum
2482 3133 2926 3198 mansuetumque
2973 3125 3256 3192 redderet;
3299 3126 3441 3196 quod
3483 3125 3643 3181 etiam
3688 3124 3918 3196 perfecit

2315 3217 2520 3287 majore
2545 3216 2805 3273 beneflcio
2829 3231 3011 3288 regem
3041 3216 3284 3273 alliciens
3308 3232 3467 3288 quam
3499 3225 3659 3273 antea
3684 3215 3913 3274 fecerat.

2317 3306 2414 3362 Est
2427 3306 2642 3378 quidem
2657 3306 2788 3362 illud
2804 3306 2961 3363 laude
2976 3321 3290 3378 summaque
3309 3307 3661 3364 admiratione
3671 3307 3920 3379 dignum,

2314 3399 2456 3471 quod
2480 3414 2665 3456 ensem
2708 3415 2816 3456 non
2858 3400 3077 3457 tinxerit
3119 3401 3381 3473 sanguine
3405 3443 3421 3470 ,
3445 3415 3544 3458 nec
3578 3390 3746 3472 caput
3789 3401 3920 3458 illud

2317 3491 2512 3548 hostile
2540 3493 2836 3548 resecuerit
2861 3509 2874 3546 :
2897 3491 2994 3549 sed
3023 3491 3183 3564 longe
3215 3493 3420 3563 majore
3447 3508 3646 3550 corona
3693 3493 3920 3565 dignum

2316 3591 2449 3649 erat,
2472 3582 2617 3653 quod
2643 3583 2819 3653 ipsum
2843 3581 3045 3638 inimici
3069 3584 3404 3654 propositum
3428 3585 3752 3650 immutarit.
3778 3598 3926 3640 euut-

2316 3688 2421 3745 que
2442 3673 2672 3729 reddidit
2691 3674 2991 3743 meliorem,
3013 3661 3245 3746 eumque
3257 3674 3326 3732 ad
3341 3690 3493 3732 suam
3515 3676 3631 3748 ipse
3654 3678 3924 3733 convertit

2319 3764 2722 3821 humanitatem.
2747 3764 2861 3821 Hoc
2885 3765 3203 3822 beneﬁcium
3230 3765 3321 3820 illo
3343 3765 3683 3836 prmatantius
3699 3775 3805 3822 est.
3824 3766 3927 3822 Nc-

2317 3870 2421 3925 que
2431 3855 2572 3910 enim
2595 3855 2742 3925 paria
2763 3855 3216 3922 sunt,condonare
3229 3855 3462 3927 culpam,
3477 3866 3532 3913 et
3545 3856 3611 3915 ad
3623 3858 3792 3912 animi
3809 3859 3926 3928 phi-

2319 3947 2506 4018 losoph
2513 3947 2618 4003 iam
2636 3948 2923 4016 adducere;
2945 3962 3053 4003 non
3073 3957 3198 4002 sunt
3213 3949 3379 4019 paria,
3393 3948 3624 4004 liberare
3636 3949 3709 4004 ab
3725 3949 3806 4004 ira
3819 3966 3924 4006 ca:-

2318 4037 2440 4094 dem
2454 4038 2700 4109 injustam
2713 4039 2971 4108 spirante,
2987 4038 3223 4094 eximere
3233 4053 3263 4092 a
3279 4037 3446 4106 cede,
3459 4045 3515 4093 et
3524 4039 3770 4095 eximere
3792 4055 3823 4095 a
3844 4040 3925 4095 fu-

2318 4143 2441 4185 rore
2470 4127 2537 4184 ad
2567 4137 2771 4184 tantum
2799 4137 3121 4199 properante
3139 4127 3313 4184 nefas.
3336 4127 3471 4183 Dum
3491 4128 3634 4183 enim
3662 4129 3928 4186 satellites

2318 4234 2448 4277 suos
2475 4219 2640 4277 David
2665 4219 2924 4289 cohibuit,
2953 4235 3023 4278 ne
3045 4219 3259 4278 Saulem
3288 4218 3638 4288 occiderem,
3667 4223 3924 4294 presenti

2319 4310 2538 4384 quidem
2565 4313 2689 4367 vita:
2715 4310 2912 4383 profuit
2935 4328 2950 4366 :
2970 4320 3028 4366 at
3050 4325 3173 4369 cum
3201 4311 3421 4367 mnibus
3453 4309 3635 4368 verbis
3661 4312 3927 4368 malitiam

2321 4419 2388 4461 ex
2402 4406 2582 4460 animo
2596 4403 2836 4474 depellit,
2853 4402 3084 4461 futuram
3101 4403 3176 4460 illi
3199 4407 3361 4459 vitam
3376 4411 3686 4476 aeternaque
3704 4404 3927 4475 largitus

2323 4505 2409 4553 est
2432 4497 2594 4566 bona,
2624 4506 2883 4568 quantum
2911 4495 3130 4569 quidem
3158 4503 3277 4554 erat
3311 4494 3366 4550 in
3403 4495 3541 4567 ipso.
3571 4493 3800 4564 Quoties
3830 4494 3928 4567 igi-

2323 4600 2410 4650 tur
2437 4591 2698 4647 Davidem
2723 4589 2909 4647 laudas
2933 4590 3005 4646 ob
3032 4589 3195 4660 ipsius
3219 4589 3687 4645 mansuetudinem
3705 4629 3722 4655 ,
3752 4589 3926 4660 magis

2322 4685 2471 4741 illum
2498 4682 2675 4748 lauda,
2693 4682 2837 4756 quod
2859 4679 3075 4738 Ssﬁlem
3103 4681 3416 4736 immutarit.
3447 4679 3724 4752 Siquidem
3757 4679 3929 4736 multo

2323 4778 2501 4833 minus
2543 4785 2628 4832 est
2669 4775 2904 4847 propriis
2951 4783 3251 4846 temperare
3291 4771 3712 4845 cupiditatibus,
3761 4787 3925 4843 quam

2323 4869 2554 4926 alienum
2585 4870 2800 4924 vincere
2827 4866 3064 4924 furorem
3090 4909 3105 4933 ,
3135 4882 3294 4942 quam
3332 4882 3428 4923 cor
3454 4867 3533 4924 ira
3561 4868 3928 4923 intumescens

2325 4973 2670 5035 compescere
2697 5000 2714 5025 ,
2743 4972 2880 5030 eque
2927 4965 3072 5014 tanta
3117 4965 3436 5030 tempestate
3492 4963 3693 5013 tantam
3747 4954 3928 5013 facere

2327 5049 2765 5122 tranquillitatem
2794 5089 2811 5118 ,
2841 5063 2999 5124 quam
3053 5049 3238 5106 oculos
3293 5047 3638 5105 homicidium
3694 5062 3811 5119 pra:
3865 5062 3927 5104 se

2325 5143 2560 5202 ferentes
2587 5141 2778 5197 calidis
2801 5141 3026 5218 implere
3052 5140 3327 5214 lacrymis.
3352 5141 3527 5210 Atque
3553 5139 3656 5196 hoc
3682 5147 3768 5196 est
3807 5148 3924 5194 stu-

2327 5234 2472 5304 poris
2496 5246 2559 5286 ac
2587 5231 2829 5287 miraculi
2858 5232 3098 5304 plenum.
3127 5231 3339 5289 Etenim
3377 5231 3425 5286 si
3447 5229 3577 5286 Sail
3606 5230 3795 5286 luisset
3829 5229 3921 5286 ho-

2325 5336 2416 5378 mo
2461 5319 2768 5380 moderatus
2794 5329 2850 5379 et
2896 5337 3081 5393 aquus
3102 5364 3119 5390 ,
3142 5336 3251 5379 non
3277 5319 3568 5380 admodum
3607 5323 3786 5393 magni
3811 5330 3925 5379 erat

2327 5413 2525 5484 negotii
2551 5412 2621 5468 ad
2649 5413 2858 5469 solitam
2890 5428 3014 5468 eum
3043 5427 3296 5469 revocare
3325 5413 3582 5470 virtutem
3608 5419 3701 5468 :at
3723 5411 3922 5468 eﬂ’era-

2327 5512 2438 5559 tum
2467 5511 2525 5560 et
2550 5501 2618 5558 ad
2646 5513 2938 5560 extremam
2965 5512 3275 5574 provectum
3300 5502 3583 5571 malitiam,
3608 5502 3828 5574 jamque
3854 5501 3920 5558 ad

2325 5595 2529 5653 cedem
2556 5605 2935 5666 properantem
2958 5595 3108 5653 brevi
3138 5593 3395 5668 temporis
3422 5604 3701 5652 momento
3724 5595 3802 5651 sic
3836 5593 3917 5650 af-

2390 5729 2408 5763 ι
2443 5727 3400 5799 Unushocmodoleglznieeushtlil
3433 5728 3916 5796 “omnem

2327 5790 2772 5845 meum
2774 5824 2790 5841 .
2925 5790 2951 5796 ⁷
3838 5790 3876 5865 '_
