4178 6330
255 400 364 456 703

255 513 583 570 ἀκούσεταιο
637 514 773 585 ὅπερ
819 512 914 568 οῦν
965 513 1060 567 καὶ
1110 514 1140 566 6
1185 512 1360 566 Σαοὺλ
1413 507 1567 574 οὗτος
1620 506 1842 560 ἔπαθεν.

267 597 491 668 Ἐπειδὴ
516 597 626 669 γάρ
658 598 719 650 τὸ
747 598 906 665 νέφος
941 596 1205 668 διερῥάγη
1241 595 1340 667 τῆς
1377 594 1597 665 ἔχθρας,
1635 591 1848 658 ἐπέγνω

254 680 352 734 τοῦ
377 681 541 734 Δαυῒδ
560 682 660 750 τήν
693 680 897 750 φωνὴν,
921 681 1014 732 καί
1044 695 1232 750 φησιν·
1263 679 1323 732 Ἠ
1338 676 1506 746 φωνή
1533 690 1650 730 σου
1673 674 1846 740 αὕτη,

253 763 477 818 τέκνον
505 762 720 827 Δαυτδς
747 762 883 816 Ποία
914 762 1116 830 Αὕτη;
1148 762 1213 815 Ἡ
1250 760 1341 814 τὸν
1363 759 1556 812 Γολιάθ
1589 773 1847 823 κατενεγ-

255 846 451 910 κοῦσα,
483 845 577 899 καὶ
608 846 708 916 τήν
732 844 888 898 πόλιν
913 845 1273 916 ἐξαρπάσασα
1302 842 1410 895 τῶν
1445 840 1724 899 κινδύνων,
1755 838 1848 892 καὶ

255 928 390 998 περὶ
418 926 664 989 δουλείας
697 928 793 981 καὶ
823 928 951 998 περὶ
983 926 1213 981 θανάτου
1248 924 1653 986 κινδυνεύοντας
1674 922 1847 975 ἀπαν-

252 1027 355 1072 τας
390 1012 481 1063 καὶ
523 1010 660 1080 πρὸς
684 1010 983 1080 ἀσφάλειαν
1011 1009 1107 1061 καὶ
1137 1008 1271 1078 πρὸς
1298 1006 1606 1076 ἐλευθερίαν
1641 1003 1844 1058 ἐπανά-

253 1110 432 1162 γουσα
469 1094 651 1158 πάλιν,
692 1097 724 1164 ἡ
762 1094 860 1164 τὴν
892 1092 1100 1145 ἐκείνου
1137 1090 1578 1144 καταστέλλουσα
1622 1087 1843 1159 μανίαν,

253 1175 430 1230 πολλά
455 1177 547 1229 καὶ¹
579 1176 788 1246 μεγάλα
814 1175 976 1229 αὑτὸν
1003 1174 1354 1244 ἐργασαμένη
1383 1172 1543 1228 καλά.
1564 1171 1712 1242 Αὕτη
1737 1170 1846 1242 γάρ

251 1260 287 1327 ἡ
323 1259 476 1330 φωνὴ
504 1258 592 1312 τὸν
631 1257 906 1328 βάρϐαρον
951 1259 1160 1311 ἐκεῖνον
1218 1257 1526 1327 κατήνεγκε
1549 1270 1565 1286 ο
1601 1254 1708 1325 πρὸ
1737 1253 1844 1326 γὰρ

249 1341 348 1395 τοῦ
375 1340 546 1403 λίθου,
578 1342 612 1412 ὴ
637 1341 734 1410 τῆς
756 1341 921 1411 εὐχῆς
948 1340 1176 1410 δύναμις
1205 1339 1366 1392 αὑτὸν
1392 1337 1744 1409 ἐχειρώσατο.
1769 1338 1843 1390 Ού

249 1423 365 1494 γάρ
397 1424 583 1488 ἁπλῶς
616 1424 708 1476 τὸν
732 1422 878 1477 λίθον
909 1423 1153 1495 έρῥιψεν,
1181 1421 1320 1476 ἀλλά
1349 1422 1614 1492 πρότερον
1649 1419 1842 1484 εἰπὼν,

251 1506 340 1559 Σὺ
368 1506 516 1574 ἔρχῃ
539 1508 688 1572 πρός
710 1522 789 1574 με
813 1505 886 1559 ἐν
917 1505 1040 1572 τοῖς
1063 1504 1218 1571 θεοῖς
1242 1520 1359 1558 σου
1378 1521 1391 1534 ·
1423 1503 1539 1574 ἐγὼ
1572 1502 1641 1558 δὲ
1676 1503 1845 1572 ἔρχο-

243 1606 352 1656 μαι
381 1589 532 1655 πρὸς
565 1589 640 1642 σὲ
667 1589 736 1642 ἐν
762 1589 1006 1657 ὀνόματι
1033 1587 1258 1655 Κυρίου
1286 1587 1551 1652 Σαϐαὼθ,
1586 1586 1659 1641 ὃν
1686 1587 1846 1640 ὠνεί-

249 1670 432 1738 δισας
459 1670 748 1741 σήμερον,
784 1669 958 1734 οὓτως
1004 1670 1206 1739 ἀφῆκε.
1244 1671 1353 1723 Καὶ
1388 1669 1523 1739 αῦτη
1570 1669 1660 1723 τὸν
1697 1669 1843 1722 λίθον

248 1753 756 1825 ἐχειραγώγησενή
803 1753 981 1824 φωνὴ,
1011 1752 1152 1823 αῦτη
1189 1750 1288 1822 τὴν
1330 1752 1571 1819 ἀγωνίαν
1622 1751 1842 1805 ἐνέϐαλε

245 1835 329 1906 τῷ
360 1834 645 1908 βαρϐάρῳ,
683 1836 824 1908 αῦτη
853 1836 916 1889 τὸ
946 1836 1146 1907 θράσος
1182 1834 1404 1904 ἐξέκοψε
1425 1834 1520 1888 τοῦ
1558 1835 1838 1906 πολεμίου.

249 1918 366 1972 Καὶ
398 1918 451 1970 τί
500 1918 802 1988 θαυμάζεις
830 1959 846 1984 ,
886 1919 935 1972 εί
976 1917 1146 1988 θυμὸν
1192 1918 1543 1973 καταστέλλει
1581 1921 1733 1992 φωνὴ
1764 1920 1843 1973 δι-

246 2001 430 2064 καίου,
468 2003 560 2055 καὶ
590 2003 882 2073 πολεμίους
908 2001 1184 2073 καθαιρεῖ,
1214 2003 1347 2055 ὅπου
1381 2020 1444 2071 γε
1469 2005 1563 2056 καὶ
1583 2003 1844 2074 δαίμονας

245 2084 573 2151 ἀπελαύνει;
609 2085 966 2153 Ἐφθέγγοντο
988 2083 1118 2154 γοῦν
1141 2085 1303 2154 μόνον
1327 2086 1377 2137 οί
1405 2085 1715 2150 ἀπόστολοι,
1747 2088 1842 2140 xa‘:

246 2167 423 2220 πᾶσαι
445 2167 804 2238 ἐδραπέτευον
820 2168 876 2222 αἱ
899 2166 1274 2237 ἀντικείμεναι
1295 2167 1569 2238 δυνάμεις.
1602 2169 1664 2221 Ἠ
1689 2169 1842 2242 φωνὴ

243 2247 356 2302 τῶν
382 2248 552 2317 ἀγίων
582 2252 676 2304 καὶ
699 2249 771 2302 τὰ
801 2252 1043 2321 στοιχεῖα
1081 2249 1344 2314 πολλάκις
1369 2252 1586 2322 ἔστησε,
1613 2253 1708 2305 καὶ
1742 2252 1842 2316 τὰς

243 2331 527 2403 ἐνεργείας
552 2333 733 2386 αὐτῶν
774 2333 1093 2403 μετέϐαλεν.
1123 2328 1262 2386 Εῐπε
1287 2332 1417 2400 γοῦν
1443 2333 1471 2385 6
1512 2334 1719 2404 Ἰησοῦς
1746 2334 1839 2388 τοῦ

242 2413 407 2484 Ναυῆ
444 2414 625 2485 μόνον,
666 2413 870 2482 Στήτω
915 2415 948 2468 ὁ
1001 2415 1176 2483 ἥλιος
1206 2415 1306 2470 καὶ
1337 2418 1374 2484 ἠ
1419 2413 1696 2486 σελήνη,
1746 2418 1842 2472 καὶ

242 2496 411 2568 ἔστη·
448 2497 590 2553 οῦτω
630 2501 725 2552 καὶ
775 2501 803 2552 6
847 2499 1089 2570 Μωῦσῆς
1120 2499 1390 2552 θάλατταν
1443 2500 1674 2570 ἐπέδησε
1697 2542 1713 2567 ,
1748 2503 1840 2554 καὶ

235 2581 449 2653 ἀνῆκεν
472 2600 484 2613 ³
518 2582 691 2647 οὕτως
719 2584 768 2636 οἱ
798 2584 986 2646 παῖδες
1016 2585 1065 2636 οἱ
1097 2586 1248 2654 τρεῖς
1278 2584 1379 2655 τὴν
1421 2583 1701 2654 ἐνέργειαν
1744 2585 1838 2639 τοῦ

244 2665 418 2736 πυρὸς
448 2667 676 2721 ἔσϐεσαν
710 2667 798 2721 διὰ
849 2668 958 2721 τῶν
989 2666 1176 2737 ὓμνων
1214 2667 1440 2722 ἐκείνων
1487 2670 1580 2721 καὶ
1613 2669 1700 2723 διά
1737 2670 1838 2741 τῆς

241 2750 448 2822 φωνῆς.
480 2750 578 2804 Διά
617 2750 774 2803 τοῦτο
805 2751 901 2803 καὶ
937 2750 1073 2821 πρὸς
1094 2750 1263 2821 αὐτὴν
1285 2750 1384 2820 τὴν
1413 2752 1596 2822 φωνὴν
1620 2753 1836 2824 διαθερ-

242 2833 472 2905 μανθεὶς
497 2837 526 2888 ό
553 2834 726 2888 Σαοὺλ
756 2834 962 2902 ἐλεγεν¹
1001 2835 1062 2889 Ἠ
1082 2833 1253 2903 φωνή
1280 2849 1399 2889 σου
1422 2836 1597 2905 αὕτη,
1624 2837 1839 2892 τέκνον

239 2916 462 2982 Δαυτός
503 2917 568 2971 Τί
609 2918 739 2986 γοῦν
766 2920 796 2971 6
832 2918 1033 2983 Δαυῖδ;
1065 2919 1292 2984 Δοῦλός
1329 2933 1467 2985 σου,
1515 2920 1682 2988 κύριέ
1716 2939 1837 2992 μου

234 3000 522 3065 βασιλεῦ.
563 2999 803 3070 Ἀμιλλα
832 3000 1017 3054 λοιπὸν
1035 3001 1128 3054 καὶ
1164 3000 1465 3070 φιλονεικία
1500 3002 1728 3069 γίνεται,
1755 3003 1838 3067 τίς

239 3081 333 3136 τὸν
371 3082 598 3151 πλησίον
645 3083 907 3153 μειζόνως
952 3084 1197 3155 τιμήσει.
1241 3084 1480 3148 Ἐκεῖνος
1530 3086 1611 3148 είς
1648 3088 1838 3156 συγγέ-

239 3181 392 3218 νειαν
422 3167 648 3234 ἢγαγεν,
679 3160 833 3229 οὗτος
864 3165 1131 3237 δεσπότην
1152 3167 1315 3220 αὑτὸν
1340 3167 1644 3238 ὠνόμασεν.
1686 3171 1750 3221 Ὃ
1781 3171 1837 3223 δὲ

239 3247 410 3316 λέγει,
432 3247 672 3302 τοιοῦτόν
695 3251 863 3304 ἐστιν·
892 3250 993 3303 Ἓν
1016 3248 1164 3320 ζητῶ
1189 3250 1368 3320 μόνον,
1389 3253 1540 3321 φησὶ,
1564 3253 1836 3322 σωτηρίαν

237 3333 342 3402 τὴν
378 3331 498 3402 σὴν,
543 3333 636 3386 καὶ
694 3331 791 3404 τὴν
826 3333 1068 3386 ἐπίδοσιν
1111 3333 1209 3404 τῆς
1251 3333 1476 3405 ἀρετῆς.
1527 3335 1729 3388 Τέκνον
1770 3354 1836 3408 με

240 3414 530 3480 ἐκάλεσας,
564 3414 675 3484 ἐγὼ
697 3416 754 3469 δὲ
783 3415 983 3484 ἀγαπῶ
1014 3416 1108 3470 καὶ
1137 3417 1370 3486 στέργω,
1413 3416 1561 3490 [778]
1594 3419 1688 3472 ἐὰν
1717 3420 1836 3472 δοῦ-

239 3497 337 3551 λόν
369 3515 438 3569 με
484 3498 633 3571 ἔχῃς,
667 3499 828 3568 μόνον
866 3498 1003 3569 μετά
1029 3497 1125 3551 τοῦ
1168 3499 1470 3554 ἀποθέσθαι
1505 3501 1603 3571 τὴν
1644 3501 1831 3573 ὀργὴν,

241 3580 404 3651 μόνον
429 3582 567 3651 μετά
587 3582 682 3635 τοῦ
716 3581 881 3653 μηδὲν
912 3581 1240 3635 ὑποπτεύειν
1263 3582 1388 3653 περὶ
1411 3582 1546 3653 ἐμοῦ
1574 3586 1831 3655 πονηρὸν,

241 3665 444 3735 καὶμὴ
491 3664 733 3736 νομίζειν
776 3664 1061 3719 ἐπίϐουλον
1094 3661 1235 3719 εἶναι
1273 3666 1367 3718 καὶ
1412 3664 1688 3736 πολέμιον.
1731 3665 1834 3720 Τὸν

238 3745 352 3816 γὰρ
404 3747 760 3802 ἀποστολικὺν
804 3750 1010 3801 ἐκεῖνον
1067 3747 1308 3820 ἐπλήρου
1364 3749 1562 3818 νόμον,
1608 3749 1698 3802 τὸν
1737 3767 1832 3803 κε-

237 3828 464 3883 λεύοντα
489 3833 554 3901 τῇ
587 3833 723 3901 τιμῇ
756 3831 1020 3902 ἀλλήλους
1053 3832 1436 3902 προηγεῖσθαι,
1469 3833 1834 3903 ὑπερέχοντας

238 3911 448 3966 ἑαυτῶν
473 3930 486 3943 ·
515 3914 576 3966 οὑ
602 3913 854 3984 καθάπερ
879 3913 1084 3978 πολλοὶ,
1113 3914 1473 3984 βοσκημάτων
1500 3914 1832 3986 διακείμενοι

238 3996 443 4066 χεῖρον,
474 3995 594 4048 οὑδέ
638 3999 957 4066 προσειπεῖν
987 3997 1078 4051 τὸν
1113 3997 1343 4068 πλησίον
1379 3998 1662 4068 ἀνέχονται
1707 4000 1832 4072 πρός

236 4095 428 4149 τεροι,
474 4077 788 4150 νομίζοντες
838 4078 1154 4150 ὑϐρίζεσθαι
1204 4080 1302 4161 χαὶ
1342 4079 1730 4147 ἐλαττοῦσθαι,
1781 4084 1831 4135 εί

236 4161 402 4231 ψιλῆς
427 4178 530 4214 τινι
557 4161 836 4231 μεταδοῖεν
871 4165 1249 4234 προσρήσεως.

310 4243 376 4295 Τί
401 4242 603 4316 ταύτης
624 4243 726 4314 τῆς
747 4244 935 4308 ἀνοίας
955 4244 1154 4313 γένοιτ’
1178 4246 1244 4300 ἂν
1266 4247 1700 4316 καταγελαστότε
1710 4267 1829 4321 ρον;

237 4327 291 4380 τί
317 4325 414 4379 τοῦ
439 4325 610 4396 τύφου
646 4327 837 4380 τούτου
884 4329 978 4381 καὶ
1010 4329 1108 4400 τῆς
1151 4329 1411 4393 ἀπονοίας
1442 4333 1827 4405 αἰσχρότερον;

175 4462 178 4464 ν
237 4410 374 4463 Τότε
406 4408 534 4481 γὰρ,
563 4410 684 4464 τότε
701 4409 1074 4481 ἠλαττόνηκας
1098 4424 1146 4477 α,
1171 4405 1218 4465 ὦ
1238 4412 1514 4484 ἄνθρωπε,
1537 4417 1656 4469 τότε
1679 4417 1831 4488 ὑϐρί-

239 4493 397 4562 σθης,
431 4492 552 4545 τότε
579 4493 909 4564 ἠτιμάσθης,
946 4494 1075 4548 ὅταν
1111 4491 1414 4569 ἀναμείνῃς
1473 4498 1564 4550 τὸν
1601 4499 1829 4570 πλησίον

238 4575 508 4647 πρότερόν
538 4591 598 4628 σε
632 4579 970 4648 προσειπεῖν.
1013 4577 1079 4630 Τί
1103 4579 1213 4647 γὰρ
1237 4580 1494 4643 ἀπονοίας
1527 4585 1740 4652 χεῖρον;
1776 4583 1828 4636 τί

235 4658 295 4712 δέ
324 4656 497 4728 τύφου
522 4659 616 4713 καὶ
649 4659 950 4726 κενοδοξίας
986 4661 1551 4735 καταγελαστότερον;
1593 4666 1692 4718 Ἂν
1726 4667 1828 4738 μὲν

235 4742 349 4812 γάρ
377 4742 640 4814 πρότερος
675 4744 998 4818 προσείπῃς,
1027 4745 1122 4799 καὶ
1147 4748 1176 4800 6
1218 4745 1350 4811 Θεὸς
1398 4748 1766 4815 ἐπαινέσεται,
1800 4751 1828 4804 6

237 4825 458 4880 πάντων
485 4825 688 4898 μεῖζον,
715 4829 810 4879 καὶ
836 4827 1112 4900 ἄνθρωποι
1134 4829 1191 4882 δέ
1212 4828 1588 4896 ἀποδέξονται,
1606 4832 1702 4884 καὶ
1727 4834 1828 4905 τῆς

237 4907 452 4991 ἐκείῨω
511 4909 871 4980 προσρήσεως
905 4912 969 4965 σῖ)
1017 4913 1109 4966 τὸν
1143 4913 1338 4984 μισθὸν
1385 4913 1602 4969 ἅπαντα
1645 4915 1823 4991 λήψῃ’

236 4989 305 5043 ἂν
341 4988 386 5042 δ’
435 4991 734 5064 ἁναμείνῃς
769 4993 1038 5065 πρότερον
1093 4995 1346 5066 τιμηθεὶς
1397 4997 1540 5051 οὕτω
1572 4988 1824 5069 τιμῆσαι,

235 5072 392 5127 οὐδὲν
418 5073 560 5144 μέγα
593 5077 836 5146 εἰργάσω
875 5076 1082 5131 λοιπόν.
1123 5080 1181 5131 Ὀ
1221 5078 1330 5147 γὰρ
1359 5080 1459 5150 τῆς
1493 5083 1571 5146 εἰς
1603 5083 1663 5136 σὲ
1696 5101 1828 5138 κατ-

231 5154 408 5226 άρξας
457 5157 645 5227 τιμῆς,
694 5158 854 5222 αὐτὸς
895 5161 990 5214 καὶ
1042 5161 1144 5230 τῆς
1194 5162 1349 5232 παρά
1388 5163 1481 5216 σοῦ
1527 5167 1829 5238 γενομένης

232 5239 317 5302 είς
351 5238 513 5293 αὑτὸν
542 5240 837 5310 θεραπείας
867 5243 958 5296 τὸν
993 5245 1183 5316 μισθὸν
1217 5247 1432 5301 ᾶπαντα
1453 5247 1706 5320 λήψεται.
1733 5251 1826 5322 Μὴ

228 5322 596 5405 ἀναμένωμεν
620 5325 797 5379 τοίνυν
835 5328 1100 5397 τιμᾶσθαι
1131 5330 1262 5401 παρ’
1283 5331 1486 5403 ἐτέρων
1530 5335 1789 5405 πρότεροι
1809 5351 1823 5364 ·

230 5403 350 5460 ἀλλ’
379 5406 755 5477 ἐπιτρέχωμεν
781 5410 901 5472 ταῖς
950 5412 1027 5474 είς
1079 5412 1172 5465 τὸν
1215 5413 1439 5484 πλησίον
1485 5403 1827 5487 τιμαῖςξκαὶ

228 5487 339 5572 τῆς
364 5490 720 5572 προσρήσεως
741 5492 829 5545 ἀεὶ
859 5494 1243 5566 κατάρχωμεν,
1277 5497 1372 5551 καὶ
1401 5498 1476 5570 μὴ
1514 5499 1826 5572 νομίζωμεν

229 5571 389 5640 ψιλὸν
415 5566 668 5626 εἶναικαὶ
699 5575 912 5638 εὑτελές
938 5576 998 5629 τὸ
1025 5579 1360 5650 κατόρθωμα
1388 5566 1651 5652 τοῦτοξτὸ
1671 5566 1826 5654 γενέ-

293 5805 319 5832 ‘
349 5802 470 5866 llos.
500 5819 627 5856 unus
650 5807 941 5866 ἠλάττωσαι.

556 5908 832 5972 Ριτιιοι..
869 5916 987 5976 (ἐκ.
1032 5916 1161 5976 LIV

1258 392 1348 450 DE
1392 388 1659 448 DAVIDE
1701 388 1786 442 ΕΤ
1832 387 2067 442 δΑυιΕ
2107 386 2396 444 HOMILIA
2432 389 2521 444 ΙΙΙ.

3441 390 3546 444 7οι

1957 503 2081 559 σθαι
2115 507 2527 578 εὐπροσήγορον
2559 505 2652 559 καὶ
2673 504 3163 578 φιλοπροσήγορον.
3185 503 3393 569 Πολλὰς
3417 506 3549 574 γοῦν

1952 587 2135 657 φιλίας
2156 590 2434 662 ἐλλειφθὲν
2451 590 2608 644 τοῦτο
2637 589 2873 658 διέκοψε,
2899 589 3098 652 πολλὰς
3122 589 3321 660 ἔχθρας
3353 589 3543 660 εἰργά-

1953 687 2084 725 σατο
2101 686 2114 700 ·
2149 673 2435 745 ὠσπεροῦν
2465 674 2602 744 μετά
2629 673 2868 742 σπουδῆς
2895 672 3272 744 πληρούμενον
3299 676 3547 745 χρονίους

1952 753 2224 825 πολέμους
2249 757 2532 818 κατέλυσε,
2564 756 2776 820 καὶτὰς
2807 755 2974 820 οὔσας
3013 756 3194 824 φιλίας
3216 757 3544 827 ἀπέσφιγξε.

1950 835 2042 907 Μὴ
2077 837 2255 892 τοίνυν
2292 839 2523 911 ἀμελῇς,
2565 839 2839 908 ἀγαπητὲ,
2877 839 2980 909 τῆς
3014 841 3142 910 περὶ
3175 838 3348 894 ταῦτα
3380 858 3547 895 σπου·

1949 917 2044 987 δῆς
2062 935 2074 949 ο
2105 920 2220 972 ἀλλ’
2247 924 2295 974 εί
2319 921 2419 991 μὲν
2441 917 2551 974 οἶόν
2580 939 2658 986 τε,
2692 923 2818 986 τοὺς
2848 923 3222 988 ἀπαντῶντας,
3251 918 3354 976 οἷοί
3401 941 3545 988 τινες

1949 998 2016 1051 ἂν
2037 994 2161 1067 ὦσι,
2197 1004 2290 1057 καὶ
2338 1009 2394 1057 ἐν
2429 1008 2550 1069 ταῖς
2582 1007 2939 1076 προσρήσεσι,
2977 1008 3072 1060 καὶ
3113 1009 3170 1060 ἐν
3210 1011 3323 1070 τοῖς
3363 1007 3545 1073 ἄλλοις

1950 1082 2122 1137 ἅπασι
2145 1087 2401 1158 πρότεροι
2426 1087 2946 1159 θεραπεύωμεν.“Ᾱν
2965 1091 3021 1144 δέ
3049 1108 3108 1144 σε
3138 1091 3322 1163 ἕτερος
3337 1092 3541 1166 φθάσῃ,

1952 1166 2174 1235 μείζονα
2199 1165 2459 1234 ἐπίδειξαι
2486 1171 2582 1242 τὴν
2608 1172 2772 1243 τιμὴν
2795 1173 2976 1228 πάλιν.
2997 1174 3106 1228 Καὶ
3130 1174 3238 1246 γὰρ
3264 1176 3359 1230 καὶ
3386 1165 3546 1230 τοῦτο
3649 1197 3652 1201 ν

1949 1249 2260 1320 παρῄνεκεν
2316 1254 2345 1305 6
2403 1255 2653 1320 Παῦλος,
2707 1256 2881 1320 οὕτως
2938 1256 3144 1311 εἰπών·
3213 1258 3546 1326 Ἀλλήλους

1946 1330 2192 1401 ἡγεῖσθε
2246 1337 2657 1406 ὑπερέχοντας
2698 1339 2934 1393 ἑαυτῶν
2969 1341 3019 1396 δ.
3070 1339 3258 1405 Οὕτως
3310 1343 3339 1394 6
3381 1342 3546 1397 Δαυῒδ

1947 1415 2192 1488 ἐποίησε,
2226 1419 2319 1471 καὶ
2362 1423 2625 1493 πρότερος
2656 1423 2908 1493 ἐτίμησε,
2958 1426 3052 1478 καὶ
3082 1428 3336 1496 τιμηθεὶς
3379 1429 3544 1483 πάλιν

1949 1500 2210 1568 μειζόνως
2244 1505 2604 1576 ἀντετίμησεν
2625 1547 2638 1568 ,
2683 1507 2888 1561 εἰπών·
2936 1509 3167 1576 Δοῦλός
3207 1528 3344 1575 σου,
3378 1513 3547 1581 κύριέ

1939 1599 2060 1668 μου
2075 1585 2364 1668 βασιλεῦ.
2383 1589 2493 1640 Καὶ
2513 1589 2616 1658 ὅρα
2636 1591 2760 1643 ὅσον
2779 1591 3077 1661 εἰργάσατο
3093 1594 3304 1664 κέρδος.
3324 1596 3545 1668 Ἐπειδὴ

1945 1664 2054 1748 γὰρ
2084 1662 2200 1719 εἴτε
2227 1667 2372 1720 τοῦθ’
2397 1671 2425 1723 6
2460 1671 2640 1734 Δαυῖδ,
2680 1673 2780 1726 οὑκ
2815 1675 3042 1744 ἤνεγκεν
3071 1662 3336 1748 ἀδακρυτὶ
3358 1662 3545 1732 λοιπὸν

1943 1747 2148 1819 ταύτην
2175 1751 2406 1806 ἀκοῦσαι
2428 1752 2527 1824 τὴν
2546 1756 2731 1827 φωνὴν
2754 1759 2780 1808 ό
2804 1757 3003 1811 Σαούλ’
3046 1759 3163 1813 ἀλλ’
3186 1747 3423 1830 ὦλόλυξε
3454 1781 3546 1818 πι-

1946 1833 2097 1917 κρὸν,
2137 1835 2238 1905 τὴν
2273 1838 2484 1904 ὑγίειαν
2523 1840 2622 1910 τὴν
2658 1841 2716 1892 ἐν
2748 1845 2814 1912 τῇ
2857 1842 3026 1913 ψυχῇ,
3061 1845 3157 1898 καὶ
3194 1846 3295 1917 τὴν
3325 1846 3546 1916 φιλοσο-

1946 1916 2203 2002 φίανζήν
2232 1920 2260 1971 6
2296 1919 2461 1974 Δαυτδ
2506 1922 2757 1992 ἐνέθηκε,
2803 1925 2892 1978 διὰ
2919 1926 3027 1979 τῶν
3059 1916 3311 2000 δακρύων
3344 1930 3542 2002 δηλῶν.

2017 1998 2070 2052 ι’.
2097 2000 2161 2053 Τί
2185 2002 2381 2069 γένοιτ’
2406 2003 2473 2056 ἂν
2495 2006 2589 2060 τοῦ
2616 2008 2901 2077 Προφήτου
2929 1998 3368 2082 μακαριώτερον,
3388 1998 3448 2078 ὃς
3486 2015 3545 2068 ἐν

1947 2088 2180 2163 βραχείᾳ
2209 2095 2402 2166 καιροῦ
2432 2097 2574 2168 ῥοπῇ
2601 2097 2743 2152 οὕτω
2766 2097 2856 2152 τὸν
2878 2100 3075 2171 ἐχθρὸν
3106 2105 3541 2176 μετερῥύθμισε,

1944 2182 2038 2235 καὶ
2065 2182 2244 2255 ψυχὴν
2274 2185 2507 2256 αἵματος
2537 2188 2633 2241 καὶ
2684 2192 2902 2260 σφαγῆς
2950 2191 3192 2261 διψῶσαν
3235 2194 3418 2250 λαϐὼν
3463 2199 3544 2262 εἰς

1944 2272 2179 2345 θρήνους
2217 2275 2475 2332 ἐνέϐαλεν
2504 2277 2700 2349 ἀθρόον
2726 2281 2816 2334 καὶ
2849 2280 3223 2354 όλολυγμούς;
3254 2287 3366 2357 Οὐχ
3399 2288 3544 2343 οὕτω

1944 2363 2209 2436 θαυμάζω
2231 2367 2323 2420 τὸν
2346 2369 2573 2436 Μωσέα,
2601 2371 2683 2424 ὅτι
2715 2371 2823 2425 ἀπὸ
2856 2373 3064 2445 πέτρας
3087 2375 3398 2449 ἀκροτὸμου
3432 2399 3540 2453 πη-

1943 2458 2047 2525 γάς
2087 2459 2359 2530 ἐξήγαγεν
2379 2461 2614 2526 ὑδάτων,
2639 2462 2715 2525 ὡς
2743 2463 3013 2536 θαυμάζω
3037 2467 3129 2522 τὸν
3154 2469 3336 2537 Δαυῒδ,
3375 2473 3456 2527 ὅτι
3481 2474 3543 2540 ἐξ

1943 2549 2238 2622 ὀφθαλμῶν
2263 2551 2480 2606 λιθίνων
2510 2555 2695 2624 πηγὰς
2729 2556 2968 2628 ἐξήγαγε
3004 2559 3278 2630 δακρύων.
3298 2564 3543 2628 Ἐκεῖνος

1945 2642 2044 2712 μὲν
2081 2641 2191 2713 γὰρ
2236 2644 2334 2713 τὴν
2371 2643 2534 2714 φύσιν
2580 2647 2850 2718 ἐνίκησεν,
2885 2644 3041 2714 οὗτος
3061 2651 3118 2705 δὲ
3149 2653 3249 2724 τῆς
3277 2658 3542 2728 προαιρέ-

1945 2747 2083 2795 σεως
2108 2733 2488 2804 περιεγένετοο
2516 2734 2666 2808 [779]
2701 2739 2909 2803 ἐκεῖνος
2959 2740 3200 2807 ἐπάταξε
3247 2746 3313 2815 τῇ
3357 2746 3541 2818 ῥάϐδῳ

1940 2825 2033 2876 τὸν
2061 2823 2228 2889 λίθον,
2266 2818 2422 2890 οὗτος
2476 2827 2708 2900 ἔκρουσε
2737 2829 2816 2900 τῷ
2849 2831 2992 2902 λόγῳ
3033 2832 3132 2904 τήν
3161 2835 3416 2907 καρδίαν,
3441 2839 3541 2910 οὑχ

1941 2912 2030 2966 ἵνα
2059 2914 2300 2987 λυπήσῃ,
2334 2916 2450 2969 ἀλλ’
2482 2917 2568 2971 ἵνα
2599 2919 2848 2992 καθαράν
2882 2923 3187 2993 ἐργάσηται
3231 2927 3326 2979 καὶ
3364 2944 3539 2998 προσ-

1939 3006 2073 3075 ηνῆ’
2103 3006 2239 3078 ὅπερ
2291 3005 2384 3061 οῦν
2437 3011 2531 3063 καὶ
2560 3012 2804 3082 ἐποίησε,
2855 3014 3081 3083 μείζονα
3120 3015 3223 3086 τῆς
3263 3020 3541 3091 προτέρας

1940 3095 2263 3166 εὐεργεσίας
2305 3099 2733 3170 ἐπιδειξάμενος.
2796 3101 3053 3157 Ἐπαίνου
3089 3105 3191 3175 μὲν
3239 3106 3391 3173 ἄξιον
3442 3111 3542 3166 καὶ

1943 3188 2203 3256 μεγίστου
2235 3190 2511 3262 θαύματος
2569 3194 2663 3247 καὶ
2717 3195 2780 3247 τὸ
2839 3196 2915 3268 μὴ
2962 3195 3225 3267 βαπτίσαι
3263 3201 3325 3254 τὸ
3361 3201 3538 3272 ξίφος,

1942 3279 2077 3348 μηδὲ
2100 3280 2398 3350 ἀποτεμεῖν
2421 3282 2519 3353 τὴν
2542 3283 2807 3354 πολεμίαν
2823 3287 3042 3359 ἐκείνην
3064 3293 3308 3365 κεφαλήν
3323 3307 3338 3322 '
3357 3295 3540 3368 πολλῷ

1937 3367 1995 3421 δὲ
2031 3369 2291 3425 πλειόνων
2344 3373 2411 3427 ἂν
2455 3374 2543 3446 εἴη
2586 3378 2868 3446 στεφάνων
2925 3380 2988 3434 τὸ
3039 3383 3134 3437 καὶ
3167 3386 3340 3458 αὐτὴν
3370 3367 3539 3444 αὑτοῦ

1941 3459 2266 3528 μεταϐαλεῖν
2293 3465 2393 3532 τὴν
2425 3465 2767 3538 προαίρεσιν,
2792 3470 2887 3523 καὶ
2918 3470 3115 3541 βελτίω
3145 3477 3391 3549 ποιῆσαι,
3442 3482 3538 3534 καὶ

1938 3550 2076 3621 πρὸς
2095 3551 2195 3622 τὴν
2223 3553 2432 3609 οίκείαν
2453 3555 2616 3610 αὑτὸν
2638 3559 2941 3616 ἐπιείκειαν
2968 3565 3295 3634 μεταϐαλεῖν
3313 3579 3361 3622 ο.
3385 3569 3535 3644 Αὕτη

1940 3642 2143 3712 μείζων
2169 3645 2387 3717 ἐκείνης
2415 3650 2449 3718 ἡ
2477 3649 2788 3722 εὐεργεσία.
2815 3656 2891 3708 Οὐ
2927 3658 3035 3728 γάρ
3064 3659 3213 3713 ἐστιν
3250 3659 3365 3716 ἴσον
3392 3642 3540 3734 ζωὴν

1936 3734 2290 3804 χαρίσασθαι,
2313 3739 2406 3793 κα).
2433 3742 2514 3804 είς
2543 3741 2863 3815 φιλοσοφίαν
2885 3747 3179 3817 ἐναγαγεῖν
3206 3769 3218 3781 ο
3252 3752 3354 3807 οὑκ
3389 3752 3538 3808 ἐστιν

1938 3827 2052 3880 ῐσον
2081 3829 2389 3896 ἀπαλλάξαι
2423 3832 2597 3905 θυμοῦ
2635 3837 2891 3904 πνέοντος
2928 3841 3090 3910 φόνον
3118 3842 3328 3909 ἄδικον,
3357 3845 3540 3914 ἐξελέ-

1937 3916 2061 3972 σθαι
2092 3920 2328 3991 σφαγῆς,
2353 3924 2447 3976 καὶ
2463 3923 2742 3992 ἐξελέσθαι
2765 3930 3150 4003 παραπληξίας
3173 3935 3266 3988 ἐπὶ
3281 3935 3538 3991 τοσοῦτον

1934 4006 2243 4106 ὀδευούσης-
2256 4017 2444 4069 κακόν.
2487 4018 2628 4082 Τοὺς
2652 4021 2752 4090 μέν
2782 4023 2890 4095 γὰρ
2918 4024 3255 4098 δορυφόρους
3285 4029 3535 4106 κωλύσαι,

1933 4100 2099 4153 αὑτὸν
2131 4102 2363 4169 ἀνελεῖν,
2399 4107 2542 4160 κατὰ
2590 4109 2682 4163 τὸν
2717 4112 2962 4183 παρόντα
3013 4114 3130 4185 βίον
3167 4118 3397 4188 ὠφελεῖ·
3436 4101 3538 4193 τὴν

1933 4191 1989 4285 δὲ
2019 4195 2284 4285 πονηρίαν
2311 4196 2412 4267 τῆς
2437 4199 2615 4270 ψυχῆς
2637 4203 2884 4259 ἐκϐαλὼν
2906 4206 2996 4261 διὰ
3014 4211 3115 4279 τῆς
3139 4209 3247 4265 τῶν
3271 4191 3538 4285 ῥημάτων

1934 4280 2258 4347 ἐπιεικείας,
2290 4285 2390 4354 τὴν
2425 4287 2728 4356 μέλλουσαν
2756 4293 2910 4364 αὑτῷ
2945 4294 3092 4367 ζωὴν
3117 4280 3416 4370 ἐχαρίσατο
3440 4307 3538 4358 καὶ

1932 4371 2000 4424 τὰ
2027 4373 2259 4444 ἀκίνητα
2285 4377 2487 4445 ἀγαθὰ,
2512 4381 2575 4432 τό
2601 4398 2665 4449 γε
2695 4385 2777 4448 είς
2805 4385 2971 4441 αὑτὸν
3018 4382 3174 4459 ἧκον.
3230 4393 3399 4449 Ὅταν
3440 4391 3535 4450 οῦν

1933 4464 2096 4518 αὑτὸν
2129 4467 2422 4542 ἐπαινέσῃς
2445 4470 2536 4525 διά
2564 4473 2665 4544 τὴν
2698 4476 2906 4530 οἰκείαν
2927 4480 3236 4553 πραότητα,
3269 4483 3536 4555 μειζόνως

1932 4556 2096 4610 αὑτὸν
2125 4557 2408 4629 θαύμασον
2437 4562 2528 4617 διά
2568 4565 2668 4637 τὴν
2709 4566 2804 4620 τοῦ
2845 4569 3019 4623 Σαοὺλ
3061 4573 3390 4647 μεταϐολήν.
3424 4578 3532 4632 Τοῦ

1931 4648 2042 4720 γὰρ
2064 4649 2171 4703 τῶν
2193 4653 2408 4706 οἰκείων
2429 4659 2699 4727 κρατῆσαι
2722 4659 2932 4724 παθῶν,
2966 4663 3100 4718 πολὺ
3131 4666 3296 4722 πλέον
3326 4668 3446 4723 ἐστὶ
3471 4672 3534 4724 τό

1933 4743 2027 4795 καὶ
2055 4743 2154 4813 τῆς
2185 4745 2391 4818 ἐτέρων
2423 4751 2809 4822 περιγενέσθαι
2853 4757 3054 4826 μανίας
3077 4797 3092 4822 ,
3129 4761 3224 4813 καὶ
3257 4763 3533 4834 φλεγμαί-

1933 4849 2129 4889 νουσαν
2162 4837 2514 4892 καταστεῖλαι
2559 4842 2810 4914 καρδίαν,
2841 4846 2937 4899 καὶ
2969 4849 3244 4923 τοσαύτην
3289 4854 3533 4928 γαλήνην

1933 4925 2042 4979 ἀπὸ
2057 4929 2341 5017 τοσαύτης
2369 4932 2709 5000 ἐργάσασθαι
2746 4934 2937 5009 ζάλης,
2971 4939 3067 4994 καὶ
3095 4925 3530 5017 ὀφθαλμοὺς-φό-

1932 5033 2022 5068 νον
2048 5015 2347 5086 βλέποντας
2374 5019 2627 5091 δακρύων
2649 5023 2929 5096 ἐμπλῆσαι
2963 5026 3207 5099 θερμῶν.
3241 5015 3353 5086 Καὶ
3371 5015 3533 5089 τοῦτό

1930 5107 2100 5173 ἐστιν,
2136 5108 2165 5161 6
2194 5110 2395 5180 πολλῆς
2423 5112 2745 5186 ἐκπλήξεως
2771 5117 2930 5189 γέμει
2954 5121 3046 5174 καὶ
3082 5120 3384 5195 θαύματος.
3419 5128 3534 5181 Καὶ

1931 5198 2040 5270 γὰρ
2071 5200 2137 5291 είᾼ
2150 5203 2248 5272 μὲν
2286 5203 2394 5257 τῶν
2426 5207 2687 5291 ἐπιεικῶν
2715 5211 2811 5264 καὶ
2845 5213 3087 5284 μετρίων
3132 5216 3439 5288 ἀνθρώπων
3462 5216 3532 5291 ἦν

1929 5289 1958 5340 6
1985 5289 2178 5356 Σαοὺλ,
2211 5293 2271 5344 οὐ
2307 5293 2448 5362 μέγα
2471 5290 2539 5365 ἦν
2563 5298 2770 5370 σφόδρα
2797 5299 3172 5372 ἐπαναγαγεῖν
3200 5306 3365 5361 αὒτδν
3394 5289 3534 5380 πρδς

1929 5381 2029 5450 τὴν
2063 5383 2268 5436 οἰκείαν
2303 5386 2507 5455 ἀρετήν
2530 5402 2542 5416 '
2579 5387 2639 5441 τὸ
2672 5389 2716 5442 δ’
2742 5392 3219 5466 ἐκτεθηριωμένον
3248 5399 3342 5452 καὶ
3394 5402 3532 5471 πρὸς

1931 5475 2166 5545 ἐσχάτην
2197 5476 2396 5529 κακίαν
2425 5476 2798 5549 ἐξοκείλαντα,
2830 5484 2923 5538 καὶ
2958 5487 3096 5557 πρὸς
3125 5490 3351 5562 σφαγὴν
3381 5492 3530 5546 ἐπειο

1931 5565 2178 5633 γόμενον,
2214 5566 2270 5618 ἐν
2295 5566 2525 5639 βραχείᾳ
2550 5573 2743 5640 καιροῦ
2789 5576 2929 5648 ῥοπῇ
2964 5581 3390 5651 παρασκευάσαι
3428 5587 3532 5639 πᾶ-

1991 5752 2019 5831 ξ)
2044 5755 2222 5831 Εἰπὼν·
2248 5758 2317 5831 Τῇ
2336 5763 2447 5820 τιμῇ
2473 5758 2705 5831 ἀλλήλους
2724 5768 3029 5829 προηγεῖσθε.
3059 5770 3140 5821 Sic
3164 5785 3308 5831 unus.

1993 5819 2014 5846 ι·
2047 5815 2166 5877 808.
2199 5815 2326 5866 unus
2347 5815 2644 5883 μέτάγαγεῗν.
2695 5815 2705 5821 ν
2764 5815 2772 5829 ι
3060 5815 3222 5956 Ὕηὲη

3203 5898 3222 5957 1
