4178 6330
332 375 436 431 703

330 490 530 558 ficere,
562 496 619 544 ut
664 500 877 542 omnem
926 485 1070 538 illam
1120 479 1535 535 amaritudinem
1582 477 1923 547 exstinguat,

334 596 489 652 quem
522 595 630 634 non
656 578 908 632 obscuret
932 574 1197 638 omnium,
1230 572 1318 641 qui
1347 585 1601 641 umquam
1628 583 1789 638 super
1820 568 1936 637 phi-

330 671 587 741 losophiae
614 668 854 723 doctrina
882 665 1086 720 clarum
1116 676 1465 733 promeruere
1488 674 1682 714 nomen
1705 660 1728 711 ?

406 760 557 815 Nihil
602 756 912 813 [iniquitate
954 755 1225 825 potentius.
1278 752 1423 808 Iram
1465 751 1641 805 sedare
1679 751 1731 804 in
1762 761 1935 804 nostra

329 864 407 908 ert
434 836 697 922 po’tcsfate.
726 877 797 889 --
819 849 881 903 Et
914 857 971 905 tu
997 848 1179 918 igitur,
1206 846 1251 900 si
1282 844 1497 915 quando
1528 843 1699 897 hostis
1727 841 1934 897 incide-

331 943 403 997 rit
447 943 499 996 in
531 954 721 997 manus
759 948 912 1002 tuas,
953 954 1023 994 ne
1062 936 1191 992 illud
1240 944 1421 1005 specta
1446 976 1461 1001 ,
1488 932 1758 1005 quomodo
1788 932 1934 987 illum

325 1030 609 1087 ulciscaris
633 1073 649 1098 ,
680 1030 1080 1098 innumerisque
1116 1025 1369 1083 conviciis
1395 1039 1743 1096 conspersum
1770 1024 1933 1079 emit-

330 1133 418 1181 tas
444 1166 458 1191 ,
484 1124 576 1180 sed
616 1121 887 1193 quomodo
928 1134 1112 1185 sanes,
1166 1118 1439 1189 quomodo
1486 1117 1550 1171 ad
1592 1116 1937 1173 sobrietatem

326 1216 607 1273 reducas:
654 1230 826 1285 neque
874 1214 1021 1283 prius
1071 1212 1301 1268 desistas
1344 1211 1522 1265 omnia
1569 1218 1681 1267 tum
1725 1207 1934 1273 facere,

330 1317 446 1364 tum
486 1309 706 1374 dicere,
751 1307 923 1362 donec
969 1316 1057 1361 tua
1106 1305 1511 1360 mansuetudine
1553 1303 1825 1375 superaris
1869 1302 1934 1356 il-

328 1400 435 1455 lius
483 1399 874 1454 truculentiam.
903 1397 1042 1452 Nihil
1081 1397 1223 1451 enim
1269 1395 1597 1451 humanitate
1644 1395 1933 1466 potentius.

328 1491 486 1560 Quod
553 1492 725 1561 ipsum
792 1489 1008 1560 quidam
1066 1489 1391 1554 declaravit,
1453 1488 1640 1543 dicens
1692 1504 1705 1541 :
1754 1486 1937 1542 Sta-mo

330 1582 501 1636 mollis
546 1581 829 1651 confringet
872 1596 988 1634 ossa
1029 1578 1232 1650 (Prov.
1274 1578 1364 1633 25.
1410 1578 1541 1648 l5).
1596 1578 1757 1647 Atqui
1809 1577 1937 1648 quid

327 1689 456 1731 osse
481 1674 704 1729 durius?
731 1672 799 1732 Et
840 1682 1016 1727 tamen
1047 1672 1093 1725 si
1137 1671 1256 1741 quis
1292 1686 1445 1740 teque
1473 1670 1641 1724 durus
1667 1671 1739 1725 sit
1776 1677 1831 1722 et
1864 1668 1938 1723 ri-

329 1765 487 1837 gidus
513 1781 575 1821 ac
605 1762 913 1834 pncfractus
933 1803 948 1826 ,
978 1770 1155 1817 tamen
1201 1762 1348 1816 illum
1395 1761 1549 1816 facile
1592 1760 1815 1827 vicerit,
1845 1760 1934 1831 qui

330 1866 612 1913 mansuete
638 1864 846 1911 tractet.
877 1855 954 1909 Ac
978 1868 1184 1920 rursus,
1208 1852 1486 1922 Responsio
1514 1853 1764 1907 submissa
1792 1868 1936 1905 aver-

330 1949 391 2001 tit
419 1948 522 2001 iras
564 1946 747 2016 (Prov.
780 1947 865 2000 15.
893 1946 971 2016 1).
1005 1943 1155 2000 Unde
1182 1944 1345 2013 liquet
1369 1954 1425 1997 ut
1454 1943 1625 1998 hostis
1650 1943 1889 1998 irritetur
1915 1985 1930 2009 ,

330 2048 427 2093 aut
454 2037 827 2093 reconcilietur
850 2078 866 2103 ,
899 2035 1067 2106 magis
1097 2036 1149 2089 in
1173 2044 1259 2089 tua
1293 2042 1553 2104 potestate
1580 2048 1702 2089 esse
1725 2075 1743 2101 ,
1774 2049 1933 2103 quam

331 2130 495 2186 illius.
515 2129 629 2184 Non
655 2127 801 2183 enim
822 2128 877 2182 in
905 2128 968 2181 iis
987 2127 1075 2197 qui
1104 2126 1181 2180 ira
1206 2126 1460 2180 commoti
1481 2134 1627 2191 sunt,
1646 2124 1738 2180 sed
1762 2124 1814 2178 in
1833 2138 1934 2180 no-

332 2219 418 2277 bis
446 2220 605 2275 situm
634 2228 737 2287 est,
774 2228 833 2275 ut
861 2219 945 2274 vel
971 2218 1340 2288 exstinguatur
1366 2216 1579 2272 illorum
1610 2218 1710 2283 ira,
1739 2217 1823 2272 vel
1865 2216 1933 2271 ad

328 2312 508 2383 majus
547 2312 782 2367 irritetur
818 2310 1145 2367 incendium.
1178 2306 1244 2364 Et
1292 2309 1393 2364 hoc
1444 2310 1572 2364 item
1620 2309 1709 2379 qui
1754 2307 1931 2379 priora

329 2402 486 2469 dixit,
511 2404 737 2473 simplici
766 2402 1054 2458 declaravit
1082 2401 1347 2471 exemplo.
1373 2400 1521 2456 Sicut
1541 2402 1709 2467 enim,
1734 2401 1929 2470 inquit,

330 2495 378 2552 si
422 2494 665 2551 insufﬂes
693 2494 745 2549 in
796 2494 1079 2549 scintillam
1127 2493 1303 2563 ignis,
1336 2493 1537 2547 excitas
1582 2492 1929 2551 incendium;

262 2611 271 2618 -
328 2596 517 2642 contra
542 2627 558 2653 ,
591 2586 637 2640 si
677 2586 895 2655 inspuas
918 2625 933 2648 ,
963 2584 1257 2654 exstinguis
1283 2626 1297 2650 ,
1331 2594 1383 2638 et
1412 2594 1698 2652 utrumque
1737 2582 1831 2637 tibi
1876 2582 1931 2637 in

330 2691 495 2731 manu
523 2684 605 2731 est
631 2675 907 2747 (quoniam
939 2672 1237 2744 Utrumque,
1271 2673 1465 2743 inquit,
1495 2689 1558 2726 ea:
1585 2689 1672 2727 ore
1700 2683 1785 2729 tuo
1806 2688 1956 2744 pro-,

328 2770 575 2839 ﬁciscitur
600 2767 787 2841 [Eccli.
809 2767 902 2824 28.
933 2765 1061 2840 14])
1082 2766 1192 2822 :sic
1212 2776 1268 2822 et
1297 2766 1349 2821 in
1377 2766 1653 2822 inimicitia
1683 2766 1735 2820 in
1760 2763 1934 2836 proxi-

329 2876 477 2917 unum
498 2901 513 2925 ,
531 2862 575 2915 si
594 2859 804 2915 inflatos
826 2874 888 2914 ac
906 2858 1163 2917 vecordes
1181 2858 1391 2928 ingeras
1410 2872 1709 2922 sermones,
1728 2857 1931 2913 excitas

331 2952 509 3025 ignem
538 2951 681 3007 illius
701 2990 716 3015 ,
747 2949 997 3006 accendis
1021 2950 1286 3003 carbones
1312 2966 1324 3001 :
1350 2948 1433 3002 sin
1466 2949 1624 3004 mites
1652 2962 1716 3003 ac
1740 2948 1931 3002 mode;

328 3052 478 3099 ratos
525 3042 814 3097 admoveas
856 3054 1134 3097 sermones
1163 3081 1178 3107 ,
1221 3040 1527 3109 priusquam
1576 3038 1930 3108 exardescat,

326 3133 465 3188 iram
491 3147 703 3187 omnem
731 3132 1072 3187 exstinxeris.
1095 3130 1172 3185 Ne
1198 3130 1401 3185 dixeris
1433 3130 1594 3202 igitur
1618 3148 1631 3185 :
1656 3130 1782 3186 Hazc
1808 3146 1932 3202 pas-

327 3240 425 3283 sus
450 3239 590 3292 sum,
620 3233 711 3280 aut
734 3226 847 3279 haec
875 3224 1086 3288 audivi,
1110 3238 1231 3278 cum
1260 3222 1375 3277 haec
1398 3223 1578 3279 omnia
1607 3222 1716 3278 sint
1742 3223 1794 3278 in
1842 3231 1930 3278 tua

328 3327 614 3387 potestate.
648 3316 761 3373 Hoc
786 3316 929 3372 enim
960 3324 1117 3385 pacto
1140 3316 1274 3370 iram
1302 3315 1460 3370 veluti
1492 3316 1777 3371 scintillam
1803 3357 1819 3384 ,
1843 3315 1928 3371 vel

326 3406 671 3478 exstinguere
713 3406 798 3461 vel
822 3406 1139 3473 accendere,
1172 3406 1512 3476 furoremque
1538 3406 1622 3461 vel
1656 3406 1890 3465 excitare
1910 3448 1925 3473 ,

328 3501 413 3556 vel
432 3510 617 3555 contra
639 3498 827 3554 sedare
846 3539 862 3564 ,
886 3498 937 3553 in
968 3506 1019 3553 tc
1048 3499 1209 3554 situm
1226 3506 1330 3553 est.
1357 3496 1489 3553 Cum
1517 3497 1716 3553 videris
1758 3498 1932 3553 inimi-

324 3604 473 3655 cum,
501 3588 586 3645 vel
615 3589 660 3644 si
691 3589 744 3644 in
773 3598 1008 3652 mentem
1032 3589 1207 3643 veniat
1233 3603 1393 3658 quam
1414 3588 1579 3643 multa
1609 3597 1719 3642 tum
1748 3588 1935 3644 audie«

322 3683 439 3749 ris,
468 3692 576 3737 tum
624 3696 905 3753 perpessus
943 3682 1018 3736 sis
1059 3682 1282 3736 molesta
1308 3721 1328 3749 ,
1361 3680 1444 3737 fac
1469 3681 1709 3737 omnium
1735 3680 1928 3736 horum

324 3774 693 3841 obliviscaris;
717 3776 923 3831 etiamsi
954 3774 1271 3836 recorderis,
1302 3783 1478 3829 tamen
1503 3773 1588 3829 fac
1626 3790 1687 3827 ea
1715 3774 1931 3829 diabolo

326 3864 581 3934 imputes.
604 3865 809 3934 Collige
840 3881 967 3919 vero
1002 3866 1045 3920 si
1075 3865 1203 3934 quid
1232 3881 1482 3933 umquam
1515 3864 1818 3919 humaniter
1845 3866 1927 3919 vel

323 3957 462 4013 dixit
491 3957 571 4011 νισι
600 3957 739 4013 fecit.
771 3958 824 4013 Si
865 3961 915 4011 in
943 3957 1135 4012 horum
1164 3957 1535 4013 recordatione
1562 3968 1924 4013 commoratus

326 4049 527 4115 fueris,
550 4050 699 4106 ocius
729 4050 997 4105 dissolves
1036 4048 1389 4103 inimicitiam.
1423 4048 1575 4115 Quod
1606 4049 1648 4103 si
1680 4058 1764 4104 est
1808 4050 1925 4103 ani—

328 4154 451 4195 mus
492 4142 638 4195 illum
680 4142 923 4196 incusare
952 4183 967 4207 ,
1017 4156 1247 4210 cumque
1292 4140 1382 4195 illo
1426 4141 1810 4211 expostulare:
1847 4140 1927 4195 fac

326 4229 475 4299 prius
502 4229 719 4300 abjicias
744 4231 905 4285 animi
942 4241 1143 4286 motum
1165 4273 1179 4297 ,
1206 4231 1446 4301 iramque
1489 4233 1797 4303 exstinguas
1820 4273 1835 4298 ,
1864 4248 1927 4289 ac

328 4331 443 4375 tum
471 4335 591 4374 cum
624 4321 713 4375 illo
736 4323 1015 4391 espostula
1041 4363 1055 4389 ,
1087 4333 1196 4377 tum
1224 4338 1386 4393 argue
1404 4366 1421 4391 ,
1449 4333 1502 4378 et
1543 4324 1699 4380 facile
1728 4327 1927 4395 poteris

330 4412 565 4469 vincere.
612 4413 889 4483 Siquidem
919 4415 996 4468 ira
1023 4416 1281 4469 commoti
1313 4416 1443 4471 nihil
1482 4417 1597 4471 sani
1633 4419 1927 4487 poterimus

326 4520 580 4571 umquam
609 4507 691 4559 vel
718 4506 897 4560 dicere
916 4546 931 4569 ,
958 4505 1045 4559 vel
1078 4507 1265 4561 audire
1296 4525 1306 4559 :
1342 4508 1435 4563 sed
1464 4524 1491 4561 a
1526 4510 1925 4578 perturbatione

326 4595 503 4659 liberi,
536 4610 634 4650 nec
665 4596 764 4665 ipsi
795 4596 1011 4651 verbum
1041 4599 1285 4662 asperius
1314 4614 1565 4667 umquam
1594 4600 1920 4669 emittemus,

324 4703 426 4742 nec
457 4687 573 4741 aliis
600 4688 793 4742 acerbe
823 4687 1190 4757 loquentibus,
1220 4688 1408 4742 eodem
1439 4692 1598 4743 modo
1623 4693 1919 4747 audiemus.

324 4775 509 4845 Neque
530 4776 672 4831 enim
702 4777 812 4846 ipsa
838 4778 1057 4845 perinde
1087 4788 1272 4831 natura
1300 4793 1488 4833 eorum
1509 4796 1627 4849 qua:
1649 4781 1919 4848 dicuntur,

323 4878 485 4939 atque
527 4872 739 4924 animus
767 4868 889 4923 odio
931 4880 1223 4938 occupatus
1271 4884 1367 4923 nos
1409 4885 1731 4939 exasperare
1762 4875 1918 4927 solet.

323 4957 657 5029 Frequenter
682 4961 823 5014 enim
854 4960 931 5025 fit,
961 4970 1018 5014 ut
1042 4977 1161 5015 cum
1190 4961 1377 5016 eadem
1404 4964 1645 5020 convicia
1674 4980 1743 5018 au
1768 4966 1920 5020 fimus

320 5050 393 5106 ab
414 5050 598 5106 amicis
610 5052 914 5119 jocantibus
938 5049 1206 5107 facetiisve
1228 5053 1554 5121 ludentibus,
1577 5064 1667 5109 aut
1688 5072 1715 5108 ρ
1742 5059 1920 5127 pueris

323 5142 582 5213 parvulis,
606 5157 711 5196 non
732 5143 907 5198 solum
931 5144 1128 5198 nullam
1158 5145 1454 5200 sentiamus
1476 5146 1801 5213 molestiam,
1826 5165 1919 5204 ne-

318 5248 427 5305 que
450 5247 850 5302 exasperentur,
877 5235 973 5290 sed
1001 5235 1271 5291 rideamus
1296 5236 1457 5291 etiam
1478 5278 1495 5305 ,
1527 5247 1687 5309 atque
1714 5240 1918 5295 exhila-

320 5337 629 5390 temur,eo
680 5324 819 5394 quod
868 5325 954 5378 illa
1016 5340 1122 5379 non
1172 5326 1451 5383 audiamus
1499 5330 1662 5383 animi
1721 5329 1915 5385 affectu

316 5424 812 5485 corrupto,nequc
855 5424 1034 5470 mente
1082 5416 1157 5469 ira
1210 5430 1600 5489 prmoccupata.
1631 5420 1819 5475 Itidem
1862 5422 1913 5475 in

318 5505 574 5572 inimicis,
598 5509 641 5561 si
671 5507 998 5563 exstinxeris
1029 5509 1182 5574 iram,
1211 5510 1254 5563 si
1287 5511 1468 5565 odium
1500 5512 1746 5582 ejeceris,
1778 5515 1913 5568 nihil

319 5596 607 5653 verborqu
635 5613 754 5668 qua:
778 5598 1025 5655 dicuntur
1054 5610 1104 5655 te
1134 5604 1325 5670 poterit
1356 5602 1650 5658 nll'endere.

394 5688 448 5746 8.
483 5685 699 5761 Dignior
723 5689 960 5761 lncrymis
980 5692 1067 5761 qui
1082 5693 1206 5763 facit
1228 5695 1707 5765 injuriam.-—Quid
1730 5708 1908 5757 autem

320 5779 516 5854 ιαιιωι·
561 5780 629 5839 de
681 5783 908 5840 verbis?
944 5784 1025 5842 Ne
1075 5784 1213 5842 facta
1266 5787 1483 5858 quidem
1542 5790 1903 5860 offenderint,

1336 364 1424 419 DE
1470 361 1725 418 ΒΑΗοΕ
1766 360 1856 416 ΕΤ
1895 356 2122 416 SAULE
2162 355 2449 413 HOMILIA
2494 356 2579 410 Ill.

3535 355 3647 408 706

2046 471 2501 543 quemadmodum
2545 486 2645 526 nec
2685 472 2896 525 beatum
2940 471 3081 526 hunc
3123 470 3415 542 quidquam
3461 470 3653 534 horum

2046 563 2271 621 offendit
2301 581 2315 621 :
2346 564 2439 619 sed
2482 578 2605 617 cum
2638 562 2845 618 videret
2886 562 3158 616 inimicum
3186 561 3446 618 adversus
3486 562 3656 632 ipsius

2047 655 2469 711 incolumitatem
2504 664 2791 720 armatum,
2820 654 3086 724 hujusque
3116 654 3286 724 gratia
3312 652 3443 707 nihil
3475 654 3654 709 inten-

2047 758 2213 805 tatum
2244 750 2660 821 relinquentem,
2689 764 2794 803 non
2822 748 2997 805 solum
3024 762 3127 813 non
3158 756 3242 803 est
3264 756 3616 817 exasperatus
3636 788 3654 813 ,

2044 858 2233 897 verum
2262 843 2431 911 magis
2478 842 2616 895 illius
2654 840 2885 896 indoluit
2912 840 3069 895 malis
3098 855 3113 894 :
3142 854 3251 910 quo
3278 839 3657 895 vehementius

2044 932 2396 988 insidiabatur
2422 933 2531 999 ille,
2556 933 2658 988 hoc
2688 932 2979 1001 impensius
3000 947 3124 987 eum
3146 930 3384 987 deﬂevit.
3421 930 3658 987 Noverat

2044 1023 2220 1090 enim,
2253 1033 2515 1090 noverat,
2547 1024 2803 1093 inquam,
2827 1033 2976 1077 certo
3007 1065 3021 1087 ,
3055 1039 3162 1078 non
3185 1038 3308 1079 eum
3336 1022 3427 1094 qui
3453 1023 3655 1095 patitur

2045 1116 2440 1187 injuriam,-sed
2465 1117 2555 1189 qui
2590 1116 2733 1183 facit,
2768 1118 3019 1192 lacrymis
3042 1132 3102 1171 ac
3133 1117 3383 1173 lamentis
3409 1132 3533 1174 esse
3552 1117 3642 1173 di-

2044 1222 2207 1277 gnum
2242 1248 2257 1275 ,
2292 1218 2349 1262 ut
2383 1209 2472 1278 qui
2512 1208 2666 1262 lmdat
2692 1209 2951 1279 scipsum.
2986 1208 3111 1267 Ideo
3141 1208 3299 1278 longa
3335 1209 3475 1282 apud
3503 1210 3655 1263 illum

2044 1302 2389 1356 excusatione
2420 1310 2503 1355 est
2530 1316 2655 1355 usus
2676 1343 2691 1368 ,
2721 1318 2821 1356 nec.
2844 1302 2991 1370 prius
3017 1300 3255 1370 destitit,
3284 1316 3446 1371 quam
3464 1312 3520 1356 ct
3551 1300 3654 1356 ho-

2043 1402 2184 1449 stem
2218 1403 2583 1450 commoveret
2611 1394 2678 1449 ad
2718 1396 3118 1451 excusationem
3148 1408 3271 1449 cum
3314 1396 3566 1465 laerymis
3591 1409 3657 1450 ac

2048 1490 2317 1545 lamentis.
2365 1488 2718 1559 Posteaquam
2746 1488 2888 1543 enim
2918 1488 3149 1557 ploravit
3180 1498 3476 1558 vocemque
3501 1502 3658 1543 ama-

2042 1594 2159 1632 ram
2202 1578 2379 1634 emisit
2411 1619 2428 1646 ,
2476 1586 2827 1649 posteaquam
2867 1578 3012 1633 clare
3047 1578 3265 1648 ejulavit
3297 1620 3314 1645 ,
3352 1578 3483 1648 quid
3513 1578 3661 1634 dicat

2042 1668 2189 1723 audi.
2210 1668 2409 1724 Iustior
2435 1678 2490 1723 tu
2510 1685 2592 1724 me
2612 1686 2663 1725 et
2685 1710 2700 1736 ,
2718 1669 2961 1739 quoniam
2976 1680 3029 1723 tu
3048 1671 3172 1723 mihi
3197 1670 3474 1725 rctribuisti
3496 1670 3655 1735 bona,

2042 1776 2134 1831 ego
2161 1776 2279 1815 vero
2324 1761 2536 1815 retribui
2582 1761 2671 1815 tibi
2703 1762 2839 1815 mala
2867 1762 2943 1833 (ι.
2973 1761 3102 1833 Reg.
3131 1761 3222 1816 24.
3249 1762 3363 1833 18).
3410 1760 3573 1816 Vides
3602 1772 3661 1816 ut

2043 1867 2198 1909 suam
2226 1854 2393 1924 ipsius
2418 1854 2638 1910 damnat
2670 1853 2929 1909 malitiam
2954 1896 2968 1919 ,
2997 1869 3060 1909 ac
3084 1854 3216 1924 justi
3240 1855 3492 1909 virtutem
3516 1871 3654 1926 prae-

2040 1943 2202 2011 dicat,
2232 1946 2487 2016 nulloque
2506 1952 2733 2014 cogente
2761 1946 2936 2015 ipsum
2964 1945 3192 2016 purgat?
3216 1943 3364 2000 Idem
3387 1954 3441 2000 tu
3472 1945 3652 2000 f..cito.

2040 2037 2171 2092 Cum
2203 2038 2375 2093 hostis
2404 2036 2691 2092 offenderit
2719 2038 2771 2092 in
2815 2052 3007 2091 manus
3036 2048 3153 2092 tuas
3178 2080 3193 2101 ,
3240 2039 3350 2097 noli
3391 2053 3651 2096 accusare

2040 2126 2212 2188 illum,
2245 2127 2340 2181 sed
2381 2127 2555 2197 ipsum
2608 2143 2796 2198 purga,
2846 2136 2903 2183 ut
2933 2128 3081 2183 illum
3134 2129 3401 2199 perpellas
3451 2130 3520 2185 ad
3569 2130 3653 2187 sui

2040 2219 2210 2288 ipsius
2239 2218 2766 2273 condemnationem.
2800 2218 2934 2274 Nam
2972 2220 3017 2276 si
3058 2235 3158 2275 nos
3187 2235 3524 2287 accusemus,
3553 2236 3651 2277 ex-

2044 2321 2362 2380 asperatur:
2389 2311 2472 2365 sin
2512 2324 2612 2365 nos
2638 2310 3098 2377 excusaverimus,
3133 2311 3226 2367 ille
3249 2311 3514 2368 reveritus
3552 2327 3656 2370 uo-

2039 2410 2203 2456 stram
2232 2402 2619 2457 humanitatem
2646 2443 2659 2463 ,
2690 2417 2815 2456 mox
2843 2402 3080 2472 scipsum
3102 2401 3504 2459 condemnabit.
3535 2404 3653 2461 Hoc

2038 2500 2196 2561 pacto
2224 2493 2385 2555 simul
2412 2502 2468 2549 et
2497 2493 2802 2565 redargutio
2834 2493 2890 2548 fit
2911 2509 3103 2552 carens
3130 2496 3459 2567 suspicione,
3485 2508 3539 2553 et
3562 2498 3655 2556 ille

2037 2596 2254 2642 omnem
2280 2584 2428 2638 exuit
2455 2583 2739 2639 malitiam.
2784 2584 2939 2651 Quod
2970 2593 3026 2640 et
3057 2584 3142 2641 hic
3169 2587 3385 2643 evenit:
3412 2603 3537 2643 cum
3570 2598 3654 2645 ta-

2036 2680 2126 2727 cet
2156 2674 2199 2728 is
2226 2673 2314 2745 qui
2344 2672 2567 2731 affeetus
2605 2684 2719 2729 erat
2747 2674 2940 2745 injuria
2966 2716 2982 2740 ,
3027 2675 3072 2730 is
3102 2676 3194 2751 qui
3225 2675 3431 2734 fecerat
3470 2679 3642 2740 multa

2036 2780 2163 2820 cum
2200 2766 2544 2829 vehementia
2573 2766 2810 2837 scipsum
2840 2777 3079 2827 accusat.
3121 2768 3309 2838 Neque
3337 2771 3482 2826 enim
3512 2772 3649 2831 sim-

2037 2856 2247 2926 pliciter
2273 2856 2427 2923 dixit,
2459 2856 2653 2913 Fecisti
2684 2856 2815 2912 mihi
2845 2859 3007 2926 bona,
3036 2860 3155 2929 sed,
3188 2859 3496 2916 Retribuisti
3524 2864 3653 2918 mihi

2039 2948 2207 3004 bona:
2233 2947 2334 3003 hoc
2362 2958 2465 3014 est,
2495 2948 2602 3003 Pro
2630 2949 2858 3016 insidiis,
2881 2966 2980 3023 pro
3010 2952 3187 3017 unde,
3222 2966 3321 3021 pro
3350 2954 3508 3008 malis
3537 2953 3648 3010 illis

2040 3039 2339 3096 innumeris
2363 3055 2554 3111 magna
2580 3041 2711 3096 mihi
2736 3044 3027 3113 rependisti
3053 3043 3335 3101 beneficia.
3358 3048 3429 3102 At
3448 3062 3549 3119 ego
3581 3065 3650 3105 ne

2039 3132 2121 3187 sic
2148 3131 2371 3203 quidem
2400 3132 2574 3188 factus
2617 3147 2738 3189 sum
2783 3134 2977 3191 melior
3004 3175 3019 3201 ,
3048 3134 3143 3191 sed
3172 3144 3294 3207 post
3322 3134 3412 3193 illa
3444 3148 3530 3193 tua
3559 3140 3655 3196 be-

2037 3222 2249 3280 nefacta
2271 3224 2611 3294 perseveravi
2642 3224 2693 3279 in
2722 3224 2924 3280 malitia
2960 3242 2973 3279 :
3001 3236 3057 3281 tu
3077 3241 3206 3283 vero
3234 3243 3303 3285 ne
3328 3229 3407 3283 sic
3432 3230 3651 3301 quidem

2035 3331 2095 3371 es
2122 3316 2452 3383 immutatus,
2475 3316 2571 3372 sed
2594 3325 2906 3374 constanter
2933 3327 3082 3374 tuum
3109 3319 3391 3377 obtinuisti
3412 3337 3645 3391 morem,

2036 3421 2135 3462 nos
2176 3409 2368 3463 iterum
2412 3408 2507 3463 tibi
2539 3408 2857 3465 insidiantes
2895 3409 3171 3466 beneflciis
3202 3427 3555 3485 prosequens.
3583 3414 3643 3471 In

2037 3498 2187 3553 hisce
2228 3501 2451 3571 singulis
2483 3500 2661 3556 verbis
2687 3543 2699 3564 ,
2742 3510 2874 3571 quot
2919 3504 3135 3557 coronis
3176 3504 3369 3577 dignus
3399 3508 3652 3580 apparuit

2040 3590 2239 3643 David?
2262 3596 2601 3661 Quamquam
2630 3593 2775 3647 enim
2807 3608 2869 3649 os
2904 3593 3081 3649 Saulis
3120 3596 3219 3649 ista
3251 3597 3513 3663 sonabat,
3544 3612 3638 3653 sa-

2038 3679 2233 3749 pientia
2256 3690 2433 3742 tamen
2454 3690 2510 3739 et
2535 3699 2624 3743 ars
2650 3684 2863 3739 Davidis
2888 3700 2950 3739 ea
2978 3686 3028 3738 in
3056 3685 3297 3743 animum
3322 3686 3466 3742 illius
3493 3689 3643 3745 inse-

2038 3780 2207 3827 verat.
2265 3773 2589 3829 Renuntiasti
2620 3816 2635 3841 ,
2680 3776 2853 3847 inquit
2882 3817 2898 3843 ,
2941 3776 3066 3833 milii
3095 3777 3245 3831 hodie
3268 3794 3383 3855 qua
3408 3780 3536 3833 mihi
3564 3786 3646 3852 [e-

2034 3863 2160 3916 ceris
2209 3865 2340 3917 bona
2368 3905 2383 3929 ,
2430 3880 2552 3918 cum
2594 3882 2672 3920 me
2726 3865 2975 3921 Dominus
3024 3867 3174 3923 hodie
3237 3869 3539 3926 concluserit
3588 3874 3643 3926 in

2035 3970 2218 4008 manus
2240 3966 2373 4022 tuas,
2396 3972 2485 4009 nec
2502 3956 2749 4012 occideris
2770 3973 2849 4011 me
2869 3958 2942 4029 (Ι.
2966 3958 3093 4029 Reg.
3112 3958 3334 4030 24.19).
3355 3960 3436 4013 En
3458 3974 3645 4017 rursus

2034 4044 2104 4099 de
2131 4046 2297 4099 altera
2328 4048 2447 4114 ejus
2476 4047 2674 4100 virtute
2716 4047 2990 4120 perhibuit
3015 4049 3380 4105 testimonium
3401 4092 3416 4117 ,
3448 4051 3643 4108 videli-

2035 4144 2144 4199 cet,
2174 4137 2317 4206 quod
2351 4121 2719 4191 benenteritus
2742 4152 2847 4193 non
2884 4139 3148 4205 tacuerit,
3181 4155 3356 4212 neque
3384 4141 3646 4199 dissimu-

2034 4226 2268 4291 laverit,
2317 4227 2412 4283 sed
2466 4228 2733 4283 accedens
2784 4230 3085 4287 narraverit
3114 4246 3129 4288 :
3159 4245 3265 4289 non
3308 4232 3526 4301 quidem
3575 4236 3643 4289 ad

2032 4319 2450 4374 ostentationem
2478 4360 2491 4382 ,
2522 4320 2615 4373 sed
2649 4320 2778 4389 ipsis
2809 4320 2963 4377 factis
2993 4320 3142 4377 illum
3170 4321 3369 4381 docere
3389 4326 3638 4394 cupiens,

2031 4426 2089 4466 se
2111 4411 2178 4467 de
2208 4427 2431 4467 numero
2461 4426 2652 4472 eorum
2680 4427 2801 4468 esse
2830 4452 2843 4475 ,
2890 4413 2980 4483 qui
3012 4414 3124 4485 regi
3164 4414 3305 4471 bene
3332 4428 3591 4486 cuperent
3621 4459 3640 4487 ,

2032 4505 2256 4575 ejusque
2283 4505 2581 4563 commodis
2611 4505 2984 4574 prOSpicerent
3011 4548 3026 4573 ,
3058 4522 3162 4562 non
3185 4522 3372 4563 eorum
3402 4511 3489 4578 qui
3524 4520 3641 4566 teu-

2030 4596 2221 4651 derent
2249 4596 2491 4651 insidias.
2540 4596 2675 4649 Tum
2723 4598 2868 4650 enim
2916 4597 2995 4650 fas
3040 4607 3123 4652 est
3154 4602 3370 4670 propria
3400 4616 3643 4659 comme-

2030 4706 2242 4745 morare
2268 4690 2549 4756 beneticia,
2581 4705 2702 4744 cum
2730 4690 2953 4760 insignis
2975 4689 3101 4748 hinc
3122 4702 3371 4762 speratur
3400 4697 3633 4751 utilitas.

2028 4782 2161 4836 Nam
2215 4782 2427 4853 quoties
2476 4783 2619 4837 nulla
2668 4783 2789 4837 data
2845 4784 3133 4840 occasione
3186 4786 3355 4855 jactat
3398 4789 3518 4858 quis
3575 4806 3639 4846 ac

2031 4874 2288 4945 praedicat
2334 4889 2429 4930 sua
2476 4876 2528 4929 in
2567 4875 2732 4930 alium
2770 4874 3029 4931 beneficia
3056 4917 3071 4941 ,
3123 4876 3293 4932 nihilo
3327 4880 3523 4935 melior
3552 4891 3639 4937 est

2027 4967 2384 5036 exprobrante
2418 4983 2433 5030 ;
2482 4976 2736 5021 cmterum
2767 4966 2983 5038 quoties
3015 4966 3069 5022 id
3106 4967 3269 5035 facit,
3301 4979 3358 5024 ut
3389 4972 3527 5026 male
3558 4974 3635 5025 af—

2029 5057 2221 5113 fectum
2250 5067 2303 5112 et
2351 5072 2561 5127 pravam
2602 5056 2671 5111 de
2700 5056 2817 5126 ipso
2861 5057 3170 5127 Opinionem
3200 5058 3492 5116 habentem
3540 5061 3635 5117 lle-

2024 5159 2134 5205 ctat
2162 5150 2215 5205 in
2242 5149 2540 5213 diversum,
2572 5149 2616 5205 is
2640 5159 2693 5205 et
2724 5160 2941 5205 curator
2967 5161 3047 5206 est
3073 5160 3128 5206 et
3148 5150 3456 5213 beneﬁcus:
3488 5153 3633 5223 quod

2024 5255 2155 5296 sane
2195 5240 2323 5297 fecit
2352 5240 2515 5295 David
2540 5282 2553 5305 ,
2587 5255 2693 5296 non
2723 5256 2751 5295 a
2784 5240 2949 5307 Saule
2974 5241 3203 5313 gloriam
3233 5252 3459 5314 captans
3488 5287 3502 5311 ,
3535 5246 3633 5302 sed

2024 5333 2161 5387 iram
2203 5332 2256 5387 in
2303 5331 2393 5386 illo
2436 5331 2728 5387 radicatam
2767 5332 3000 5392 evellere
3031 5331 3275 5389 studens.
3308 5335 3485 5407 Atque
3510 5334 3634 5393 ideo

2024 5425 2151 5481 Saul
2192 5424 2514 5480 collaudavit
2539 5440 2663 5480 eum
2694 5467 2708 5492 ,
2733 5425 2875 5497 quod
2907 5435 2960 5480 ct
2980 5425 3345 5483 benemeritus
3371 5436 3517 5485 esset
3538 5470 3554 5495 ,
3577 5439 3634 5488 et

2024 5518 2209 5571 merita
2246 5527 2743 5575 commemorasset.

2090 5608 2222 5663 Tum
2257 5611 2474 5665 maxime
2517 5623 2650 5665 certa
2676 5629 2766 5667 nos
2798 5623 3000 5667 manent
3032 5614 3174 5685 apud
3198 5612 3365 5668 Deum
3394 5617 3627 5684 pmmia,

2019 5717 2134 5755 cum
2160 5701 2221 5755 ab
2250 5702 2539 5758 hominibus
2564 5715 2837 5776 negantur.
2859 5734 2928 5743 —
2957 5705 3087 5761 Dein
3118 5719 3243 5764 cum
3264 5707 3391 5761 Sat'tl
3420 5707 3627 5765 referre

2022 5797 2247 5866 gratiam
2268 5796 2493 5868 cupiens
2518 5836 2533 5863 ,
2560 5810 2670 5852 non
2700 5797 2972 5853 inveniret
3000 5796 3166 5852 ullam
3189 5813 3376 5870 parem
3399 5839 3417 5869 ,
3449 5799 3627 5868 ipsum
