4178 6330
657 411 756 466 707

653 525 814 578 Deum
845 520 917 575 illi
950 532 1042 590 pro
1073 528 1127 567 se
1168 507 1438 566 constituit
1472 502 1764 558 debitorem
1804 538 1820 563 ,
1858 495 1928 548 ita
1955 493 2208 560 loquens:

651 614 714 668 Si
741 578 966 666 inveniet.
991 604 1169 671 aliquis
1208 599 1463 653 inimicum
1490 609 1633 671 suum
1665 592 1718 644 in
1743 585 1973 656 angustia
2005 624 2021 649 ,
2052 589 2098 636 et
2128 578 2208 630 di-

651 709 803 757 mittet
836 699 979 753 illum
1004 668 1055 749 in
1088 694 1166 748 cia
1193 692 1322 744 bona
1353 729 1367 752 ,
1397 695 1443 740 et
1473 668 1717 738 Dominus
1745 675 1916 731 reddet
1943 672 2022 726 illi
2048 671 2202 733 bona,

647 785 1060 863 quemadmodum:
1091 781 1249 854 fecisti
1279 788 1330 832 tu
1355 775 1476 828 mihi
1505 772 1652 826 hodie
1680 769 1768 841 (l.
1795 765 1919 835 Reg.
1946 762 2036 816 9.4.
2067 758 2139 815 ευ
2163 758 2204 827 ).

644 848 780 948 Quid
827 877 971 933 enim
1010 848 1218 944 poterat
1273 867 1398 923 δεδι
1464 874 1724 931 reponere
1784 855 2000 924 dignum
2048 848 2209 906 meri-

643 939 711 1026 tis
739 1011 756 1038 ,
800 939 1027 1024 etiamsi-
1056 975 1276 1032 regnum
1319 955 1550 1011 dedisset
1598 964 1720 1006 cum
1775 942 2018 1001 omnibus
2058 939 2208 1010 oppi-

641 1031 770 1114 disi
809 1058 990 1127 Neque
1034 1031 1178 1109 enim
1219 1047 1407 1118 oppida
1451 1041 1607 1098 modo
1651 1049 1705 1093 et
1744 1048 1995 1127 regnum,
2023 1031 2205 1085 verum

641 1160 695 1203 et
745 1125 919 1202 vitam
953 1144 1119 1213 ipsam
1175 1133 1515 1195 donarat-illi
1569 1129 1773 1184 David:
1805 1125 1891 1180 hic
1926 1135 2054 1177 vero
2099 1133 2205 1174 non

645 1238 869 1290 hahehat
900 1234 1144 1289 alteram
1208 1226 1370 1280 vitam
1397 1263 1414 1287 ,
1468 1235 1627 1292 quam
1680 1214 2045 1286 rependeret:
2095 1224 2204 1264 eo-

641 1347 742 1398 quc
768 1329 912 1381 illum
936 1323 1135 1390 relegat
1162 1317 1227 1372 ad
1253 1317 1445 1380 Deum,
1473 1321 1527 1366 ct
1554 1311 1620 1364 ab
1647 1309 1738 1363 illo
1762 1305 1949 1361 dandis
1976 1301 2206 1372 praemiis

642 1422 868 1473 honorat
896 1430 913 1468 :
962 1422 1016 1468 et
1046 1411 1184 1465 hunc
1213 1405 1432 1462 laudans
1454 1444 1470 1470 ,
1518 1410 1572 1457 et
1601 1401 1878 1454 universos
1904 1394 2152 1450 erudiens
2181 1432 2197 1458 ,

643 1519 751 1563 tum
777 1506 975 1576 majora
1002 1501 1154 1557 nobis
1181 1496 1319 1567 apud
1351 1496 1512 1548 Deum
1536 1490 1750 1560 prmmia
1778 1488 2008 1557 reposita
2036 1498 2154 1539 esse
2184 1524 2198 1548 ,

641 1613 762 1653 eum
792 1573 889 1666 pro
932 1589 1220 1648 innumeris
1262 1582 1534 1639 beneﬁciis
1562 1582 1615 1636 in
1647 1580 1853 1634 hostem
1893 1577 2100 1632 collatis
2123 1573 2206 1628 di-

644 1665 807 1748 versa
837 1683 1136 1753 recipimus.
1173 1676 1300 1732 Post
1341 1674 1457 1735 haec
1482 1672 1593 1728 ait:
1633 1667 1762 1730 Ecce
1787 1683 2002 1739 agnosco
2025 1707 2040 1732 ,
2071 1665 2205 1735 quod

644 1793 856 1850 regnans
890 1772 1116 1846 regnabis
1135 1811 1151 1837 ,
1181 1767 1408 1838 quodque
1434 1777 1641 1833 regnum
1681 1759 1842 1814 Israel
1880 1758 2206 1812 constituetur

643 1845 874 1922 iu'manu
905 1845 1008 1927 tua,
1037 1869 1080 1916 et
1101 1874 1232 1914 nunc
1247 1858 1369 1927 jura
1391 1853 1512 1907 mihi
1536 1867 1624 1921 per
1650 1848 1938 1914 Dominum,
1956 1845 2090 1916 quod
2105 1859 2205 1898 non

642 1959 914 2013 aboliturus
927 1955 994 2010 sis
1013 1967 1172 2008 semen
1192 1963 1354 2002 meum
1375 1955 1482 2015 post
1505 1959 1604 2008 me,
1627 1957 1712 1995 nec
1732 1941 2009 2008 mtingues
2027 1950 2206 1990 nomen

644 2058 807 2105 meum
830 2049 891 2102 de
913 2047 1060 2100 domo
1085 2042 1240 2113 patris
1266 2038 1398 2108 mei(
1430 2037 1564 2090 Ibid.
1597 2052 1644 2089 υ.
1671 2033 1759 2088 21.
1777 2031 1847 2086 22
1941 2027 2046 2084 Sed
2074 2026 2160 2082 dic
2187 2066 2202 2091 ,

645 2145 868 2196 obsecro
891 2180 905 2200 ,
952 2135 1091 2191 unde
1118 2131 1256 2188 istud
1283 2131 1386 2185 scis
1411 2130 1435 2183 ?
1461 2128 1630 2183 Penes
1658 2135 1711 2179 te
1736 2130 1862 2178 sunt
1887 2119 2150 2176 exercitus
2187 2158 2203 2184 ,

647 2246 806 2300 penes
838 2238 888 2282 te
905 2235 1027 2281 sunt
1051 2223 1306 2294 pecuniae,
1337 2233 1506 2284 arma,
1532 2218 1794 2280 civitates,
1816 2211 1958 2283 equi,
1987 2209 2206 2273 milites,

647 2325 882 2381 breviter
912 2321 1154 2375 universa
1185 2316 1262 2369 vis
1287 2319 1568 2382 apparatus
1593 2306 1720 2377 regii
1750 2324 1764 2364 :
1790 2305 1875 2358 hic
1903 2313 2086 2357 contra
2115 2300 2206 2355 de-

645 2431 817 2476 sertus
836 2430 899 2470 ac
923 2412 1114 2477 nudus,
1140 2424 1239 2463 nec
1261 2407 1526 2462 civitatem
1551 2443 1567 2468 ,
1599 2414 1698 2457 nec
1721 2398 1938 2454 domum
1954 2437 1969 2461 ,
1996 2406 2094 2448 nec
2124 2391 2202 2446 fa-

647 2509 843 2564 miliam
878 2505 1099 2560 habens.
1126 2499 1276 2555 Unde
1299 2496 1456 2566 igitur
1482 2534 1498 2561 ,
1524 2505 1706 2563 qumso
1735 2528 1752 2556 ,
1797 2489 1896 2542 ista
1923 2482 2156 2553 loqueris
2180 2480 2204 2534 ?

646 2597 904 2653 Nimirum
928 2608 993 2647 ex
1023 2591 1148 2660 ipsis
1180 2584 1387 2642 Davidis
1407 2581 1664 2638 moribus.
1681 2577 1862 2648 Neque
1879 2573 2022 2630 enim
2037 2567 2209 2624 nudus

645 2697 699 2743 et
722 2685 936 2741 inermis
959 2696 1022 2737 ae
1044 2680 1284 2736 desertus
1308 2691 1395 2732 me
1415 2683 1696 2736 armatum,
1714 2678 1962 2736 tantaque
1985 2663 2211 2718 circum-

649 2777 894 2833 vallatum
921 2770 1152 2843 potentia
1177 2774 1481 2837 superasset
1511 2804 1526 2829 ,
1555 2761 1655 2817 nisi
1685 2759 1849 2814 Deum
1880 2755 2098 2841 habqet
2117 2750 2210 2806 ad-

647 2872 878 2940 iutorem
909 2882 926 2931 ;
958 2877 1118 2935 porro
1136 2860 1227 2931 qui
1253 2859 1423 2914 Deum
1444 2855 1601 2910 habet
1628 2851 1887 2907 faventem
1914 2889 1928 2913 ,
1960 2843 2208 2901 omnibus

646 2934 732 3016 est
776 2934 1074 3029 potentiori
1095 2951 1255 3008 Vides
1294 2949 1360 3005 ad
1391 2955 1640 3020 quantam
1669 2939 2052 3015 philosophiam
2074 2934 2202 2991 Safil

649 3028 1013 3121 postinsidias
1036 3044 1296 3101 deductus
1337 3042 1455 3096 sit?
1485 3037 1635 3092 vides
1658 3033 1751 3104 qui
1781 3031 1892 3086 ﬁeri
1917 3028 2081 3100 possit
2108 3068 2124 3094 ,
2154 3031 2211 3080 ut

651 3116 896 3196 inimicus
921 3150 1129 3193 omnem
1156 3139 1378 3202 exspuat
1402 3128 1655 3184 malitiam
1679 3164 1696 3192 ,
1715 3125 2125 3193 immolatosque
2144 3116 2210 3174 ad

652 3231 869 3287 nveliora
894 3242 1014 3284 sese
1037 3223 1303 3293 recipiat?

721 3322 774 3375 9.
807 3320 883 3374 Ne
899 3315 1128 3373 velimus
1153 3313 1333 3382 itaque
1361 3310 1429 3367 de
1456 3315 1640 3363 nostra
1665 3304 1839 3362 salute
1873 3298 2209 3370 despondere

653 3413 904 3466 animum.
927 3403 1357 3476 Quandoquidem
1386 3398 1590 3456 etiamsi
1607 3397 1672 3453 ad
1702 3397 1811 3466 ipsa
1833 3393 2046 3448 malitiae
2067 3391 2216 3445 bara-

659 3503 771 3559 thra
807 3501 1060 3557 fuerimus
1086 3496 1320 3563 deducti,
1352 3493 1464 3549 ﬁeri
1485 3499 1658 3562 potest
1680 3498 1737 3543 ut
1759 3503 1855 3542 nos
1901 3486 2044 3556 ipsos
2090 3482 2213 3538 inde

655 3607 980 3656 remeamus,
1007 3599 1063 3646 et
1084 3603 1293 3644 omnem
1320 3585 1641 3656 deponamus
1663 3577 1937 3635 malitiam.

731 3686 935 3745 Hostem
962 3682 1090 3738 Sail
1139 3681 1257 3750 ﬁliis
1287 3687 1496 3732 tutorem
1528 3672 1768 3743 reliquit;
1793 3671 1845 3723 in
1887 3669 2020 3738 ﬁlios
2063 3665 2217 3719 hostis

658 3776 918 3829 benevolus
949 3773 1123 3825 David.
1143 3799 1212 3809 ——
1236 3769 1493 3835 Deinceps
1533 3763 1660 3834 quid
1679 3760 1796 3816 ait?
1826 3759 1956 3814 Jura
1983 3757 2106 3811 milii
2134 3771 2222 3826 per

666 3868 841 3929 Deum,
872 3863 1006 3933 quod
1045 3878 1144 3914 non
1191 3858 1406 3911 abolebis
1458 3870 1620 3910 semen
1646 3856 1808 3905 meum
1842 3858 1951 3920 post
1985 3863 2081 3911 me,
2135 3860 2223 3898 nec

661 3954 941 4009 obliterabis
964 3967 1140 4005 nomen
1162 3965 1322 4002 meum
1348 3946 1411 3999 de
1436 3947 1582 3998 domo
1617 3941 1772 4011 putris
1794 3939 1908 3992 mei.
1957 3937 2068 3991 Rex
2112 3934 2221 4002 pri-

663 4055 839 4099 vatum
865 4049 1054 4111 rogat:
1089 4038 1178 4108 qui
1207 4035 1501 4092 diademate
1542 4033 1745 4086 cinctus
1782 4037 1882 4093 est,
1936 4025 2226 4095 supplicem

662 4138 788 4206 agit,
815 4148 912 4206 pro
941 4132 1060 4186 ﬁliis
1093 4130 1203 4184 suis
1240 4129 1482 4181 obsecrat
1527 4123 1782 4177 exsulem.
1808 4117 1873 4173 Et
1911 4117 2012 4170 hoc
2057 4116 2226 4184 ipsum

665 4203 837 4297 arguit
859 4223 1102 4276 virtutem
1140 4215 1371 4281 Davidis,
1397 4212 1534 4284 quod
1563 4210 1729 4266 hostis
1748 4222 1906 4263 ausus
1928 4205 1996 4261 sit
2020 4204 2134 4258 lucc
2159 4203 2226 4258 ab

669 4321 822 4374 hoste
847 4324 1046 4386 petere.
1075 4310 1206 4365 Nam
1227 4305 1364 4378 quod
1399 4298 1771 4376 jusjurandum
1795 4299 1970 4369 exigit,
2016 4310 2120 4350 non
2162 4309 2227 4348 eo

669 4408 813 4475 facit,
838 4401 977 4477 quod
1005 4398 1209 4457 difﬁdat
1237 4394 1449 4452 Davidis
1473 4393 1731 4458 moribus,
1753 4387 1845 4444 scd
1886 4385 2025 4456 quod
2071 4398 2228 4453 repu-

670 4510 744 4556 tet
763 4475 892 4571 quot
914 4495 1066 4551 malis
1097 4493 1244 4547 illum
1270 4487 1552 4544 affecisset.
1574 4483 1606 4538 .1
1614 4500 1705 4538 ura
1731 4480 1873 4546 mihi,
1897 4488 1944 4533 te
1974 4493 2075 4532 non
2111 4475 2230 4529 abo-

673 4593 877 4646 liturum
921 4601 1084 4641 semen
1109 4597 1271 4637 meum
1296 4588 1406 4650 post
1431 4592 1526 4630 me.
1556 4573 1773 4630 Hostem
1803 4570 1923 4624 ﬁliis
1941 4567 2052 4622 suis
2071 4565 2232 4620 relin-

675 4683 787 4752 quit
801 4687 1049 4738 tutorem,
1073 4685 1321 4741 suamque
1343 4668 1544 4739 prolem
1565 4666 1618 4720 in
1639 4664 1777 4718 illius
1792 4659 2008 4729 deponit
2022 4670 2230 4722 manus,

675 4748 801 4825 dum
826 4768 910 4822 his
938 4763 1112 4820 verbis
1150 4761 1375 4816 ﬁliorum
1393 4773 1455 4811 ac
1487 4755 1697 4810 Davidis
1721 4764 1909 4808 manus
1935 4748 2232 4819 apprehen—

679 4865 832 4927 dens,
862 4860 1025 4913 Deum
1062 4861 1388 4924 sequestrem
1429 4847 1644 4902 inducit.
1671 4842 1806 4912 Quid
1844 4842 2002 4910 igitur
2032 4838 2237 4893 David?

677 4958 816 5014 Num
844 4953 924 5010 vel
951 4950 1135 5007 leviter
1162 4942 1578 5001 dissimulatione
1599 4945 1652 4994 et
1670 4935 1835 4993 ironia
1859 4934 1926 4989 ad
1952 4932 2066 4987 haec
2107 4944 2238 4985 usus

677 5050 800 5107 est?
823 5045 1162 5118 Nequaquam
1192 5056 1206 5093 :
1233 5036 1325 5093 sed
1347 5034 1585 5106 protinus
1603 5029 1806 5096 annuit,
1829 5023 2075 5097 quodque
2097 5029 2241 5093 pete-

682 5146 836 5199 batur
851 5115 1108 5196 concessit
1128 5153 1144 5188 :
1163 5147 1224 5187 ac
1243 5137 1449 5186 mortuo
1464 5125 1643 5191 Saule,
1665 5137 1770 5177 non
1797 5119 1954 5176 modo
1976 5133 2080 5172 non
2099 5115 2239 5169 occi-

681 5235 756 5290 dit
800 5230 942 5287 illius
965 5234 1220 5301 posteros,
1252 5218 1347 5276 sed
1371 5227 1480 5274 tum
1500 5215 1648 5286 plura
1669 5210 1909 5282 praestitit
1930 5223 2088 5280 quam
2128 5213 2244 5261 erat

685 5297 1266 5394 pollicitnsISiquidem
1315 5310 1478 5365 ﬁlium
1497 5307 1631 5376 ejus,
1682 5319 1805 5360 cum
1840 5309 1983 5357 esset
2029 5297 2246 5354 claudus

683 5389 747 5469 ac
764 5411 955 5468 debilis
969 5405 1241 5474 cruribus(
1256 5401 1309 5457 2.
1329 5400 1456 5469 Reg.
1479 5397 1514 5454 9
1530 5399 1572 5465 ).
1599 5396 1650 5451 in
1673 5408 1822 5448 suam
1843 5391 2006 5461 ipsius
2025 5389 2242 5444 domum

689 5507 913 5567 induxit,
950 5513 1165 5566 sumque
1189 5508 1386 5549 mensa:
1414 5489 1536 5545 fecit
1581 5485 1910 5557 participem,
1931 5493 2138 5536 summo
2187 5477 2249 5531 il-

678 5573 799 5653 lum
821 5596 1021 5650 honore
1039 5590 1299 5660 dignatus,
1331 5597 1426 5638 nec
1447 5580 1674 5640 erubuit,
1699 5590 1795 5631 nec
1820 5573 2116 5634 occultavit,
2151 5584 2250 5624 nec

694 5688 973 5743 arbitratus
993 5693 1074 5737 est
1094 5659 1290 5748 regiam
1315 5686 1548 5728 mensam
1566 5666 1946 5725 claudicatione
1970 5661 2117 5731 pueri
2161 5659 2252 5714 de-

688 5772 985 5839 honestari,
999 5768 1092 5824 sed
1113 5764 1346 5822 decorari
1368 5763 1537 5831 potius
1559 5774 1618 5811 ae
1637 5758 1910 5811 lautiorem
1930 5753 2059 5808 ﬁeri.
2084 5753 2250 5816 Quot-

1374 395 1428 449 S.
1468 385 1742 446 JO.\NNIS
1777 369 2246 437 (ῖιιιιγςυετοιιε
2288 369 2600 424 ARCIIIEP.
2640 365 3165 425 CONSTANTINOP.

3788 357 3891 414 708

2315 491 2443 550 quot
2466 481 2608 536 enim
2635 495 2755 534 cum
2783 479 2870 534 illo
2906 477 3327 538 discumbebant,
3379 473 3596 528 abibant
3641 486 3887 542 magnam

2316 572 2661 642 pliilosOphim
2685 570 2980 625 doctrinam
3013 565 3347 636 consequuti.
3375 564 3510 619 Cum
3529 563 3675 618 enim
3731 561 3888 615 vide-

2310 671 2430 717 rent
2457 661 2630 717 Saulis
2653 661 2838 725 illium,
2872 658 3014 713 Illius
3034 657 3123 728 qui
3152 665 3296 709 tanta
3347 653 3482 708 mala
3513 653 3746 720 pa‘trarat
3785 648 3885 704 ad-

2309 764 2494 805 versus
2521 749 2795 814 Davidem,
2822 755 2969 801 tanto
2988 746 3039 801 in
3058 745 3263 800 honore
3283 742 3465 798 haberi
3492 738 3634 810 apud
3676 739 3876 808 ipsum,

2307 839 2515 896 etiamsi
2543 839 2670 894 feris
2692 836 2939 894 omnibus
2963 834 3186 890 fuissent
3206 832 3541 898 immitiores,
3573 828 3774 899 pudore
3802 837 3886 880 ta-

2308 945 2429 985 men
2455 944 2518 984 ac
2565 928 2762 983 rubore
2797 941 2920 982 cum
2964 923 3212 980 omnibus
3257 920 3486 976 inimicis
3526 917 3771 973 redibant
3824 916 3879 969 in

2305 1020 2548 1091 gratiam.
2603 1017 2932 1086 Quamquam
2983 1014 3028 1070 si
3075 1013 3236 1069 etiam
3263 1011 3376 1080 ipse
3407 1007 3623 1063 aliunde
3672 1005 3750 1060 illi
3804 1012 3885 1059 et-

2307 1110 2430 1165 bum
2519 1107 2632 1164 dari
2700 1105 2965 1176 iussisset,
3039 1112 3350 1170 certumque
3422 1098 3591 1152 victus
3666 1095 3886 1150 modum

2305 1200 2632 1263 ordinasset,
2658 1196 2814 1252 valde
2841 1209 3086 1267 maguum
3138 1200 3254 1249 erat
3279 1209 3295 1243 :
3323 1188 3418 1246 sed
3458 1189 3605 1244 illum
3632 1187 3699 1241 ad
3731 1199 3887 1240 suam

2305 1292 2472 1362 ipsius
2517 1304 2752 1345 mensam
2817 1287 3073 1357 recipere,
3122 1282 3330 1337 eximia
3371 1288 3455 1335 est
3503 1276 3879 1348 philosOphiai.

2305 1383 2460 1437 Scitis
2485 1380 2741 1451 profecto,
2772 1394 2878 1432 non
2902 1391 3021 1431 esse
3043 1375 3195 1429 facile
3218 1370 3452 1426 hostium
3475 1369 3611 1423 ﬁlios
3633 1366 3880 1436 diligere.

2304 1472 2440 1538 Quid
2456 1471 2567 1526 dixi
2587 1467 2843 1538 diligere?
2860 1464 2976 1521 Non
2998 1463 3196 1526 odisse,
3217 1475 3325 1514 non
3347 1457 3610 1529 persequi,
3635 1467 3886 1523 magnum

2304 1572 2404 1618 est.
2432 1562 2611 1630 itaque
2644 1557 2794 1613 multi
2828 1553 3089 1610 defunctis
3116 1550 3364 1616 inimicis,
3383 1549 3436 1603 in
3461 1548 3669 1602 illorum
3686 1544 3888 1598 liberos

2305 1657 2456 1720 iram,
2479 1667 2639 1723 quam
2653 1651 2706 1706 in
2727 1663 2820 1705 eos
2841 1645 3125 1711 habebant,
3147 1641 3462 1698 edederunt.
3479 1639 3551 1695 At
3566 1651 3670 1692 non
3697 1635 3768 1690 ita
3791 1649 3886 1704 ge»

2304 1763 2340 1801 n
2359 1758 2528 1800 ‘rosus
2543 1756 2604 1796 ac
2618 1738 2984 1810 magnanimus
2998 1737 3118 1799 iste,
3140 1732 3234 1788 sed
3258 1739 3310 1787 et
3330 1731 3591 1784 viventem
3613 1724 3886 1780 inimicum

2304 1833 2622 1897 observavit,
2642 1838 2697 1885 et
2719 1829 2811 1885 illo
2836 1825 3106 1889 defuncto,
3128 1818 3548 1877 benevolentiam
3574 1828 3736 1886 quam
3758 1826 3889 1884 erga

2305 1927 2452 1983 illum
2491 1930 2728 1995 gesserat
2772 1919 2893 1974 ﬁliis
2915 1915 3171 1972 exhibuit.
3201 1909 3339 1978 Quid
3371 1909 3514 1964 illius
3547 1917 3732 1961 mensa
3757 1918 3888 1958 san-

2305 2019 2460 2083 ctius,
2491 2029 2646 2085 quam
2697 2011 2979 2081 cingebant
3025 2005 3119 2061 ﬁlii
3166 2003 3353 2065 hostis,
3414 1998 3601 2064 hostis,
3645 1995 3886 2066 inquam,

2306 2084 2546 2165 occidere
2625 2102 2837 2160 conati?
2893 2097 3017 2169 quid
3077 2095 3168 2150 illo
3225 2090 3470 2148 convivio
3539 2084 3889 2157 spiritualius,

2307 2200 2359 2254 in
2433 2211 2538 2266 quo
2613 2202 2720 2248 tam
2791 2189 2973 2245 multas
3042 2182 3381 2240 abundabant
3451 2172 3896 2232 benedictionem?

2307 2263 2492 2357 Angeii
2521 2283 2692 2354 potius
2717 2295 2875 2351 quam
2905 2276 3134 2332 hominis
3157 2268 3499 2328 convocantis
3537 2274 3680 2321 erat.
3707 2263 3890 2329 Siqui-

2307 2355 2426 2435 dem
2452 2375 2649 2432 inimici
2680 2372 2815 2427 ﬁlios
2839 2368 3082 2440 amplecti
3108 2374 3163 2421 et
3204 2376 3407 2426 amare,
3437 2371 3488 2415 et
3531 2358 3675 2412 illius
3696 2355 3893 2417 ﬁlium,

2307 2471 2396 2542 qui
2427 2469 2579 2523 toties
2613 2464 2782 2535 ipsum
2831 2466 3086 2516 tentasset
3114 2471 3145 2511 e
3172 2452 3350 2510 medio
3375 2450 3579 2515 tollere,
3629 2455 3788 2515 atque
3837 2444 3894 2496 id
3941 2460 3944 2462 τ

2309 2540 2534 2617 moliens
2556 2554 2870 2613 excessisset
2897 2564 2928 2605 e
2952 2549 3077 2613 vita,
3098 2545 3151 2601 id
3177 2544 3303 2599 facit
3326 2552 3382 2596 ut
3411 2541 3464 2594 in
3491 2540 3637 2594 illum
3665 2540 3894 2592 chorum

2309 2651 2588 2707 referatur.
2632 2645 2746 2701 Hoc
2775 2652 2828 2698 tu
2857 2655 3067 2712 quoque
3090 2637 3271 2701 facito,
3301 2631 3596 2697 carissime,
3625 2637 3677 2684 ct
3705 2627 3884 2682 viven-

2312 2741 2442 2796 tium
2471 2745 2525 2793 et
2549 2742 2877 2790 mortuorum
2908 2730 3044 2785 ﬁlios
3069 2726 3250 2784 fovens
3277 2742 3291 2777 :
3325 2723 3611 2781 viventium
3640 2718 3854 2789 quidem
3873 2756 3895 2780 ,

2311 2839 2370 2885 ut
2390 2828 2492 2883 hoc
2507 2823 2664 2881 modo
2687 2829 2934 2895 parentes
2954 2819 3161 2874 illorum
3189 2815 3282 2869 tibi
3303 2811 3555 2868 concilies
3575 2825 3593 2863 :
3617 2806 3897 2863 defuncto-

2312 2933 2431 2976 rum
2472 2929 2602 2972 vero
2629 2913 2764 2969 ﬁlios
2811 2921 3026 2973 curans,
3051 2915 3165 2961 uta
3193 2904 3303 2958 Deo
3329 2903 3548 2956 multum
3592 2897 3688 2952 tibi
3732 2908 3893 2966 pares

2310 3010 2545 3063 favorem
2587 3001 2931 3074 plurimisque
2969 2994 3183 3052 coronis
3226 2990 3517 3054 decoreris,
3544 2995 3708 3056 utque
3727 2988 3888 3040 inuno

2312 3113 2460 3155 mera
2485 3097 2553 3150 ab
2577 3073 2823 3150 omnibus
2849 3095 2969 3144 vota
2991 3096 3282 3158 precesque
3307 3077 3670 3149 consequaris,
3690 3089 3795 3130 non
3819 3073 3893 3129 ab

2316 3191 2383 3245 iis
2408 3196 2613 3243 tantum
2638 3183 2728 3255 qui
2757 3181 2859 3236 tuis
2879 3176 3152 3235 beneﬁciis
3175 3172 3340 3242 adiuti
3359 3179 3502 3236 sunt,
3519 3181 3705 3224 verum
3721 3163 3888 3220 etiam

2315 3281 2383 3336 ab
2410 3281 2472 3334 iis
2499 3278 2590 3348 qui
2639 3275 2901 3330 viderunt.
2930 3268 3041 3324 Hoc
3067 3281 3162 3338 pro
3191 3274 3240 3320 te
3259 3261 3419 3319 stabit
3445 3261 3537 3316 illo
3559 3260 3667 3324 die,
3689 3255 3899 3326 magni-

2317 3384 2419 3440 que
2443 3346 2534 3422 tibi
2555 3365 2712 3420 futuri
2739 3371 2862 3418 sunt
2881 3358 3087 3431 patroni
3110 3357 3163 3411 in
3183 3354 3366 3425 judicii
3410 3362 3670 3420 tempore,
3711 3346 3897 3402 hostes

2319 3473 2409 3519 tuo
2448 3457 2704 3516 beneﬁcio
2731 3453 2895 3524 adiuti
2924 3469 2940 3506 :
2966 3450 3128 3506 multa
3159 3454 3370 3518 peccata
3398 3442 3656 3513 espiabis,
3709 3448 3765 3494 et
3813 3453 3902 3494 re-

2318 3566 2505 3627 posces
2529 3548 2849 3607 mercedem.
2873 3542 3090 3601 Etiamsi
3122 3541 3397 3597 innumera
3421 3533 3754 3592 commiseris
3779 3545 3903 3603 pec-

2320 3624 2454 3712 cata,
2479 3644 2524 3699 si
2547 3640 2782 3713 proferas
2797 3638 2939 3692 illam
2960 3632 3343 3706 precationem,
3368 3643 3487 3698 quas
3511 3626 3643 3682 dicit
3668 3640 3682 3680 :
3709 3624 3903 3680 Remit-

2325 3740 2411 3792 tite
2434 3735 2649 3790 inimicis
2675 3730 2852 3786 vestris
2874 3769 2889 3792 ,
2916 3736 2961 3781 et
2992 3724 3146 3779 Pater
3164 3731 3324 3776 vester
3347 3719 3563 3774 remittet
3591 3716 3730 3771 vobis
3777 3730 3897 3784 ροι-

2326 3838 2439 3882 cata
2484 3824 2680 3890 νεαρ-α(
2700 3819 2884 3874 Matth.
2916 3817 2971 3872 6.
2999 3815 3105 3886 η)
3132 3831 3145 3867 :
3170 3811 3335 3867 multa
3353 3824 3476 3866 cum
3525 3806 3716 3862 ﬁducia
3759 3818 3906 3861 com-

2327 3917 2609 3973 missorum
2639 3911 2875 3968 omnium
2924 3904 3297 3963 remissionem
3349 3898 3698 3970 consequeris
3743 3905 3903 3967 atque

2330 4009 2417 4064 hic
2441 4007 2652 4062 interim
2689 4003 2825 4059 bona
2867 4013 2991 4055 cum
3029 4011 3126 4065 spe
3166 3996 3340 4058 vives,
3394 3991 3670 4045 habiturus
3721 3999 3909 4042 omnes

2327 4109 2567 4156 amanter
2583 4109 2708 4165 erga
2724 4101 2776 4149 te
2791 4090 3025 4146 allectos.
3041 4087 3174 4142 Cum
3184 4083 3326 4140 enim
3340 4079 3569 4137 viderint
3590 4088 3642 4134 te
3666 4078 3915 4133 inimicos

2327 4200 2380 4247 et
2411 4188 2744 4243 inimicorum
2767 4181 2906 4237 ﬁlios
2935 4179 3016 4235 sic
3040 4176 3283 4246 diligere,
3306 4171 3395 4243 qui
3419 4169 3535 4225 ﬁeri
3590 4168 3810 4238 poterit,
3857 4175 3916 4222 ut

2330 4297 2435 4337 non
2461 4279 2706 4334 allectent
2729 4274 2821 4330 tibi
2855 4270 3010 4327 amici
3031 4269 3211 4339 tuique
3236 4262 3458 4320 studiosi
3481 4261 3616 4326 ﬁeri,
3647 4269 3700 4315 et
3731 4259 3915 4313 omnia

2334 4384 2421 4429 tua
2447 4384 2604 4426 causa
2633 4376 2743 4422 tum
2779 4363 2954 4418 facere
2999 4369 3112 4415 tum
3139 4355 3285 4428 pati?
3327 4353 3498 4410 Porro
3527 4365 3651 4406 cum
3706 4360 3915 4404 tantum

2334 4461 2474 4534 apud
2503 4461 2670 4515 Deum
2720 4454 2812 4510 tibi
2832 4466 2989 4524 pares
3010 4452 3264 4511 favorem,
3290 4458 3414 4500 cum
3439 4450 3661 4499 cunctos
3713 4439 3920 4495 habeas

2335 4554 2513 4611 omnia
2537 4553 2674 4608 bona
2695 4547 2790 4604 tibi
2811 4547 3234 4613 catapreeantes,
3259 4550 3419 4608 quam
3443 4547 3702 4590 sensurus
3719 4545 3782 4587 es
3803 4545 3921 4587 mo-

2335 4644 2565 4709 lestiam,
2587 4647 2676 4694 aut
2716 4636 2835 4708 quis
2885 4641 2940 4688 te
2965 4631 3128 4686 vitam
3151 4628 3295 4682 vivat
3332 4622 3661 4681 feliciorem?
3693 4619 3826 4675 Haec
3866 4620 3921 4675 in

2341 4739 2441 4793 hac
2463 4736 2568 4790 vita
2605 4746 2711 4787 non
2755 4736 2961 4784 tantum
2997 4722 3294 4784 laudemus,
3346 4730 3534 4774 verum
3580 4712 3745 4770 etiam
3798 4712 3922 4768 hinc

2339 4827 2541 4900 egressi
2565 4833 2862 4887 servemus,
2889 4831 2954 4872 ac
2979 4812 3382 4871 obambulantes
3405 4805 3650 4863 inimicos
3671 4815 3922 4874 perm

2348 4892 2493 4974 tinet
2511 4918 2697 4988 gratia,
2728 4926 2824 4968 eos
2848 4909 3001 4966 nobis
3022 4901 3452 4965 reconciliemus,
3479 4905 3535 4952 et
3580 4909 3648 4951 ex
3690 4892 3927 4950 inimicis

2343 4984 2583 5066 sinceras
2603 5004 2885 5062 reddamus
2909 4998 3130 5055 amicos.
3153 4990 3306 5062 Quod
3333 4988 3380 5046 sl
3407 4987 3563 5044 etiam
3580 4984 3927 5042 excusatione

2347 5102 2503 5158 fuerit
2531 5092 2958 5170 opus,veniaque
2984 5087 3050 5143 ab
3073 5085 3202 5156 ipsis
3231 5077 3658 5170 petenda
3677 5088 3746 5131 ne
3772 5088 3926 5130 recu-

2347 5207 2546 5256 scmus,
2567 5162 2738 5244 etiam
2785 5183 2831 5238 si
2877 5179 2977 5251 ipsi
3027 5175 3286 5233 fuerimus
3333 5167 3524 5240 injuria
3567 5163 3763 5220 aﬂ'ecti.
3818 5162 3928 5218 llos

2347 5296 2505 5359 pacto
2534 5255 2809 5350 copiosior
2860 5271 3013 5329 nobis
3058 5267 3160 5325 erit
3183 5275 3413 5328 merces,
3437 5259 3550 5359 hoc
3584 5266 3738 5359 pne-to
3760 5255 3930 5326 major

2354 5345 2560 5437 ﬁducia,
2598 5345 2700 5425 hoc
2729 5373 2884 5438 pacto
2911 5361 3164 5418 calorum
3185 5367 3414 5426 regnum
3437 5349 3579 5406 haud
3603 5345 3768 5438 dubie
3794 5359 3928 5400 con-

2357 5479 2658 5538 sequemur,
2689 5437 2854 5531 gratia
2877 5465 2930 5511 et
2953 5452 3188 5510 bonitate
3212 5445 3422 5503 Domini
3448 5440 3618 5498 nostri
3633 5437 3760 5495 Jan
3780 5437 3928 5494 Chri-

2349 5529 2452 5621 \Sfi:
2477 5572 2596 5610 cum
2623 5529 2726 5623 quo
2755 5547 2897 5604 Patri
2922 5545 3074 5600 simul
3106 5551 3159 5597 et
3181 5533 3598 5607 sanctoSpiritui
3617 5531 3807 5602 gloria,
3837 5529 3928 5583 im—

2362 5651 2589 5723 perium,
2621 5647 2793 5700 honor
2821 5654 2960 5696 nunc
2987 5647 3041 5696 et
3068 5649 3296 5708 semper,
3329 5639 3383 5688 et
3410 5630 3462 5685 in
3489 5625 3684 5684 saecula
3713 5623 3929 5679 saeculo-

2359 5757 2496 5800 rtttn.
2527 5749 2713 5793 Amen.

2081 5930 2562 5954 “cr——
