4078 6440
1140 324 1195 380 S.
1236 321 1519 380 JOANNIS
1564 321 2058 380 CHRYSOSTOMI
2110 323 2424 380 ARCIIIEI‘.
2469 323 3012 384 CONSTANTINOP.

1606 510 1756 583 [ἥδ]
1831 523 2226 608 ΟΜΙΛΙΛ
2303 519 2493 608 MB'.

784 674 1256 744 Ἐξανασιὰντες
1293 675 1361 730 δὲ
1402 679 1457 732 οί
1483 677 1698 747 ἄνδρες
1727 677 2076 748 ἐπέϐλεψαν
2102 680 2200 734 ἐπὶ
2231 682 2553 748 πρόσωπον
2580 680 2860 751 Σοδόμων
2892 680 2988 734 καὶ
3023 681 3352 751 Γομόρῤας.

404 821 474 870 α’,
513 810 824 882 Ἐμάθομεν
852 811 916 864 ἐκ
946 809 1054 863 τῶν
1083 807 1210 879 χθὲς
1228 809 1679 879 ἀνεγνωσμένων,
1711 811 2005 882 ἀγαπητοὶ,

332 907 431 976 τήν
462 904 768 978 ὑπερϐολὴν
797 904 896 974 τῆς
924 902 1016 956 τοῦ
1041 903 1251 957 δικαίου
1290 901 1592 972 φιλοξενίας
1611 919 1623 932 ·
1658 903 1790 974 φέρε
1823 903 1886 976 δὴ
1918 904 2013 958 καὶ

333 1003 572 1071 σήμερον
619 999 688 1052 τά
740 997 866 1069 ἑξῆς
916 997 1254 1061 ἐπελθόντες,
1289 997 1452 1051 πάλιν
1480 999 1885 1070 καταμάθωμεν
1918 1000 2012 1053 τοῦ

332 1097 670 1167 πατριάρχου
699 1094 761 1147 τὸ
789 1093 1143 1164 φιλόστοργον
1172 1091 1266 1147 καὶ
1293 1094 1594 1164 συμπαθές.
1612 1095 1882 1165 Ἑκάστην
1905 1095 2012 1166 γάρ

331 1194 439 1246 τῶν
472 1191 681 1265 ἀρετῶν
734 1189 851 1262 μεθ’
873 1190 1179 1261 ὑπερϐολῆς
1211 1191 1239 1243 6
1273 1189 1483 1254 δίκαιος
1533 1185 1685 1256 οὗτος
1730 1191 2010 1262 ἐκέκτητο.

333 1289 468 1342 Οὐδέ
521 1288 631 1358 γάρ
693 1287 852 1358 μόνον
905 1284 1278 1358 φιλόστοργος,
1309 1287 1431 1341 οὐδὲ
1478 1287 1752 1356 φιλόξενος
1802 1284 1870 1358 ἦν
1920 1290 2015 1343 καὶ

335 1382 649 1454 συμπαθὴς,
686 1381 821 1435 ἀλλά
870 1381 964 1434 καὶ
1008 1380 1109 1444 ,τάς
1148 1380 1312 1445 ἄλλας
1359 1381 1560 1453 ἀρετάς
1606 1383 1825 1449 ἁπάσας
1877 1385 2016 1454 μετά

333 1477 612 1547 δαψιλείας
646 1477 1008 1531 ἐπεδείκνυτο.
1033 1477 1130 1528 ’Ἂν
1157 1493 1217 1528 τε
1253 1475 1362 1547 γάρ
1397 1477 1670 1548 ὑπομονὴν
1695 1478 1790 1552 δέῃ
1819 1479 2018 1532 ἐπιδεί-

337 1572 554 1638 ξασθαι,
601 1572 856 1644 εὑρήσεις
889 1570 1053 1624 αὐτὸν
1078 1571 1157 1634 είς
1189 1570 1359 1642 αὐτὴν
1400 1572 1499 1643 τήν
1547 1572 1722 1643 ἄκραν
1771 1574 2016 1647 κορυφήν

335 1669 752 1740 ἀναϐεϐηκόταο
793 1667 860 1722 ἀν
894 1685 955 1721 τε
999 1667 1520 1740 ταπεινοφροσύνην,
1548 1668 1668 1738 ὄψει
1714 1669 1876 1724 πάλιν
1921 1669 2017 1724 καὶ

336 1761 572 1816 ἐνταῦθα
603 1761 780 1815 οὐδενὶ
815 1760 1270 1832 παραχωροῦντα,
1300 1761 1437 1815 ἀλλά
1478 1762 1684 1825 πάντας
1715 1764 2016 1834 ὑπερακον-

333 1858 552 1921 τίζοντα
573 1875 586 1886 ·
619 1857 724 1910 κᾶν
753 1857 934 1910 πίστιν
961 1855 1330 1921 ἐπιδείξασθαι
1357 1856 1473 1929 δέῃ,
1508 1858 1599 1910 καὶ
1626 1859 1683 1910 ἐν
1714 1857 1890 1930 τούτῳ
1919 1858 2019 1912 πά-

334 1956 419 2010 λιν
448 1955 646 2026 μᾶλλον
679 1952 1030 2024 εὑρεθήσεται
1055 1952 1164 2006 τῶν
1192 1951 1368 2006 ἀλλων
1406 1953 1660 2007 ἀπάντων
1689 1954 2012 2026 εὐδοκιμῶν.

335 2049 602 2120 Καθάπερ
628 2049 734 2120 γὰρ
762 2047 925 2101 εἰκών
965 2065 1050 2112 τις
1082 2047 1332 2119 ’ἔμψυχός
1371 2051 1516 2103 εστιν
1549 2051 1582 2118 ἡ
1622 2048 1815 2102 τούτου
1844 2048 2012 2120 ψυχὴ.

334 2147 405 2200 τὰ
443 2147 674 2217 διάφορα
719 2143 820 2215 τῆς
865 2143 1068 2214 ἀρετῆς
1097 2143 1364 2215 χρώματα
1393 2144 1452 2198 ἐν
1481 2145 1649 2215 ἑαυτῇ
1674 2144 2012 2201 δεικνύουσα.

337 2243 474 2296 Ποία
521 2237 614 2295 οῦν
659 2242 790 2312 ἡμῖν
816 2240 1170 2293 ὑπολείπεται
1199 2239 1388 2294 λοιπὸν
1425 2240 1714 2310 ἀπολογία,
1743 2243 1868 2296 ὅταν
1897 2243 2017 2306 ἐνὸς

337 2335 625 2410 ἀνθρώπου
667 2337 844 2401 πάσας
883 2337 981 2401 τὰς
1030 2337 1230 2409 ἀρετάς
1275 2338 1333 2390 ἐν
1380 2336 1558 2409 ἑαυτῷ
1606 2339 2014 2411 περιφέροντος,

337 2438 499 2507 ἡμεῖς
527 2433 700 2498 οὕτως
733 2434 930 2506 ἔρημοι
971 2434 1352 2506 τυγχάνωμεν,
1395 2434 1470 2499 ώς
1511 2435 1780 2506 μηδεμίαν
1814 2437 2018 2508 ἀρετὴν

337 2533 623 2604 βούλεσθαι
655 2531 953 2604 κατορθοῦν
975 2549 989 2597 ;
1012 2533 1136 2586 Ὅτι
1158 2531 1267 2604 γὰρ
1291 2533 1352 2585 οὐ
1381 2531 1536 2604 παρά
1555 2532 1617 2586 τὸ
1639 2532 1717 2604 μὴ
1733 2531 2014 2599 δύνασθαι,

336 2631 473 2686 ἀλλά
502 2629 654 2701 παρά
695 2628 758 2683 τδ
799 2628 873 2700 μὴ
913 2627 1198 2698 βούλεσθαι
1229 2627 1428 2700 ἐρημοι
1462 2628 1680 2682 πάντων
1715 2629 1880 2700 ἐσμὲν
1907 2630 2018 2682 τῶν

337 2727 577 2795 ἀγαθῶν,
611 2724 785 2796 σαφὴς
812 2724 1084 2792 ἀπόδειξις
1111 2724 1170 2778 τὸ
1197 2723 1426 2788 πολλοὺς
1453 2724 1562 2779 τῶν
1582 2725 1864 2796 ὁμογενῶν
1879 2727 2016 2798 ἡμῖν

337 2823 516 2893 εὑρεῖν
548 2820 950 2890 διαλάμποντας
988 2822 1044 2873 ἐν
1072 2819 1259 2893 ἀρετῇ.
1301 2820 1412 2875 Καὶ
1444 2819 1576 2874 αὐτὸ
1606 2819 1663 2873 δέ
1696 2821 1853 2875 τοῦτο
1867 2835 1916 2886 ι,
1956 2823 2017 2877 τὸ

338 2918 429 2971 τὸν
458 2915 804 2988 πατριάρχην
827 2916 922 2970 καὶ
953 2916 1060 2987 πρὸ
1079 2917 1181 2987 τῆς
1205 2915 1447 2987 χάριτος,
1474 2915 1572 2970 καὶ
1590 2917 1708 2988 πρὸ
1735 2918 1838 2971 τοῦ·
1855 2919 2018 2992 νόμου

338 3013 621 3084 γεγονότα,
670 3011 881 3065 οἴκοθεν
914 3012 1016 3067 ειαὶ
1056 3012 1164 3066 ἀπὸ
1207 3011 1306 3083 τῆς
1357 3013 1414 3065 ἐν
1445 3015 1509 3083 τῇ
1557 3011 1718 3082 φύσει
1762 3014 2020 3086 κειμένης

339 3111 594 3181 γνώσεως
618 3109 698 3173 είς
719 3107 970 3163 τοσοῦτον
1001 3108 1195 3180 μέτρον
1218 3109 1422 3181 ἀρετῆς
1449 3108 1645 3172 ἐλθεῖν,
1676 3110 1854 3182 πάσης
1873 3114 2020 3183 ήμᾶς

341 3204 642 3273 ἀπολογίας
689 3203 1065 3274 ἀποστερῆσαι
1115 3204 1425 3276 δυνήσεται.
1467 3203 1604 3256 Ἀλλ’
1661 3204 1790 3268 ἴσως
1835 3205 2020 3275 ἐροῦσί

342 3320 510 3365 τινες,
543 3301 622 3354 ὅτι
653 3299 854 3370 πολλῆς
881 3299 1157 3354 ἀπέλαυσε
1185 3300 1285 3370 τῆς
1315 3299 1467 3371 παρά
1498 3299 1593 3353 τοῦ
1621 3299 1757 3354 Θεοῦ
1785 3301 2019 3373 κηδεμοο

341 3399 463 3462 νίας
490 3399 518 3450 ό
545 3396 705 3467 ἀνὴρ,
728 3395 821 3449 καὶ
852 3394 1050 3467 πολλὴν
1078 3395 1392 3460 ἐπεδείξατο
1419 3395 1515 3468 τὴν
1547 3396 1673 3467 περὶ
1705 3396 1866 3450 αὐτὸν
1895 3399 2023 3468 πρό-

334 3511 488 3547 νοιαν
521 3494 549 3546 6
573 3491 680 3544 τῶν
723 3491 858 3543 ὅλων
882 3489 1036 3552 Θεός.
1071 3488 1196 3554 Ναὶ,
1229 3490 1476 3561 ὁμολογῶ
1499 3509 1514 3523 ο
1549 3491 1664 3544 ἀλλ’
1692 3493 1741 3544 εί
1789 3490 1864 3563 μὴ
1883 3491 2023 3561 πρό-

339 3607 493 3661 τερος
528 3588 594 3640 τὰ
623 3585 755 3656 παρ’
777 3584 968 3639 ἐαυτοῦ
1000 3586 1095 3638 καὶ
1125 3585 1286 3648 αὐτὸς
1318 3584 1650 3651 ἐπεδείξατο,
1683 3587 1784 3640 οὐκ
1820 3588 1886 3642 ἀν
1913 3587 2021 3640 τῶν

341 3687 492 3758 παρὰ
532 3683 624 3738 τοῦ
669 3681 938 3735 Δεσπότου
988 3680 1290 3752 ἀπήλαυσε.
1328 3681 1421 3754 Μὴ
1453 3681 1635 3736 τοίνυν
1663 3683 1823 3737 τοῦτο
1862 3685 2022 3755 μόνον

343 3785 466 3854 ὅρα,
517 3777 654 3833 ἀλλά
703 3777 823 3831 καθ’
847 3776 1076 3830 ἕκαστον
1116 3775 1386 3842 ἐξετάζων
1439 3779 1844 3850 καταμάνθανε,
1906 3781 2024 3845 πῶς

339 3877 607 3948 πρότερον
632 3874 728 3946 τῆς
756 3872 957 3936 οἰκείας
985 3872 1186 3946 ἀρετῆς
1215 3875 1274 3927 ἐν
1304 3874 1438 3927 πᾶσι
1471 3874 1568 3944 τὴν
1599 3874 1830 3945 βάσανον
1881 3893 2023 3948 παρ-

344 3971 618 4044 εσχηκὼς,
655 3968 829 4033 οὑτως
855 3967 1070 4038 ἠξιοῦτο
1096 3970 1194 4040 τῆς
1224 3970 1374 4041 παρά
1403 3969 1497 4023 τοῦ
1522 3970 1656 4024 Θεοῦ
1683 3973 2019 4044 συμμαχίας.

345 4071 456 4122 Καὶ
485 4067 657 4122 ταῦτα
689 4065 948 4129 πολλάκις
973 4065 1102 4135 ὑμῖν
1129 4065 1433 4136 ἐδείξαμεν,
1465 4067 1631 4136 ήνίκα
1659 4067 1727 4120 τά
1763 4068 1902 4121 κατά
1925 4069 2022 4141 τὴν

352 4163 676 4235 μετάστασιν
711 4161 874 4214 αὐτοῦ
907 4159 1005 4228 τὴν
1052 4162 1116 4214 ἐκ
1161 4163 1264 4232 γῆς
1312 4163 1412 4234 τῆς
1455 4162 1714 4234 πατρῴας
1764 4164 1998 4217 ἐποιεῖ.·ο

347 4265 494 4324 ὅπως
517 4259 638 4313 οὐδέ
658 4258 764 4311 ἀπὸ
784 4257 1063 4328 προγόνων
1085 4259 1374 4328 σπέρματα
1399 4259 1681 4322 εὐσεϐείας
1709 4259 2021 4328 δεξάμενος,

347 4357 556 4412 οἴκοθεν
582 4353 676 4409 καὶ
707 4354 836 4425 παρ’
867 4351 1067 4406 ἐαυτοῦ
1102 4352 1236 4406 πολὺ
1267 4352 1329 4406 τὸ
1368 4353 1614 4422 φιλόθεον
1657 4354 2019 4419 ἐπεδείκνυτο,

348 4454 442 4508 καὶ
490 4451 776 4522 ἄνθρωπος
823 4450 947 4521 ἄρτι
999 4449 1097 4520 τῆς
1134 4448 1408 4512 Χαλδαίας
1441 4448 1801 4518 μεταναστὰς,
1831 4451 2022 4521 ἀθρόον

350 4540 702 4610 κελευόμενος
749 4537 848 4610 τὴν
891 4536 1177 4608 ἀλλοτρίαν
1207 4537 1306 4608 τῆς
1333 4537 1542 4600 οἰκείας
1568 4537 2018 4603 ἀνταλλάξασθαι,

347 4628 449 4681 οὐκ
478 4627 796 4690 ἐνεδοίασεν,
825 4625 923 4678 οὐκ
948 4622 1291 4690 ἀνεϐάλλετο,
1323 4623 1436 4677 ἀλλ’
1461 4624 1661 4687 εὐθέως
1698 4624 1936 4694 ἐπλήρου
1962 4624 2022 4676 τὸ

349 4712 660 4782 ἐπιταχθὲν,
694 4712 789 4765 καὶ
816 4711 990 4764 ταῦτα
1017 4712 1116 4764 οὐκ
1148 4711 1302 4774 εἰδὼς
1329 4712 1464 4764 ὅπου
1490 4713 1744 4784 στήσεται
1770 4710 1920 4780 αὐτῷ
1954 4711 2022 4764 τά

349 4800 448 4871 τῆς
493 4798 721 4868 πλάνης,
759 4799 856 4852 καὶ
883 4797 1108 4850 ἔσπευδε
1138 4799 1231 4851 καὶ
1270 4797 1547 4866 ἠπείγετο,
1581 4798 1656 4862 ώς
1689 4799 1780 4851 ἐπί
1812 4798 2021 4869 ώμολο-

352 4886 631 4957 γημένοις.
657 4887 768 4949 τοῖς
803 4885 1042 4955 ἀδήλοις,
1071 4885 1133 4938 τὸ
1157 4885 1249 4938 τοῦ
1283 4885 1420 4938 Θεοῦ
1447 4886 1773 4956 πρόσταγμα
1807 4888 2022 4940 πάντων

351 4967 744 5042 προτιμότερον
782 4967 1101 5038 ἡγούμενος.
1136 4963 1290 5030 Εἶδες
1323 4965 1440 5029 πῶς
1489 4966 1548 5033 ἐξ
1592 4967 1767 5038 ἀρχῆς
1816 4968 1910 5020 καὶ
1959 4969 2023 5020 ἐκ

351 5058 648 5133 προοιμίων
693 5056 762 5110 τά
802 5058 930 5127 παρ’
965 5055 1158 5109 ἐαυτοῦ
1192 5055 1464 5127 είσέφερε,
1494 5057 1588 5110 καὶ
1616 5057 1706 5109 διὰ
1735 5057 1892 5110 τοῦτο
1929 5057 2022 5111 καὶ

351 5149 421 5201 τά
450 5145 598 5215 παρά
628 5144 720 5197 τοῦ
749 5142 883 5196 Θεοῦ
915 5143 1034 5195 καθ’
1066 5143 1299 5213 ἑκάστην
1324 5143 1632 5214 ἐκαρποῦτο
1661 5145 1799 5214 μετὰ
1824 5145 2023 5214 πολλῆς

354 5230 455 5300 τῆς
495 5228 808 5295 δαψιλείας
855 5224 1009 5298 [421]
1043 5224 1148 5278 Τὸν
1175 5225 1336 5277 αὐτὸν
1364 5225 1427 5296 δὴ
1456 5227 1656 5296 τρόπον
1705 5227 1800 5280 καὶ
1839 5229 2019 5298 ήμεῖς,

356 5313 650 5382 ἀγαπητοὶ,
678 5312 726 5363 εί
759 5309 1084 5381 βουλοίμεθα
1112 5308 1214 5378 τῆς
1239 5308 1444 5362 ἀνωθεν
1467 5309 1760 5364 ἀπολαύειν
1787 5310 2020 5373 εὐνοίας,

356 5397 693 5469 ζηλώσωμεν
717 5398 810 5450 τὸν
841 5397 1205 5468 πατριάρχην,
1237 5395 1328 5448 καὶ
1376 5393 1449 5465 μὴ
1493 5394 1850 5466 ἀναδυώμεθα
1887 5396 2022 5466 πρὸς

355 5482 454 5552 τὴν
503 5479 724 5550 ἀρετὴν,
770 5480 882 5532 ἀλλ’
925 5481 1160 5550 ἐκάστην
1203 5477 1589 5544 ἀπολαϐόντες,
1634 5478 1777 5532 οῦτω
1822 5479 2022 5549 ταύτην

361 5567 498 5634 μετά
531 5565 764 5635 σπουδῆς
801 5566 1188 5636 μετερχώμεθα
1208 5608 1221 5630 ,
1254 5565 1329 5628 ὡς
1363 5565 1454 5617 τὸν
1488 5565 1789 5636 ἀκοίμητον
1817 5568 2023 5619 ἐκεῖνον

361 5650 632 5720 ὀφθαλμὸν
653 5648 1058 5703 ἐπισπάσασθαι
1080 5649 1214 5721 πρὸς
1234 5649 1330 5720 τὴν
1355 5651 1452 5718 τῆς
1477 5651 1712 5722 ἀμοιϐῆς
1731 5651 2019 5705 ἀντίδοσιν.

367 5740 427 5790 ὐ
471 5736 580 5807 γὰρ
623 5735 690 5788 τά
723 5735 1011 5805 ἀπόρρητα
1038 5738 1136 5806 τῆς
1163 5735 1397 5800 διανοίας
1441 5735 1596 5807 ἡμῶν
1638 5737 2018 5807 ἐπιστάμενος,

418 5845 448 5876 ⁸
472 5841 603 5894 Sam
644 5845 691 5892 et
717 5835 791 5894 all‘
831 5842 901 5892 mi
929 5841 1044 5888 αὐτὸ
1065 5842 1153 5904 γὰρ
1176 5839 1336 5890 τοῦτο.

2115 813 2336 868 ἐπειδάν
2366 814 2449 886 ἴδῃ
2475 815 2600 885 ὑγιῆ
2628 814 2852 887 γνώμην
2884 815 3381 886 ἐπιδεικνυμένους,
3400 816 3493 869 καὶ¹
3515 815 3656 889 πρὸς
3676 819 3800 885 τούς

2115 915 2217 987 τῆς
2265 917 2467 990 ἀρετῆς
2521 917 2738 986 ἀγῶνας
2784 916 3117 972 ἀποδύεσθαι
3156 916 3580 983 ἐσπουδακότας,
3617 935 3805 990 παρα-

2115 1019 2304 1090 χρῆμα
2349 1019 2440 1072 καὶ
2472 1018 2571 1090 τὴν
2607 1017 2958 1090 παρ’ἐαυτοῦ
3006 1019 3234 1088 παρέχει
3283 1017 3476 1089 ῥοπὴν,
3525 1019 3664 1090 ὁμοῦ
3709 1021 3805 1074 καὶ

2113 1119 2240 1182 τοῦς
2268 1119 2461 1182 πόνους
2491 1120 2621 1189 ήμῖν
2651 1118 3037 1186 ἐπικουφίζων,
3062 1118 3154 1170 καὶ
3187 1117 3248 1169 τὸ
3281 1117 3502 1182 ἀσθενὲς
3533 1119 3636 1189 τῆς
3665 1121 3805 1191 1‘79;-

2114 1221 2280 1294 τέρας
2325 1219 2539 1290 φύσεως
2573 1220 2930 1292 ἐπιρρωννῦς,
2973 1217 3068 1271 καὶ
3112 1216 3355 1286 δαψιλεῖς
3402 1217 3502 1281 τάς
3552 1219 3804 1289 ἀμοιϐὰς

2116 1319 2384 1390 χορηγῶν.
2417 1321 2526 1372 Καὶ
2573 1319 2666 1371 ἐπὶ
2714 1317 2814 1388 μὲν
2855 1317 2963 1371 τῶν
3000 1315 3388 1386 Ὀλυμπιακῶν
3413 1315 3652 1385 ἀγώνων
3699 1321 3805 1375 οὐκ

2115 1423 2181 1478 ἀν
2220 1439 2348 1475 ποτε
2398 1422 2577 1492 εῦροις
2629 1439 2680 1474 τι
2729 1419 2968 1474 τοιοῦτον
3010 1419 3328 1490 γινόμενον·
3364 1420 3477 1474 ἀλλ’
3497 1421 3730 1492 ἐστηκεν
3772 1422 3806 1475 6

2117 1521 2490 1593 παιδοτρίϐης,
2512 1519 2710 1592 θεατὴς
2734 1519 2894 1590 μόνον
2915 1519 3196 1591 γινόμενος
3225 1520 3331 1574 τῶν
3356 1520 3801 1591 ἀγωνιζομένων,

2117 1623 2214 1676 καὶ
2243 1623 2394 1676 οὐδὲν
2421 1622 2616 1692 ἕτερον
2654 1622 3081 1688 συνεισενεγκεῖν
3109 1621 3424 1692 δυνάμενος,
3455 1620 3569 1675 ἀλλ’
3591 1620 3802 1692 ἀναμέ-

2117 1739 2224 1776 νων
2254 1721 2353 1793 τὴν
2381 1720 2535 1791 νίκην
2564 1720 2814 1789 γενέσθαι
2840 1736 2854 1751 ο
2885 1721 2913 1773 6
2939 1720 2995 1772 δὲ
3025 1720 3302 1790 Δεσπότης
3334 1722 3362 1773 6
3392 1720 3670 1792 ἡμέτερος
3697 1721 3803 1792 οὐχ

2117 1822 2309 1887 οὕτως,
2334 1821 2470 1876 ἀλλά
2513 1823 2606 1875 καὶ
2641 1820 3085 1889 συναγωνίζεται,
3120 1820 3215 1874 καὶ
3258 1823 3416 1892 χεῖρα
3461 1821 3665 1892 ὀρέγει,
3704 1822 3802 1874 καὶ

2121 1920 2540 1988 συνεφάπτεται,
2571 1920 2664 1973 κιιλ⁸
2701 1919 2986 1988 μονονουχὶ
3019 1918 3355 1989 πανταχόθεν
3387 1919 3478 1972 τὸν
3505 1919 3803 1974 ἀντίπαλον

2119 2021 2551 2092 ὑποτεταγμένον
2598 2022 2730 2092 ἡμῖν
2778 2017 3135 2091 παραδίδωσι,
3175 2018 3271 2071 καὶ
3305 2017 3482 2072 πάντα
3528 2020 3674 2071 ποιεῖ
3704 2019 3803 2073 καὶ

2123 2119 2591 2190 πραγματεύεται,
2625 2119 2766 2172 ὥστε
2793 2118 3087 2189 δυνηθῆναι
3114 2118 3266 2188 ἡμᾶς
3299 2117 3802 2186 καταγωνίσασθαι,

2123 2221 2216 2272 καὶ
2258 2220 2356 2291 τήν
2406 2220 2564 2292 νίκην
2611 2219 2868 2294 ἄρασθαι,
2901 2218 2990 2271 ἵνα
3021 2217 3112 2272 τὸν
3146 2217 3510 2289 ἀμαράντινον
3539 2219 3804 2289 στέφανον

2123 2319 2282 2390 ἐπιθῇ
2311 2322 2378 2391 τῇ
2411 2320 2654 2392 ἡμετέρα
2693 2317 2924 2389 κεφαλῇ.
2963 2317 3274 2387 Στέφανον
3306 2317 3434 2388 γὰρ,
3469 2318 3656 2388 φησὶν,
3690 2334 3804 2388 χαι

2115 2420 2297 2487 ρι’των
2325 2419 2469 2488 δέξῃ
2500 2418 2586 2489 σῇ
2619 2417 2874 2488 κορυφῇ.
2906 2418 3017 2472 Καὶ
3051 2419 3108 2471 ἐν
3137 2418 3235 2489 μὲν
3262 2419 3374 2483 τοῖς
3409 2418 3805 2489 Ὀλυμπιακοῖς

2121 2518 2330 2583 τούτοις
2365 2519 2572 2587 ἀγῶσιν
2597 2521 2625 2573 6
2655 2519 2915 2588 στέφανος
2952 2517 3088 2590 μετά
3124 2517 3223 2589 τὴν
3251 2518 3406 2589 νίκην
3435 2518 3588 2572 οὐδὲν
3612 2519 3804 2591 ἕτερόν

2123 2616 2350 2688 ἐστιν,ἦ
2395 2617 2567 2687 φύλλα
2610 2617 2836 2688 δάφνης,
2877 2617 2972 2671 καὶ
3005 2617 3216 2689 κρότος,
3250 2617 3344 2672 καὶ
3383 2617 3478 2688 βοὴ
3523 2617 3676 2688 παρὰ
3707 2616 3805 2670 τοῦ

2123 2717 2295 2788 δήμου
2329 2717 2606 2788 γινομένη,
2629 2717 2769 2789 άπερ
2799 2717 3037 2782 ἅπαντα,
3070 2718 3167 2790 τῆς
3197 2718 3436 2788 ἑσπέρας
3461 2716 3804 2771 καταλαϐούο

2128 2833 2247 2886 σης,
2272 2817 2660 2889 κατεμαράνθη
2693 2819 2786 2872 καὶ
2815 2818 3061 2872 ἀπώλετο
3080 2833 3095 2850 °
3145 2821 3173 2873 6
3213 2819 3268 2872 δὲ
3303 2819 3445 2891 ὑπὲρ
3473 2819 3574 2890 τῆς
3599 2821 3805 2892 ἀρετῆς

2125 2917 2220 2970 καὶ
2247 2917 2353 2970 τῶν
2378 2918 2591 2988 ταύτης
2621 2918 2856 2990 ἱδρώτων
2890 2920 3148 2988 στέφανος
3179 2918 3330 2973 οὐδὲν
3376 2919 3636 2990 αἰσθητὸν
3664 2918 3805 2990 ἔχει,

2125 3015 2244 3069 οὐδὲ
2272 3018 2327 3071 ἐν
2349 3017 2426 3088 τῷ
2449 3019 2604 3073 αίώνι
2623 3019 2797 3091 τούτῳ
2820 3020 3345 3092 συγκαταλυόμενον,
3368 3021 3504 3076 ἀλλά
3524 3021 3802 3093 διηνεκὴς,

2125 3115 2408 3180 ἀθάνατος,
2440 3117 2612 3171 ἀπασι
2645 3120 2758 3181 τοῖς
2797 3119 2954 3172 αίῶσι
2982 3119 3610 3190 συμπαρεκτεινόμενος.
3642 3119 3746 3172 Καὶ
3776 3121 3808 3172 ὁ

2130 3217 2228 3288 μὲν
2275 3217 2436 3282 πόνος
2481 3219 2617 3289 πρὸς
2647 3219 2834 3290 χρόνον
2872 3219 3099 3290 βραχὺν,
3130 3221 3163 3290 ή
3195 3219 3252 3272 δὲ
3283 3219 3424 3290 ὑπὲρ
3466 3219 3576 3273 τῶν
3623 3218 3808 3272 πόνων

2127 3316 2328 3388 ἀμοιϐή
2355 3317 2508 3382 τέλος
2550 3319 2649 3372 οὐκ
2694 3315 2855 3382 οἶδεν,
2885 3319 3004 3372 οὐδέ
3038 3319 3173 3372 εἴκει
3203 3318 3280 3390 τῷ
3308 3319 3512 3390 χρόνῳ,
3545 3320 3664 3373 οὐδέ
3695 3337 3807 3390 μα-

2130 3423 2386 3494 ραίνεται.
2414 3425 2524 3478 Καὶ
2547 3425 2641 3477 ,ἵνα
2678 3424 2906 3495 μάθητε,
2942 3424 3050 3478 ἰδοῦ
3077 3424 3216 3477 πόσα
3251 3423 3346 3494 ἐτη
3376 3423 3675 3493 διελήλυθε,
3709 3425 3811 3477 καὶ

2126 3523 2288 3576 πόσαι
2333 3525 2534 3592 γενεαὶ,
2565 3523 2624 3588 ἐξ
2654 3519 2714 3578 οῦ
2747 3524 3089 3596 πατριάρχης
3134 3517 3286 3586 οὗτος
3332 3523 3552 3592 γέγονε·
3591 3523 3684 3576 κα)⁵
3725 3523 3808 3588 ώς

2125 3622 2249 3693 χθὲς
2277 3624 2370 3677 καὶ
2401 3627 2659 3696 σήμερον,
2691 3626 2831 3678 οῦτω
2861 3624 3256 3694 διαλάμπουσιν
3279 3623 3443 3677 αὐτοῦ
3470 3624 3519 3677 οί
3541 3623 3680 3694 ὑπὲρ
3701 3624 3808 3694 τῆς

2124 3723 2322 3795 ἀρετῆς
2357 3725 2629 3793 στέφανοι,
2664 3725 2757 3779 καὶ
2793 3725 2954 3795 μέχρι
2986 3724 3088 3791 τῆς
3126 3722 3435 3787 συντελείας
3465 3722 3641 3793 αὐτῆς
3666 3724 3806 3776 πᾶσι.

2124 3825 2234 3886 τοῖς
2272 3818 2331 3876 εὖ
2362 3823 2617 3895 φρονοῦσι
2645 3823 2996 3887 διδασκαλίας
3027 3823 3286 3886 ὑπόθεσις
3313 3822 3545 3891 γίνεται.

2195 3922 2260 3992 β’.
2307 3923 2458 3976 Ἐπεὶ
2479 3919 2570 3978 οὖν
2598 3924 2820 3994 τοιαύτη
2844 3924 2935 3977 τοῦ
2961 3923 3170 3977 δικαίου
3209 3923 3400 3976 τούτου
3431 3923 3462 3992 ἡ
3494 3921 3684 3993 ἀρετὴ,
3722 3920 3804 3982 είς

2126 4023 2282 4093 ζῆλον
2304 4021 2493 4076 τούτου
2520 4023 2906 4095 διεγερθῶμεν,
2939 4025 3033 4077 καὶ
3053 4025 3148 4092 ὀψὲ
3171 4023 3300 4093 γοῦν
3323 4039 3452 4074 ποτε
3475 4020 3574 4092 τὴν
3595 4020 3804 4074 οίκείαν

2123 4123 2434 4192 ἐπιγνόντες
2466 4123 2762 4191 εὐγένειαν,
2793 4126 2884 4178 τὸν
2914 4126 3258 4196 πατριάρχην
3289 4121 3679 4194 μιμησώμεθα,
3705 4124 3802 4176 καὶ

2123 4223 2328 4278 ἔννοιάν
2355 4240 2475 4277 τινα
2507 4223 2758 4294 λάϐωμεν
2798 4223 2898 4293 τῆς
2942 4222 3214 4294 σωτηρίας
3248 4224 3347 4292 τῆς
3378 4222 3674 4293 ἡμετέρας,
3705 4222 3802 4274 καὶ

2125 4324 2322 4395 πολλὴν
2366 4323 2680 4393 ἐπιμέλειαν
2729 4322 3032 4394 ποιώμεθα,
3079 4321 3219 4376 ὥστε
3256 4323 3329 4393 μὴ
3357 4321 3418 4373 τὸ
3447 4322 3606 4392 σῶμα
3638 4320 3800 4392 μόνον

2122 4425 2404 4489 ὑγιαίνειν,
2441 4423 2576 4476 ἀλλά
2604 4424 2698 4478 καὶ
2721 4425 2819 4496 τῆς
2846 4423 3024 4494 ψυχῆς
3049 4423 3118 4477 τά
3141 4423 3371 4493 διάφορα
3395 4421 3679 4492 νοσήματα
3715 4422 3800 4473 ία-

2123 4524 2500 4594 τρεύειν.”Εάν
2539 4524 2648 4595 γάρ
2677 4523 2993 4596 βουλώμεθα
3023 4527 3214 4596 νήφειν
3265 4524 3356 4576 καὶ
3409 4521 3798 4593 ἐγρηγορέναι,

2123 4625 2230 4678 τῶν
2277 4623 2369 4678 τοῦ
2418 4625 2669 4696 σώματος
2712 4625 2899 4678 παθῶν
2957 4625 3322 4695 εὐκολώτερον
3361 4623 3430 4675 τὰ
3474 4621 3574 4690 τῆς
3620 4621 3803 4691 ψυχῆς

2129 4726 2388 4794 ἰασόμεθα
2417 4727 2718 4797 νοσήματα.
2750 4721 2873 4780 Οίον
2896 4725 3003 4796 γὰρ
3031 4724 3097 4778 ἀν
3125 4723 3313 4794 ἐνοχλῇ
3343 4725 3474 4792 ἡμῖν
3499 4720 3688 4784 πάθος,
3704 4719 3800 4773 ἐὰν

2126 4818 2396 4889 ἐθέλωμεν
2425 4821 2640 4874 εὐσεϐεῖ
2664 4819 2909 4890 λογισμῷ
2937 4821 2993 4871 ἐν
3026 4816 3100 4887 νῷ
3123 4815 3408 4870 ἀναλαϐεῖν
3433 4814 3491 4867 τὸ
3519 4812 3802 4882 κριτήριον

2123 4915 2224 4984 τῆς
2253 4915 2487 4987 φοϐερᾶς
2525 4918 2736 4988 ἐκείνης
2762 4916 2991 4988 ἡμέρας,
3019 4915 3112 4967 καὶ
3145 4913 3220 4984 μὴ
3253 4911 3386 4983 πρὸς
3416 4910 3477 4963 τὸ
3502 4909 3674 4980 παρὸν
3695 4907 3798 4977 ήδὺ

2125 5011 2354 5073 ἀπιδεῖν,
2392 5011 2524 5064 ἀλλά
2547 5012 2645 5081 τὴν
2674 5013 2811 5082 μετά
2836 5010 3007 5064 ταῦτα
3029 5008 3220 5079 ὀδύνην
3249 5005 3603 5077 ἐγγινομένην
3641 5006 3796 5075 ἡμῖν,

2125 5107 2467 5178 παραχρῆμα
2491 5109 2864 5179 άποπτήσεται
2892 5107 2984 5160 καὶ
3001 5104 3342 5176 ἀποπηδήσει
3360 5102 3388 5142 δ
3410 5103 3506 5173 τῆς
3525 5101 3796 5172 ἡμετέρας

2124 5201 2320 5272 ψυχῆς.
2347 5205 2436 5273 Μὴ
2461 5204 2640 5257 τοίνυν
2667 5202 3019 5275 ρᾳθυμώμεν,
3043 5201 3156 5256 ἀλλ’
3179 5200 3374 5261 εἰδότες
3398 5199 3479 5251 ὅτι
3509 5195 3655 5265 ἀγών
3679 5198 3794 5252 ἐστι

2125 5291 2219 5342 καὶ
2248 5289 2618 5360 παλαίσματα,
2652 5293 2782 5344 καῖε
2817 5290 2898 5342 δεῖ
2937 5286 3342 5361 παρατετάχθαι
3394 5282 3529 5356 πρὸς
3559 5283 3659 5353 τὴν
3694 5283 3798 5352 μά-

2123 5393 2244 5446 χην,
2275 5377 2396 5429 καθ’
2418 5377 2650 5448 ἐκάστην
2673 5380 2704 5448 ή
2713 5377 2928 5448 μέρανή
2938 5378 3053 5446 μῶν
3081 5375 3171 5427 τὸν
3196 5371 3452 5442 λογισμὸν
3482 5369 3798 5440 ἀκμάζοντα

2126 5463 2216 5516 καὶ
2243 5465 2433 5536 νεαρὸν
2456 5464 2688 5536 ἔχωμεν,
2707 5467 2795 5519 ἵνα
2815 5465 2913 5536 τῆς
2936 5463 3139 5517 ἀνωθεν
3165 5457 3480 5530 συμμαχίας
3501 5456 3800 5511 ἀπολαύον-

2122 5565 2234 5615 τες,
2267 5551 2356 5603 τοῦ
2406 5552 2638 5621 πονηροῦ
2689 5552 2878 5606 τούτου
2918 5549 3128 5620 θηρίου,
3165 5545 3318 5617 Ῐ-ίῖὕι
3357 5545 3450 5598 τοῦ
3508 5541 3796 5596 ἐπιϐούλου

2124 5637 2265 5706 λέγω
2286 5639 2382 5708 τῆς
2405 5633 2676 5710 σῶτηρίας
2700 5640 2797 5707 τῆς
2819 5638 2984 5707 ἡμετέ
2993 5654 3111 5708 ρας,
3129 5635 3224 5705 τήν
3251 5631 3489 5701 κεφαλὴν
3512 5629 3798 5699 συντρῖψαι

2187 5785 2214 5852 ι)
2235 5787 2386 5852 S_a\i_|.
2418 5795 2470 5837 el
2489 5792 2672 5852 aliquot
2701 5805 2816 5839 mss.
2839 5794 3129 5852 παραχρῆμα
3145 5786 3414 5852 ῂᾶφῖπταται
3444 5784 3524 5831 καὶ
3547 5769 3792 5852 ἀποπηδᾷ.

2192 5850 2215 5878 °
2238 5849 2553 5910 Conjuncliva
2574 5844 2814 5914 barlicula
2831 5865 2860 5898 ε
2884 5844 3029 5901 «ξυιέῑ.
3059 5844 3109 5897 ιλι
3130 5844 3224 5897 εει
3271 5847 3500 5905 supplcm
3523 5852 3618 5893 εει.
3652 5844 3773 5894 Elui
