4078 6436
1388 357 1456 412 ΙΝ
1494 358 1645 413 CAP.
1686 356 1872 413 XVIII.
1915 356 2155 412 GENES.
2199 354 2429 411 llOMlL.
2471 350 2633 406 XLII.

1532 702 2052 794 HOMILIA
2126 701 2432 788 XLil.

586 966 719 1025 Cum
758 964 1113 1019 surrexissent
1146 969 1324 1016 autem
1350 960 1471 1025 viri,
1516 964 1857 1029 respexerunt
1884 955 1939 1009 in
1970 954 2160 1025 faciem
2194 952 2544 1015 Sodomorum
2579 960 2630 1005 et
2666 950 2970 1009 Gomorrha:
3011 946 3160 1020 (Gen.
3198 946 3285 1003 18.
3323 943 3435 1017 16).

464 1232 519 1286 1.
551 1227 846 1285 Didicimus
871 1240 937 1282 ex
974 1223 1226 1281 hesterna
1254 1220 1505 1287 lectione,
1538 1216 1822 1282 carissimi,
1865 1213 1979 1268 exi-

392 1324 553 1380 miam
592 1321 719 1392 justi
760 1318 1170 1389 hospitalitatem
1201 1333 1215 1369 :
1243 1328 1340 1384 age
1373 1322 1426 1368 et
1456 1326 1517 1367 ea
1546 1325 1662 1381 quae
1687 1316 1983 1377 sequuntur

396 1421 708 1478 tractantes,
741 1409 899 1465 hodie
919 1409 1187 1464 discamus
1218 1403 1596 1473 benignitatem
1622 1409 1677 1455 et
1695 1398 1979 1453 commise-

398 1505 658 1559 rationcm
676 1499 1012 1571 patriarchae.
1035 1494 1281 1552 Possedit
1307 1494 1450 1549 enim
1478 1491 1673 1548 eximie
1694 1489 1872 1561 justus
1896 1488 1984 1544 ille

398 1598 625 1651 virtutes
668 1608 878 1648 omnes.
927 1590 1110 1659 Neque
1158 1588 1299 1642 enim
1347 1593 1549 1640 tantum
1588 1583 1723 1638 bene
1766 1580 1984 1635 affectus

400 1698 517 1744 erat
544 1689 594 1741 iu
626 1685 916 1757 proximos,
950 1697 1122 1752 neque
1148 1678 1425 1748 hospitalis
1458 1685 1660 1730 tantum
1688 1684 1741 1729 et
1774 1672 1987 1727 miseri-

402 1795 548 1845 cors,
595 1778 689 1832 sed
720 1786 775 1832 et
800 1777 931 1830 alias
962 1775 1184 1828 virtutes
1212 1785 1400 1827 omnes
1427 1768 1655 1823 ubertim
1679 1764 1980 1821 exhibebat.

406 1872 540 1927 Nam
581 1870 694 1924 sive
736 1866 1041 1937 patientiam
1084 1862 1338 1919 exhibere
1378 1874 1510 1929 opus
1540 1858 1629 1926 sit,
1658 1855 1894 1910 invenies
1920 1855 1987 1908 il-

407 1964 516 2017 lum
550 1962 600 2016 in
623 1975 890 2015 summum
912 1958 1049 2012 illius
1074 1955 1328 2011 verticem
1353 1965 1689 2022 progressum
1719 1966 1733 2003 :
1765 1949 1876 2003 sive
1890 1946 1991 2001 hu-

407 2055 684 2108 militatem
709 2051 968 2120 requiras,
999 2048 1207 2103 videbis
1235 2055 1289 2102 et
1319 2046 1371 2100 in
1400 2047 1500 2098 hac
1528 2042 1660 2097 nulli
1689 2041 1988 2109 cedentem,

408 2144 500 2200 sed
523 2157 710 2199 omnes
731 2140 1194 2197 transcendentem
1219 2156 1232 2192 :
1263 2139 1376 2193 sive
1407 2136 1537 2191 fides
1563 2133 1881 2190 declaranda
1897 2133 2007 2201 sit;

409 2247 463 2291 ct
492 2236 543 2292 in
581 2235 684 2289 hoc
729 2248 841 2304 pra:
868 2233 1114 2288 omnibus
1158 2231 1274 2285 aliis
1300 2229 1511 2284 laudem
1554 2227 1866 2283 merebitur.
1898 2225 1995 2281 Est

408 2327 551 2381 enim
580 2326 755 2380 anima
784 2325 901 2396 ejus
928 2324 1101 2394 imago
1128 2321 1370 2393 quaedam
1401 2320 1654 2385 animata,
1684 2320 1864 2374 varios
1882 2318 1996 2372 vir-

413 2428 581 2471 tutum
608 2417 813 2472 colores
833 2416 885 2469 in
908 2429 964 2471 se
992 2423 1290 2469 ostentans.
1322 2412 1452 2480 Quae
1477 2411 1634 2481 igitur
1662 2410 1816 2465 nobis
1844 2417 1994 2480 post-

414 2508 514 2562 hac
544 2508 723 2562 relicta
764 2516 848 2562 est
875 2506 1166 2570 excusatio,
1211 2518 1331 2559 cum
1373 2517 1509 2557 unus
1559 2502 1721 2557 homo
1776 2508 1996 2556 cunctas

412 2600 466 2652 in
497 2613 555 2652 se
586 2598 805 2651 virtutes
835 2596 1123 2667 posddeat,
1154 2610 1252 2649 nos
1280 2609 1407 2649 vero
1439 2594 1506 2647 ita
1536 2602 1784 2662 expertes
1811 2607 1996 2647 earum

414 2692 603 2756 simus,
638 2700 695 2745 ut
738 2698 806 2744 ne
854 2704 1012 2743 unam
1044 2688 1255 2759 quidem
1309 2700 1562 2742 exercere
1606 2684 1799 2754 juvet?
1844 2683 1998 2753 Quod

410 2782 558 2835 cnim
606 2796 708 2834 non
750 2780 869 2850 quia
922 2794 1026 2832 non
1062 2792 1360 2848 possumus,
1395 2775 1488 2830 sed
1519 2776 1637 2846 quia
1670 2776 1937 2842 nolumus,
1966 2790 1998 2831 a

418 2872 574 2925 bonis
620 2869 866 2926 omnibus
902 2870 1069 2924 simus
1098 2870 1272 2935 alieni,
1310 2867 1441 2923 illud
1473 2867 1755 2923 manifeste
1802 2868 2000 2923 indicat

414 2963 559 3033 qtlntl
585 2964 732 3017 multi
760 2962 995 3031 ejusdem
1022 2971 1224 3015 natura:
1256 2961 1499 3016 homines
1528 2962 1862 3016 inveniantur
1888 2962 1998 3015 vir-

416 3055 617 3107 tutilms
660 3053 953 3123 conSpicui.
988 3054 1052 3107 Et
1079 3068 1205 3107 vero
1234 3053 1371 3107 istud
1397 3055 1567 3122 ipsum
1602 3053 1741 3122 quod
1772 3052 2000 3122 patriar-

417 3146 539 3211 cha,
588 3145 676 3215 qui
722 3154 845 3198 ante
891 3146 1077 3214 gratia:
1129 3153 1336 3213 tempus
1378 3153 1432 3197 et
1469 3152 1591 3197 ante
1625 3144 1792 3212 legem
1826 3142 1941 3207 fuit,
1971 3159 2000 3198 a

418 3238 597 3305 seipse
620 3245 672 3291 ct
696 3252 725 3290 a
755 3234 974 3291 scicntia
1006 3251 1125 3306 qua:
1169 3243 1372 3289 natum
1400 3236 1555 3289 insita
1584 3244 1687 3300 est,
1717 3235 1767 3288 in
1797 3242 1999 3289 tantum

420 3329 661 3399 pervenit
685 3329 892 3382 virtutis
930 3326 1218 3397 fastigium,
1258 3326 1453 3381 sufficit
1480 3337 1534 3380 ut
1579 3340 1766 3379 omnes
1795 3336 2003 3380 nostras

417 3423 791 3476 caretis-alienos
823 3420 1035 3476 refutet.
1070 3422 1137 3474 At
1169 3420 1302 3474 forte
1332 3420 1508 3474 dicent
1534 3419 1696 3489 aliqui
1731 3437 1744 3473 :
1781 3419 1871 3473 Vir
1916 3418 2004 3473 ille

419 3513 641 3567 multant
670 3527 697 3565 a
744 3513 851 3566 Deo
875 3513 1099 3582 gratiam
1129 3521 1489 3581 consequutus
1526 3521 1608 3566 est
1640 3552 1654 3574 ,
1688 3520 1741 3565 et
1768 3511 2003 3564 omnium

423 3607 678 3661 Dominus
702 3606 817 3675 ejus
842 3607 1166 3675 singularem
1195 3605 1375 3659 habuit
1404 3619 1605 3659 curam.
1640 3604 1837 3670 Etiam,
1870 3603 1923 3658 id
1952 3612 2007 3658 et

422 3716 521 3768 ego
550 3699 717 3754 fateor
763 3716 778 3752 :
830 3715 1013 3754 verum
1061 3699 1161 3753 nisi
1206 3699 1409 3768 primus
1452 3707 1506 3752 et
1536 3698 1648 3767 ipse
1678 3697 1819 3767 quod
1849 3712 2007 3751 suum

422 3800 536 3844 erat
579 3790 809 3855 fecisset,
859 3806 963 3845 non
992 3800 1135 3845 tanta
1176 3805 1205 3844 a
1252 3791 1477 3844 Domino
1516 3790 1854 3845 obtinuisset.
1905 3790 2009 3843 Ea-

425 3891 642 3949 pruptcr
669 3897 774 3935 non
804 3882 904 3935 hoc
929 3882 1101 3935 solum
1131 3882 1358 3950 respice,
1384 3881 1474 3935 sed
1500 3882 1549 3935 in
1579 3895 1897 3949 unoquoque
1928 3880 2008 3934 di-

426 3972 651 4039 ligenter
693 3974 927 4037 attende,
961 3972 1226 4042 quomodo
1274 3973 1502 4040 primum
1536 3972 1586 4025 in
1626 3972 1871 4025 omnibus
1899 3971 2009 4025 vir-

426 4066 555 4118 tutis
584 4080 693 4118 Slltll
715 4065 1138 4134 experimentum
1150 4066 1467 4131 exhibuerit,
1492 4074 1649 4135 atque
1673 4066 1749 4119 sic
1769 4064 2007 4119 divinum

424 4157 680 4210 meruerit
710 4158 1033 4227 praesidium.
1078 4157 1201 4211 llaec
1241 4173 1382 4226 saepe
1411 4158 1558 4211 vobis
1602 4157 2006 4226 declaravimus,

425 4248 575 4303 illum
619 4263 828 4318 nempe,
858 4249 1070 4319 quando
1114 4264 1141 4302 a
1178 4250 1341 4317 patria
1373 4264 1467 4302 sua
1502 4249 1781 4319 migrabat,
1824 4264 1932 4304 non
1978 4264 2009 4303 a

427 4340 854 4408 progenitoribus
893 4355 1076 4395 semen
1121 4340 1242 4394 lidei
1290 4339 1583 4408 accepisse,
1637 4339 1730 4393 sed
1770 4355 1799 4394 a
1829 4340 2009 4409 scipso

425 4430 580 4485 valde
614 4431 915 4500 religiosam
936 4440 1093 4501 atque
1124 4433 1263 4500 piam
1302 4440 1537 4485 mentem
1574 4430 1879 4488 exhibuisse
1910 4449 1924 4498 ;
1957 4440 2011 4489 et

426 4521 700 4577 hominem
731 4523 899 4589 illum,
932 4538 1053 4577 cum
1080 4539 1250 4592 nuper
1273 4538 1301 4575 a
1323 4522 1573 4577 Chaldrea
1606 4524 1895 4578 translatus
1921 4539 2011 4581 es-

425 4623 524 4673 set.
581 4615 772 4668 iterum
819 4615 994 4670 subito
1038 4618 1247 4684 jussum
1283 4615 1388 4669 alio
1416 4630 1655 4685 pergere,
1702 4625 1755 4669 et
1781 4615 2011 4671 alienam

425 4714 624 4758 terram
641 4720 750 4759 sua:
779 4706 1048 4776 pratfcrre,
1082 4722 1185 4760 non
1213 4708 1497 4761 ﬂuctuasse
1517 4707 1693 4761 animo
1715 4748 1729 4773 ,
1761 4722 1865 4761 non
1896 4707 2010 4761 dis-

425 4795 632 4859 tulisse,
668 4796 760 4851 sed
807 4797 985 4851 statim
1013 4799 1267 4866 imperata
1309 4795 1497 4852 fecisse
1522 4839 1536 4862 ,
1571 4797 1726 4866 idque
1769 4813 1889 4852 cum
1919 4814 2015 4854 ne-

424 4888 585 4940 sciret
602 4886 816 4942 ubinam
844 4888 1055 4943 errandi
1078 4890 1283 4942 futurus
1308 4897 1448 4942 esset
1474 4888 1613 4953 finis,
1637 4899 1687 4942 et
1713 4889 2007 4955 festinasse,

427 4989 481 5035 et
509 4992 840 5049 properasse,
886 4989 943 5035 ut
969 4982 1057 5051 qui
1098 4982 1150 5035 in
1183 4981 1244 5034 iis
1269 4997 1385 5050 quae
1416 4982 1569 5049 plane
1601 4982 1798 5035 incerta
1830 4992 2005 5049 erant,

434 5094 701 5154 tamquam
728 5097 873 5141 certa
914 5096 1112 5151 essent,
1146 5088 1451 5141 mandatum
1484 5086 1572 5139 Dei
1599 5082 1845 5137 oniuibus
1870 5096 2003 5151 pm-

426 5175 704 5231 ferendum
729 5178 965 5231 duceret.

418 5308 427 5333 ι

419 5372 427 5411 l
506 5368 739 5422 Facient:
764 5368 898 5435 quod
924 5366 974 5417 in
1005 5380 1057 5416 se
1086 5371 1158 5414 cst
1199 5360 1330 5414 Deus
1350 5362 1594 5413 auxilium
1626 5376 1724 5413 non
1752 5370 1914 5427 negat.
1945 5386 2013 5397 -

442 5462 621 5515 Vidisti
650 5458 916 5530 quomodo
946 5457 1013 5509 ab
1049 5454 1195 5508 initio
1225 5470 1342 5523 quze
1388 5469 1415 5505 a
1446 5454 1730 5521 semetipso
1761 5460 1911 5507 erant
1939 5462 2013 5505 ιλιι

438 5551 637 5616 ιυΙιτὶι,
665 5558 719 5603 et
741 5556 1018 5617 propterea
1043 5543 1217 5597 divina
1247 5543 1483 5612 quotidie
1512 5542 1741 5596 ubertim
1768 5556 2012 5609 suscepe-

439 5643 548 5696 rit?
591 5642 797 5695 Eodem
840 5638 1021 5701 modo,
1061 5636 1259 5701 dilecti,
1289 5634 1449 5688 etiam
1479 5649 1596 5696 nos,
1622 5634 1664 5686 si
1697 5634 2020 5687 voluerimus

442 5748 668 5802 superna
720 5731 820 5786 frui
862 5730 1050 5800 gratia,
1100 5728 1368 5782 imitemur
1417 5726 1793 5797 patriarcham,
1849 5735 1903 5780 et
1957 5740 2022 5782 ne

443 5834 759 5881 cunctemur
811 5824 959 5879 obire
1010 5822 1283 5888 virtutem,
1332 5820 1425 5875 sed
1474 5834 1897 5894 unamquamque
1955 5819 2022 5873 ita

2085 1229 2450 1281 exerceamus,
2480 1225 2537 1271 ut
2565 1216 2776 1272 oculum
2803 1220 2969 1286 illum,
2998 1214 3087 1289 qui
3114 1220 3276 1291 sopiri
3302 1224 3494 1291 nescit,
3534 1238 3663 1279 con-

2084 1304 2327 1358 ciliemus
2352 1305 2504 1360 nobis
2531 1305 2597 1359 ad
2627 1308 2928 1365 mercedem
2953 1309 3303 1365 tribuendam.
3339 1312 3551 1368 Etenim
3580 1315 3670 1384 qui

2084 1396 2186 1449 scit
2214 1410 2407 1450 arcana
2459 1401 2653 1455 mentis
2695 1411 2910 1464 nostrm,
2940 1416 3063 1455 cum
3094 1402 3283 1457 viderit
3309 1418 3494 1459 sanam
3521 1421 3672 1460 men-

2088 1494 2194 1540 tem
2242 1496 2501 1555 nostram,
2533 1498 2587 1544 et
2617 1506 2712 1544 nos
2742 1491 2923 1545 conari
2955 1501 3008 1547 et
3048 1494 3175 1549 eniti
3206 1496 3270 1549 ad
3312 1496 3523 1551 virtutis
3547 1513 3672 1552 eer-

2088 1583 2305 1650 tamina,
2333 1584 2511 1639 statim
2537 1594 2663 1639 nutu
2681 1585 2984 1641 etsnbsidio
3010 1602 3105 1642 suo
3131 1603 3229 1643 nos
3254 1588 3488 1659 adjuvat,
3514 1591 3674 1646 simul

2087 1684 2141 1731 ct
2181 1677 2390 1733 labores
2421 1687 2632 1733 nostros
2660 1678 3015 1746 imminuens,
3058 1690 3109 1735 et
3136 1680 3401 1738 infirmam
3432 1692 3675 1739 naturam

2088 1778 2326 1822 nostram
2356 1768 2634 1835 roborans,
2672 1770 2971 1839 uberesque
3018 1772 3397 1829 retributiones
3420 1776 3677 1845 suppediv

2092 1868 2231 1914 tans.
2264 1860 2404 1916 Sane
2436 1861 2489 1915 in
2510 1852 3208 1933 Olympieiscertaminibus
3230 1868 3537 1937 neutiquam
3556 1868 3677 1938 quis

2092 1953 2193 2007 tale
2217 1953 2341 2023 quid
2374 1954 2609 2008 inveniet
2638 1972 2651 2007 :
2684 1955 2778 2011 sed
2804 1963 2908 2009 stat
2936 1956 3249 2024 patdotriba,
3286 1960 3448 2030 fitque
3470 1972 3679 2031 specta-

2094 2054 2174 2098 tor
2199 2054 2405 2099 tantum
2433 2047 2770 2111 certantium,
2802 2062 2972 2117 neque
3003 2047 3058 2102 in
3103 2049 3209 2103 ulla
3236 2065 3295 2104 re
3321 2060 3491 2120 potest
3522 2054 3677 2122 adju-

2092 2150 2238 2202 vare,
2269 2136 2362 2190 sed
2393 2146 2672 2207 exspectat
2718 2137 2890 2194 donec
2932 2139 3152 2195 victoria
3195 2141 3497 2198 declaretur
3525 2162 3538 2197 :
3569 2145 3679 2199 Du-

2094 2230 2267 2282 minus
2314 2238 2493 2285 autem
2537 2240 2720 2286 noster
2758 2247 2863 2286 non
2909 2233 3004 2301 ita,
3053 2233 3148 2288 sed
3197 2235 3352 2289 simul
3404 2237 3683 2295 nobiscum

2094 2330 2282 2389 certat,
2325 2332 2379 2378 et
2427 2339 2641 2378 manum
2682 2325 2923 2395 porrigit,
2956 2335 3009 2380 et
3046 2326 3205 2382 simul
3234 2329 3597 2399 congreditur,
3629 2340 3685 2386 et

2094 2414 2242 2482 quasi
2270 2413 2504 2483 undique
2529 2415 2747 2469 enititur
2775 2425 2829 2469 ut
2864 2415 3228 2472 adversarium
3251 2428 3494 2475 nostrum
3524 2421 3679 2477 nobis

2098 2503 2289 2568 tradat,
2323 2504 2557 2574 nihilque
2600 2520 2705 2559 non
2751 2506 2879 2575 agit,
2930 2516 3175 2578 satagens
3207 2509 3340 2564 utin
3392 2513 3684 2569 certamine

2100 2597 2498 2665 prmvaleamus,
2524 2607 2577 2651 et
2602 2597 2897 2663 vincamus,
2925 2614 3030 2668 quo
3057 2601 3215 2669 capiti
3258 2611 3441 2659 nostro
3464 2604 3682 2659 immar-

2099 2690 2399 2745 cescibilem
2429 2690 2665 2759 imponat
2704 2704 2978 2745 coronam.
3012 2692 3262 2746 Coronam
3291 2695 3455 2759 enim,
3494 2696 3685 2766 inquit,

2100 2781 2379 2850 gratiarum
2418 2781 2637 2852 accipies
2682 2782 2733 2835 in
2770 2782 2936 2852 capite
2964 2791 3049 2836 tuo
3081 2782 3263 2853 (Prov.
3298 2785 3347 2838 1.
3380 2784 3457 2847 9).
3489 2785 3604 2841 Jam
3634 2788 3689 2843 in

2103 2872 2208 2926 illis
2256 2871 2549 2943 Olympicis
2590 2874 2976 2928 certaminibus
3014 2890 3207 2950 corona
3256 2886 3377 2946 post
3410 2878 3689 2934 victoriam

2103 2964 2232 3018 nihil
2275 2964 2415 3018 aliud
2455 2974 2556 3032 est,
2589 2981 2749 3036 quam
2780 2967 2901 3021 folia
2934 2968 3090 3033 lauri,
3120 2984 3277 3037 quam
3318 2970 3606 3038 applausns
3635 2980 3691 3027 et

2102 3059 2417 3113 acclamatio
2444 3060 2608 3129 vulgi,
2633 3075 2751 3130 quae
2782 3060 2959 3115 omnia
2991 3069 3273 3131 appetente
3301 3078 3522 3132 vespera
3553 3080 3691 3119 mar-

2103 3158 2320 3203 cescunt
2346 3159 2395 3203 et
2427 3160 2649 3219 pereunt
2674 3168 2688 3205 :
2719 3160 2772 3204 at
2799 3166 2993 3207 corona
3021 3167 3139 3221 quas
3163 3168 3256 3220 pro
3282 3152 3541 3210 virtutcet
3572 3155 3690 3225 ejus

2105 3239 2387 3295 sudoribus
2418 3241 2591 3306 datur,
2632 3240 2762 3295 nihil
2808 3241 2967 3297 habet
3002 3243 3275 3309 sensibile,
3309 3260 3479 3315 neque
3510 3248 3560 3300 in
3593 3246 3695 3309 hoc

2105 3329 2299 3383 saeculo
2330 3329 2608 3383 nobiscum
2636 3331 2969 3397 dissolvitur,
3002 3334 3095 3388 sed
3127 3344 3379 3403 perpetua
3408 3347 3489 3391 est
3518 3348 3571 3392 et
3595 3338 3695 3393 im-

2107 3420 2366 3487 mortalis,
2413 3419 2709 3474 extendens
2747 3436 2805 3475 se
2856 3421 2909 3474 in
2959 3422 3135 3475 omnia
3190 3425 3403 3477 smcula.
3453 3428 3517 3479 Et
3546 3427 3695 3483 labor

2108 3513 2320 3582 quidem
2362 3522 2443 3568 est
2481 3514 2629 3583 parvi
2659 3515 2915 3583 temporis
2945 3530 2959 3579 ;
2989 3530 3197 3571 merces
3226 3525 3402 3572 autem
3454 3519 3694 3576 laborum

2109 3601 2268 3657 finem
2312 3618 2416 3657 non
2445 3603 2623 3671 habet,
2665 3620 2837 3674 neque
2868 3605 3009 3659 cedit
3040 3607 3285 3676 tempori,
3333 3623 3505 3678 neque
3549 3626 3696 3666 mar-

2110 3697 2292 3752 cescit.
2323 3697 2392 3751 Et
2433 3707 2489 3752 ut
2518 3697 2756 3764 discatis,
2806 3713 2933 3753 ecce
2976 3708 3105 3768 quot
3144 3700 3268 3753 anui
3303 3704 3693 3769 prteterierunt,

2109 3789 2648 3857 quotgeneratioues,
2674 3804 2703 3842 a
2730 3804 2835 3858 quo
2862 3789 3156 3855 patriarcha
3190 3790 3275 3844 hic
3308 3792 3357 3844 in
3391 3792 3524 3846 vivis
3554 3792 3650 3848 fuit
3679 3813 3693 3848 :

2111 3888 2164 3933 et
2188 3878 2457 3932 sicutheri
2483 3887 2535 3932 et
2564 3877 2743 3943 hodie,
2772 3878 2842 3931 ita
2866 3879 3066 3948 fulgent
3104 3880 3219 3949 ejus
3248 3896 3342 3949 pro
3375 3883 3567 3937 virtute
3594 3898 3693 3939 co»-

2112 3984 2280 4035 ronar,
2313 3976 2367 4024 et
2395 3983 2563 4039 usque
2590 3968 2655 4021 ad
2695 3971 3209 4025 consummationem
3238 3972 3415 4025 saeculi
3451 3974 3698 4031 omnibus

2112 4064 2201 4133 qui
2248 4072 2392 4118 recte
2443 4063 2679 4132 sapiunt,
2711 4070 3077 4132 argumentum
3110 4073 3191 4120 est
3233 4066 3497 4120 sermonis
3524 4077 3577 4122 et
3601 4067 3699 4121 do-

2113 4155 2317 4209 ctrina).

2183 4246 2238 4300 2.
2268 4245 2498 4300 Facilius
2524 4246 2779 4300 medemur
2802 4246 2987 4300 auimw
3010 4288 3023 4312 ,
3056 4264 3208 4316 quant
3233 4249 3460 4317 corporis
3486 4252 3695 4306 morbis.

2114 4370 2184 4380 ——
2214 4338 2443 4394 Proinde
2460 4340 2579 4409 quia
2612 4338 2732 4393 talis
2756 4346 2837 4394 est
2866 4339 3034 4393 virtus
3058 4339 3210 4409 justi,
3243 4342 3307 4395 ad
3340 4343 3701 4399 aemulandum

2117 4431 2266 4485 illum
2315 4432 2768 4501 expergiseamnr,
2818 4437 2872 4483 et
2910 4430 2991 4483 vel
3036 4445 3158 4485 sero
3208 4431 3418 4487 tandem
3465 4443 3699 4489 nostram

2119 4530 2474 4593 agnoscentes
2520 4520 2872 4587 nobilitatem,
2916 4520 3266 4589 patriareham
3332 4522 3618 4589 imitemur,
3651 4537 3706 4579 et

2116 4616 2183 4670 de
2213 4615 2381 4669 salute
2412 4622 2593 4668 nostra
2635 4614 2951 4683 cogitemus,
2985 4614 3153 4668 multa
3199 4612 3432 4667 adhibita
3477 4615 3702 4685 diiigen-

2119 4707 2211 4772 tia,
2244 4715 2301 4758 ut
2330 4720 2433 4758 non
2467 4703 2636 4757 solum
2668 4717 2861 4771 corpus
2892 4717 3078 4756 sanum
3107 4703 3193 4767 sit,
3226 4702 3317 4757 sed
3343 4712 3393 4757 et
3422 4715 3477 4757 ut
3500 4706 3700 4761 diversi

2117 4800 2309 4854 anima:
2329 4798 2497 4852 morbi
2526 4804 2794 4851 curentur.
2835 4794 2965 4847 Nam
2989 4793 3033 4848 si
3058 4793 3380 4848 voluerimus
3394 4794 3559 4850 sobrii
3588 4812 3707 4852 esse

2118 4907 2181 4946 ac
2195 4891 2397 4961 vigiles,
2417 4889 2622 4944 facilius
2638 4888 2855 4942 morbos
2875 4886 3064 4940 anima:
3084 4900 3241 4955 quam
3264 4887 3504 4956 corporis
3518 4902 3705 4942 emen-

2117 4982 2382 5037 dabimus.
2434 4979 2567 5034 Nam
2595 4979 2804 5049 quoties
2835 4993 2935 5032 nos
2961 4976 3175 5031 affectio
3204 4977 3466 5047 quaepiam
3496 4987 3711 5047 pertur-

2120 5076 2231 5141 bat,
2264 5075 2307 5128 εἰ
2336 5074 2660 5127 voluerimus
2701 5072 2786 5141 pia
2835 5070 3191 5140 religiosaque
3232 5078 3410 5125 mente
3467 5071 3705 5139 cogitare

2116 5168 2371 5237 judicium
2402 5166 2504 5219 dici
2555 5164 2697 5219 illius
2732 5162 3005 5229 terribilis,
3049 5171 3104 5215 et
3145 5174 3249 5215 non
3288 5160 3352 5215 ad
3382 5167 3702 5231 praesentem

2120 5260 2446 5329 voluptatem
2482 5264 2747 5327 spectare,
2798 5255 2890 5309 sed
2933 5253 3001 5310 ad
3024 5253 3289 5309 cruciatus
3324 5267 3461 5322 quos
3492 5262 3711 5325 propter

2124 5352 2272 5406 illam
2293 5350 2541 5411 feremus,
2573 5348 2750 5403 statim
2780 5347 2849 5401 ab
2869 5347 3043 5400 anima
3073 5352 3253 5397 nostra
3286 5343 3487 5400 resiliet
3506 5355 3559 5400 et
3578 5360 3710 5403 avo-

2122 5442 2270 5497 labit.
2316 5441 2611 5509 EaprOpter
2640 5454 2707 5493 nc
2751 5437 2921 5491 simus
2949 5435 3301 5504 negligentes,
3340 5434 3434 5490 sed
3481 5437 3711 5495 scientes

2123 5546 2348 5601 agonem
2377 5546 2496 5585 esse
2536 5539 2591 5585 et
2619 5537 2913 5591 certamen,
2944 5534 3001 5579 ut
3043 5524 3096 5579 in
3124 5524 3309 5594 praelio
3338 5525 3582 5584 hostibus
3612 5543 3712 5584 nos

2122 5626 2437 5696 objiciamus
2480 5629 2727 5692 oportet,
2759 5618 2998 5689 quelidie
3038 5628 3349 5686 renovetur,
3383 5634 3446 5674 ac
3473 5621 3709 5691 vigorem

2119 5719 2408 5791 juvenilem
2454 5716 2676 5772 recioiat
2706 5714 2916 5769 animus
2959 5721 3161 5779 noster,
3210 5724 3269 5769 ut
3312 5729 3546 5784 superno
3591 5714 3712 5771 freti

2129 5808 2397 5881 praesidio,
2428 5807 2579 5861 malae
2609 5805 2766 5877 hujus
2798 5806 3003 5875 bestiae,
3030 5805 3356 5861 insidiatoris
3383 5806 3502 5863 dico
3524 5805 3715 5862 salutis
