4078 6486
356 341 462 397 387

360 466 578 525 nostrm,
603 463 764 528 caput
800 455 979 511 statim
1016 466 1295 512 conterere
1334 455 1624 511 valeamus.
1652 456 1771 526 Ipse
1797 456 1941 511 enim

360 548 625 603 Dominus
653 547 805 602 nobis
828 547 1093 618 promisit,
1117 546 1302 601 dicens
1330 561 1345 599 :
1380 545 1508 601 Ecce
1543 546 1659 601 dedi
1685 547 1822 601 vobis
1849 561 1945 614 po-

359 649 582 694 testatem
609 637 840 692 calcandi
861 654 1015 708 super
1042 648 1294 708 serpentes
1314 647 1361 691 et
1387 639 1696 708 scorpiones,
1726 646 1774 692 et
1793 655 1949 708 super

358 748 553 785 omnem
583 732 814 785 uirtutem
843 730 1037 784 inimici
1064 730 1215 801 (Luc.
1252 730 1338 785 10.
1371 730 1485 801 i9).
1518 731 1805 803 \‘igilemus
1844 730 1945 802 igi-

356 832 463 888 tur,
494 823 741 887 obsecro,
775 830 832 876 ut
866 821 1087 892 vestigia
1115 822 1272 892 hujus
1313 822 1628 892 patriarclue
1658 831 1947 893 sequentes

352 914 420 969 ad
469 914 717 970 virtutem
756 913 1114 969 exercendam
1150 955 1166 981 ,
1211 913 1427 969 easdem
1472 929 1702 969 coronas
1751 913 1946 969 mereri

351 1007 641 1076 possimus,
666 1016 722 1062 et
747 1005 811 1063 ad
834 1006 955 1077 ejus
992 1008 1143 1063 sinus
1179 1006 1479 1078 pervenire,
1513 1016 1566 1062 et
1591 1005 1826 1078 effugere
1856 1022 1948 1077 ge-

352 1098 547 1155 hennae
580 1114 815 1169 pceuam,
840 1107 897 1155 et
939 1099 1154 1170 assequi
1205 1099 1345 1154 bona
1375 1098 1461 1154 illa
1495 1098 1797 1155 ineffabilia.
1833 1098 1943 1155 Ve-

350 1205 470 1246 rum
498 1200 557 1247 ut
593 1191 823 1260 amplior
867 1190 959 1245 ﬁat
1000 1199 1178 1246 vestra
1228 1191 1520 1258 mmulatio,
1559 1201 1615 1247 et
1661 1192 1830 1264 magis
1875 1191 1943 1247 ad

352 1283 667 1339 imitandum
697 1284 839 1338 hunc
852 1282 1053 1354 justum
1074 1295 1170 1337 vos
1198 1298 1556 1354 provocemus
1587 1301 1601 1338 :
1625 1298 1726 1354 age
1751 1284 1942 1341 iterum

346 1392 411 1433 ex
438 1377 657 1434 historia
679 1377 822 1434 illius
839 1393 961 1433 cum
979 1387 1159 1434 vestra
1184 1378 1411 1434 caritate
1440 1377 1831 1448 colloquentes,
1856 1393 1941 1434 sc-

348 1470 565 1541 quentia
600 1470 992 1543 aggrediamur.
1027 1468 1187 1541 Igitur
1218 1479 1336 1541 post
1366 1470 1565 1542 largam
1588 1470 1733 1526 illam
1760 1469 1944 1541 hospi-

347 1565 630 1630 talitatem,
664 1579 823 1635 quam
851 1563 1090 1619 exercuit
1110 1603 1124 1629 ,
1156 1578 1263 1619 non
1300 1562 1501 1619 lautitia
1522 1563 1606 1619 vel
1639 1562 1944 1635 multiplici-

347 1663 459 1711 tate
484 1655 807 1711 ferculorum
833 1697 850 1722 ,
881 1654 974 1710 sed
1004 1653 1280 1711 alacritate
1306 1664 1359 1711 et
1400 1654 1720 1712 liberalitate
1746 1655 1941 1711 mentis

346 1747 685 1814 :estimstam,
717 1746 897 1802 statim
924 1745 1297 1817 hospitalitatis
1328 1745 1630 1802 mercedem
1656 1746 1883 1803 obtinuit
1920 1764 1935 1801 :

346 1848 401 1894 et
427 1838 613 1894 didicit
635 1838 880 1909 quisnam
913 1850 1149 1907 praesens
1194 1837 1284 1893 ille
1309 1847 1484 1903 esset,
1509 1846 1563 1893 et
1585 1846 1783 1911 quanta
1822 1838 1940 1908 ejus

346 1930 537 1985 virtus.
569 1930 823 1985 Abituros
852 1929 996 1984 illinc
1021 1927 1091 1983 ad
1118 1927 1474 1984 subvertenda
1507 1927 1739 1983 Sodoma
1761 1929 1941 2001 sequi-

345 2030 430 2076 tur
450 2019 750 2092 patriarcha
776 2060 792 2087 ,
823 2028 879 2076 et
920 2018 1141 2075 honoris
1180 2032 1340 2076 causa
1378 2020 1699 2086 comitatur,
1743 2020 1935 2091 inquit.

345 2111 481 2168 Vide
510 2111 718 2167 Domini
737 2110 1074 2166 clementiam
1103 2118 1159 2165 et
1186 2118 1385 2181 quanta
1414 2110 1742 2184 benignitate
1758 2110 1935 2166 indul-

342 2207 629 2275 gentiaque
646 2219 795 2271 usus,
827 2202 985 2260 simul
1001 2203 1147 2273 justo
1168 2202 1430 2258 honorem
1460 2202 1737 2274 impendit,
1757 2203 1938 2259 etvir-

344 2305 512 2353 tutem
540 2296 595 2351 in
632 2296 810 2351 anima
848 2296 966 2366 ejus
1006 2296 1259 2352 latentem
1299 2295 1551 2368 detegere
1601 2297 1787 2353 voluit.
1844 2298 1932 2354 16.

344 2390 473 2445 Cum
495 2391 1031 2457 surrexissentautem,
1063 2388 1254 2459 inquit,
1283 2389 1402 2459 viri,
1432 2399 1757 2463 respexerunt
1781 2391 1832 2447 in
1853 2395 1938 2465 fa-

343 2483 469 2536 ciem
500 2480 840 2538 Sodomorum
867 2492 914 2537 et
939 2479 1256 2537 Comen/ue.

414 2575 555 2632 Deus
574 2576 832 2631 Abraham
844 2574 1174 2631 consiliorum
1194 2590 1403 2630 suorum
1415 2575 1710 2647 participat.
1730 2574 1936 2647 Quanto

344 2668 535 2725 honore
549 2668 748 2739 justum
767 2667 1008 2738 dignatur
1028 2665 1187 2722 Deus.
1210 2695 1284 2707 —
1313 2667 1388 2722 De
1407 2668 1611 2740 angelis
1636 2667 1934 2725 dieit.Nam

345 2761 435 2818 hic
460 2761 674 2833 quidem
702 2761 756 2816 in
787 2760 1131 2817 tabernaculo
1159 2759 1411 2827 Abrahae,
1454 2769 1509 2816 et
1537 2760 1732 2833 angeli,
1758 2769 1814 2817 et
1840 2776 1935 2817 eo-

346 2869 465 2908 rum
494 2852 750 2908 Dominus
779 2868 876 2924 per
889 2852 1031 2907 idem
1061 2860 1272 2922 tempus
1300 2852 1398 2907 visi
1416 2861 1539 2907 sunt
1563 2869 1575 2905 :
1601 2861 1786 2923 postea
1808 2868 1937 2909 vero

345 2944 423 2998 illi
463 2943 680 3016 quidem
711 2952 768 2998 ut
798 2943 1026 2999 ministri
1056 2943 1203 2998 missi
1248 2950 1374 2998 sunt
1420 2943 1487 2999 ad
1529 2945 1936 3003 subversionem

346 3036 555 3092 illarum
606 3035 901 3104 civitatum,
956 3035 1070 3106 ipse
1113 3043 1292 3090 autem
1344 3035 1599 3091 Dominus
1639 3036 1853 3103 mansit,
1884 3048 1939 3092 et

345 3128 495 3199 quasi
517 3128 719 3182 amicus
749 3128 922 3183 amico
942 3127 1091 3198 justo
1117 3127 1547 3183 communicabat
1574 3142 1820 3197 quamam
1860 3124 1941 3182 fa-

353 3229 537 3276 cturus
564 3228 727 3277 esset.
756 3217 909 3276 Unde
952 3218 1056 3274 iliis
1094 3219 1370 3290 profectis,
1406 3220 1496 3275 t7.
1534 3217 1701 3286 Dixit,
1745 3219 1934 3291 inquit,

347 3310 604 3366 Dominus
632 3326 652 3365 :
697 3309 819 3365 Non
856 3309 1029 3365 celabo
1054 3311 1310 3365 Abraham
1337 3326 1551 3383 puerum
1597 3326 1781 3375 nteant,
1825 3324 1938 3381 quia

344 3422 436 3477 ego
455 3406 660 3477 faciam.
688 3404 873 3476 Magna
901 3404 995 3460 Dei
1024 3402 1372 3475 indulgentia,
1402 3412 1459 3460 et
1480 3416 1694 3459 omnem
1732 3416 1942 3460 sermo-

346 3516 469 3556 uem
508 3515 767 3571 superans
791 3498 936 3569 justo
985 3498 1158 3553 honor
1184 3496 1494 3552 exhibetur.
1540 3494 1677 3551 Vide
1706 3510 1940 3566 namque

343 3607 451 3663 quo
489 3600 644 3664 pacto
677 3592 853 3662 ipsum
894 3589 1196 3661 alloquatur
1239 3587 1393 3658 quasi
1437 3586 1603 3643 homo
1637 3585 1936 3655 hominem,

348 3686 729 3740 demonstrans
755 3682 932 3747 nobis,
962 3690 1163 3752 quanto
1189 3681 1395 3736 honore
1419 3679 1668 3751 dignetur
1695 3680 1940 3737 homines

347 3777 541 3829 virtute
565 3772 835 3843 praeditos.
858 3774 921 3827 Et
943 3783 997 3827 ut
1022 3788 1091 3829 ne
1108 3781 1262 3843 putes
1287 3771 1547 3826 honorem
1572 3780 1776 3827 tantum
1790 3770 1939 3840 justo

345 3881 660 3922 concessum
674 3866 842 3921 solius
864 3864 1059 3921 divitue
1088 3878 1209 3921 esse
1236 3863 1510 3930 bonitatis,
1530 3863 1651 3921 vide
1670 3863 1942 3935 quomodo

345 3961 526 4015 thina
555 3958 828 4030 Scriptura
871 3959 1062 4015 doceat
1105 3972 1230 4027 nos,
1259 3956 1432 4029 ipsum
1461 3958 1559 4013 sibi
1592 3957 1689 4029 ipsi
1721 3959 1941 4014 honoris

354 4053 517 4109 fuisse
549 4061 826 4108 auctorem
844 4093 859 4118 ,
902 4050 1166 4106 mandatis
1193 4065 1385 4122 nempe
1414 4049 1607 4106 divinis
1636 4065 1825 4122 magna
1853 4065 1942 4106 sc-

345 4146 571 4203 dulitate
599 4144 981 4214 obsequutum.
1008 4143 1296 4213 Postquam
1325 4142 1468 4198 enim
1499 4142 1633 4198 dixit
1663 4160 1675 4197 :
1707 4141 1830 4197 Non
1848 4159 1937 4197 ce-

344 4237 461 4292 labo
486 4236 744 4291 Abraham
767 4252 980 4306 puerum
1007 4250 1195 4302 meum,
1220 4250 1337 4307 quae
1360 4251 1451 4308 ego
1475 4235 1685 4307 faciam,
1712 4250 1819 4291 non
1832 4244 1942 4291 sta-

344 4331 439 4385 tim
481 4328 613 4386 dicit
640 4327 768 4399 quid
811 4326 1049 4383 futurum
1092 4325 1160 4382 sit
1194 4344 1209 4382 :
1252 4340 1588 4398 consequens
1614 4327 1759 4384 enim
1799 4334 1941 4396 erat,

340 4428 405 4476 ἰη
426 4434 654 4492 pergens
676 4418 881 4476 diceret
895 4433 957 4476 se
985 4421 1327 4475 incensurum
1350 4416 1605 4474 Sodoma.
1630 4417 1701 4474 At
1723 4417 1940 4489 dignum

343 4519 446 4577 est,
474 4518 534 4566 ut
557 4525 733 4583 neque
763 4509 894 4566 illud
933 4517 1317 4582 praetereamus
1350 4528 1365 4564 :
1399 4524 1574 4581 neque
1598 4510 1743 4568 enim
1770 4510 1938 4582 sylla-

346 4606 490 4669 bam,
543 4618 720 4675 neque
761 4601 969 4674 apicem
1012 4602 1067 4658 in
1114 4599 1292 4659 divina
1340 4599 1616 4673 Scriptura
1665 4600 1942 4673 przeterire

346 4702 578 4765 oportet.
620 4694 846 4762 Quanta:
891 4694 1043 4749 enim
1063 4691 1337 4766 dignitatis
1371 4707 1492 4749 esse
1534 4701 1686 4763 putas
1715 4692 1766 4749 id
1795 4691 1940 4764 quod

347 4784 497 4846 dicit,
525 4782 784 4838 Abraham
808 4799 1022 4854 puerum
1051 4800 1216 4839 meum
1234 4785 1457 4856 ?quanti
1472 4784 1734 4842 allectus?
1755 4786 1939 4857 quanti

271 4890 279 4915 ο
315 4875 593 4961 ἐιηοιοίεἳ
621 4873 732 4931 [loc
755 4874 900 4929 enim
932 4875 1267 4946 potissimum
1291 4885 1559 4932 monstrat
1579 4878 1831 4934 eximiam
1857 4878 1940 4935 di-

346 4969 604 5040 gnitatem
631 4977 685 5023 et
706 4967 965 5023 honorem
987 4967 1133 5038 justo
1154 4966 1473 5024 exhibitum.
1503 4969 1703 5026 Deinde
1724 4970 1775 5026 id
1797 4969 1940 5042 quod

346 5061 614 5127 dicebam,
645 5068 923 5133 postquam
954 5058 1113 5129 dixit,
1147 5059 1265 5117 Non
1292 5061 1464 5116 celabo
1492 5078 1510 5116 :
1534 5078 1642 5118 non
1667 5062 1847 5121 statim
1863 5063 1943 5118 af-

348 5156 450 5210 fert
475 5165 528 5210 et
553 5152 683 5209 dicit
711 5152 854 5220 tptud
878 5162 993 5207 erat
1022 5151 1254 5208 futurum
1280 5170 1296 5219 ;
1329 5154 1424 5212 Sed
1452 5154 1612 5226 quid?
1654 5154 1722 5212 lJt
1759 5155 1935 5212 disca-

348 5263 466 5302 mus
494 5265 598 5302 non
645 5249 846 5319 absque
885 5262 1066 5313 causa,
1101 5261 1273 5317 neque
1311 5257 1514 5306 temere
1540 5249 1704 5305 Deum
1734 5260 1938 5305 tantum

347 5358 472 5412 erga
512 5342 665 5397 illum
701 5341 977 5397 declarare
1004 5338 1261 5407 studium,
1304 5341 1474 5412 inquit
1504 5362 1516 5395 :
1548 5343 1636 5397 t8.
1681 5343 1940 5398 Abraham

349 5441 516 5485 autem
540 5434 739 5499 [inuras
765 5443 836 5486 est
879 5433 932 5486 in
965 5440 1164 5506 gentem
1191 5447 1427 5505 magnam
1465 5443 1510 5487 et
1539 5433 1775 5499 multum,
1804 5444 1851 5489 et
1886 5436 1942 5489 in

348 5525 460 5592 ipso
498 5524 852 5578 benedicentur
879 5541 1054 5581 omnes
1073 5534 1250 5598 gentes
1289 5537 1456 5583 terrai.
1493 5528 1577 5583 19.
1628 5527 1766 5583 Novi
1806 5530 1941 5584 enim

353 5619 486 5685 quod
511 5615 778 5671 constituet
799 5617 920 5685 ﬁliis
946 5629 993 5671 et
1013 5619 1189 5673 domui
1208 5636 1316 5677 sua:
1334 5630 1447 5692 post
1472 5636 1548 5683 se,
1575 5633 1621 5677 et
1657 5623 1941 5678 custodiant

349 5709 463 5762 uias
507 5709 713 5765 Domini
752 5708 868 5775 Dei,
909 5719 962 5763 ut
1007 5713 1201 5783 faciant
1222 5715 1477 5791 justitiam
1516 5726 1563 5770 et
1581 5717 1859 5787 judicium,
1889 5724 1942 5769 ut

348 5807 575 5863 adducat
603 5803 852 5860 Dominus
871 5818 1022 5873 super
1043 5803 1305 5868 Abraham
1330 5809 1500 5863 omnia
1522 5824 1849 5878 quacumque
1862 5809 1941 5865 Ιο-
1973 5872 1979 5877 ,

1108 336 1149 395 8
1203 337 1481 395 JOANNIS
1515 335 1985 396 CHRYSOSTOSH
2026 336 2341 397 AllCﬂlEP.
2383 341 2917 403 CONSTANTINOP.

3542 353 3651 412 383

2057 464 2244 523 quatas
2268 468 2342 511 est
2365 459 2434 512 ad
2459 476 2593 514 eum.
2624 460 2802 533 Papte,
2834 471 3029 534 quanta
3057 462 3402 537 benignitatis
3432 464 3651 526 Domini

2057 548 2395 617 magnitudo!
2426 549 2686 620 Quoniam
2707 563 2891 624 postea
2919 555 3233 613 inducturus
3248 569 3364 615 erat
3379 562 3651 619 excidium

2056 637 2435 705 Sodomorum,
2484 657 2625 698 nunc
2673 644 2820 713 prius
2861 647 3223 717 patriarcham
3272 650 3340 705 ad
3396 651 3651 709 fiduciam

2054 731 2313 796 concitat,
2342 731 2499 787 simul
2524 734 2781 803 pollicens
2803 737 2852 790 ei
2874 737 3306 795 benedictionem
3331 744 3642 809 maximam,

2055 822 2334 892 ipsumque
2376 823 2428 878 in
2470 840 2716 894 magnam
2758 827 3152 885 multitudinem
3193 831 3428 888 futurum
3478 850 3602 889 esse
3628 852 3649 891 :

2051 910 2254 969 docens
2300 929 2421 969 cum
2474 917 2616 986 quod
2665 918 2970 977 mercedem
3011 920 3150 978 hanc
3185 924 3289 994 piae
3312 941 3424 981 suae
3452 928 3650 984 mentis

2051 1015 2371 1075 accepturus
2417 1007 2506 1061 sit.
2552 1008 2736 1080 Cogita
2780 1011 2923 1066 enim
2964 1022 3160 1082 quanta
3212 1015 3282 1070 sit
3329 1017 3647 1087 patriarcha

2051 1098 2241 1165 virtus,
2282 1099 2495 1170 quando
2526 1101 2664 1157 Deus
2685 1101 2813 1158 dicit
2842 1120 2858 1160 :
2888 1102 3010 1161 Scio
3036 1107 3170 1161 enim
3198 1113 3335 1180 quod
3377 1109 3647 1166 constituet

2050 1189 2172 1258 ﬁliis
2200 1189 2305 1245 suis
2331 1199 2442 1261 post
2480 1207 2554 1260 se,
2584 1201 2629 1247 et
2656 1193 2938 1251 custodiant
2957 1196 3065 1253 viss
3088 1195 3298 1254 Domini
3317 1197 3432 1256 Μ
3456 1200 3643 1272 Magna

2048 1282 2165 1340 haec
2184 1294 2267 1341 est
2284 1286 2495 1342 virtutis
2516 1287 2787 1345 accessio:
2809 1303 2919 1347 non
2942 1291 3087 1348 cuin
3112 1300 3319 1351 tantum
3338 1293 3646 1352 mercedest

2045 1377 2245 1447 accipit
2264 1378 2387 1449 quia
2410 1379 2524 1450 ipse
2551 1378 2686 1436 bene
2705 1380 2847 1452 egit;
2875 1383 2973 1439 sed
2999 1391 3055 1440 et
3079 1384 3205 1455 quia
3229 1387 3484 1456 pt-tceepit
3502 1388 3646 1442 ustis

2045 1466 2183 1536 SuiS,
2213 1468 2386 1540 largas
2415 1470 2793 1529 retributiones
2833 1474 3048 1545 accipit,
3089 1474 3249 1546 idque
3275 1478 3469 1535 nerito
3511 1494 3529 1534 :
3560 1479 3642 1535 si-

2045 1558 2261 1629 quidem
2308 1559 2424 1632 ipso
2460 1563 2710 1619 omnibus
2747 1562 3005 1636 deinceps
3041 1566 3297 1639 magister
3348 1578 3405 1625 et
3452 1568 3645 1625 doctor

2042 1653 2238 1709 erasit.
2262 1654 2314 1711 Is
2335 1656 2481 1713 enim
2502 1656 2590 1727 qui
2616 1657 2937 1729 principium
2967 1660 3176 1731 prabet
3195 1674 3261 1718 se
3279 1661 3449 1729 initia,
3476 1662 3643 1718 etiam

2044 1759 2231 1802 eorum
2265 1762 2385 1819 quae
2401 1756 2587 1818 postea
2602 1749 2736 1805 fiunt
2752 1757 2938 1807 auctor
2970 1759 3077 1807 est.

2116 1837 2170 1893 5.
2210 1837 2281 1893 Et
2300 1836 2426 1894 vide
2452 1838 2659 1895 Domini
2690 1839 3005 1897 bonitatem.
3026 1840 3150 1901 Non
3171 1843 3345 1901 solum
3373 1858 3471 1917 pro
3498 1858 3641 1915 pras-

2046 1928 2205 1985 terita
2232 1929 2450 1998 virttuc,
2478 1930 2575 1986 sed
2599 1939 2656 1987 ut
2684 1930 2987 2002 profutura
3016 1933 3221 2003 justum
3241 1944 3635 1992 remuneratur.

2043 2016 2167 2075 Scio
2194 2019 2349 2086 enim,
2379 2020 2572 2093 inquit,
2596 2023 2732 2094 quod
2753 2024 3021 2079 constituet
3046 2025 3173 2094 ﬁliis
3189 2025 3321 2081 suis.
3349 2025 3643 2097 Quoniam,

2042 2108 2246 2181 inquit,
2298 2113 2534 2183 prtcnovi
2554 2112 2685 2183 justi
2713 2123 2970 2181 mentem,
3013 2115 3216 2172 idcirco
3243 2118 3639 2173 remuneratio-

2042 2201 2202 2258 nibus
2230 2203 2518 2272 prmvenio.
2547 2203 2659 2261 Scit
2702 2205 2851 2262 enim
2886 2204 3065 2263 abdita
3104 2208 3285 2264 cordis
3326 2210 3531 2276 nostri,
3582 2219 3640 2266 et

2042 2294 2257 2360 quando
2299 2296 2445 2354 videt
2482 2297 2829 2356 consulentes
2858 2308 2915 2354 ut
2939 2310 3152 2370 oportet
3193 2316 3255 2357 ac
3298 2316 3482 2357 sanam
3526 2318 3640 2373 prta

2040 2400 2101 2443 sc
2132 2386 2366 2443 ferentes
2389 2398 2646 2457 mentem,
2677 2405 2897 2445 mauuut
2920 2393 3164 2463 porrigit,
3196 2401 3251 2447 et
3276 2403 3400 2448 ante
3425 2394 3640 2449 latores

2042 2479 2348 2537 mercedem
2381 2480 2586 2549 tribuit,
2636 2482 2929 2539 alacriores
2974 2483 3075 2539 hac
3112 2484 3323 2540 ratione
3350 2484 3590 2540 efﬁciens
3619 2503 3633 2539 :

2041 2572 2095 2630 id
2133 2572 2275 2644 quod
2325 2574 2379 2628 in
2418 2573 2581 2644 justis
2622 2576 2869 2632 omnibus
2896 2575 3009 2632 ﬁeri
3037 2577 3293 2633 invenies.
3343 2576 3473 2632 Nam
3512 2584 3635 2631 cum

2042 2663 2177 2721 sciat
2194 2662 2617 2721 imbecillitatem
2640 2665 2887 2723 humanae
2913 2676 3138 2736 uatum,
3157 2677 3214 2724 ut
3241 2683 3349 2724 non
3378 2670 3429 2724 in
3454 2668 3637 2725 arduis

2042 2753 2206 2813 homo
2225 2748 2462 2810 animum
2488 2756 2836 2828 despondeat,
2854 2757 2994 2815 inter
3015 2759 3361 2815 laborandum
3387 2760 3457 2815 ita
3478 2775 3637 2816 suun

2040 2847 2299 2906 auxilium
2333 2855 2389 2903 et
2417 2851 2879 2906 remunerationes
2902 2851 3124 2922 praebet,
3169 2860 3227 2907 ut
3250 2860 3307 2909 et
3330 2852 3481 2908 labor
3506 2853 3635 2907 sub-

2041 2941 2269 3009 levetur,
2321 2950 2376 2996 et
2423 2939 2600 2995 fervor
2640 2949 2867 2999 crescat.
2923 2940 3237 3009 Noviorum,
3265 2942 3456 3012 inquit,
3499 2946 3637 3012 quod

2041 3036 2306 3091 constituet
2334 3035 2454 3104 ﬁliis
2482 3035 2606 3095 suis.
2635 3044 2682 3090 et
2704 3035 2986 3090 custodith
3007 3036 3117 3091 uias
3147 3035 3353 3091 Domini
3376 3034 3490 3091 Dei.
3518 3035 3635 3091 Non

2042 3128 2217 3185 solum
2242 3127 2310 3183 de
2336 3126 2452 3197 ipso
2475 3125 2735 3196 praedicit,
2753 3125 3051 3191 Constituet,
3075 3127 3168 3184 sed
3189 3138 3244 3184 et
3262 3127 3332 3184 de
3355 3127 3473 3182 ﬁliis
3496 3126 3635 3197 ejus,

2041 3219 2334 3277 Custodient
2358 3221 2470 3275 vias
2501 3219 2705 3275 Domini
2732 3219 2850 3287 Dei,
2895 3220 3040 3276 Isaac
3064 3231 3119 3275 et
3145 3221 3311 3277 Jacob
3338 3220 3633 3276 insinuans.

2052 3312 2173 3367 Vias
2216 3311 2446 3378 Domini,
2491 3311 2594 3366 hoc
2619 3320 2724 3376 est,
2773 3312 3021 3367 maculata
3045 3322 3416 3383 et‘prteccpta.
3465 3313 3533 3368 Ut
3557 3317 3639 3386 μ-

2042 3405 2202 3471 ciant,
2243 3404 2431 3474 inquit,
2449 3402 2705 3475 judicium
2735 3411 2786 3457 et
2802 3403 3059 3474 justitiam
3091 3421 3107 3458 :
3138 3403 3271 3460 nihil
3306 3404 3640 3475 prtuferendo

2039 3496 2277 3568 justitite,
2327 3504 2383 3553 et
2424 3495 2654 3553 vivendo
2699 3496 2834 3552 citra
2873 3509 3089 3552 onmem
3130 3495 3463 3567 iujustitiam.
3511 3495 3639 3551 ﬂre

2042 3591 2190 3648 enim
2229 3591 2467 3647 maxima
2493 3591 2662 3648 virtus
2686 3600 2773 3649 est
2799 3608 2813 3646 :
2842 3601 3127 3661 propterea
3164 3592 3414 3647 evenient
3459 3589 3637 3644 omnia

2044 3697 2165 3754 qua:
2206 3683 2462 3754 loquutus
2488 3691 2572 3738 est
2594 3683 2644 3738 ei
2676 3682 2951 3740 Dominus.
2981 3681 3185 3750 Opinor
3208 3689 3386 3736 autem
3414 3690 3465 3734 et
3491 3678 3637 3734 aliud

2043 3774 2301 3846 quiddam
2335 3774 2659 3846 signiﬁcare,
2688 3788 2813 3830 eum
2849 3773 2980 3831 dicit
3009 3790 3022 3826 :
3050 3772 3309 3827 Abraham
3351 3782 3516 3826 autent
3548 3776 3635 3842 {u-

2044 3875 2192 3922 turtts
2215 3876 2288 3921 est
2318 3866 2372 3921 in
2409 3876 2608 3937 gentem
2646 3881 2886 3938 magnam
2913 3876 2961 3920 et
2992 3865 3205 3920 multum
3235 3881 3256 3920 :
3278 3864 3427 3935 quasi
3456 3863 3635 3920 dicat:

2041 3959 2127 4018 Tu
2154 3959 2370 4031 quidem
2397 3959 2488 4031 qui
2513 3957 2768 4015 virtutem
2795 3957 3138 4027 amplexaris,
3169 3966 3225 4013 et
3252 3957 3387 4012 meis
3424 3956 3636 4012 obtem-

2045 4068 2204 4127 peras
2233 4053 2533 4125 praestitis,
2555 4050 3018 4120 obedientiamque
3043 4065 3150 4119 pne
3180 4058 3234 4104 te
3263 4048 3386 4112 fers,
3424 4049 3478 4103 in
3504 4062 3638 4118 gen-

2044 4160 2161 4204 tem
2194 4161 2445 4219 magnam
2480 4158 2535 4201 et
2559 4145 2784 4200 multum
2806 4142 2915 4199 eris
2944 4161 2959 4197 :
2987 4142 3132 4212 impii
3158 4149 3337 4197 autem
3363 4141 3439 4197 ilti
3468 4140 3641 4197 Sodo-

2045 4255 2259 4295 morum
2318 4236 2593 4308 regiouem
2641 4232 2998 4289 inhabitantes
3039 4230 3374 4300 disperibuut
3421 4244 3632 4288 omnes.

2044 4332 2181 4391 Nam
2219 4332 2359 4388 sicut
2400 4330 2570 4384 virtus
2607 4326 2796 4383 salutis
2823 4338 2982 4382 causa
3007 4332 3093 4380 est
3123 4339 3243 4379 eam
3268 4323 3634 4394 operantibus,

2046 4426 2120 4483 ita
2144 4435 2197 4480 at
2222 4424 2420 4481 malitia
2448 4421 2713 4478 interitus.
2742 4419 2912 4477 Porro
2940 4425 3223 4491 postquam
3247 4414 3636 4472 lteuedictioni-

2044 4520 2155 4578 hus
2173 4529 2228 4575 et
2255 4516 2500 4572 laudibus
2527 4514 2775 4571 ﬁduciam
2793 4512 3055 4584 utiliorem
3081 4509 3286 4565 addidit
3305 4509 3473 4579 justo,
3501 4508 3635 4562 inci-

2044 4612 2124 4683 pit
2158 4610 2213 4666 id
2256 4609 2399 4681 quod
2442 4607 2685 4664 dicturus
2729 4613 2867 4673 erat,
2896 4613 2952 4661 et
2972 4602 3048 4658 ait
3074 4621 3087 4657 :
3114 4602 3205 4657 20.
3238 4599 3444 4657 Clamor
3468 4598 3639 4656 Sodo-

2045 4719 2247 4759 morum
2289 4709 2338 4756 et
2383 4697 2685 4755 Gomorrhte
2721 4696 3083 4767 muttipticatus
3119 4702 3194 4749 est
3232 4692 3375 4765 (apud
3415 4707 3529 4758 me,
3590 4699 3637 4746 et

2045 4802 2250 4866 peccata
2273 4805 2449 4847 eorum
2471 4804 2659 4860 magna
2672 4786 2840 4842 oafde.
2860 4786 2949 4842 ﬁt.
2970 4785 3098 4841 Cum
3124 4784 3279 4855 igitur
3308 4780 3631 4845 descendere,

2045 4885 2218 4943 uidebo
2240 4893 2414 4941 utrum
2428 4883 2583 4954 juxta
2607 4880 2881 4935 clamorem
2903 4878 3153 4950 ipsorum,
3185 4876 3273 4948 qui
3300 4874 3371 4930 ad
3389 4889 3466 4929 nte
3484 4874 3635 4941 sarit,

2048 4977 2341 5049 perﬁciunt,
2382 4990 2473 5031 nec
2515 4989 2599 5040 ne,
2651 4981 2707 5027 ut
2751 4971 2929 5026 sciant.
2975 4967 3263 5024 Terribilia
3299 4966 3483 5023 verba.
3521 4964 3643 5021 Cla-

2046 5085 2180 5137 mor,
2229 5067 2431 5139 inquit,
2479 5064 2822 5122 Sodomorum
2863 5071 2909 5115 et
2950 5058 3265 5117 Gontorrluu.
3296 5058 3550 5129 Quamvis
3588 5067 3651 5113 et.

2046 5160 2163 5215 alite
2209 5159 2454 5215 civitates
2498 5154 2657 5210 simul
2703 5152 2981 5225 perierint,
3032 5150 3126 5207 sed
3162 5150 3291 5222 quia
3312 5151 3396 5206 ha:
3428 5148 3642 5206 fuerunt

2047 5253 2331 5318 clariores,
2383 5252 2525 5320 ipsas
2564 5249 2740 5303 solum
2772 5245 3231 5301 commemoravit.
3268 5242 3641 5313 lfuitipticatus

2043 5356 2119 5401 est
2142 5344 2282 5416 apud
2308 5358 2406 5409 me,
2438 5350 2484 5394 ct
2512 5348 2720 5410 peccata
2744 5353 2918 5391 eorum
2941 5353 3126 5408 magna
3156 5334 3319 5389 valde.
3346 5333 3480 5390 Vide
3504 5350 3640 5405 quo-

2047 5436 2208 5494 modo
2232 5435 2371 5492 mala
2396 5438 2801 5488 coaeerventur.
2828 5428 2947 5484 Non
2970 5430 3144 5483 solum
3177 5441 3366 5497 magna
3394 5433 3479 5481 est
3507 5425 3643 5480 mul-

2049 5529 2222 5586 titudo
2284 5527 2569 5590 clamoris,
2615 5522 2711 5579 sed
2763 5522 2927 5577 etiam
2955 5518 3247 5590 iujustitite.
3304 5516 3440 5575 Nam
3486 5517 3641 5584 illud,

2048 5621 2253 5677 Clamor
2293 5618 2635 5675 Sodomorum
2680 5623 2726 5669 st
2767 5611 3067 5669 Gomorrlue
3114 5610 3479 5682 multiplicatus
3525 5620 3600 5666 est
3621 5650 3639 5677 ,

2047 5717 2238 5785 opinor
2276 5710 2611 5782 significare,
2639 5708 2785 5778 ipsos
2812 5720 2936 5760 cum
2973 5703 3313 5759 inenarrabili
3340 5712 3398 5759 et
3432 5703 3646 5758 veniam

2050 5807 2254 5864 nullam
2295 5813 2537 5860 merente
2578 5800 2857 5871 iniquitate
2899 5797 3097 5855 multas
3140 5795 3303 5853 etiam
3358 5796 3643 5867 iniustitiae
