  <div class='ocr_page' id='page_1' title='image "/cluster/home/n/w/nwhite01/storage/ocr_20150623/54:no.4:pt.2/coo.31924054869544/018.png"; bbox 0 0 4078 6518; ppageno 0'>
   <div class='ocr_carea' id='block_1_1' title="bbox 379 372 490 430">
    <p class='ocr_par' dir='ltr' id='par_1_1' title="bbox 379 372 490 430">
     <span class='ocr_line' id='line_1_1' title="bbox 379 372 490 430; baseline 0 0"><span class='ocrx_word' id='word_1_1' title='bbox 379 372 490 430; x_wconf 71' lang='lat'><strong>389</strong></span> 
     </span>
    </p>
   </div>
   <div class='ocr_carea' id='block_1_2' title="bbox 381 574 1976 647">
    <p class='ocr_par' dir='ltr' id='par_1_2' title="bbox 381 574 1976 647">
     <span class='ocr_line' id='line_1_2' title="bbox 381 574 1976 647; baseline 0.001 -18"><span class='ocrx_word' id='word_1_2' title='bbox 381 574 756 642; x_wconf 83' lang='lat' dir='ltr'><strong>iuvalidiores,</strong></span> <span class='ocrx_word' id='word_1_3' title='bbox 805 576 1128 647; x_wconf 86' lang='lat' dir='ltr'><strong>ditioresque</strong></span> <span class='ocrx_word' id='word_1_4' title='bbox 1172 587 1357 632; x_wconf 90' lang='lat' dir='ltr'><strong>contra</strong></span> <span class='ocrx_word' id='word_1_5' title='bbox 1404 593 1684 647; x_wconf 79' lang='lat' dir='ltr'><strong>pauperes.</strong></span> <span class='ocrx_word' id='word_1_6' title='bbox 1748 577 1976 633; x_wconf 86' lang='lat' dir='ltr'><strong>Proinde</strong></span> 
     </span>
    </p>
   </div>
   <div class='ocr_carea' id='block_1_3' title="bbox 381 667 1972 738">
    <p class='ocr_par' dir='ltr' id='par_1_3' title="bbox 381 667 1972 738">
     <span class='ocr_line' id='line_1_3' title="bbox 381 667 1972 738; baseline 0.002 -19"><span class='ocrx_word' id='word_1_7' title='bbox 381 681 490 720; x_wconf 88' lang='lat' dir='ltr'><strong>non</strong></span> <span class='ocrx_word' id='word_1_8' title='bbox 521 667 718 733; x_wconf 84' lang='lat' dir='ltr'><strong>solum,</strong></span> <span class='ocrx_word' id='word_1_9' title='bbox 761 667 949 736; x_wconf 92' lang='lat' dir='ltr'><strong>inquit,</strong></span> <span class='ocrx_word' id='word_1_10' title='bbox 994 683 1219 738; x_wconf 86' lang='lat' dir='ltr'><strong>magnus</strong></span> <span class='ocrx_word' id='word_1_11' title='bbox 1262 678 1378 723; x_wconf 86' lang='lat' dir='ltr'><strong>erat</strong></span> <span class='ocrx_word' id='word_1_12' title='bbox 1421 669 1663 736; x_wconf 87' lang='lat' dir='ltr'><strong>planctus</strong></span> <span class='ocrx_word' id='word_1_13' title='bbox 1705 668 1972 736; x_wconf 87' lang='lat' dir='ltr'><strong>clamoris,</strong></span> 
     </span>
    </p>
   </div>
   <div class='ocr_carea' id='block_1_4' title="bbox 381 755 1977 829">
    <p class='ocr_par' dir='ltr' id='par_1_4' title="bbox 381 755 1977 829">
     <span class='ocr_line' id='line_1_4' title="bbox 381 755 1977 829; baseline 0.002 -20"><span class='ocrx_word' id='word_1_14' title='bbox 381 755 556 811; x_wconf 70' lang='lat' dir='ltr'><strong>sedet</strong></span> <span class='ocrx_word' id='word_1_15' title='bbox 589 766 803 826; x_wconf 89' lang='lat' dir='ltr'><strong>peccata</strong></span> <span class='ocrx_word' id='word_1_16' title='bbox 827 758 1067 827; x_wconf 92' lang='lat' dir='ltr'><strong>ipsorum</strong></span> <span class='ocrx_word' id='word_1_17' title='bbox 1095 772 1202 813; x_wconf 89' lang='lat' dir='ltr'><strong>non</strong></span> <span class='ocrx_word' id='word_1_18' title='bbox 1232 759 1467 829; x_wconf 75' lang='lat' dir='ltr'><strong>vulgaria</strong></span> <span class='ocrx_word' id='word_1_19' title='bbox 1512 757 1680 825; x_wconf 89' lang='lat' dir='ltr'><strong>fuere,</strong></span> <span class='ocrx_word' id='word_1_20' title='bbox 1729 758 1822 814; x_wconf 90' lang='lat' dir='ltr'><strong>sed</strong></span> <span class='ocrx_word' id='word_1_21' title='bbox 1866 774 1977 813; x_wconf 89' lang='lat' dir='ltr'><strong>ma-</strong></span> 
     </span>
    </p>
   </div>
   <div class='ocr_carea' id='block_1_5' title="bbox 378 848 1977 919">
    <p class='ocr_par' dir='ltr' id='par_1_5' title="bbox 378 848 1977 919">
     <span class='ocr_line' id='line_1_5' title="bbox 378 848 1977 919; baseline 0.003 -20"><span class='ocrx_word' id='word_1_22' title='bbox 378 861 508 916; x_wconf 77' lang='lat' dir='ltr'><strong>gna,</strong></span> <span class='ocrx_word' id='word_1_23' title='bbox 557 856 718 916; x_wconf 89' lang='lat' dir='ltr'><strong>atque</strong></span> <span class='ocrx_word' id='word_1_24' title='bbox 763 848 1016 917; x_wconf 84' lang='lat' dir='ltr'><strong>ingentia.</strong></span> <span class='ocrx_word' id='word_1_25' title='bbox 1066 849 1342 904; x_wconf 90' lang='lat' dir='ltr'><strong>Insolitum</strong></span> <span class='ocrx_word' id='word_1_26' title='bbox 1384 850 1529 904; x_wconf 87' lang='lat' dir='ltr'><strong>enim</strong></span> <span class='ocrx_word' id='word_1_27' title='bbox 1555 850 1844 919; x_wconf 73' lang='lat' dir='ltr'><strong>iniquitatis</strong></span> <span class='ocrx_word' id='word_1_28' title='bbox 1870 865 1977 904; x_wconf 91' lang='lat' dir='ltr'><strong>mo-</strong></span> 
     </span>
    </p>
   </div>
   <div class='ocr_carea' id='block_1_6' title="bbox 381 936 1974 1007">
    <p class='ocr_par' dir='ltr' id='par_1_6' title="bbox 381 936 1974 1007">
     <span class='ocr_line' id='line_1_6' title="bbox 381 936 1974 1007; baseline 0.003 -18"><span class='ocrx_word' id='word_1_29' title='bbox 381 936 511 990; x_wconf 88' lang='lat' dir='ltr'><strong>dum</strong></span> <span class='ocrx_word' id='word_1_30' title='bbox 554 938 1021 1007; x_wconf 79' lang='lat' dir='ltr'><strong>excogitaverunt,</strong></span> <span class='ocrx_word' id='word_1_31' title='bbox 1052 948 1109 994; x_wconf 87' lang='lat' dir='ltr'><strong>et</strong></span> <span class='ocrx_word' id='word_1_32' title='bbox 1151 939 1354 994; x_wconf 89' lang='lat' dir='ltr'><strong>alienas</strong></span> <span class='ocrx_word' id='word_1_33' title='bbox 1402 950 1455 994; x_wconf 90' lang='lat' dir='ltr'><strong>et</strong></span> <span class='ocrx_word' id='word_1_34' title='bbox 1499 941 1711 995; x_wconf 87' lang='lat' dir='ltr'><strong>illicitas</strong></span> <span class='ocrx_word' id='word_1_35' title='bbox 1751 940 1974 994; x_wconf 88' lang='lat' dir='ltr'><strong>coeundi</strong></span> 
     </span>
    </p>
   </div>
   <div class='ocr_carea' id='block_1_7' title="bbox 379 1028 1976 1104">
    <p class='ocr_par' dir='ltr' id='par_1_7' title="bbox 379 1028 1976 1104">
     <span class='ocr_line' id='line_1_7' title="bbox 379 1028 1976 1104; baseline 0.004 -23"><span class='ocrx_word' id='word_1_36' title='bbox 379 1028 530 1098; x_wconf 82' lang='lat' dir='ltr'><strong>leges</strong></span> <span class='ocrx_word' id='word_1_37' title='bbox 582 1029 916 1086; x_wconf 83' lang='lat' dir='ltr'><strong>invenerunt.</strong></span> <span class='ocrx_word' id='word_1_38' title='bbox 963 1032 1140 1102; x_wconf 80' lang='lat' dir='ltr'><strong>Atque</strong></span> <span class='ocrx_word' id='word_1_39' title='bbox 1180 1042 1322 1087; x_wconf 83' lang='lat' dir='ltr'><strong>tanta</strong></span> <span class='ocrx_word' id='word_1_40' title='bbox 1369 1042 1484 1087; x_wconf 86' lang='lat' dir='ltr'><strong>erat</strong></span> <span class='ocrx_word' id='word_1_41' title='bbox 1525 1033 1740 1088; x_wconf 65' lang='lat' dir='ltr'><strong>malitiae</strong></span> <span class='ocrx_word' id='word_1_42' title='bbox 1786 1035 1976 1104; x_wconf 89' lang='lat' dir='ltr'><strong>procli-</strong></span> 
     </span>
    </p>
   </div>
   <div class='ocr_carea' id='block_1_8' title="bbox 378 1123 1973 1196">
    <p class='ocr_par' dir='ltr' id='par_1_8' title="bbox 378 1123 1973 1196">
     <span class='ocr_line' id='line_1_8' title="bbox 378 1123 1973 1196; baseline 0.004 -22"><span class='ocrx_word' id='word_1_43' title='bbox 378 1123 541 1188; x_wconf 76' lang='lat' dir='ltr'><strong>vitas,</strong></span> <span class='ocrx_word' id='word_1_44' title='bbox 593 1131 650 1177; x_wconf 90' lang='lat' dir='ltr'><strong>ut</strong></span> <span class='ocrx_word' id='word_1_45' title='bbox 690 1138 880 1178; x_wconf 90' lang='lat' dir='ltr'><strong>omnes</strong></span> <span class='ocrx_word' id='word_1_46' title='bbox 926 1125 1071 1180; x_wconf 89' lang='lat' dir='ltr'><strong>omni</strong></span> <span class='ocrx_word' id='word_1_47' title='bbox 1115 1127 1255 1180; x_wconf 90' lang='lat' dir='ltr'><strong>malo</strong></span> <span class='ocrx_word' id='word_1_48' title='bbox 1303 1126 1656 1196; x_wconf 89' lang='lat' dir='ltr'><strong>replerentur,</strong></span> <span class='ocrx_word' id='word_1_49' title='bbox 1697 1137 1750 1181; x_wconf 88' lang='lat' dir='ltr'><strong>et</strong></span> <span class='ocrx_word' id='word_1_50' title='bbox 1777 1127 1973 1181; x_wconf 85' lang='lat' dir='ltr'><strong>nullam</strong></span> 
     </span>
    </p>
   </div>
   <div class='ocr_carea' id='block_1_9' title="bbox 379 1215 1976 1290">
    <p class='ocr_par' dir='ltr' id='par_1_9' title="bbox 379 1215 1976 1290">
     <span class='ocr_line' id='line_1_9' title="bbox 379 1215 1976 1290; baseline 0.006 -24"><span class='ocrx_word' id='word_1_51' title='bbox 379 1223 579 1282; x_wconf 89' lang='lat' dir='ltr'><strong>postea</strong></span> <span class='ocrx_word' id='word_1_52' title='bbox 624 1215 1014 1271; x_wconf 83' lang='lat' dir='ltr'><strong>correctionem</strong></span> <span class='ocrx_word' id='word_1_53' title='bbox 1062 1216 1439 1283; x_wconf 90' lang='lat' dir='ltr'><strong>admitterent,</strong></span> <span class='ocrx_word' id='word_1_54' title='bbox 1503 1219 1751 1290; x_wconf 89' lang='lat' dir='ltr'><strong>dignique</strong></span> <span class='ocrx_word' id='word_1_55' title='bbox 1796 1231 1976 1276; x_wconf 87' lang='lat' dir='ltr'><strong>essent</strong></span> 
     </span>
    </p>
   </div>
   <div class='ocr_carea' id='block_1_10' title="bbox 379 1305 1973 1380">
    <p class='ocr_par' dir='ltr' id='par_1_10' title="bbox 379 1305 1973 1380">
     <span class='ocr_line' id='line_1_10' title="bbox 379 1305 1973 1380; baseline 0.007 -24"><span class='ocrx_word' id='word_1_56' title='bbox 379 1305 471 1372; x_wconf 91' lang='lat' dir='ltr'><strong>qui</strong></span> <span class='ocrx_word' id='word_1_57' title='bbox 531 1308 742 1374; x_wconf 89' lang='lat' dir='ltr'><strong>penitus</strong></span> <span class='ocrx_word' id='word_1_58' title='bbox 783 1307 1127 1363; x_wconf 90' lang='lat' dir='ltr'><strong>abolerentur</strong></span> <span class='ocrx_word' id='word_1_59' title='bbox 1169 1328 1183 1364; x_wconf 92' lang='lat'><strong>:</strong></span> <span class='ocrx_word' id='word_1_60' title='bbox 1231 1325 1404 1380; x_wconf 84' lang='lat' dir='ltr'><strong>neque</strong></span> <span class='ocrx_word' id='word_1_61' title='bbox 1456 1311 1600 1364; x_wconf 91' lang='lat' dir='ltr'><strong>enim</strong></span> <span class='ocrx_word' id='word_1_62' title='bbox 1654 1312 1973 1367; x_wconf 90' lang='lat' dir='ltr'><strong>incurabiles</strong></span> 
     </span>
    </p>
   </div>
   <div class='ocr_carea' id='block_1_11' title="bbox 380 1397 1974 1460">
    <p class='ocr_par' dir='ltr' id='par_1_11' title="bbox 380 1397 1974 1460">
     <span class='ocr_line' id='line_1_11' title="bbox 380 1397 1974 1460; baseline 0.007 -11"><span class='ocrx_word' id='word_1_63' title='bbox 380 1397 595 1452; x_wconf 90' lang='lat' dir='ltr'><strong>illorum</strong></span> <span class='ocrx_word' id='word_1_64' title='bbox 621 1399 790 1453; x_wconf 90' lang='lat' dir='ltr'><strong>morbi</strong></span> <span class='ocrx_word' id='word_1_65' title='bbox 820 1400 1060 1456; x_wconf 88' lang='lat' dir='ltr'><strong>medicos</strong></span> <span class='ocrx_word' id='word_1_66' title='bbox 1083 1401 1345 1457; x_wconf 88' lang='lat' dir='ltr'><strong>ferebant.</strong></span> <span class='ocrx_word' id='word_1_67' title='bbox 1374 1403 1564 1457; x_wconf 83' lang='lat' dir='ltr'><strong>Postea</strong></span> <span class='ocrx_word' id='word_1_68' title='bbox 1591 1403 1786 1457; x_wconf 90' lang='lat' dir='ltr'><strong>docens</strong></span> <span class='ocrx_word' id='word_1_69' title='bbox 1816 1419 1974 1460; x_wconf 89' lang='lat' dir='ltr'><strong>omne</strong></span> 
     </span>
    </p>
   </div>
   <div class='ocr_carea' id='block_1_12' title="bbox 378 1490 1972 1569">
    <p class='ocr_par' dir='ltr' id='par_1_12' title="bbox 378 1490 1972 1569">
     <span class='ocr_line' id='line_1_12' title="bbox 378 1490 1972 1569; baseline 0.005 -26"><span class='ocrx_word' id='word_1_70' title='bbox 378 1490 660 1546; x_wconf 82' lang='lat' dir='ltr'><strong>hominum</strong></span> <span class='ocrx_word' id='word_1_71' title='bbox 689 1510 878 1563; x_wconf 85' lang='lat' dir='ltr'><strong>genus,</strong></span> <span class='ocrx_word' id='word_1_72' title='bbox 924 1495 1048 1550; x_wconf 89' lang='lat' dir='ltr'><strong>licet</strong></span> <span class='ocrx_word' id='word_1_73' title='bbox 1076 1512 1265 1566; x_wconf 89' lang='lat' dir='ltr'><strong>magna</strong></span> <span class='ocrx_word' id='word_1_74' title='bbox 1297 1495 1454 1569; x_wconf 78' lang='lat' dir='ltr'><strong>valde</strong></span> <span class='ocrx_word' id='word_1_75' title='bbox 1482 1507 1538 1552; x_wconf 88' lang='lat' dir='ltr'><strong>et</strong></span> <span class='ocrx_word' id='word_1_76' title='bbox 1565 1498 1836 1567; x_wconf 85' lang='lat' dir='ltr'><strong>explorata</strong></span> <span class='ocrx_word' id='word_1_77' title='bbox 1867 1497 1972 1552; x_wconf 90' lang='lat' dir='ltr'><strong>sint</strong></span> 
     </span>
    </p>
   </div>
   <div class='ocr_carea' id='block_1_13' title="bbox 380 1588 1969 1656">
    <p class='ocr_par' dir='ltr' id='par_1_13' title="bbox 380 1588 1969 1656">
     <span class='ocr_line' id='line_1_13' title="bbox 380 1588 1969 1656; baseline 0.003 -19"><span class='ocrx_word' id='word_1_78' title='bbox 380 1595 618 1652; x_wconf 82' lang='lat' dir='ltr'><strong>peccata,</strong></span> <span class='ocrx_word' id='word_1_79' title='bbox 647 1595 928 1640; x_wconf 73' lang='lat' dir='ltr'><strong>non-antea</strong></span> <span class='ocrx_word' id='word_1_80' title='bbox 960 1597 1133 1641; x_wconf 90' lang='lat' dir='ltr'><strong>tamen</strong></span> <span class='ocrx_word' id='word_1_81' title='bbox 1158 1588 1603 1656; x_wconf 85' lang='lat' dir='ltr'><strong>pronuntiandam</strong></span> <span class='ocrx_word' id='word_1_82' title='bbox 1629 1590 1969 1656; x_wconf 88' lang='lat' dir='ltr'><strong>sententiam,</strong></span> 
     </span>
    </p>
   </div>
   <div class='ocr_carea' id='block_1_14' title="bbox 377 1678 1968 1751">
    <p class='ocr_par' dir='ltr' id='par_1_14' title="bbox 377 1678 1968 1751">
     <span class='ocr_line' id='line_1_14' title="bbox 377 1678 1968 1751; baseline 0.001 -21"><span class='ocrx_word' id='word_1_83' title='bbox 377 1693 537 1745; x_wconf 83' lang='lat' dir='ltr'><strong>quam</strong></span> <span class='ocrx_word' id='word_1_84' title='bbox 585 1678 879 1733; x_wconf 76' lang='lat' dir='ltr'><strong>manifesta:</strong></span> <span class='ocrx_word' id='word_1_85' title='bbox 929 1681 1269 1749; x_wconf 85' lang='lat' dir='ltr'><strong>probationes</strong></span> <span class='ocrx_word' id='word_1_86' title='bbox 1311 1681 1510 1748; x_wconf 87' lang='lat' dir='ltr'><strong>adsint,</strong></span> <span class='ocrx_word' id='word_1_87' title='bbox 1562 1681 1732 1751; x_wconf 86' lang='lat' dir='ltr'><strong>inquit</strong></span> <span class='ocrx_word' id='word_1_88' title='bbox 1782 1700 1795 1734; x_wconf 91' lang='lat'>:</span> <span class='ocrx_word' id='word_1_89' title='bbox 1840 1681 1968 1734; x_wconf 83' lang='lat' dir='ltr'><strong>Cum</strong></span> 
     </span>
    </p>
   </div>
   <div class='ocr_carea' id='block_1_15' title="bbox 377 1770 1966 1844">
    <p class='ocr_par' dir='ltr' id='par_1_15' title="bbox 377 1770 1966 1844">
     <span class='ocr_line' id='line_1_15' title="bbox 377 1770 1966 1844; baseline 0.002 -22"><span class='ocrx_word' id='word_1_90' title='bbox 377 1770 702 1837; x_wconf 74' lang='lat' dir='ltr'><strong>descendere,</strong></span> <span class='ocrx_word' id='word_1_91' title='bbox 753 1773 927 1827; x_wconf 87' lang='lat' dir='ltr'><strong>videbo</strong></span> <span class='ocrx_word' id='word_1_92' title='bbox 981 1784 1148 1826; x_wconf 87' lang='lat' dir='ltr'><strong>utrum</strong></span> <span class='ocrx_word' id='word_1_93' title='bbox 1183 1776 1338 1844; x_wconf 65' lang='lat' dir='ltr'><strong>juxta</strong></span> <span class='ocrx_word' id='word_1_94' title='bbox 1387 1774 1657 1828; x_wconf 85' lang='lat' dir='ltr'><strong>clamorem</strong></span> <span class='ocrx_word' id='word_1_95' title='bbox 1705 1775 1928 1843; x_wconf 81' lang='lat' dir='ltr'><strong>ipsorum</strong></span> <span class='ocrx_word' id='word_1_96' title='bbox 1951 1814 1966 1839; x_wconf 93' lang='lat'><strong>,</strong></span> 
     </span>
    </p>
   </div>
   <div class='ocr_carea' id='block_1_16' title="bbox 375 1862 1746 1934">
    <p class='ocr_par' dir='ltr' id='par_1_16' title="bbox 375 1862 1746 1934">
     <span class='ocr_line' id='line_1_16' title="bbox 375 1862 1746 1934; baseline 0.001 -20"><span class='ocrx_word' id='word_1_97' title='bbox 375 1863 466 1931; x_wconf 84' lang='lat' dir='ltr'><strong>qui</strong></span> <span class='ocrx_word' id='word_1_98' title='bbox 509 1862 578 1915; x_wconf 88' lang='lat' dir='ltr'><strong>ad</strong></span> <span class='ocrx_word' id='word_1_99' title='bbox 625 1880 705 1918; x_wconf 87' lang='lat' dir='ltr'><strong>me</strong></span> <span class='ocrx_word' id='word_1_100' title='bbox 747 1865 898 1930; x_wconf 81' lang='lat' dir='ltr'><strong>venit,</strong></span> <span class='ocrx_word' id='word_1_101' title='bbox 937 1866 1220 1934; x_wconf 82' lang='lat' dir='ltr'><strong>perﬁciant,</strong></span> <span class='ocrx_word' id='word_1_102' title='bbox 1266 1882 1437 1929; x_wconf 87' lang='lat' dir='ltr'><strong>necne,</strong></span> <span class='ocrx_word' id='word_1_103' title='bbox 1490 1874 1543 1917; x_wconf 89' lang='lat' dir='ltr'><strong>ut</strong></span> <span class='ocrx_word' id='word_1_104' title='bbox 1572 1865 1746 1919; x_wconf 89' lang='lat' dir='ltr'><strong>sciam.</strong></span> 
     </span>
    </p>
   </div>
   <div class='ocr_carea' id='block_1_17' title="bbox 452 1955 1970 2022">
    <p class='ocr_par' dir='ltr' id='par_1_17' title="bbox 452 1955 1970 2022">
     <span class='ocr_line' id='line_1_17' title="bbox 452 1955 1970 2022; baseline 0.001 -14"><span class='ocrx_word' id='word_1_105' title='bbox 452 1955 576 2009; x_wconf 83' lang='lat' dir='ltr'><strong>Non</strong></span> <span class='ocrx_word' id='word_1_106' title='bbox 622 1967 740 2010; x_wconf 87' lang='lat' dir='ltr'><strong>sunt</strong></span> <span class='ocrx_word' id='word_1_107' title='bbox 791 1958 970 2010; x_wconf 88' lang='lat' dir='ltr'><strong>auditu</strong></span> <span class='ocrx_word' id='word_1_108' title='bbox 1017 1958 1126 2010; x_wconf 81' lang='lat' dir='ltr'><strong>solo</strong></span> <span class='ocrx_word' id='word_1_109' title='bbox 1171 1958 1543 2010; x_wconf 82' lang='lat' dir='ltr'><strong>condemnandi</strong></span> <span class='ocrx_word' id='word_1_110' title='bbox 1591 1957 1683 2010; x_wconf 84' lang='lat' dir='ltr'><strong>rei.</strong></span> <span class='ocrx_word' id='word_1_111' title='bbox 1727 1986 1799 1996; x_wconf 92' lang='lat'><strong>—</strong></span> <span class='ocrx_word' id='word_1_112' title='bbox 1835 1957 1970 2022; x_wconf 86' lang='lat' dir='ltr'><strong>Quid</strong></span> 
     </span>
    </p>
   </div>
   <div class='ocr_carea' id='block_1_18' title="bbox 376 2046 1972 2119">
    <p class='ocr_par' dir='ltr' id='par_1_18' title="bbox 376 2046 1972 2119">
     <span class='ocr_line' id='line_1_18' title="bbox 376 2046 1972 2119; baseline 0.003 -21"><span class='ocrx_word' id='word_1_113' title='bbox 376 2046 480 2100; x_wconf 79' lang='lat' dir='ltr'><strong>sibi</strong></span> <span class='ocrx_word' id='word_1_114' title='bbox 527 2047 660 2112; x_wconf 90' lang='lat' dir='ltr'><strong>vult,</strong></span> <span class='ocrx_word' id='word_1_115' title='bbox 703 2056 757 2103; x_wconf 89' lang='lat' dir='ltr'><strong>et</strong></span> <span class='ocrx_word' id='word_1_116' title='bbox 803 2064 899 2103; x_wconf 90' lang='lat' dir='ltr'><strong>cur</strong></span> <span class='ocrx_word' id='word_1_117' title='bbox 944 2064 1248 2102; x_wconf 83' lang='lat' dir='ltr'><strong>sermonem</strong></span> <span class='ocrx_word' id='word_1_118' title='bbox 1298 2063 1454 2103; x_wconf 91' lang='lat' dir='ltr'><strong>suum</strong></span> <span class='ocrx_word' id='word_1_119' title='bbox 1498 2050 1567 2102; x_wconf 87' lang='lat' dir='ltr'><strong>ita</strong></span> <span class='ocrx_word' id='word_1_120' title='bbox 1617 2050 1972 2119; x_wconf 87' lang='lat' dir='ltr'><strong>attemperat?</strong></span> 
     </span>
    </p>
   </div>
   <div class='ocr_carea' id='block_1_19' title="bbox 376 2137 1970 2211">
    <p class='ocr_par' dir='ltr' id='par_1_19' title="bbox 376 2137 1970 2211">
     <span class='ocr_line' id='line_1_19' title="bbox 376 2137 1970 2211; baseline 0.003 -20"><span class='ocrx_word' id='word_1_121' title='bbox 376 2137 507 2191; x_wconf 80' lang='lat' dir='ltr'><strong>Cum</strong></span> <span class='ocrx_word' id='word_1_122' title='bbox 535 2139 855 2203; x_wconf 70' lang='lat' dir='ltr'><strong>descendet-0,</strong></span> <span class='ocrx_word' id='word_1_123' title='bbox 892 2139 1078 2209; x_wconf 86' lang='lat' dir='ltr'><strong>inquit,</strong></span> <span class='ocrx_word' id='word_1_124' title='bbox 1129 2141 1322 2193; x_wconf 79' lang='lat' dir='ltr'><strong>uidebo.</strong></span> <span class='ocrx_word' id='word_1_125' title='bbox 1353 2141 1615 2211; x_wconf 82' lang='lat' dir='ltr'><strong>Numquid</strong></span> <span class='ocrx_word' id='word_1_126' title='bbox 1655 2141 1722 2196; x_wconf 91' lang='lat' dir='ltr'><strong>de</strong></span> <span class='ocrx_word' id='word_1_127' title='bbox 1762 2142 1878 2196; x_wconf 94' lang='lat' dir='ltr'><strong>loco</strong></span> <span class='ocrx_word' id='word_1_128' title='bbox 1919 2143 1970 2196; x_wconf 90' lang='lat' dir='ltr'><strong>in</strong></span> 
     </span>
    </p>
   </div>
   <div class='ocr_carea' id='block_1_20' title="bbox 377 2228 1984 2288">
    <p class='ocr_par' dir='ltr' id='par_1_20' title="bbox 377 2228 1984 2288">
     <span class='ocr_line' id='line_1_20' title="bbox 377 2228 1984 2288; baseline 0.004 -6"><span class='ocrx_word' id='word_1_129' title='bbox 377 2228 555 2282; x_wconf 91' lang='lat' dir='ltr'><strong>locum</strong></span> <span class='ocrx_word' id='word_1_130' title='bbox 605 2230 794 2284; x_wconf 84' lang='lat' dir='ltr'><strong>transit</strong></span> <span class='ocrx_word' id='word_1_131' title='bbox 845 2231 1213 2286; x_wconf 88' lang='lat' dir='ltr'><strong>universorum</strong></span> <span class='ocrx_word' id='word_1_132' title='bbox 1261 2232 1557 2286; x_wconf 88' lang='lat' dir='ltr'><strong>Dominus?</strong></span> <span class='ocrx_word' id='word_1_133' title='bbox 1627 2233 1798 2287; x_wconf 85' lang='lat' dir='ltr'><strong>Absit.</strong></span> <span class='ocrx_word' id='word_1_134' title='bbox 1854 2233 1984 2288; x_wconf 85' lang='lat' dir='ltr'><strong>Non.</strong></span> 
     </span>
    </p>
   </div>
   <div class='ocr_carea' id='block_1_21' title="bbox 376 2319 1971 2388">
    <p class='ocr_par' dir='ltr' id='par_1_21' title="bbox 376 2319 1971 2388">
     <span class='ocr_line' id='line_1_21' title="bbox 376 2319 1971 2388; baseline 0.003 -14"><span class='ocrx_word' id='word_1_135' title='bbox 376 2319 481 2375; x_wconf 87' lang='lat' dir='ltr'><strong>hoc</strong></span> <span class='ocrx_word' id='word_1_136' title='bbox 523 2320 624 2375; x_wconf 90' lang='lat' dir='ltr'><strong>sibi</strong></span> <span class='ocrx_word' id='word_1_137' title='bbox 672 2321 820 2387; x_wconf 89' lang='lat' dir='ltr'><strong>vult;</strong></span> <span class='ocrx_word' id='word_1_138' title='bbox 875 2321 970 2377; x_wconf 90' lang='lat' dir='ltr'><strong>sed</strong></span> <span class='ocrx_word' id='word_1_139' title='bbox 1020 2332 1074 2377; x_wconf 94' lang='lat' dir='ltr'><strong>ut</strong></span> <span class='ocrx_word' id='word_1_140' title='bbox 1123 2323 1253 2388; x_wconf 80' lang='lat' dir='ltr'><strong>dixi,</strong></span> <span class='ocrx_word' id='word_1_141' title='bbox 1285 2323 1532 2378; x_wconf 83' lang='lat' dir='ltr'><strong>crassiori</strong></span> <span class='ocrx_word' id='word_1_142' title='bbox 1585 2336 1832 2378; x_wconf 86' lang='lat' dir='ltr'><strong>sermone</strong></span> <span class='ocrx_word' id='word_1_143' title='bbox 1874 2340 1971 2379; x_wconf 88' lang='lat' dir='ltr'><strong>nos</strong></span> 
     </span>
    </p>
   </div>
   <div class='ocr_carea' id='block_1_22' title="bbox 376 2413 1972 2484">
    <p class='ocr_par' dir='ltr' id='par_1_22' title="bbox 376 2413 1972 2484">
     <span class='ocr_line' id='line_1_22' title="bbox 376 2413 1972 2484; baseline 0.002 -17"><span class='ocrx_word' id='word_1_144' title='bbox 376 2413 657 2468; x_wconf 81' lang='lat' dir='ltr'><strong>instituere</strong></span> <span class='ocrx_word' id='word_1_145' title='bbox 701 2414 881 2482; x_wconf 76' lang='lat' dir='ltr'><strong>cupit,</strong></span> <span class='ocrx_word' id='word_1_146' title='bbox 943 2429 1130 2484; x_wconf 86' lang='lat' dir='ltr'><strong>magna</strong></span> <span class='ocrx_word' id='word_1_147' title='bbox 1185 2429 1317 2483; x_wconf 90' lang='lat' dir='ltr'><strong>opus</strong></span> <span class='ocrx_word' id='word_1_148' title='bbox 1363 2429 1484 2467; x_wconf 88' lang='lat' dir='ltr'><strong>esse</strong></span> <span class='ocrx_word' id='word_1_149' title='bbox 1529 2414 1797 2483; x_wconf 86' lang='lat' dir='ltr'><strong>diligentia</strong></span> <span class='ocrx_word' id='word_1_150' title='bbox 1852 2431 1865 2467; x_wconf 89' lang='lat'><strong>:</strong></span> <span class='ocrx_word' id='word_1_151' title='bbox 1917 2423 1972 2470; x_wconf 88' lang='lat' dir='ltr'><strong>et</strong></span> 
     </span>
    </p>
   </div>
   <div class='ocr_carea' id='block_1_23' title="bbox 375 2505 1983 2576">
    <p class='ocr_par' dir='ltr' id='par_1_23' title="bbox 375 2505 1983 2576">
     <span class='ocr_line' id='line_1_23' title="bbox 375 2505 1983 2576; baseline 0 -17"><span class='ocrx_word' id='word_1_152' title='bbox 375 2519 484 2559; x_wconf 87' lang='lat' dir='ltr'><strong>non</strong></span> <span class='ocrx_word' id='word_1_153' title='bbox 545 2505 726 2560; x_wconf 88' lang='lat' dir='ltr'><strong>auditu</strong></span> <span class='ocrx_word' id='word_1_154' title='bbox 781 2506 899 2559; x_wconf 88' lang='lat' dir='ltr'><strong>solo</strong></span> <span class='ocrx_word' id='word_1_155' title='bbox 964 2518 1270 2576; x_wconf 87' lang='lat' dir='ltr'><strong>peccatores</strong></span> <span class='ocrx_word' id='word_1_156' title='bbox 1331 2507 1766 2562; x_wconf 81' lang='lat' dir='ltr'><strong>condemnandos</strong></span> <span class='ocrx_word' id='word_1_157' title='bbox 1810 2522 1983 2576; x_wconf 88' lang='lat' dir='ltr'><strong>essc,.</strong></span> 
     </span>
    </p>
   </div>
   <div class='ocr_carea' id='block_1_24' title="bbox 375 2597 1965 2669">
    <p class='ocr_par' dir='ltr' id='par_1_24' title="bbox 375 2597 1965 2669">
     <span class='ocr_line' id='line_1_24' title="bbox 375 2597 1965 2669; baseline 0.002 -19"><span class='ocrx_word' id='word_1_158' title='bbox 375 2611 554 2666; x_wconf 85' lang='lat' dir='ltr'><strong>neque</strong></span> <span class='ocrx_word' id='word_1_159' title='bbox 581 2598 906 2651; x_wconf 87' lang='lat' dir='ltr'><strong>sententiam</strong></span> <span class='ocrx_word' id='word_1_160' title='bbox 933 2597 1236 2662; x_wconf 69' lang='lat' dir='ltr'><strong>ferendam,</strong></span> <span class='ocrx_word' id='word_1_161' title='bbox 1270 2597 1372 2652; x_wconf 85' lang='lat' dir='ltr'><strong>nisi</strong></span> <span class='ocrx_word' id='word_1_162' title='bbox 1428 2598 1796 2667; x_wconf 89' lang='lat' dir='ltr'><strong>comprobatio</strong></span> <span class='ocrx_word' id='word_1_163' title='bbox 1823 2615 1965 2669; x_wconf 78' lang='lat' dir='ltr'><strong>pra:-</strong></span> 
     </span>
    </p>
   </div>
   <div class='ocr_carea' id='block_1_25' title="bbox 374 2689 1987 2762">
    <p class='ocr_par' dir='ltr' id='par_1_25' title="bbox 374 2689 1987 2762">
     <span class='ocr_line' id='line_1_25' title="bbox 374 2689 1987 2762; baseline 0.003 -20"><span class='ocrx_word' id='word_1_164' title='bbox 374 2689 552 2743; x_wconf 82' lang='lat' dir='ltr'><strong>oedat.</strong></span> <span class='ocrx_word' id='word_1_165' title='bbox 609 2689 902 2744; x_wconf 82' lang='lat' dir='ltr'><strong>Audiamus</strong></span> <span class='ocrx_word' id='word_1_166' title='bbox 929 2689 1043 2744; x_wconf 61' lang='lat' dir='ltr'><strong>hinc</strong></span> <span class='ocrx_word' id='word_1_167' title='bbox 1068 2704 1281 2745; x_wconf 81' lang='lat' dir='ltr'><strong>omnes.</strong></span> <span class='ocrx_word' id='word_1_168' title='bbox 1304 2689 1419 2744; x_wconf 91' lang='lat' dir='ltr'><strong>Non</strong></span> <span class='ocrx_word' id='word_1_169' title='bbox 1449 2690 1593 2745; x_wconf 89' lang='lat' dir='ltr'><strong>enim</strong></span> <span class='ocrx_word' id='word_1_170' title='bbox 1622 2692 1796 2746; x_wconf 90' lang='lat' dir='ltr'><strong>solum</strong></span> <span class='ocrx_word' id='word_1_171' title='bbox 1822 2693 1854 2745; x_wconf 94' lang='lat' dir='ltr'><strong>ii</strong></span> <span class='ocrx_word' id='word_1_172' title='bbox 1881 2693 1987 2762; x_wconf 91' lang='lat' dir='ltr'><strong>qui-</strong></span> 
     </span>
    </p>
   </div>
   <div class='ocr_carea' id='block_1_26' title="bbox 376 2779 1965 2853">
    <p class='ocr_par' dir='ltr' id='par_1_26' title="bbox 376 2779 1965 2853">
     <span class='ocr_line' id='line_1_26' title="bbox 376 2779 1965 2853; baseline 0.004 -21"><span class='ocrx_word' id='word_1_173' title='bbox 376 2794 480 2850; x_wconf 82' lang='lat' dir='ltr'><strong>pro</strong></span> <span class='ocrx_word' id='word_1_174' title='bbox 509 2779 760 2834; x_wconf 89' lang='lat' dir='ltr'><strong>tribunali</strong></span> <span class='ocrx_word' id='word_1_175' title='bbox 801 2781 1009 2848; x_wconf 89' lang='lat' dir='ltr'><strong>sedent,</strong></span> <span class='ocrx_word' id='word_1_176' title='bbox 1055 2781 1348 2837; x_wconf 86' lang='lat' dir='ltr'><strong>observare</strong></span> <span class='ocrx_word' id='word_1_177' title='bbox 1377 2781 1515 2837; x_wconf 90' lang='lat' dir='ltr'><strong>hanc</strong></span> <span class='ocrx_word' id='word_1_178' title='bbox 1551 2783 1723 2853; x_wconf 87' lang='lat' dir='ltr'><strong>legem</strong></span> <span class='ocrx_word' id='word_1_179' title='bbox 1751 2783 1965 2850; x_wconf 87' lang='lat' dir='ltr'><strong>debent,</strong></span> 
     </span>
    </p>
   </div>
   <div class='ocr_carea' id='block_1_27' title="bbox 376 2874 1970 2952">
    <p class='ocr_par' dir='ltr' id='par_1_27' title="bbox 376 2874 1970 2952">
     <span class='ocr_line' id='line_1_27' title="bbox 376 2874 1970 2952; baseline 0.003 -23"><span class='ocrx_word' id='word_1_180' title='bbox 376 2874 474 2929; x_wconf 86' lang='lat' dir='ltr'><strong>sed</strong></span> <span class='ocrx_word' id='word_1_181' title='bbox 507 2885 562 2930; x_wconf 88' lang='lat' dir='ltr'><strong>et</strong></span> <span class='ocrx_word' id='word_1_182' title='bbox 592 2876 770 2928; x_wconf 89' lang='lat' dir='ltr'><strong>nullus</strong></span> <span class='ocrx_word' id='word_1_183' title='bbox 811 2891 1063 2945; x_wconf 90' lang='lat' dir='ltr'><strong>umquam</strong></span> <span class='ocrx_word' id='word_1_184' title='bbox 1092 2876 1160 2931; x_wconf 90' lang='lat' dir='ltr'><strong>ob</strong></span> <span class='ocrx_word' id='word_1_185' title='bbox 1189 2876 1385 2931; x_wconf 88' lang='lat' dir='ltr'><strong>nudam</strong></span> <span class='ocrx_word' id='word_1_186' title='bbox 1425 2877 1818 2933; x_wconf 87' lang='lat' dir='ltr'><strong>accusationem</strong></span> <span class='ocrx_word' id='word_1_187' title='bbox 1845 2893 1970 2952; x_wconf 82' lang='lat' dir='ltr'><strong>prp-</strong></span> 
     </span>
    </p>
   </div>
   <div class='ocr_carea' id='block_1_28' title="bbox 377 2967 1970 3039">
    <p class='ocr_par' dir='ltr' id='par_1_28' title="bbox 377 2967 1970 3039">
     <span class='ocr_line' id='line_1_28' title="bbox 377 2967 1970 3039; baseline 0.003 -18"><span class='ocrx_word' id='word_1_188' title='bbox 377 2967 580 3021; x_wconf 73' lang='lat' dir='ltr'><strong>ximum</strong></span> <span class='ocrx_word' id='word_1_189' title='bbox 615 2968 956 3023; x_wconf 87' lang='lat' dir='ltr'><strong>condemnet.</strong></span> <span class='ocrx_word' id='word_1_190' title='bbox 1008 2967 1210 3023; x_wconf 86' lang='lat' dir='ltr'><strong>Idcirco</strong></span> <span class='ocrx_word' id='word_1_191' title='bbox 1247 2969 1390 3024; x_wconf 91' lang='lat' dir='ltr'><strong>enim</strong></span> <span class='ocrx_word' id='word_1_192' title='bbox 1413 2978 1468 3024; x_wconf 89' lang='lat' dir='ltr'><strong>et</strong></span> <span class='ocrx_word' id='word_1_193' title='bbox 1497 2978 1616 3039; x_wconf 86' lang='lat' dir='ltr'><strong>p05t</strong></span> <span class='ocrx_word' id='word_1_194' title='bbox 1643 2969 1756 3024; x_wconf 78' lang='lat' dir='ltr'><strong>lucc</strong></span> <span class='ocrx_word' id='word_1_195' title='bbox 1783 2970 1970 3026; x_wconf 88' lang='lat' dir='ltr'><strong>beatus</strong></span> 
     </span>
    </p>
   </div>
   <div class='ocr_carea' id='block_1_29' title="bbox 375 3059 1965 3130">
    <p class='ocr_par' dir='ltr' id='par_1_29' title="bbox 375 3059 1965 3130">
     <span class='ocr_line' id='line_1_29' title="bbox 375 3059 1965 3130; baseline 0.001 -16"><span class='ocrx_word' id='word_1_196' title='bbox 375 3059 555 3114; x_wconf 74' lang='lat' dir='ltr'><strong>Moses</strong></span> <span class='ocrx_word' id='word_1_197' title='bbox 591 3060 790 3130; x_wconf 86' lang='lat' dir='ltr'><strong>Spiritu</strong></span> <span class='ocrx_word' id='word_1_198' title='bbox 821 3069 1008 3115; x_wconf 91' lang='lat' dir='ltr'><strong>sancto</strong></span> <span class='ocrx_word' id='word_1_199' title='bbox 1036 3059 1246 3114; x_wconf 82' lang='lat' dir='ltr'><strong>amatus</strong></span> <span class='ocrx_word' id='word_1_200' title='bbox 1270 3060 1550 3126; x_wconf 88' lang='lat' dir='ltr'><strong>admonet,</strong></span> <span class='ocrx_word' id='word_1_201' title='bbox 1596 3060 1782 3116; x_wconf 89' lang='lat' dir='ltr'><strong>dicens</strong></span> <span class='ocrx_word' id='word_1_202' title='bbox 1811 3077 1825 3114; x_wconf 92' lang='lat'>:</span> <span class='ocrx_word' id='word_1_203' title='bbox 1859 3061 1965 3115; x_wconf 84' lang='lat' dir='ltr'><strong>Au-</strong></span> 
     </span>
    </p>
   </div>
   <div class='ocr_carea' id='block_1_30' title="bbox 375 3151 1970 3225">
    <p class='ocr_par' dir='ltr' id='par_1_30' title="bbox 375 3151 1970 3225">
     <span class='ocr_line' id='line_1_30' title="bbox 375 3151 1970 3225; baseline 0.002 -20"><span class='ocrx_word' id='word_1_204' title='bbox 375 3154 540 3206; x_wconf 84' lang='lat' dir='ltr'><strong>ditum</strong></span> <span class='ocrx_word' id='word_1_205' title='bbox 576 3170 761 3207; x_wconf 82' lang='lat' dir='ltr'><strong>vanum</strong></span> <span class='ocrx_word' id='word_1_206' title='bbox 802 3170 864 3206; x_wconf 89' lang='lat' dir='ltr'><strong>ne</strong></span> <span class='ocrx_word' id='word_1_207' title='bbox 908 3153 1128 3224; x_wconf 85' lang='lat' dir='ltr'><strong>accipias</strong></span> <span class='ocrx_word' id='word_1_208' title='bbox 1177 3152 1391 3225; x_wconf 75' lang='lat' dir='ltr'><strong>(Exod.</strong></span> <span class='ocrx_word' id='word_1_209' title='bbox 1417 3151 1634 3223; x_wconf 71' lang='grc'><strong>25.1.).</strong></span> <span class='ocrx_word' id='word_1_210' title='bbox 1676 3153 1744 3207; x_wconf 89' lang='grc' dir='ltr'><strong>Ει</strong></span> <span class='ocrx_word' id='word_1_211' title='bbox 1785 3153 1970 3209; x_wconf 84' lang='lat' dir='ltr'><strong>beatus</strong></span> 
     </span>
    </p>
   </div>
   <div class='ocr_carea' id='block_1_31' title="bbox 377 3241 1970 3314">
    <p class='ocr_par' dir='ltr' id='par_1_31' title="bbox 377 3241 1970 3314">
     <span class='ocr_line' id='line_1_31' title="bbox 377 3241 1970 3314; baseline 0 -16"><span class='ocrx_word' id='word_1_212' title='bbox 377 3245 595 3311; x_wconf 85' lang='lat' dir='ltr'><strong>Paulus,</strong></span> <span class='ocrx_word' id='word_1_213' title='bbox 651 3244 915 3311; x_wconf 88' lang='lat' dir='ltr'><strong>scribens,</strong></span> <span class='ocrx_word' id='word_1_214' title='bbox 963 3245 1227 3299; x_wconf 88' lang='lat' dir='ltr'><strong>clamabat</strong></span> <span class='ocrx_word' id='word_1_215' title='bbox 1261 3262 1274 3297; x_wconf 90' lang='lat'>:</span> <span class='ocrx_word' id='word_1_216' title='bbox 1304 3241 1381 3296; x_wconf 82' lang='lat' dir='ltr'><strong>Tu</strong></span> <span class='ocrx_word' id='word_1_217' title='bbox 1423 3253 1590 3297; x_wconf 87' lang='lat' dir='ltr'><strong>autem</strong></span> <span class='ocrx_word' id='word_1_218' title='bbox 1641 3259 1730 3296; x_wconf 86' lang='lat' dir='ltr'><strong>cur</strong></span> <span class='ocrx_word' id='word_1_219' title='bbox 1763 3245 1970 3314; x_wconf 87' lang='lat' dir='ltr'><strong>judicas</strong></span> 
     </span>
    </p>
   </div>
   <div class='ocr_carea' id='block_1_32' title="bbox 376 3333 1967 3407">
    <p class='ocr_par' dir='ltr' id='par_1_32' title="bbox 376 3333 1967 3407">
     <span class='ocr_line' id='line_1_32' title="bbox 376 3333 1967 3407; baseline 0.001 -20"><span class='ocrx_word' id='word_1_220' title='bbox 376 3338 587 3405; x_wconf 82' lang='lat' dir='ltr'><strong>fratrem</strong></span> <span class='ocrx_word' id='word_1_221' title='bbox 615 3344 762 3389; x_wconf 88' lang='lat' dir='ltr'><strong>tuum</strong></span> <span class='ocrx_word' id='word_1_222' title='bbox 807 3333 982 3407; x_wconf 80' lang='lat' dir='ltr'><strong>(Rom.</strong></span> <span class='ocrx_word' id='word_1_223' title='bbox 1013 3335 1099 3389; x_wconf 65' lang='grc' dir='ltr'><strong>Μ..</strong></span> <span class='ocrx_word' id='word_1_224' title='bbox 1130 3335 1220 3406; x_wconf 78' lang='lat'><strong>10)</strong></span> <span class='ocrx_word' id='word_1_225' title='bbox 1237 3335 1268 3387; x_wconf 88' lang='lat'><strong>?.</strong></span> <span class='ocrx_word' id='word_1_226' title='bbox 1287 3334 1528 3389; x_wconf 90' lang='lat' dir='ltr'><strong>Christus</strong></span> <span class='ocrx_word' id='word_1_227' title='bbox 1572 3349 1784 3404; x_wconf 84' lang='lat' dir='ltr'><strong>quoque</strong></span> <span class='ocrx_word' id='word_1_228' title='bbox 1830 3351 1967 3405; x_wconf 78' lang='lat' dir='ltr'><strong>prac-</strong></span> 
     </span>
    </p>
   </div>
   <div class='ocr_carea' id='block_1_33' title="bbox 375 3424 1970 3496">
    <p class='ocr_par' dir='ltr' id='par_1_33' title="bbox 375 3424 1970 3496">
     <span class='ocr_line' id='line_1_33' title="bbox 375 3424 1970 3496; baseline -0.001 -16"><span class='ocrx_word' id='word_1_229' title='bbox 375 3427 581 3496; x_wconf 86' lang='lat' dir='ltr'><strong>cipiens</strong></span> <span class='ocrx_word' id='word_1_230' title='bbox 625 3425 898 3496; x_wconf 89' lang='lat' dir='ltr'><strong>discipulis</strong></span> <span class='ocrx_word' id='word_1_231' title='bbox 925 3427 1056 3492; x_wconf 84' lang='lat' dir='ltr'><strong>suis,</strong></span> <span class='ocrx_word' id='word_1_232' title='bbox 1088 3435 1142 3480; x_wconf 89' lang='lat' dir='ltr'><strong>et</strong></span> <span class='ocrx_word' id='word_1_233' title='bbox 1166 3426 1364 3479; x_wconf 85' lang='lat' dir='ltr'><strong>ducens</strong></span> <span class='ocrx_word' id='word_1_234' title='bbox 1393 3424 1700 3480; x_wconf 72' lang='lat' dir='ltr'><strong>Judmorum</strong></span> <span class='ocrx_word' id='word_1_235' title='bbox 1728 3425 1970 3478; x_wconf 89' lang='lat' dir='ltr'><strong>multitu-</strong></span> 
     </span>
    </p>
   </div>
   <div class='ocr_carea' id='block_1_34' title="bbox 375 3516 1967 3587">
    <p class='ocr_par' dir='ltr' id='par_1_34' title="bbox 375 3516 1967 3587">
     <span class='ocr_line' id='line_1_34' title="bbox 375 3516 1967 3587; baseline -0.001 -15"><span class='ocrx_word' id='word_1_236' title='bbox 375 3519 580 3582; x_wconf 89' lang='lat' dir='ltr'><strong>dinem,</strong></span> <span class='ocrx_word' id='word_1_237' title='bbox 626 3519 828 3574; x_wconf 90' lang='lat' dir='ltr'><strong>scribas</strong></span> <span class='ocrx_word' id='word_1_238' title='bbox 867 3534 1076 3585; x_wconf 89' lang='lat' dir='ltr'><strong>corum,</strong></span> <span class='ocrx_word' id='word_1_239' title='bbox 1109 3527 1162 3572; x_wconf 89' lang='lat' dir='ltr'><strong>et</strong></span> <span class='ocrx_word' id='word_1_240' title='bbox 1193 3517 1511 3583; x_wconf 64' lang='lat' dir='ltr'><strong>Pharisxos,</strong></span> <span class='ocrx_word' id='word_1_241' title='bbox 1550 3516 1748 3583; x_wconf 81' lang='lat' dir='ltr'><strong>Nolite,</strong></span> <span class='ocrx_word' id='word_1_242' title='bbox 1780 3518 1967 3587; x_wconf 87' lang='lat' dir='ltr'><strong>inquit,</strong></span> 
     </span>
    </p>
   </div>
   <div class='ocr_carea' id='block_1_35' title="bbox 363 3609 1978 3683">
    <p class='ocr_par' dir='ltr' id='par_1_35' title="bbox 363 3609 1978 3683">
     <span class='ocr_line' id='line_1_35' title="bbox 363 3609 1978 3683; baseline -0.001 -17"><span class='ocrx_word' id='word_1_243' title='bbox 363 3609 632 3681; x_wconf 79' lang='lat' dir='ltr'><strong>judicare,</strong></span> <span class='ocrx_word' id='word_1_244' title='bbox 671 3623 724 3665; x_wconf 87' lang='lat' dir='ltr'><strong>ut</strong></span> <span class='ocrx_word' id='word_1_245' title='bbox 763 3628 867 3666; x_wconf 87' lang='lat' dir='ltr'><strong>non</strong></span> <span class='ocrx_word' id='word_1_246' title='bbox 891 3611 1193 3682; x_wconf 86' lang='lat' dir='ltr'><strong>judicemini</strong></span> <span class='ocrx_word' id='word_1_247' title='bbox 1236 3610 1448 3683; x_wconf 80' lang='lat' dir='ltr'><strong>(Matth.</strong></span> <span class='ocrx_word' id='word_1_248' title='bbox 1483 3612 1536 3665; x_wconf 86' lang='lat'><strong>7.</strong></span> <span class='ocrx_word' id='word_1_249' title='bbox 1571 3612 1642 3680; x_wconf 85' lang='lat' dir='ltr'><strong>I).</strong></span> <span class='ocrx_word' id='word_1_250' title='bbox 1668 3611 1774 3665; x_wconf 87' lang='lat' dir='ltr'><strong>Cur</strong></span> <span class='ocrx_word' id='word_1_251' title='bbox 1803 3611 1978 3677; x_wconf 87' lang='lat' dir='ltr'><strong>enim,</strong></span> 
     </span>
    </p>
   </div>
   <div class='ocr_carea' id='block_1_36' title="bbox 376 3703 1966 3774">
    <p class='ocr_par' dir='ltr' id='par_1_36' title="bbox 376 3703 1966 3774">
     <span class='ocr_line' id='line_1_36' title="bbox 376 3703 1966 3774; baseline 0.001 -16"><span class='ocrx_word' id='word_1_252' title='bbox 376 3703 569 3773; x_wconf 86' lang='lat' dir='ltr'><strong>inquit,</strong></span> <span class='ocrx_word' id='word_1_253' title='bbox 618 3713 744 3758; x_wconf 88' lang='lat' dir='ltr'><strong>ante</strong></span> <span class='ocrx_word' id='word_1_254' title='bbox 789 3712 997 3774; x_wconf 87' lang='lat' dir='ltr'><strong>tempus</strong></span> <span class='ocrx_word' id='word_1_255' title='bbox 1037 3704 1243 3758; x_wconf 87' lang='lat' dir='ltr'><strong>invadis</strong></span> <span class='ocrx_word' id='word_1_256' title='bbox 1286 3703 1481 3773; x_wconf 91' lang='lat' dir='ltr'><strong>judicis</strong></span> <span class='ocrx_word' id='word_1_257' title='bbox 1512 3703 1637 3772; x_wconf 77' lang='lat' dir='ltr'><strong>jus?</strong></span> <span class='ocrx_word' id='word_1_258' title='bbox 1680 3719 1777 3759; x_wconf 89' lang='lat' dir='ltr'><strong>cur</strong></span> <span class='ocrx_word' id='word_1_259' title='bbox 1827 3720 1966 3772; x_wconf 80' lang='lat' dir='ltr'><strong>pra:-</strong></span> 
     </span>
    </p>
   </div>
   <div class='ocr_carea' id='block_1_37' title="bbox 379 3795 1968 3864">
    <p class='ocr_par' dir='ltr' id='par_1_37' title="bbox 379 3795 1968 3864">
     <span class='ocr_line' id='line_1_37' title="bbox 379 3795 1968 3864; baseline 0.001 -15"><span class='ocrx_word' id='word_1_260' title='bbox 379 3797 532 3852; x_wconf 82' lang='lat' dir='ltr'><strong>venis</strong></span> <span class='ocrx_word' id='word_1_261' title='bbox 559 3796 702 3851; x_wconf 89' lang='lat' dir='ltr'><strong>diem</strong></span> <span class='ocrx_word' id='word_1_262' title='bbox 731 3796 877 3850; x_wconf 83' lang='lat' dir='ltr'><strong>illum</strong></span> <span class='ocrx_word' id='word_1_263' title='bbox 909 3795 1236 3851; x_wconf 88' lang='lat' dir='ltr'><strong>terribilem?</strong></span> <span class='ocrx_word' id='word_1_264' title='bbox 1270 3796 1359 3850; x_wconf 77' lang='lat' dir='ltr'><strong>\‘is</strong></span> <span class='ocrx_word' id='word_1_265' title='bbox 1379 3795 1542 3864; x_wconf 81' lang='lat' dir='ltr'><strong>judex</strong></span> <span class='ocrx_word' id='word_1_266' title='bbox 1573 3797 1739 3851; x_wconf 91' lang='lat' dir='ltr'><strong>esse?</strong></span> <span class='ocrx_word' id='word_1_267' title='bbox 1785 3796 1968 3851; x_wconf 84' lang='lat' dir='ltr'><strong>Judica</strong></span> 
     </span>
    </p>
   </div>
   <div class='ocr_carea' id='block_1_38' title="bbox 377 3887 1970 3958">
    <p class='ocr_par' dir='ltr' id='par_1_38' title="bbox 377 3887 1970 3958">
     <span class='ocr_line' id='line_1_38' title="bbox 377 3887 1970 3958; baseline 0.001 -17"><span class='ocrx_word' id='word_1_268' title='bbox 377 3888 745 3958; x_wconf 84' lang='lat' dir='ltr'><strong>temetipsum,</strong></span> <span class='ocrx_word' id='word_1_269' title='bbox 791 3897 846 3941; x_wconf 91' lang='lat' dir='ltr'><strong>et</strong></span> <span class='ocrx_word' id='word_1_270' title='bbox 875 3896 962 3942; x_wconf 91' lang='lat' dir='ltr'><strong>tua</strong></span> <span class='ocrx_word' id='word_1_271' title='bbox 991 3887 1204 3942; x_wconf 87' lang='lat' dir='ltr'><strong>delicta.</strong></span> <span class='ocrx_word' id='word_1_272' title='bbox 1232 3887 1418 3941; x_wconf 88' lang='lat' dir='ltr'><strong>Nullus</strong></span> <span class='ocrx_word' id='word_1_273' title='bbox 1443 3897 1524 3941; x_wconf 91' lang='lat' dir='ltr'><strong>est</strong></span> <span class='ocrx_word' id='word_1_274' title='bbox 1551 3889 1639 3957; x_wconf 90' lang='lat' dir='ltr'><strong>qui</strong></span> <span class='ocrx_word' id='word_1_275' title='bbox 1665 3896 1826 3942; x_wconf 89' lang='lat' dir='ltr'><strong>vetet.</strong></span> <span class='ocrx_word' id='word_1_276' title='bbox 1882 3887 1970 3943; x_wconf 90' lang='lat' dir='ltr'><strong>Sic</strong></span> 
     </span>
    </p>
   </div>
   <div class='ocr_carea' id='block_1_39' title="bbox 379 3978 1970 4048">
    <p class='ocr_par' dir='ltr' id='par_1_39' title="bbox 379 3978 1970 4048">
     <span class='ocr_line' id='line_1_39' title="bbox 379 3978 1970 4048; baseline 0.001 -16"><span class='ocrx_word' id='word_1_277' title='bbox 379 3980 526 4034; x_wconf 88' lang='lat' dir='ltr'><strong>enim</strong></span> <span class='ocrx_word' id='word_1_278' title='bbox 564 3989 620 4033; x_wconf 88' lang='lat' dir='ltr'><strong>ct</strong></span> <span class='ocrx_word' id='word_1_279' title='bbox 664 3989 880 4048; x_wconf 88' lang='lat' dir='ltr'><strong>peccata</strong></span> <span class='ocrx_word' id='word_1_280' title='bbox 909 3989 995 4033; x_wconf 92' lang='lat' dir='ltr'><strong>tua</strong></span> <span class='ocrx_word' id='word_1_281' title='bbox 1022 3979 1354 4045; x_wconf 88' lang='lat' dir='ltr'><strong>emendabis,</strong></span> <span class='ocrx_word' id='word_1_282' title='bbox 1384 3987 1437 4034; x_wconf 91' lang='lat' dir='ltr'><strong>et</strong></span> <span class='ocrx_word' id='word_1_283' title='bbox 1466 3978 1596 4033; x_wconf 88' lang='lat' dir='ltr'><strong>nihil</strong></span> <span class='ocrx_word' id='word_1_284' title='bbox 1626 3995 1698 4032; x_wconf 79' lang='lat' dir='ltr'><strong>ex</strong></span> <span class='ocrx_word' id='word_1_285' title='bbox 1737 3979 1840 4034; x_wconf 89' lang='lat' dir='ltr'><strong>hoc</strong></span> <span class='ocrx_word' id='word_1_286' title='bbox 1890 3983 1970 4034; x_wconf 91' lang='lat' dir='ltr'><strong>in-</strong></span> 
     </span>
    </p>
   </div>
   <div class='ocr_carea' id='block_1_40' title="bbox 378 4069 1969 4139">
    <p class='ocr_par' dir='ltr' id='par_1_40' title="bbox 378 4069 1969 4139">
     <span class='ocr_line' id='line_1_40' title="bbox 378 4069 1969 4139; baseline 0 -15"><span class='ocrx_word' id='word_1_287' title='bbox 378 4069 647 4124; x_wconf 77' lang='lat' dir='ltr'><strong>commodi</strong></span> <span class='ocrx_word' id='word_1_288' title='bbox 688 4070 887 4139; x_wconf 87' lang='lat' dir='ltr'><strong>capies.</strong></span> <span class='ocrx_word' id='word_1_289' title='bbox 918 4069 1068 4137; x_wconf 87' lang='lat' dir='ltr'><strong>Quod</strong></span> <span class='ocrx_word' id='word_1_290' title='bbox 1099 4069 1144 4122; x_wconf 90' lang='lat' dir='ltr'><strong>si</strong></span> <span class='ocrx_word' id='word_1_291' title='bbox 1172 4069 1370 4124; x_wconf 85' lang='lat' dir='ltr'><strong>relictis</strong></span> <span class='ocrx_word' id='word_1_292' title='bbox 1397 4069 1557 4123; x_wconf 85' lang='lat' dir='ltr'><strong>rebus</strong></span> <span class='ocrx_word' id='word_1_293' title='bbox 1581 4069 1686 4124; x_wconf 91' lang='lat' dir='ltr'><strong>tuis</strong></span> <span class='ocrx_word' id='word_1_294' title='bbox 1720 4070 1875 4124; x_wconf 88' lang='lat' dir='ltr'><strong>sedes</strong></span> <span class='ocrx_word' id='word_1_295' title='bbox 1902 4069 1969 4124; x_wconf 86' lang='lat' dir='ltr'><strong>ad</strong></span> 
     </span>
    </p>
   </div>
   <div class='ocr_carea' id='block_1_41' title="bbox 376 4159 1971 4231">
    <p class='ocr_par' dir='ltr' id='par_1_41' title="bbox 376 4159 1971 4231">
     <span class='ocr_line' id='line_1_41' title="bbox 376 4159 1971 4231; baseline -0.001 -16"><span class='ocrx_word' id='word_1_296' title='bbox 376 4160 726 4231; x_wconf 86' lang='lat' dir='ltr'><strong>judicandum</strong></span> <span class='ocrx_word' id='word_1_297' title='bbox 761 4160 914 4227; x_wconf 90' lang='lat' dir='ltr'><strong>alios,</strong></span> <span class='ocrx_word' id='word_1_298' title='bbox 965 4159 1197 4230; x_wconf 83' lang='lat' dir='ltr'><strong>majores</strong></span> <span class='ocrx_word' id='word_1_299' title='bbox 1225 4168 1276 4214; x_wconf 89' lang='lat' dir='ltr'><strong>te</strong></span> <span class='ocrx_word' id='word_1_300' title='bbox 1305 4159 1397 4214; x_wconf 89' lang='lat' dir='ltr'><strong>tibi</strong></span> <span class='ocrx_word' id='word_1_301' title='bbox 1428 4159 1524 4229; x_wconf 92' lang='lat' dir='ltr'><strong>ipsi</strong></span> <span class='ocrx_word' id='word_1_302' title='bbox 1552 4160 1804 4228; x_wconf 90' lang='lat' dir='ltr'><strong>colligere</strong></span> <span class='ocrx_word' id='word_1_303' title='bbox 1843 4174 1971 4229; x_wconf 91' lang='lat' dir='ltr'><strong>pec-</strong></span> 
     </span>
    </p>
   </div>
   <div class='ocr_carea' id='block_1_42' title="bbox 381 4249 1973 4321">
    <p class='ocr_par' dir='ltr' id='par_1_42' title="bbox 381 4249 1973 4321">
     <span class='ocr_line' id='line_1_42' title="bbox 381 4249 1973 4321; baseline -0.001 -16"><span class='ocrx_word' id='word_1_304' title='bbox 381 4261 624 4306; x_wconf 87' lang='lat' dir='ltr'><strong>catorum</strong></span> <span class='ocrx_word' id='word_1_305' title='bbox 656 4251 895 4306; x_wconf 75' lang='lat' dir='ltr'><strong>sarcinas</strong></span> <span class='ocrx_word' id='word_1_306' title='bbox 921 4265 1029 4305; x_wconf 92' lang='lat' dir='ltr'><strong>non</strong></span> <span class='ocrx_word' id='word_1_307' title='bbox 1055 4251 1241 4305; x_wconf 90' lang='lat' dir='ltr'><strong>sentis.</strong></span> <span class='ocrx_word' id='word_1_308' title='bbox 1275 4249 1498 4315; x_wconf 89' lang='lat' dir='ltr'><strong>Idcirco,</strong></span> <span class='ocrx_word' id='word_1_309' title='bbox 1530 4250 1774 4315; x_wconf 90' lang='lat' dir='ltr'><strong>obsecro,</strong></span> <span class='ocrx_word' id='word_1_310' title='bbox 1807 4249 1973 4321; x_wconf 76' lang='lat' dir='ltr'><strong>fugia-</strong></span> 
     </span>
    </p>
   </div>
   <div class='ocr_carea' id='block_1_43' title="bbox 384 4340 1972 4410">
    <p class='ocr_par' dir='ltr' id='par_1_43' title="bbox 384 4340 1972 4410">
     <span class='ocr_line' id='line_1_43' title="bbox 384 4340 1972 4410; baseline -0.002 -14"><span class='ocrx_word' id='word_1_311' title='bbox 384 4357 504 4397; x_wconf 77' lang='lat' dir='ltr'><strong>mus</strong></span> <span class='ocrx_word' id='word_1_312' title='bbox 526 4343 745 4396; x_wconf 91' lang='lat' dir='ltr'><strong>omnino</strong></span> <span class='ocrx_word' id='word_1_313' title='bbox 769 4357 798 4396; x_wconf 88' lang='lat' dir='ltr'><strong>a</strong></span> <span class='ocrx_word' id='word_1_314' title='bbox 823 4341 1242 4397; x_wconf 90' lang='lat' dir='ltr'><strong>condemnandis</strong></span> <span class='ocrx_word' id='word_1_315' title='bbox 1270 4341 1410 4396; x_wconf 87' lang='lat' dir='ltr'><strong>aliis.</strong></span> <span class='ocrx_word' id='word_1_316' title='bbox 1453 4340 1586 4394; x_wconf 89' lang='lat' dir='ltr'><strong>Nam</strong></span> <span class='ocrx_word' id='word_1_317' title='bbox 1622 4341 1719 4396; x_wconf 88' lang='lat' dir='ltr'><strong>etsi</strong></span> <span class='ocrx_word' id='word_1_318' title='bbox 1747 4340 1972 4410; x_wconf 86' lang='lat' dir='ltr'><strong>judicia-</strong></span> 
     </span>
    </p>
   </div>
   <div class='ocr_carea' id='block_1_44' title="bbox 385 4434 1972 4504">
    <p class='ocr_par' dir='ltr' id='par_1_44' title="bbox 385 4434 1972 4504">
     <span class='ocr_line' id='line_1_44' title="bbox 385 4434 1972 4504; baseline 0 -15"><span class='ocrx_word' id='word_1_319' title='bbox 385 4435 478 4489; x_wconf 69' lang='grc' dir='ltr'><strong>τίω</strong></span> <span class='ocrx_word' id='word_1_320' title='bbox 510 4436 785 4504; x_wconf 84' lang='lat' dir='ltr'><strong>potestatis</strong></span> <span class='ocrx_word' id='word_1_321' title='bbox 823 4450 928 4489; x_wconf 92' lang='lat' dir='ltr'><strong>non</strong></span> <span class='ocrx_word' id='word_1_322' title='bbox 966 4436 1041 4489; x_wconf 89' lang='lat' dir='ltr'><strong>sis</strong></span> <span class='ocrx_word' id='word_1_323' title='bbox 1085 4435 1384 4504; x_wconf 90' lang='lat' dir='ltr'><strong>particeps,</strong></span> <span class='ocrx_word' id='word_1_324' title='bbox 1444 4442 1677 4489; x_wconf 90' lang='lat' dir='ltr'><strong>attamen</strong></span> <span class='ocrx_word' id='word_1_325' title='bbox 1721 4434 1972 4503; x_wconf 88' lang='lat' dir='ltr'><strong>judicasti</strong></span> 
     </span>
    </p>
   </div>
   <div class='ocr_carea' id='block_1_45' title="bbox 385 4524 1971 4595">
    <p class='ocr_par' dir='ltr' id='par_1_45' title="bbox 385 4524 1971 4595">
     <span class='ocr_line' id='line_1_45' title="bbox 385 4524 1971 4595; baseline 0 -15"><span class='ocrx_word' id='word_1_326' title='bbox 385 4533 588 4591; x_wconf 85' lang='lat' dir='ltr'><strong>mente,</strong></span> <span class='ocrx_word' id='word_1_327' title='bbox 614 4533 670 4579; x_wconf 88' lang='lat' dir='ltr'><strong>et</strong></span> <span class='ocrx_word' id='word_1_328' title='bbox 697 4533 916 4595; x_wconf 90' lang='lat' dir='ltr'><strong>peccato</strong></span> <span class='ocrx_word' id='word_1_329' title='bbox 957 4524 1124 4580; x_wconf 82' lang='lat' dir='ltr'><strong>fecisti</strong></span> <span class='ocrx_word' id='word_1_330' title='bbox 1163 4534 1214 4580; x_wconf 90' lang='lat' dir='ltr'><strong>te</strong></span> <span class='ocrx_word' id='word_1_331' title='bbox 1239 4524 1549 4591; x_wconf 83' lang='lat' dir='ltr'><strong>obnoxium,</strong></span> <span class='ocrx_word' id='word_1_332' title='bbox 1591 4524 1803 4595; x_wconf 90' lang='lat' dir='ltr'><strong>quando</strong></span> <span class='ocrx_word' id='word_1_333' title='bbox 1831 4527 1971 4580; x_wconf 91' lang='lat' dir='ltr'><strong>nulla</strong></span> 
     </span>
    </p>
   </div>
   <div class='ocr_carea' id='block_1_46' title="bbox 385 4614 1970 4685">
    <p class='ocr_par' dir='ltr' id='par_1_46' title="bbox 385 4614 1970 4685">
     <span class='ocr_line' id='line_1_46' title="bbox 385 4614 1970 4685; baseline 0.001 -16"><span class='ocrx_word' id='word_1_334' title='bbox 385 4615 841 4670; x_wconf 88' lang='lat' dir='ltr'><strong>demonstratione</strong></span> <span class='ocrx_word' id='word_1_335' title='bbox 878 4623 1128 4685; x_wconf 87' lang='lat' dir='ltr'><strong>accepta,</strong></span> <span class='ocrx_word' id='word_1_336' title='bbox 1178 4614 1273 4669; x_wconf 90' lang='lat' dir='ltr'><strong>sed</strong></span> <span class='ocrx_word' id='word_1_337' title='bbox 1315 4630 1685 4683; x_wconf 83' lang='lat' dir='ltr'><strong>saepenumero</strong></span> <span class='ocrx_word' id='word_1_338' title='bbox 1727 4616 1838 4670; x_wconf 89' lang='lat' dir='ltr'><strong>sola</strong></span> <span class='ocrx_word' id='word_1_339' title='bbox 1884 4631 1970 4671; x_wconf 91' lang='lat' dir='ltr'><strong>su-</strong></span> 
     </span>
    </p>
   </div>
   <div class='ocr_carea' id='block_1_47' title="bbox 385 4708 1974 4779">
    <p class='ocr_par' dir='ltr' id='par_1_47' title="bbox 385 4708 1974 4779">
     <span class='ocr_line' id='line_1_47' title="bbox 385 4708 1974 4779; baseline 0 -16"><span class='ocrx_word' id='word_1_340' title='bbox 385 4710 647 4779; x_wconf 83' lang='lat' dir='ltr'><strong>spicione,</strong></span> <span class='ocrx_word' id='word_1_341' title='bbox 667 4717 723 4763; x_wconf 91' lang='lat' dir='ltr'><strong>et</strong></span> <span class='ocrx_word' id='word_1_342' title='bbox 740 4709 881 4764; x_wconf 88' lang='lat' dir='ltr'><strong>tenui</strong></span> <span class='ocrx_word' id='word_1_343' title='bbox 911 4710 1249 4763; x_wconf 90' lang='lat' dir='ltr'><strong>accusatione</strong></span> <span class='ocrx_word' id='word_1_344' title='bbox 1273 4708 1619 4763; x_wconf 86' lang='lat' dir='ltr'><strong>condemnas.</strong></span> <span class='ocrx_word' id='word_1_345' title='bbox 1639 4708 1974 4778; x_wconf 85' lang='lat' dir='ltr'><strong>Quapropter</strong></span> 
     </span>
    </p>
   </div>
   <div class='ocr_carea' id='block_1_48' title="bbox 389 4799 1973 4857">
    <p class='ocr_par' dir='ltr' id='par_1_48' title="bbox 389 4799 1973 4857">
     <span class='ocr_line' id='line_1_48' title="bbox 389 4799 1973 4857; baseline -0.001 -2"><span class='ocrx_word' id='word_1_346' title='bbox 389 4801 577 4856; x_wconf 81' lang='lat' dir='ltr'><strong>beatus</strong></span> <span class='ocrx_word' id='word_1_347' title='bbox 612 4801 780 4857; x_wconf 86' lang='lat' dir='ltr'><strong>David</strong></span> <span class='ocrx_word' id='word_1_348' title='bbox 810 4801 1072 4857; x_wconf 84' lang='lat' dir='ltr'><strong>clamabat</strong></span> <span class='ocrx_word' id='word_1_349' title='bbox 1109 4800 1292 4855; x_wconf 79' lang='lat' dir='ltr'><strong>dicens</strong></span> <span class='ocrx_word' id='word_1_350' title='bbox 1335 4818 1347 4853; x_wconf 90' lang='lat'><strong>:</strong></span> <span class='ocrx_word' id='word_1_351' title='bbox 1383 4799 1742 4854; x_wconf 72' lang='lat' dir='ltr'><strong>Delta/tentem</strong></span> <span class='ocrx_word' id='word_1_352' title='bbox 1785 4809 1973 4855; x_wconf 85' lang='lat' dir='ltr'><strong>secreto</strong></span> 
     </span>
    </p>
   </div>
   <div class='ocr_carea' id='block_1_49' title="bbox 391 4891 1808 4964">
    <p class='ocr_par' dir='ltr' id='par_1_49' title="bbox 391 4891 1808 4964">
     <span class='ocr_line' id='line_1_49' title="bbox 391 4891 1808 4964; baseline -0.001 -17"><span class='ocrx_word' id='word_1_353' title='bbox 391 4895 620 4964; x_wconf 77' lang='lat' dir='ltr'><strong>proximo</strong></span> <span class='ocrx_word' id='word_1_354' title='bbox 657 4912 770 4956; x_wconf 87' lang='lat' dir='ltr'><strong>suo,</strong></span> <span class='ocrx_word' id='word_1_355' title='bbox 813 4895 946 4948; x_wconf 87' lang='lat' dir='ltr'><strong>hunc</strong></span> <span class='ocrx_word' id='word_1_356' title='bbox 986 4893 1316 4964; x_wconf 77' lang='lat' dir='ltr'><strong>persequebar</strong></span> <span class='ocrx_word' id='word_1_357' title='bbox 1354 4892 1526 4962; x_wconf 78' lang='lat' dir='ltr'><strong>(Psal.</strong></span> <span class='ocrx_word' id='word_1_358' title='bbox 1575 4892 1695 4948; x_wconf 72' lang='lat'><strong>100.</strong></span> <span class='ocrx_word' id='word_1_359' title='bbox 1731 4891 1808 4962; x_wconf 82' lang='lat'><strong>5).</strong></span> 
     </span>
    </p>
   </div>
   <div class='ocr_carea' id='block_1_50' title="bbox 457 4980 1978 5055">
    <p class='ocr_par' dir='ltr' id='par_1_50' title="bbox 457 4980 1978 5055">
     <span class='ocr_line' id='line_1_50' title="bbox 457 4980 1978 5055; baseline -0.001 -17"><span class='ocrx_word' id='word_1_360' title='bbox 457 4986 513 5039; x_wconf 72' lang='grc'><strong>4.</strong></span> <span class='ocrx_word' id='word_1_361' title='bbox 553 4984 748 5038; x_wconf 72' lang='lat' dir='ltr'><strong>Aliena:</strong></span> <span class='ocrx_word' id='word_1_362' title='bbox 771 4988 923 5055; x_wconf 75' lang='lat' dir='ltr'><strong>fama:</strong></span> <span class='ocrx_word' id='word_1_363' title='bbox 947 4981 1274 5054; x_wconf 85' lang='lat' dir='ltr'><strong>parcendum.</strong></span> <span class='ocrx_word' id='word_1_364' title='bbox 1298 4980 1574 5037; x_wconf 77' lang='lat' dir='ltr'><strong>——Vidisti</strong></span> <span class='ocrx_word' id='word_1_365' title='bbox 1600 4981 1808 5037; x_wconf 88' lang='lat' dir='ltr'><strong>virtutis</strong></span> <span class='ocrx_word' id='word_1_366' title='bbox 1838 4983 1978 5037; x_wconf 87' lang='lat' dir='ltr'><strong>cmi-</strong></span> 
     </span>
    </p>
   </div>
   <div class='ocr_carea' id='block_1_51' title="bbox 391 5072 1972 5143">
    <p class='ocr_par' dir='ltr' id='par_1_51' title="bbox 391 5072 1972 5143">
     <span class='ocr_line' id='line_1_51' title="bbox 391 5072 1972 5143; baseline -0.002 -13"><span class='ocrx_word' id='word_1_367' title='bbox 391 5076 668 5130; x_wconf 86' lang='lat' dir='ltr'><strong>nentiam?</strong></span> <span class='ocrx_word' id='word_1_368' title='bbox 702 5075 817 5129; x_wconf 86' lang='lat' dir='ltr'><strong>Non</strong></span> <span class='ocrx_word' id='word_1_369' title='bbox 842 5075 1017 5129; x_wconf 86' lang='lat' dir='ltr'><strong>solum</strong></span> <span class='ocrx_word' id='word_1_370' title='bbox 1047 5090 1149 5127; x_wconf 92' lang='lat' dir='ltr'><strong>non</strong></span> <span class='ocrx_word' id='word_1_371' title='bbox 1173 5073 1462 5143; x_wconf 66' lang='lat' dir='ltr'><strong>recipiebat</strong></span> <span class='ocrx_word' id='word_1_372' title='bbox 1491 5089 1608 5142; x_wconf 73' lang='lat' dir='ltr'><strong>qua:</strong></span> <span class='ocrx_word' id='word_1_373' title='bbox 1635 5072 1972 5139; x_wconf 85' lang='lat' dir='ltr'><strong>dicebantur,</strong></span> 
     </span>
    </p>
   </div>
   <div class='ocr_carea' id='block_1_52' title="bbox 392 5163 1978 5236">
    <p class='ocr_par' dir='ltr' id='par_1_52' title="bbox 392 5163 1978 5236">
     <span class='ocr_line' id='line_1_52' title="bbox 392 5163 1978 5236; baseline 0 -16"><span class='ocrx_word' id='word_1_374' title='bbox 392 5166 487 5221; x_wconf 84' lang='lat' dir='ltr'><strong>sed</strong></span> <span class='ocrx_word' id='word_1_375' title='bbox 514 5174 568 5220; x_wconf 87' lang='lat' dir='ltr'><strong>et</strong></span> <span class='ocrx_word' id='word_1_376' title='bbox 587 5165 836 5236; x_wconf 81' lang='lat' dir='ltr'><strong>abigebat</strong></span> <span class='ocrx_word' id='word_1_377' title='bbox 861 5163 1125 5219; x_wconf 89' lang='lat' dir='ltr'><strong>volentem</strong></span> <span class='ocrx_word' id='word_1_378' title='bbox 1147 5164 1292 5219; x_wconf 82' lang='lat' dir='ltr'><strong>fratri</strong></span> <span class='ocrx_word' id='word_1_379' title='bbox 1324 5178 1421 5218; x_wconf 92' lang='lat' dir='ltr'><strong>suo</strong></span> <span class='ocrx_word' id='word_1_380' title='bbox 1443 5163 1779 5218; x_wconf 82' lang='lat' dir='ltr'><strong>maledicere.</strong></span> <span class='ocrx_word' id='word_1_381' title='bbox 1813 5164 1978 5234; x_wconf 81' lang='lat' dir='ltr'><strong>Igitur</strong></span> 
     </span>
    </p>
   </div>
   <div class='ocr_carea' id='block_1_53' title="bbox 391 5255 1978 5328">
    <p class='ocr_par' dir='ltr' id='par_1_53' title="bbox 391 5255 1978 5328">
     <span class='ocr_line' id='line_1_53' title="bbox 391 5255 1978 5328; baseline -0.002 -14"><span class='ocrx_word' id='word_1_382' title='bbox 391 5259 435 5314; x_wconf 83' lang='lat' dir='ltr'><strong>si</strong></span> <span class='ocrx_word' id='word_1_383' title='bbox 483 5268 538 5314; x_wconf 87' lang='lat' dir='ltr'><strong>et</strong></span> <span class='ocrx_word' id='word_1_384' title='bbox 583 5272 681 5314; x_wconf 87' lang='lat' dir='ltr'><strong>nos</strong></span> <span class='ocrx_word' id='word_1_385' title='bbox 726 5265 951 5328; x_wconf 72' lang='lat' dir='ltr'><strong>peccata</strong></span> <span class='ocrx_word' id='word_1_386' title='bbox 987 5265 1169 5312; x_wconf 89' lang='lat' dir='ltr'><strong>nostra</strong></span> <span class='ocrx_word' id='word_1_387' title='bbox 1203 5256 1520 5311; x_wconf 88' lang='lat' dir='ltr'><strong>imminuere</strong></span> <span class='ocrx_word' id='word_1_388' title='bbox 1545 5257 1818 5322; x_wconf 87' lang='lat' dir='ltr'><strong>volumus,</strong></span> <span class='ocrx_word' id='word_1_389' title='bbox 1875 5255 1978 5311; x_wconf 87' lang='lat' dir='ltr'><strong>hoc</strong></span> 
     </span>
    </p>
   </div>
   <div class='ocr_carea' id='block_1_54' title="bbox 394 5347 1978 5415">
    <p class='ocr_par' dir='ltr' id='par_1_54' title="bbox 394 5347 1978 5415">
     <span class='ocr_line' id='line_1_54' title="bbox 394 5347 1978 5415; baseline -0.003 -10"><span class='ocrx_word' id='word_1_390' title='bbox 394 5349 626 5405; x_wconf 80' lang='lat' dir='ltr'><strong>maxime</strong></span> <span class='ocrx_word' id='word_1_391' title='bbox 667 5349 907 5402; x_wconf 92' lang='lat' dir='ltr'><strong>omnium</strong></span> <span class='ocrx_word' id='word_1_392' title='bbox 954 5361 1253 5415; x_wconf 84' lang='lat' dir='ltr'><strong>servemus,</strong></span> <span class='ocrx_word' id='word_1_393' title='bbox 1292 5362 1392 5402; x_wconf 90' lang='lat' dir='ltr'><strong>nec</strong></span> <span class='ocrx_word' id='word_1_394' title='bbox 1430 5347 1850 5402; x_wconf 90' lang='lat' dir='ltr'><strong>condemnemus</strong></span> <span class='ocrx_word' id='word_1_395' title='bbox 1874 5347 1978 5401; x_wconf 85' lang='lat' dir='ltr'><strong>fra-</strong></span> 
     </span>
    </p>
   </div>
   <div class='ocr_carea' id='block_1_55' title="bbox 395 5437 1976 5509">
    <p class='ocr_par' dir='ltr' id='par_1_55' title="bbox 395 5437 1976 5509">
     <span class='ocr_line' id='line_1_55' title="bbox 395 5437 1976 5509; baseline -0.002 -14"><span class='ocrx_word' id='word_1_396' title='bbox 395 5451 507 5496; x_wconf 78' lang='lat' dir='ltr'><strong>tres</strong></span> <span class='ocrx_word' id='word_1_397' title='bbox 529 5449 775 5504; x_wconf 72' lang='lat' dir='ltr'><strong>nostros...</strong></span> <span class='ocrx_word' id='word_1_398' title='bbox 792 5453 964 5509; x_wconf 82' lang='lat' dir='ltr'><strong>neque</strong></span> <span class='ocrx_word' id='word_1_399' title='bbox 989 5437 1273 5492; x_wconf 86' lang='lat' dir='ltr'><strong>detrahere</strong></span> <span class='ocrx_word' id='word_1_400' title='bbox 1298 5439 1571 5507; x_wconf 87' lang='lat' dir='ltr'><strong>cupientes</strong></span> <span class='ocrx_word' id='word_1_401' title='bbox 1598 5437 1976 5492; x_wconf 89' lang='lat' dir='ltr'><strong>admittamus:</strong></span> 
     </span>
    </p>
   </div>
   <div class='ocr_carea' id='block_1_56' title="bbox 395 5527 1981 5600">
    <p class='ocr_par' dir='ltr' id='par_1_56' title="bbox 395 5527 1981 5600">
     <span class='ocr_line' id='line_1_56' title="bbox 395 5527 1981 5600; baseline -0.003 -11"><span class='ocrx_word' id='word_1_402' title='bbox 395 5535 505 5589; x_wconf 90' lang='lat' dir='ltr'><strong>imo</strong></span> <span class='ocrx_word' id='word_1_403' title='bbox 531 5532 822 5588; x_wconf 90' lang='lat' dir='ltr'><strong>secundum</strong></span> <span class='ocrx_word' id='word_1_404' title='bbox 849 5530 1159 5600; x_wconf 89' lang='lat' dir='ltr'><strong>pr0phetam</strong></span> <span class='ocrx_word' id='word_1_405' title='bbox 1179 5527 1473 5598; x_wconf 84' lang='lat' dir='ltr'><strong>abigamus,</strong></span> <span class='ocrx_word' id='word_1_406' title='bbox 1500 5538 1554 5585; x_wconf 92' lang='lat' dir='ltr'><strong>et</strong></span> <span class='ocrx_word' id='word_1_407' title='bbox 1583 5529 1801 5584; x_wconf 88' lang='lat' dir='ltr'><strong>omnino</strong></span> <span class='ocrx_word' id='word_1_408' title='bbox 1829 5543 1981 5584; x_wconf 81' lang='lat' dir='ltr'><strong>aver-</strong></span> 
     </span>
    </p>
   </div>
   <div class='ocr_carea' id='block_1_57' title="bbox 401 5620 1981 5691">
    <p class='ocr_par' dir='ltr' id='par_1_57' title="bbox 401 5620 1981 5691">
     <span class='ocr_line' id='line_1_57' title="bbox 401 5620 1981 5691; baseline -0.004 -10"><span class='ocrx_word' id='word_1_409' title='bbox 401 5641 595 5681; x_wconf 78' lang='lat' dir='ltr'><strong>semur.</strong></span> <span class='ocrx_word' id='word_1_410' title='bbox 622 5625 734 5680; x_wconf 80' lang='lat' dir='ltr'><strong>Hoc</strong></span> <span class='ocrx_word' id='word_1_411' title='bbox 752 5624 895 5678; x_wconf 91' lang='lat' dir='ltr'><strong>enim</strong></span> <span class='ocrx_word' id='word_1_412' title='bbox 924 5621 1114 5691; x_wconf 91' lang='lat' dir='ltr'><strong>opinor</strong></span> <span class='ocrx_word' id='word_1_413' title='bbox 1132 5629 1186 5676; x_wconf 90' lang='lat' dir='ltr'><strong>et</strong></span> <span class='ocrx_word' id='word_1_414' title='bbox 1214 5620 1527 5690; x_wconf 88' lang='lat' dir='ltr'><strong>prophetam</strong></span> <span class='ocrx_word' id='word_1_415' title='bbox 1559 5621 1757 5675; x_wconf 84' lang='lat' dir='ltr'><strong>Mosem</strong></span> <span class='ocrx_word' id='word_1_416' title='bbox 1779 5620 1981 5674; x_wconf 88' lang='lat' dir='ltr'><strong>insinu-</strong></span> 
     </span>
    </p>
   </div>
   <div class='ocr_carea' id='block_1_58' title="bbox 397 5708 1982 5783">
    <p class='ocr_par' dir='ltr' id='par_1_58' title="bbox 397 5708 1982 5783">
     <span class='ocr_line' id='line_1_58' title="bbox 397 5708 1982 5783; baseline -0.004 -15"><span class='ocrx_word' id='word_1_417' title='bbox 397 5729 510 5783; x_wconf 89' lang='lat' dir='ltr'><strong>are,</strong></span> <span class='ocrx_word' id='word_1_418' title='bbox 547 5730 670 5771; x_wconf 91' lang='lat' dir='ltr'><strong>cum</strong></span> <span class='ocrx_word' id='word_1_419' title='bbox 709 5713 870 5770; x_wconf 90' lang='lat' dir='ltr'><strong>dicit:</strong></span> <span class='ocrx_word' id='word_1_420' title='bbox 898 5711 1139 5766; x_wconf 76' lang='lat' dir='ltr'><strong>Auditum</strong></span> <span class='ocrx_word' id='word_1_421' title='bbox 1181 5725 1365 5766; x_wconf 76' lang='lat' dir='ltr'><strong>canunt</strong></span> <span class='ocrx_word' id='word_1_422' title='bbox 1406 5726 1468 5764; x_wconf 85' lang='lat' dir='ltr'><strong>ne</strong></span> <span class='ocrx_word' id='word_1_423' title='bbox 1499 5711 1748 5780; x_wconf 85' lang='lat' dir='ltr'><strong>acceperis</strong></span> <span class='ocrx_word' id='word_1_424' title='bbox 1785 5708 1982 5781; x_wconf 67' lang='lat' dir='ltr'><strong>(Exod.</strong></span> 
     </span>
    </p>
   </div>
   <div class='ocr_carea' id='block_1_59' title="bbox 401 5793 1984 5878">
    <p class='ocr_par' dir='ltr' id='par_1_59' title="bbox 401 5793 1984 5878">
     <span class='ocr_line' id='line_1_59' title="bbox 401 5793 1984 5878; baseline -0.009 -10"><span class='ocrx_word' id='word_1_425' title='bbox 401 5813 496 5868; x_wconf 73' lang='lat'><strong>25.</strong></span> <span class='ocrx_word' id='word_1_426' title='bbox 535 5805 609 5878; x_wconf 73' lang='lat' dir='ltr'><strong>i).</strong></span> <span class='ocrx_word' id='word_1_427' title='bbox 649 5807 718 5863; x_wconf 84' lang='lat' dir='ltr'><strong>Et</strong></span> <span class='ocrx_word' id='word_1_428' title='bbox 751 5804 852 5861; x_wconf 85' lang='lat' dir='ltr'><strong>bao</strong></span> <span class='ocrx_word' id='word_1_429' title='bbox 884 5801 951 5860; x_wconf 87' lang='lat' dir='ltr'><strong>de</strong></span> <span class='ocrx_word' id='word_1_430' title='bbox 983 5816 1144 5860; x_wconf 80' lang='lat' dir='ltr'><strong>causa</strong></span> <span class='ocrx_word' id='word_1_431' title='bbox 1186 5793 1346 5859; x_wconf 85' lang='lat' dir='ltr'><strong>etiam</strong></span> <span class='ocrx_word' id='word_1_432' title='bbox 1388 5815 1527 5857; x_wconf 88' lang='lat' dir='ltr'><strong>nunc</strong></span> <span class='ocrx_word' id='word_1_433' title='bbox 1571 5800 1826 5857; x_wconf 86' lang='lat' dir='ltr'><strong>Dominus</strong></span> <span class='ocrx_word' id='word_1_434' title='bbox 1874 5807 1984 5854; x_wconf 84' lang='lat' dir='ltr'><strong>tam</strong></span> 
     </span>
    </p>
   </div>
   <div class='ocr_carea' id='block_1_60' title="bbox 1405 367 2630 428">
    <p class='ocr_par' dir='ltr' id='par_1_60' title="bbox 1405 367 2630 428">
     <span class='ocr_line' id='line_1_60' title="bbox 1405 367 2630 428; baseline -0.002 -4"><span class='ocrx_word' id='word_1_435' title='bbox 1405 369 1469 426; x_wconf 79' lang='grc' dir='ltr'><strong>ΙΝ</strong></span> <span class='ocrx_word' id='word_1_436' title='bbox 1509 371 1657 428; x_wconf 71' lang='lat' dir='ltr'><strong>CAP.</strong></span> <span class='ocrx_word' id='word_1_437' title='bbox 1702 367 1885 425; x_wconf 76' lang='lat' dir='ltr'><strong>XVIII.</strong></span> <span class='ocrx_word' id='word_1_438' title='bbox 1926 368 2167 424; x_wconf 74' lang='lat' dir='ltr'><strong>GENES.</strong></span> <span class='ocrx_word' id='word_1_439' title='bbox 2201 367 2428 422; x_wconf 73' lang='lat' dir='ltr'><strong>IIOIIIL.</strong></span> <span class='ocrx_word' id='word_1_440' title='bbox 2470 367 2630 422; x_wconf 68' lang='lat' dir='ltr'><strong>XLII.</strong></span> 
     </span>
    </p>
   </div>
   <div class='ocr_carea' id='block_1_61' title="bbox 380 484 2020 556">
    <p class='ocr_par' dir='ltr' id='par_1_61' title="bbox 380 484 2020 556">
     <span class='ocr_line' id='line_1_61' title="bbox 380 484 2020 556; baseline 0.002 -20"><span class='ocrx_word' id='word_1_441' title='bbox 380 487 516 539; x_wconf 83' lang='lat' dir='ltr'><strong>alias</strong></span> <span class='ocrx_word' id='word_1_442' title='bbox 568 485 879 542; x_wconf 74' lang='lat' dir='ltr'><strong>exhibuisse</strong></span> <span class='ocrx_word' id='word_1_443' title='bbox 912 502 925 539; x_wconf 90' lang='lat'><strong>:</strong></span> <span class='ocrx_word' id='word_1_444' title='bbox 955 491 1010 540; x_wconf 83' lang='lat' dir='ltr'><strong>et</strong></span> <span class='ocrx_word' id='word_1_445' title='bbox 1042 484 1395 541; x_wconf 79' lang='lat' dir='ltr'><strong>insurrcxisse</strong></span> <span class='ocrx_word' id='word_1_446' title='bbox 1424 484 1750 556; x_wconf 83' lang='lat' dir='ltr'><strong>potentiores</strong></span> <span class='ocrx_word' id='word_1_447' title='bbox 1783 494 1970 541; x_wconf 88' lang='lat' dir='ltr'><strong>contra</strong></span> <span class='ocrx_word' id='word_1_448' title='bbox 2017 520 2020 522; x_wconf 97' lang='lat'><strong><em>-</em></strong></span> 
     </span>
    </p>
   </div>
   <div class='ocr_carea' id='block_1_62' title="bbox 2017 1591 2813 1648">
    <p class='ocr_par' dir='ltr' id='par_1_62' title="bbox 2017 1591 2813 1648">
     <span class='ocr_line' id='line_1_62' title="bbox 2017 1591 2813 1648; baseline 0.003 -2"><span class='ocrx_word' id='word_1_449' title='bbox 2017 1629 2030 1646; x_wconf 87' lang='lat'><strong>.</strong></span> <span class='ocrx_word' id='word_1_450' title='bbox 2077 1591 2254 1646; x_wconf 71' lang='lat' dir='ltr'><strong>stabat</strong></span> <span class='ocrx_word' id='word_1_451' title='bbox 2302 1607 2482 1646; x_wconf 90' lang='lat' dir='ltr'><strong>coram</strong></span> <span class='ocrx_word' id='word_1_452' title='bbox 2528 1593 2754 1648; x_wconf 90' lang='lat' dir='ltr'><strong>Domino</strong></span> <span class='ocrx_word' id='word_1_453' title='bbox 2799 1611 2813 1648; x_wconf 89' lang='lat'><strong>:</strong></span> 
     </span>
    </p>
   </div>
   <div class='ocr_carea' id='block_1_63' title="bbox 3543 371 3655 427">
    <p class='ocr_par' dir='ltr' id='par_1_63' title="bbox 3543 371 3655 427">
     <span class='ocr_line' id='line_1_63' title="bbox 3543 371 3655 427; baseline 0.018 -2"><span class='ocrx_word' id='word_1_454' title='bbox 3543 371 3655 427; x_wconf 80' lang='lat'><strong>590</strong></span> 
     </span>
    </p>
   </div>
   <div class='ocr_carea' id='block_1_64' title="bbox 2083 490 3661 550">
    <p class='ocr_par' dir='ltr' id='par_1_64' title="bbox 2083 490 3661 550">
     <span class='ocr_line' id='line_1_64' title="bbox 2083 490 3661 550; baseline 0.006 -12"><span class='ocrx_word' id='word_1_455' title='bbox 2083 500 2265 539; x_wconf 87' lang='lat' dir='ltr'><strong>crasso</strong></span> <span class='ocrx_word' id='word_1_456' title='bbox 2309 501 2556 542; x_wconf 85' lang='lat' dir='ltr'><strong>sermone</strong></span> <span class='ocrx_word' id='word_1_457' title='bbox 2613 502 2740 543; x_wconf 89' lang='lat' dir='ltr'><strong>usus</strong></span> <span class='ocrx_word' id='word_1_458' title='bbox 2786 495 2868 544; x_wconf 87' lang='lat' dir='ltr'><strong>est</strong></span> <span class='ocrx_word' id='word_1_459' title='bbox 2925 490 2979 546; x_wconf 92' lang='lat' dir='ltr'><strong>in</strong></span> <span class='ocrx_word' id='word_1_460' title='bbox 3025 491 3304 549; x_wconf 84' lang='lat' dir='ltr'><strong>utilitatem</strong></span> <span class='ocrx_word' id='word_1_461' title='bbox 3368 495 3661 550; x_wconf 79' lang='lat' dir='ltr'><strong>animarum</strong></span> 
     </span>
    </p>
   </div>
   <div class='ocr_carea' id='block_1_65' title="bbox 2081 579 3672 652">
    <p class='ocr_par' dir='ltr' id='par_1_65' title="bbox 2081 579 3672 652">
     <span class='ocr_line' id='line_1_65' title="bbox 2081 579 3672 652; baseline 0.009 -22"><span class='ocrx_word' id='word_1_462' title='bbox 2081 589 2403 632; x_wconf 86' lang='lat' dir='ltr'><strong>nostrarum.</strong></span> <span class='ocrx_word' id='word_1_463' title='bbox 2435 579 2567 634; x_wconf 86' lang='lat' dir='ltr'><strong>Dicit</strong></span> <span class='ocrx_word' id='word_1_464' title='bbox 2589 581 2730 634; x_wconf 89' lang='lat' dir='ltr'><strong>enim</strong></span> <span class='ocrx_word' id='word_1_465' title='bbox 2764 581 2779 635; x_wconf 66' lang='grc' dir='ltr'><strong>ξ</strong></span> <span class='ocrx_word' id='word_1_466' title='bbox 2807 581 2934 636; x_wconf 85' lang='lat' dir='ltr'><strong>Cum</strong></span> <span class='ocrx_word' id='word_1_467' title='bbox 2957 583 3261 639; x_wconf 69' lang='lat' dir='ltr'><strong>descendere</strong></span> <span class='ocrx_word' id='word_1_468' title='bbox 3283 587 3672 652; x_wconf 76' lang='lat' dir='ltr'><strong>autem,cidebo.</strong></span> 
     </span>
    </p>
   </div>
   <div class='ocr_carea' id='block_1_66' title="bbox 2078 668 3662 747">
    <p class='ocr_par' dir='ltr' id='par_1_66' title="bbox 2078 668 3662 747">
     <span class='ocr_line' id='line_1_66' title="bbox 2078 668 3662 747; baseline 0.007 -26"><span class='ocrx_word' id='word_1_469' title='bbox 2078 668 2187 722; x_wconf 78' lang='lat' dir='ltr'><strong>Cur</strong></span> <span class='ocrx_word' id='word_1_470' title='bbox 2235 669 2419 723; x_wconf 86' lang='lat' dir='ltr'><strong>enim?</strong></span> <span class='ocrx_word' id='word_1_471' title='bbox 2463 669 2597 723; x_wconf 90' lang='lat' dir='ltr'><strong>Num</strong></span> <span class='ocrx_word' id='word_1_472' title='bbox 2657 671 2959 727; x_wconf 78' lang='lat' dir='ltr'><strong>nesciebat?</strong></span> <span class='ocrx_word' id='word_1_473' title='bbox 3015 675 3362 744; x_wconf 87' lang='lat' dir='ltr'><strong>ignorabatnc</strong></span> <span class='ocrx_word' id='word_1_474' title='bbox 3418 689 3662 747; x_wconf 89' lang='lat' dir='ltr'><strong>peccato-</strong></span> 
     </span>
    </p>
   </div>
   <div class='ocr_carea' id='block_1_67' title="bbox 2079 761 3660 838">
    <p class='ocr_par' dir='ltr' id='par_1_67' title="bbox 2079 761 3660 838">
     <span class='ocr_line' id='line_1_67' title="bbox 2079 761 3660 838; baseline 0.006 -26"><span class='ocrx_word' id='word_1_475' title='bbox 2079 775 2196 814; x_wconf 87' lang='lat' dir='ltr'><strong>rum</strong></span> <span class='ocrx_word' id='word_1_476' title='bbox 2241 761 2703 831; x_wconf 80' lang='lat' dir='ltr'><strong>magnitudinem?</strong></span> <span class='ocrx_word' id='word_1_477' title='bbox 2744 778 2812 817; x_wconf 90' lang='lat' dir='ltr'><strong>an</strong></span> <span class='ocrx_word' id='word_1_478' title='bbox 2848 765 3120 820; x_wconf 84' lang='lat' dir='ltr'><strong>nesciebat</strong></span> <span class='ocrx_word' id='word_1_479' title='bbox 3162 767 3340 838; x_wconf 86' lang='lat' dir='ltr'><strong>lapsos</strong></span> <span class='ocrx_word' id='word_1_480' title='bbox 3369 771 3660 824; x_wconf 75' lang='lat' dir='ltr'><strong>correctio-</strong></span> 
     </span>
    </p>
   </div>
   <div class='ocr_carea' id='block_1_68' title="bbox 2080 853 3659 931">
    <p class='ocr_par' dir='ltr' id='par_1_68' title="bbox 2080 853 3659 931">
     <span class='ocr_line' id='line_1_68' title="bbox 2080 853 3659 931; baseline 0.009 -29"><span class='ocrx_word' id='word_1_481' title='bbox 2080 865 2202 904; x_wconf 89' lang='lat' dir='ltr'><strong>nem</strong></span> <span class='ocrx_word' id='word_1_482' title='bbox 2232 867 2340 906; x_wconf 91' lang='lat' dir='ltr'><strong>non</strong></span> <span class='ocrx_word' id='word_1_483' title='bbox 2366 853 2751 921; x_wconf 86' lang='lat' dir='ltr'><strong>suscepturos?</strong></span> <span class='ocrx_word' id='word_1_484' title='bbox 2794 855 2964 910; x_wconf 87' lang='lat' dir='ltr'><strong>Absit.</strong></span> <span class='ocrx_word' id='word_1_485' title='bbox 3012 857 3207 913; x_wconf 73' lang='lat' dir='ltr'><strong>Verum</strong></span> <span class='ocrx_word' id='word_1_486' title='bbox 3249 862 3399 931; x_wconf 86' lang='lat' dir='ltr'><strong>quasi</strong></span> <span class='ocrx_word' id='word_1_487' title='bbox 3446 864 3659 916; x_wconf 76' lang='lat' dir='ltr'><strong>satisfa-</strong></span> 
     </span>
    </p>
   </div>
   <div class='ocr_carea' id='block_1_69' title="bbox 2078 943 3662 1024">
    <p class='ocr_par' dir='ltr' id='par_1_69' title="bbox 2078 943 3662 1024">
     <span class='ocr_line' id='line_1_69' title="bbox 2078 943 3662 1024; baseline 0.009 -27"><span class='ocrx_word' id='word_1_488' title='bbox 2078 943 2308 999; x_wconf 88' lang='lat' dir='ltr'><strong>ctionem</strong></span> <span class='ocrx_word' id='word_1_489' title='bbox 2337 945 2618 1014; x_wconf 90' lang='lat' dir='ltr'><strong>quamdam</strong></span> <span class='ocrx_word' id='word_1_490' title='bbox 2656 946 2808 1001; x_wconf 86' lang='lat' dir='ltr'><strong>aII‘crt</strong></span> <span class='ocrx_word' id='word_1_491' title='bbox 2855 949 2917 1003; x_wconf 93' lang='lat' dir='ltr'><strong>iis</strong></span> <span class='ocrx_word' id='word_1_492' title='bbox 2956 950 3042 1020; x_wconf 91' lang='lat' dir='ltr'><strong>qui</strong></span> <span class='ocrx_word' id='word_1_493' title='bbox 3071 952 3291 1021; x_wconf 89' lang='lat' dir='ltr'><strong>posthac</strong></span> <span class='ocrx_word' id='word_1_494' title='bbox 3324 954 3662 1024; x_wconf 89' lang='lat' dir='ltr'><strong>impudenter</strong></span> 
     </span>
    </p>
   </div>
   <div class='ocr_carea' id='block_1_70' title="bbox 2079 1039 3658 1116">
    <p class='ocr_par' dir='ltr' id='par_1_70' title="bbox 2079 1039 3658 1116">
     <span class='ocr_line' id='line_1_70' title="bbox 2079 1039 3658 1116; baseline 0.008 -27"><span class='ocrx_word' id='word_1_495' title='bbox 2079 1050 2331 1093; x_wconf 87' lang='lat' dir='ltr'><strong>accusare</strong></span> <span class='ocrx_word' id='word_1_496' title='bbox 2381 1039 2586 1106; x_wconf 90' lang='lat' dir='ltr'><strong>volent,</strong></span> <span class='ocrx_word' id='word_1_497' title='bbox 2640 1049 2694 1095; x_wconf 92' lang='lat' dir='ltr'><strong>et</strong></span> <span class='ocrx_word' id='word_1_498' title='bbox 2721 1043 3062 1097; x_wconf 86' lang='lat' dir='ltr'><strong>monstrando</strong></span> <span class='ocrx_word' id='word_1_499' title='bbox 3087 1059 3270 1099; x_wconf 90' lang='lat' dir='ltr'><strong>eorum</strong></span> <span class='ocrx_word' id='word_1_500' title='bbox 3310 1048 3658 1116; x_wconf 85' lang='lat' dir='ltr'><strong>pervicaciam</strong></span> 
     </span>
    </p>
   </div>
   <div class='ocr_carea' id='block_1_71' title="bbox 2079 1129 3654 1208">
    <p class='ocr_par' dir='ltr' id='par_1_71' title="bbox 2079 1129 3654 1208">
     <span class='ocr_line' id='line_1_71' title="bbox 2079 1129 3654 1208; baseline 0.009 -27"><span class='ocrx_word' id='word_1_501' title='bbox 2079 1137 2132 1182; x_wconf 90' lang='lat' dir='ltr'><strong>et</strong></span> <span class='ocrx_word' id='word_1_502' title='bbox 2168 1129 2375 1184; x_wconf 87' lang='lat' dir='ltr'><strong>virtutis</strong></span> <span class='ocrx_word' id='word_1_503' title='bbox 2410 1132 2720 1202; x_wconf 88' lang='lat' dir='ltr'><strong>penuriam,</strong></span> <span class='ocrx_word' id='word_1_504' title='bbox 2772 1142 2917 1188; x_wconf 89' lang='lat' dir='ltr'><strong>tanta</strong></span> <span class='ocrx_word' id='word_1_505' title='bbox 2948 1151 3074 1190; x_wconf 91' lang='lat' dir='ltr'><strong>usus</strong></span> <span class='ocrx_word' id='word_1_506' title='bbox 3103 1147 3186 1192; x_wconf 87' lang='lat' dir='ltr'><strong>est</strong></span> <span class='ocrx_word' id='word_1_507' title='bbox 3209 1141 3478 1208; x_wconf 90' lang='lat' dir='ltr'><strong>patientia.</strong></span> <span class='ocrx_word' id='word_1_508' title='bbox 3524 1143 3654 1197; x_wconf 86' lang='lat' dir='ltr'><strong>For-</strong></span> 
     </span>
    </p>
   </div>
   <div class='ocr_carea' id='block_1_72' title="bbox 2080 1223 3662 1302">
    <p class='ocr_par' dir='ltr' id='par_1_72' title="bbox 2080 1223 3662 1302">
     <span class='ocr_line' id='line_1_72' title="bbox 2080 1223 3662 1302; baseline 0.009 -28"><span class='ocrx_word' id='word_1_509' title='bbox 2080 1223 2234 1277; x_wconf 89' lang='lat' dir='ltr'><strong>tassis</strong></span> <span class='ocrx_word' id='word_1_510' title='bbox 2260 1232 2436 1278; x_wconf 91' lang='lat' dir='ltr'><strong>autem</strong></span> <span class='ocrx_word' id='word_1_511' title='bbox 2467 1241 2572 1279; x_wconf 93' lang='lat' dir='ltr'><strong>non</strong></span> <span class='ocrx_word' id='word_1_512' title='bbox 2602 1234 2820 1295; x_wconf 90' lang='lat' dir='ltr'><strong>propter</strong></span> <span class='ocrx_word' id='word_1_513' title='bbox 2843 1226 2944 1282; x_wconf 91' lang='lat' dir='ltr'><strong>hoc</strong></span> <span class='ocrx_word' id='word_1_514' title='bbox 2968 1228 3162 1295; x_wconf 90' lang='lat' dir='ltr'><strong>solum,</strong></span> <span class='ocrx_word' id='word_1_515' title='bbox 3212 1231 3307 1286; x_wconf 91' lang='lat' dir='ltr'><strong>sed</strong></span> <span class='ocrx_word' id='word_1_516' title='bbox 3349 1241 3404 1287; x_wconf 90' lang='lat' dir='ltr'><strong>et</strong></span> <span class='ocrx_word' id='word_1_517' title='bbox 3431 1241 3488 1288; x_wconf 93' lang='lat' dir='ltr'><strong>ut</strong></span> <span class='ocrx_word' id='word_1_518' title='bbox 3517 1234 3662 1302; x_wconf 86' lang='lat' dir='ltr'><strong>justo</strong></span> 
     </span>
    </p>
   </div>
   <div class='ocr_carea' id='block_1_73' title="bbox 2077 1315 3662 1379">
    <p class='ocr_par' dir='ltr' id='par_1_73' title="bbox 2077 1315 3662 1379">
     <span class='ocr_line' id='line_1_73' title="bbox 2077 1315 3662 1379; baseline 0.007 -11"><span class='ocrx_word' id='word_1_519' title='bbox 2077 1315 2232 1369; x_wconf 90' lang='lat' dir='ltr'><strong>detur</strong></span> <span class='ocrx_word' id='word_1_520' title='bbox 2257 1317 2466 1370; x_wconf 87' lang='lat' dir='ltr'><strong>occasio</strong></span> <span class='ocrx_word' id='word_1_521' title='bbox 2492 1316 2796 1372; x_wconf 88' lang='lat' dir='ltr'><strong>declarandi</strong></span> <span class='ocrx_word' id='word_1_522' title='bbox 2837 1329 3066 1373; x_wconf 89' lang='lat' dir='ltr'><strong>mentem</strong></span> <span class='ocrx_word' id='word_1_523' title='bbox 3102 1336 3252 1375; x_wconf 88' lang='lat' dir='ltr'><strong>suam</strong></span> <span class='ocrx_word' id='word_1_524' title='bbox 3284 1324 3662 1379; x_wconf 71' lang='lat' dir='ltr'><strong>misericordia:</strong></span> 
     </span>
    </p>
   </div>
   <div class='ocr_carea' id='block_1_74' title="bbox 2077 1408 3664 1485">
    <p class='ocr_par' dir='ltr' id='par_1_74' title="bbox 2077 1408 3664 1485">
     <span class='ocr_line' id='line_1_74' title="bbox 2077 1408 3664 1485; baseline 0.007 -24"><span class='ocrx_word' id='word_1_525' title='bbox 2077 1408 2311 1476; x_wconf 89' lang='lat' dir='ltr'><strong>plenam,</strong></span> <span class='ocrx_word' id='word_1_526' title='bbox 2358 1419 2410 1463; x_wconf 88' lang='lat' dir='ltr'><strong>et</strong></span> <span class='ocrx_word' id='word_1_527' title='bbox 2437 1409 2574 1464; x_wconf 88' lang='lat' dir='ltr'><strong>bene</strong></span> <span class='ocrx_word' id='word_1_528' title='bbox 2599 1410 2652 1463; x_wconf 90' lang='lat' dir='ltr'><strong>in</strong></span> <span class='ocrx_word' id='word_1_529' title='bbox 2677 1411 2809 1465; x_wconf 89' lang='lat' dir='ltr'><strong>alios</strong></span> <span class='ocrx_word' id='word_1_530' title='bbox 2837 1410 3102 1466; x_wconf 71' lang='lat' dir='ltr'><strong>aifectam.</strong></span> <span class='ocrx_word' id='word_1_531' title='bbox 3146 1414 3339 1484; x_wconf 83' lang='lat' dir='ltr'><strong>Angeli</strong></span> <span class='ocrx_word' id='word_1_532' title='bbox 3381 1417 3559 1485; x_wconf 86' lang='lat' dir='ltr'><strong>enim,</strong></span> <span class='ocrx_word' id='word_1_533' title='bbox 3605 1427 3664 1473; x_wconf 89' lang='lat' dir='ltr'><strong>ut</strong></span> 
     </span>
    </p>
   </div>
   <div class='ocr_carea' id='block_1_75' title="bbox 2077 1499 3663 1575">
    <p class='ocr_par' dir='ltr' id='par_1_75' title="bbox 2077 1499 3663 1575">
     <span class='ocr_line' id='line_1_75' title="bbox 2077 1499 3663 1575; baseline 0.006 -22"><span class='ocrx_word' id='word_1_534' title='bbox 2077 1499 2208 1565; x_wconf 78' lang='lat' dir='ltr'><strong>dixi,</strong></span> <span class='ocrx_word' id='word_1_535' title='bbox 2257 1500 2500 1555; x_wconf 90' lang='lat' dir='ltr'><strong>abierant</strong></span> <span class='ocrx_word' id='word_1_536' title='bbox 2547 1501 2602 1555; x_wconf 92' lang='lat' dir='ltr'><strong>in</strong></span> <span class='ocrx_word' id='word_1_537' title='bbox 2647 1501 2877 1556; x_wconf 90' lang='lat' dir='ltr'><strong>Sodoma</strong></span> <span class='ocrx_word' id='word_1_538' title='bbox 2929 1503 3008 1574; x_wconf 85' lang='grc' dir='ltr'><strong>(υ.</strong></span> <span class='ocrx_word' id='word_1_539' title='bbox 3031 1504 3131 1572; x_wconf 71' lang='grc'><strong>22)</strong></span> <span class='ocrx_word' id='word_1_540' title='bbox 3158 1524 3170 1558; x_wconf 92' lang='lat'>:</span> <span class='ocrx_word' id='word_1_541' title='bbox 3201 1507 3502 1575; x_wconf 89' lang='lat' dir='ltr'><strong>patriarcha</strong></span> <span class='ocrx_word' id='word_1_542' title='bbox 3537 1525 3663 1563; x_wconf 86' lang='lat' dir='ltr'><strong>vero</strong></span> 
     </span>
    </p>
   </div>
   <div class='ocr_carea' id='block_1_76' title="bbox 2860 1595 3663 1668">
    <p class='ocr_par' dir='ltr' id='par_1_76' title="bbox 2860 1595 3663 1668">
     <span class='ocr_line' id='line_1_76' title="bbox 2860 1595 3663 1668; baseline 0.006 -21"><span class='ocrx_word' id='word_1_543' title='bbox 2860 1595 2953 1650; x_wconf 68' lang='grc'><strong>25.</strong></span> <span class='ocrx_word' id='word_1_544' title='bbox 2997 1595 3062 1648; x_wconf 81' lang='lat' dir='ltr'><strong>Et</strong></span> <span class='ocrx_word' id='word_1_545' title='bbox 3110 1605 3162 1649; x_wconf 87' lang='lat' dir='ltr'><strong>ut</strong></span> <span class='ocrx_word' id='word_1_546' title='bbox 3207 1599 3663 1668; x_wconf 82' lang='lat' dir='ltr'><strong>appmpinquavit,</strong></span> 
     </span>
    </p>
   </div>
   <div class='ocr_carea' id='block_1_77' title="bbox 2078 1681 3662 1759">
    <p class='ocr_par' dir='ltr' id='par_1_77' title="bbox 2078 1681 3662 1759">
     <span class='ocr_line' id='line_1_77' title="bbox 2078 1681 3662 1759; baseline 0.006 -26"><span class='ocrx_word' id='word_1_547' title='bbox 2078 1681 2264 1750; x_wconf 88' lang='lat' dir='ltr'><strong>inquit,</strong></span> <span class='ocrx_word' id='word_1_548' title='bbox 2289 1681 2568 1751; x_wconf 81' lang='lat' dir='ltr'><strong>Abraham,</strong></span> <span class='ocrx_word' id='word_1_549' title='bbox 2608 1685 2735 1738; x_wconf 75' lang='lat' dir='ltr'><strong>dixit</strong></span> <span class='ocrx_word' id='word_1_550' title='bbox 2763 1700 2782 1738; x_wconf 90' lang='lat'><strong><em>:</em></strong></span> <span class='ocrx_word' id='word_1_551' title='bbox 2810 1683 3073 1755; x_wconf 84' lang='lat' dir='ltr'><strong>Numquid</strong></span> <span class='ocrx_word' id='word_1_552' title='bbox 3094 1687 3270 1756; x_wconf 84' lang='lat' dir='ltr'><strong>perdes</strong></span> <span class='ocrx_word' id='word_1_553' title='bbox 3290 1689 3442 1742; x_wconf 81' lang='lat' dir='ltr'><strong>simul</strong></span> <span class='ocrx_word' id='word_1_554' title='bbox 3465 1691 3662 1759; x_wconf 83' lang='lat' dir='ltr'><strong>justum</strong></span> 
     </span>
    </p>
   </div>
   <div class='ocr_carea' id='block_1_78' title="bbox 2077 1773 3660 1848">
    <p class='ocr_par' dir='ltr' id='par_1_78' title="bbox 2077 1773 3660 1848">
     <span class='ocr_line' id='line_1_78' title="bbox 2077 1773 3660 1848; baseline 0.008 -27"><span class='ocrx_word' id='word_1_555' title='bbox 2077 1787 2192 1824; x_wconf 87' lang='lat' dir='ltr'><strong>cum</strong></span> <span class='ocrx_word' id='word_1_556' title='bbox 2228 1773 2406 1840; x_wconf 88' lang='lat' dir='ltr'><strong>impio,</strong></span> <span class='ocrx_word' id='word_1_557' title='bbox 2454 1782 2499 1826; x_wconf 88' lang='lat' dir='ltr'><strong>et</strong></span> <span class='ocrx_word' id='word_1_558' title='bbox 2539 1774 2634 1827; x_wconf 86' lang='lat' dir='ltr'><strong>erit</strong></span> <span class='ocrx_word' id='word_1_559' title='bbox 2652 1775 2826 1845; x_wconf 82' lang='lat' dir='ltr'><strong>justus</strong></span> <span class='ocrx_word' id='word_1_560' title='bbox 2863 1775 2992 1828; x_wconf 80' lang='lat' dir='ltr'><strong>sicut</strong></span> <span class='ocrx_word' id='word_1_561' title='bbox 3031 1777 3262 1847; x_wconf 87' lang='lat' dir='ltr'><strong>impius?</strong></span> <span class='ocrx_word' id='word_1_562' title='bbox 3298 1779 3341 1833; x_wconf 91' lang='grc'>0</span> <span class='ocrx_word' id='word_1_563' title='bbox 3387 1779 3513 1848; x_wconf 89' lang='lat' dir='ltr'><strong>justi</strong></span> <span class='ocrx_word' id='word_1_564' title='bbox 3564 1782 3660 1835; x_wconf 90' lang='lat' dir='ltr'><strong>viri</strong></span> 
     </span>
    </p>
   </div>
   <div class='ocr_carea' id='block_1_79' title="bbox 2076 1859 3660 1942">
    <p class='ocr_par' dir='ltr' id='par_1_79' title="bbox 2076 1859 3660 1942">
     <span class='ocr_line' id='line_1_79' title="bbox 2076 1859 3660 1942; baseline 0.008 -28"><span class='ocrx_word' id='word_1_565' title='bbox 2076 1859 2357 1917; x_wconf 71' lang='lat' dir='ltr'><strong>fiduciam!</strong></span> <span class='ocrx_word' id='word_1_566' title='bbox 2392 1864 2519 1929; x_wconf 88' lang='lat' dir='ltr'><strong>imo,</strong></span> <span class='ocrx_word' id='word_1_567' title='bbox 2565 1882 2597 1918; x_wconf 94' lang='lat' dir='ltr'><strong>o</strong></span> <span class='ocrx_word' id='word_1_568' title='bbox 2640 1877 2833 1935; x_wconf 85' lang='lat' dir='ltr'><strong>quanta</strong></span> <span class='ocrx_word' id='word_1_569' title='bbox 2875 1868 3037 1920; x_wconf 90' lang='lat' dir='ltr'><strong>animi</strong></span> <span class='ocrx_word' id='word_1_570' title='bbox 3078 1872 3501 1925; x_wconf 84' lang='lat' dir='ltr'><strong>commiseratio!</strong></span> <span class='ocrx_word' id='word_1_571' title='bbox 3532 1888 3660 1942; x_wconf 88' lang='lat' dir='ltr'><strong>quo-</strong></span> 
     </span>
    </p>
   </div>
   <div class='ocr_carea' id='block_1_80' title="bbox 2075 1953 3656 2032">
    <p class='ocr_par' dir='ltr' id='par_1_80' title="bbox 2075 1953 3656 2032">
     <span class='ocr_line' id='line_1_80' title="bbox 2075 1953 3656 2032; baseline 0.007 -26"><span class='ocrx_word' id='word_1_572' title='bbox 2075 1953 2236 2007; x_wconf 90' lang='lat' dir='ltr'><strong>modo</strong></span> <span class='ocrx_word' id='word_1_573' title='bbox 2277 1955 2756 2009; x_wconf 86' lang='lat' dir='ltr'><strong>commiserationis</strong></span> <span class='ocrx_word' id='word_1_574' title='bbox 2785 1957 3042 2011; x_wconf 82' lang='lat' dir='ltr'><strong>ebrietate</strong></span> <span class='ocrx_word' id='word_1_575' title='bbox 3069 1971 3316 2026; x_wconf 86' lang='lat' dir='ltr'><strong>gravatus</strong></span> <span class='ocrx_word' id='word_1_576' title='bbox 3344 1963 3509 2017; x_wconf 89' lang='lat' dir='ltr'><strong>nescit</strong></span> <span class='ocrx_word' id='word_1_577' title='bbox 3535 1965 3656 2032; x_wconf 90' lang='lat' dir='ltr'><strong>quid</strong></span> 
     </span>
    </p>
   </div>
   <div class='ocr_carea' id='block_1_81' title="bbox 2075 2044 3660 2125">
    <p class='ocr_par' dir='ltr' id='par_1_81' title="bbox 2075 2044 3660 2125">
     <span class='ocr_line' id='line_1_81' title="bbox 2075 2044 3660 2125; baseline 0.009 -29"><span class='ocrx_word' id='word_1_578' title='bbox 2075 2044 2235 2097; x_wconf 84' lang='lat' dir='ltr'><strong>dicat.</strong></span> <span class='ocrx_word' id='word_1_579' title='bbox 2271 2045 2338 2098; x_wconf 89' lang='lat' dir='ltr'><strong>Et</strong></span> <span class='ocrx_word' id='word_1_580' title='bbox 2367 2045 2655 2100; x_wconf 87' lang='lat' dir='ltr'><strong>ostendens</strong></span> <span class='ocrx_word' id='word_1_581' title='bbox 2685 2045 2861 2100; x_wconf 89' lang='lat' dir='ltr'><strong>divina</strong></span> <span class='ocrx_word' id='word_1_582' title='bbox 2891 2047 3191 2117; x_wconf 80' lang='lat' dir='ltr'><strong>Scriptura,</strong></span> <span class='ocrx_word' id='word_1_583' title='bbox 3248 2052 3417 2119; x_wconf 88' lang='lat' dir='ltr'><strong>ipsum</strong></span> <span class='ocrx_word' id='word_1_584' title='bbox 3469 2070 3660 2125; x_wconf 86' lang='lat' dir='ltr'><strong>magno</strong></span> 
     </span>
    </p>
   </div>
   <div class='ocr_carea' id='block_1_82' title="bbox 2077 2136 3661 2217">
    <p class='ocr_par' dir='ltr' id='par_1_82' title="bbox 2077 2136 3661 2217">
     <span class='ocr_line' id='line_1_82' title="bbox 2077 2136 3661 2217; baseline 0.007 -27"><span class='ocrx_word' id='word_1_585' title='bbox 2077 2136 2267 2191; x_wconf 90' lang='lat' dir='ltr'><strong>timore</strong></span> <span class='ocrx_word' id='word_1_586' title='bbox 2288 2146 2341 2192; x_wconf 89' lang='lat' dir='ltr'><strong>et</strong></span> <span class='ocrx_word' id='word_1_587' title='bbox 2371 2148 2601 2193; x_wconf 86' lang='lat' dir='ltr'><strong>tremore</strong></span> <span class='ocrx_word' id='word_1_588' title='bbox 2629 2154 2814 2208; x_wconf 89' lang='lat' dir='ltr'><strong>preces</strong></span> <span class='ocrx_word' id='word_1_589' title='bbox 2843 2139 3093 2205; x_wconf 87' lang='lat' dir='ltr'><strong>fundere,</strong></span> <span class='ocrx_word' id='word_1_590' title='bbox 3125 2142 3198 2195; x_wconf 92' lang='lat' dir='ltr'><strong>ait</strong></span> <span class='ocrx_word' id='word_1_591' title='bbox 3225 2160 3239 2195; x_wconf 89' lang='lat'><strong>:</strong></span> <span class='ocrx_word' id='word_1_592' title='bbox 3277 2142 3343 2197; x_wconf 87' lang='lat' dir='ltr'><strong>Ut</strong></span> <span class='ocrx_word' id='word_1_593' title='bbox 3382 2150 3661 2217; x_wconf 82' lang='lat' dir='ltr'><strong>appropin-</strong></span> 
     </span>
    </p>
   </div>
   <div class='ocr_carea' id='block_1_83' title="bbox 2075 2229 3661 2307">
    <p class='ocr_par' dir='ltr' id='par_1_83' title="bbox 2075 2229 3661 2307">
     <span class='ocr_line' id='line_1_83' title="bbox 2075 2229 3661 2307; baseline 0.008 -27"><span class='ocrx_word' id='word_1_594' title='bbox 2075 2229 2244 2298; x_wconf 69' lang='lat' dir='ltr'><strong>quavit</strong></span> <span class='ocrx_word' id='word_1_595' title='bbox 2281 2229 2557 2295; x_wconf 82' lang='lat' dir='ltr'><strong>Abraham,</strong></span> <span class='ocrx_word' id='word_1_596' title='bbox 2601 2231 2728 2286; x_wconf 75' lang='lat' dir='ltr'><strong>dixit</strong></span> <span class='ocrx_word' id='word_1_597' title='bbox 2757 2247 2776 2285; x_wconf 91' lang='lat'><em>:</em></span> <span class='ocrx_word' id='word_1_598' title='bbox 2803 2230 3068 2302; x_wconf 87' lang='lat' dir='ltr'><strong>Numquid</strong></span> <span class='ocrx_word' id='word_1_599' title='bbox 3096 2237 3271 2305; x_wconf 84' lang='lat' dir='ltr'><strong>perdes</strong></span> <span class='ocrx_word' id='word_1_600' title='bbox 3299 2237 3661 2307; x_wconf 85' lang='lat' dir='ltr'><strong>simuljustum</strong></span> 
     </span>
    </p>
   </div>
   <div class='ocr_carea' id='block_1_84' title="bbox 2075 2321 3662 2401">
    <p class='ocr_par' dir='ltr' id='par_1_84' title="bbox 2075 2321 3662 2401">
     <span class='ocr_line' id='line_1_84' title="bbox 2075 2321 3662 2401; baseline 0.009 -30"><span class='ocrx_word' id='word_1_601' title='bbox 2075 2336 2188 2372; x_wconf 87' lang='lat' dir='ltr'><strong>cum</strong></span> <span class='ocrx_word' id='word_1_602' title='bbox 2213 2321 2560 2391; x_wconf 79' lang='lat' dir='ltr'><strong>impiu?Qu&#39;;d</strong></span> <span class='ocrx_word' id='word_1_603' title='bbox 2591 2322 2737 2388; x_wconf 89' lang='lat' dir='ltr'><strong>facis,</strong></span> <span class='ocrx_word' id='word_1_604' title='bbox 2771 2339 2803 2377; x_wconf 96' lang='lat' dir='ltr'><strong>o</strong></span> <span class='ocrx_word' id='word_1_605' title='bbox 2828 2323 2980 2378; x_wconf 87' lang='lat' dir='ltr'><strong>beate</strong></span> <span class='ocrx_word' id='word_1_606' title='bbox 3006 2326 3336 2394; x_wconf 86' lang='lat' dir='ltr'><strong>patriarcha?</strong></span> <span class='ocrx_word' id='word_1_607' title='bbox 3365 2329 3499 2397; x_wconf 87' lang='lat' dir='ltr'><strong>Quid</strong></span> <span class='ocrx_word' id='word_1_608' title='bbox 3529 2347 3662 2401; x_wconf 81' lang='lat' dir='ltr'><strong>opus</strong></span> 
     </span>
    </p>
   </div>
   <div class='ocr_carea' id='block_1_85' title="bbox 2077 2411 3662 2487">
    <p class='ocr_par' dir='ltr' id='par_1_85' title="bbox 2077 2411 3662 2487">
     <span class='ocr_line' id='line_1_85' title="bbox 2077 2411 3662 2487; baseline 0.009 -21"><span class='ocrx_word' id='word_1_609' title='bbox 2077 2411 2236 2468; x_wconf 89' lang='lat' dir='ltr'><strong>habet</strong></span> <span class='ocrx_word' id='word_1_610' title='bbox 2277 2422 2364 2469; x_wconf 92' lang='lat' dir='ltr'><strong>tua</strong></span> <span class='ocrx_word' id='word_1_611' title='bbox 2402 2417 2778 2487; x_wconf 81' lang='lat' dir='ltr'><strong>deprecatione</strong></span> <span class='ocrx_word' id='word_1_612' title='bbox 2808 2418 3083 2484; x_wconf 88' lang='lat' dir='ltr'><strong>Dominus,</strong></span> <span class='ocrx_word' id='word_1_613' title='bbox 3138 2430 3196 2476; x_wconf 90' lang='lat' dir='ltr'><strong>ut</strong></span> <span class='ocrx_word' id='word_1_614' title='bbox 3234 2439 3302 2478; x_wconf 89' lang='lat' dir='ltr'><strong>ne</strong></span> <span class='ocrx_word' id='word_1_615' title='bbox 3339 2423 3440 2478; x_wconf 92' lang='lat' dir='ltr'><strong>hoc</strong></span> <span class='ocrx_word' id='word_1_616' title='bbox 3471 2426 3662 2480; x_wconf 81' lang='lat' dir='ltr'><strong>faciat?</strong></span> 
     </span>
    </p>
   </div>
   <div class='ocr_carea' id='block_1_86' title="bbox 2075 2503 3660 2585">
    <p class='ocr_par' dir='ltr' id='par_1_86' title="bbox 2075 2503 3660 2585">
     <span class='ocr_line' id='line_1_86' title="bbox 2075 2503 3660 2585; baseline 0.008 -25"><span class='ocrx_word' id='word_1_617' title='bbox 2075 2503 2272 2561; x_wconf 83' lang='lat' dir='ltr'><strong>Verum</strong></span> <span class='ocrx_word' id='word_1_618' title='bbox 2314 2523 2382 2563; x_wconf 90' lang='lat' dir='ltr'><strong>ne</strong></span> <span class='ocrx_word' id='word_1_619' title='bbox 2421 2509 2520 2564; x_wconf 87' lang='lat' dir='ltr'><strong>hoc</strong></span> <span class='ocrx_word' id='word_1_620' title='bbox 2564 2511 2861 2580; x_wconf 89' lang='lat' dir='ltr'><strong>cogitemus</strong></span> <span class='ocrx_word' id='word_1_621' title='bbox 2896 2530 2909 2564; x_wconf 91' lang='lat'>:</span> <span class='ocrx_word' id='word_1_622' title='bbox 2938 2527 3041 2566; x_wconf 92' lang='lat' dir='ltr'><strong>non</strong></span> <span class='ocrx_word' id='word_1_623' title='bbox 3083 2514 3225 2567; x_wconf 90' lang='lat' dir='ltr'><strong>enim</strong></span> <span class='ocrx_word' id='word_1_624' title='bbox 3254 2517 3403 2585; x_wconf 88' lang='lat' dir='ltr'><strong>quasi</strong></span> <span class='ocrx_word' id='word_1_625' title='bbox 3435 2517 3660 2571; x_wconf 84' lang='lat' dir='ltr'><strong>Domino</strong></span> 
     </span>
    </p>
   </div>
   <div class='ocr_carea' id='block_1_87' title="bbox 2076 2595 3656 2679">
    <p class='ocr_par' dir='ltr' id='par_1_87' title="bbox 2076 2595 3656 2679">
     <span class='ocr_line' id='line_1_87' title="bbox 2076 2595 3656 2679; baseline 0.007 -29"><span class='ocrx_word' id='word_1_626' title='bbox 2076 2595 2179 2651; x_wconf 92' lang='lat' dir='ltr'><strong>hoc</strong></span> <span class='ocrx_word' id='word_1_627' title='bbox 2208 2595 2409 2651; x_wconf 81' lang='lat' dir='ltr'><strong>facturo</strong></span> <span class='ocrx_word' id='word_1_628' title='bbox 2441 2597 2586 2666; x_wconf 88' lang='lat' dir='ltr'><strong>dicit,</strong></span> <span class='ocrx_word' id='word_1_629' title='bbox 2631 2599 2723 2654; x_wconf 89' lang='lat' dir='ltr'><strong>scd</strong></span> <span class='ocrx_word' id='word_1_630' title='bbox 2754 2601 2878 2668; x_wconf 85' lang='lat' dir='ltr'><strong>quia</strong></span> <span class='ocrx_word' id='word_1_631' title='bbox 2907 2601 3189 2657; x_wconf 86' lang='lat' dir='ltr'><strong>manifeste</strong></span> <span class='ocrx_word' id='word_1_632' title='bbox 3227 2616 3445 2679; x_wconf 89' lang='lat' dir='ltr'><strong>propter</strong></span> <span class='ocrx_word' id='word_1_633' title='bbox 3477 2606 3656 2661; x_wconf 83' lang='lat' dir='ltr'><strong>fratris</strong></span> 
     </span>
    </p>
   </div>
   <div class='ocr_carea' id='block_1_88' title="bbox 2076 2685 3664 2763">
    <p class='ocr_par' dir='ltr' id='par_1_88' title="bbox 2076 2685 3664 2763">
     <span class='ocr_line' id='line_1_88' title="bbox 2076 2685 3664 2763; baseline 0.007 -25"><span class='ocrx_word' id='word_1_634' title='bbox 2076 2687 2242 2739; x_wconf 73' lang='lat' dir='ltr'><strong>(ilium</strong></span> <span class='ocrx_word' id='word_1_635' title='bbox 2269 2685 2448 2742; x_wconf 87' lang='lat' dir='ltr'><strong>dicere</strong></span> <span class='ocrx_word' id='word_1_636' title='bbox 2472 2702 2578 2742; x_wconf 88' lang='lat' dir='ltr'><strong>non</strong></span> <span class='ocrx_word' id='word_1_637' title='bbox 2607 2689 2872 2756; x_wconf 88' lang='lat' dir='ltr'><strong>audebat,</strong></span> <span class='ocrx_word' id='word_1_638' title='bbox 2918 2707 3231 2748; x_wconf 84' lang='lat' dir='ltr'><strong>communes</strong></span> <span class='ocrx_word' id='word_1_639' title='bbox 3274 2710 3369 2763; x_wconf 84' lang='lat' dir='ltr'><strong>pro</strong></span> <span class='ocrx_word' id='word_1_640' title='bbox 3412 2697 3664 2751; x_wconf 87' lang='lat' dir='ltr'><strong>omnibus.</strong></span> 
     </span>
    </p>
   </div>
   <div class='ocr_carea' id='block_1_89' title="bbox 2074 2777 3656 2856">
    <p class='ocr_par' dir='ltr' id='par_1_89' title="bbox 2074 2777 3656 2856">
     <span class='ocr_line' id='line_1_89' title="bbox 2074 2777 3656 2856; baseline 0.008 -24"><span class='ocrx_word' id='word_1_641' title='bbox 2074 2777 2247 2834; x_wconf 84' lang='lat' dir='ltr'><strong>fundit</strong></span> <span class='ocrx_word' id='word_1_642' title='bbox 2289 2794 2494 2850; x_wconf 88' lang='lat' dir='ltr'><strong>preces,</strong></span> <span class='ocrx_word' id='word_1_643' title='bbox 2536 2782 2720 2836; x_wconf 86' lang='lat' dir='ltr'><strong>volens</strong></span> <span class='ocrx_word' id='word_1_644' title='bbox 2758 2797 2881 2838; x_wconf 90' lang='lat' dir='ltr'><strong>cum</strong></span> <span class='ocrx_word' id='word_1_645' title='bbox 2927 2784 3045 2839; x_wconf 79' lang='lat' dir='ltr'><strong>aliis</strong></span> <span class='ocrx_word' id='word_1_646' title='bbox 3091 2794 3144 2839; x_wconf 92' lang='lat' dir='ltr'><strong>et</strong></span> <span class='ocrx_word' id='word_1_647' title='bbox 3195 2785 3336 2842; x_wconf 89' lang='lat' dir='ltr'><strong>hunc</strong></span> <span class='ocrx_word' id='word_1_648' title='bbox 3402 2803 3656 2856; x_wconf 87' lang='lat' dir='ltr'><strong>servare,</strong></span> 
     </span>
    </p>
   </div>
   <div class='ocr_carea' id='block_1_90' title="bbox 2073 2873 3660 2950">
    <p class='ocr_par' dir='ltr' id='par_1_90' title="bbox 2073 2873 3660 2950">
     <span class='ocr_line' id='line_1_90' title="bbox 2073 2873 3660 2950; baseline 0.007 -24"><span class='ocrx_word' id='word_1_649' title='bbox 2073 2881 2129 2926; x_wconf 90' lang='lat' dir='ltr'><strong>et</strong></span> <span class='ocrx_word' id='word_1_650' title='bbox 2176 2887 2297 2928; x_wconf 92' lang='lat' dir='ltr'><strong>cum</strong></span> <span class='ocrx_word' id='word_1_651' title='bbox 2335 2873 2436 2928; x_wconf 89' lang='lat' dir='ltr'><strong>hoc</strong></span> <span class='ocrx_word' id='word_1_652' title='bbox 2465 2873 2635 2930; x_wconf 84' lang='lat' dir='ltr'><strong>etiam</strong></span> <span class='ocrx_word' id='word_1_653' title='bbox 2654 2875 2785 2930; x_wconf 83' lang='lat' dir='ltr'><strong>alios</strong></span> <span class='ocrx_word' id='word_1_654' title='bbox 2817 2877 3065 2946; x_wconf 82' lang='lat' dir='ltr'><strong>eripere:</strong></span> <span class='ocrx_word' id='word_1_655' title='bbox 3101 2877 3390 2949; x_wconf 80' lang='lat' dir='ltr'><strong>incipitque</strong></span> <span class='ocrx_word' id='word_1_656' title='bbox 3427 2885 3660 2950; x_wconf 80' lang='lat' dir='ltr'><strong>patroci-</strong></span> 
     </span>
    </p>
   </div>
   <div class='ocr_carea' id='block_1_91' title="bbox 2075 2963 3664 3044">
    <p class='ocr_par' dir='ltr' id='par_1_91' title="bbox 2075 2963 3664 3044">
     <span class='ocr_line' id='line_1_91' title="bbox 2075 2963 3664 3044; baseline 0.008 -28"><span class='ocrx_word' id='word_1_657' title='bbox 2075 2963 2214 3031; x_wconf 88' lang='lat' dir='ltr'><strong>nari,</strong></span> <span class='ocrx_word' id='word_1_658' title='bbox 2260 2979 2323 3018; x_wconf 90' lang='lat' dir='ltr'><strong>ac</strong></span> <span class='ocrx_word' id='word_1_659' title='bbox 2369 2964 2494 3019; x_wconf 89' lang='lat' dir='ltr'><strong>dicit</strong></span> <span class='ocrx_word' id='word_1_660' title='bbox 2541 2982 2554 3019; x_wconf 89' lang='lat'><strong>:</strong></span> <span class='ocrx_word' id='word_1_661' title='bbox 2605 2963 2694 3021; x_wconf 61' lang='lat'><strong>24.</strong></span> <span class='ocrx_word' id='word_1_662' title='bbox 2727 2965 2787 3020; x_wconf 87' lang='lat' dir='ltr'><strong>Si</strong></span> <span class='ocrx_word' id='word_1_663' title='bbox 2817 2968 3005 3038; x_wconf 80' lang='lat' dir='ltr'><strong>fuerint</strong></span> <span class='ocrx_word' id='word_1_664' title='bbox 3041 2969 3416 3044; x_wconf 16' lang='lat' dir='ltr'><strong>quinquaginta.</strong></span> <span class='ocrx_word' id='word_1_665' title='bbox 3433 2973 3564 3043; x_wconf 85' lang='lat' dir='ltr'><strong>justi</strong></span> <span class='ocrx_word' id='word_1_666' title='bbox 3607 2976 3664 3029; x_wconf 79' lang='lat' dir='ltr'><strong>in</strong></span> 
     </span>
    </p>
   </div>
   <div class='ocr_carea' id='block_1_92' title="bbox 2074 3055 3659 3135">
    <p class='ocr_par' dir='ltr' id='par_1_92' title="bbox 2074 3055 3659 3135">
     <span class='ocr_line' id='line_1_92' title="bbox 2074 3055 3659 3135; baseline 0.008 -28"><span class='ocrx_word' id='word_1_667' title='bbox 2074 3055 2290 3124; x_wconf 83' lang='lat' dir='ltr'><strong>civitate,</strong></span> <span class='ocrx_word' id='word_1_668' title='bbox 2335 3074 2453 3110; x_wconf 86' lang='lat' dir='ltr'><strong>num</strong></span> <span class='ocrx_word' id='word_1_669' title='bbox 2481 3055 2658 3114; x_wconf 77' lang='lat' dir='ltr'><strong>perdes</strong></span> <span class='ocrx_word' id='word_1_670' title='bbox 2697 3059 2820 3112; x_wconf 85' lang='lat' dir='ltr'><strong>eos?</strong></span> <span class='ocrx_word' id='word_1_671' title='bbox 2846 3057 2966 3112; x_wconf 77' lang='lat' dir='ltr'><strong>Non</strong></span> <span class='ocrx_word' id='word_1_672' title='bbox 2988 3077 3164 3129; x_wconf 86' lang='lat' dir='ltr'><strong>parces</strong></span> <span class='ocrx_word' id='word_1_673' title='bbox 3207 3064 3296 3116; x_wconf 86' lang='lat' dir='ltr'><strong>toti</strong></span> <span class='ocrx_word' id='word_1_674' title='bbox 3322 3063 3430 3117; x_wconf 83' lang='lat' dir='ltr'><strong>loco</strong></span> <span class='ocrx_word' id='word_1_675' title='bbox 3456 3076 3659 3135; x_wconf 81' lang='lat' dir='ltr'><strong>prapter</strong></span> 
     </span>
    </p>
   </div>
   <div class='ocr_carea' id='block_1_93' title="bbox 2073 3149 3660 3222">
    <p class='ocr_par' dir='ltr' id='par_1_93' title="bbox 2073 3149 3660 3222">
     <span class='ocr_line' id='line_1_93' title="bbox 2073 3149 3660 3222; baseline 0.006 -21"><span class='ocrx_word' id='word_1_676' title='bbox 2073 3149 2436 3218; x_wconf 85' lang='lat' dir='ltr'><strong>quinquaginta</strong></span> <span class='ocrx_word' id='word_1_677' title='bbox 2465 3149 2664 3216; x_wconf 84' lang='lat' dir='ltr'><strong>justas,</strong></span> <span class='ocrx_word' id='word_1_678' title='bbox 2695 3149 2737 3203; x_wconf 87' lang='lat' dir='ltr'><strong>si</strong></span> <span class='ocrx_word' id='word_1_679' title='bbox 2775 3150 2962 3204; x_wconf 86' lang='lat' dir='ltr'><strong>inventi</strong></span> <span class='ocrx_word' id='word_1_680' title='bbox 3003 3153 3193 3222; x_wconf 77' lang='lat' dir='ltr'><strong>fuerint</strong></span> <span class='ocrx_word' id='word_1_681' title='bbox 3227 3153 3278 3206; x_wconf 86' lang='lat' dir='ltr'><strong>in</strong></span> <span class='ocrx_word' id='word_1_682' title='bbox 3308 3157 3407 3210; x_wconf 85' lang='lat' dir='ltr'><strong>ea?</strong></span> <span class='ocrx_word' id='word_1_683' title='bbox 3431 3156 3520 3211; x_wconf 74' lang='lat'><strong>23.</strong></span> <span class='ocrx_word' id='word_1_684' title='bbox 3549 3156 3660 3210; x_wconf 85' lang='lat' dir='ltr'><strong>Ne-</strong></span> 
     </span>
    </p>
   </div>
   <div class='ocr_carea' id='block_1_94' title="bbox 2073 3241 3661 3316">
    <p class='ocr_par' dir='ltr' id='par_1_94' title="bbox 2073 3241 3661 3316">
     <span class='ocr_line' id='line_1_94' title="bbox 2073 3241 3661 3316; baseline 0.008 -26"><span class='ocrx_word' id='word_1_685' title='bbox 2073 3255 2325 3308; x_wconf 82' lang='lat' dir='ltr'><strong>quaquam</strong></span> <span class='ocrx_word' id='word_1_686' title='bbox 2370 3241 2526 3311; x_wconf 78' lang='lat' dir='ltr'><strong>facies</strong></span> <span class='ocrx_word' id='word_1_687' title='bbox 2563 3242 2771 3296; x_wconf 79' lang='lat' dir='ltr'><strong>verbum</strong></span> <span class='ocrx_word' id='word_1_688' title='bbox 2823 3242 2938 3306; x_wconf 86' lang='lat' dir='ltr'><strong>hoc,</strong></span> <span class='ocrx_word' id='word_1_689' title='bbox 2984 3253 3035 3296; x_wconf 89' lang='lat' dir='ltr'><strong>ut</strong></span> <span class='ocrx_word' id='word_1_690' title='bbox 3081 3245 3284 3300; x_wconf 84' lang='lat' dir='ltr'><strong>occidas</strong></span> <span class='ocrx_word' id='word_1_691' title='bbox 3313 3247 3513 3316; x_wconf 86' lang='lat' dir='ltr'><strong>justum</strong></span> <span class='ocrx_word' id='word_1_692' title='bbox 3550 3267 3661 3304; x_wconf 85' lang='lat' dir='ltr'><strong>cum</strong></span> 
     </span>
    </p>
   </div>
   <div class='ocr_carea' id='block_1_95' title="bbox 2073 3329 3663 3411">
    <p class='ocr_par' dir='ltr' id='par_1_95' title="bbox 2073 3329 3663 3411">
     <span class='ocr_line' id='line_1_95' title="bbox 2073 3329 3663 3411; baseline 0.007 -30"><span class='ocrx_word' id='word_1_693' title='bbox 2073 3329 2256 3400; x_wconf 87' lang='lat' dir='ltr'><strong>impio,</strong></span> <span class='ocrx_word' id='word_1_694' title='bbox 2305 3339 2350 3383; x_wconf 89' lang='lat' dir='ltr'><strong>et</strong></span> <span class='ocrx_word' id='word_1_695' title='bbox 2378 3332 2629 3402; x_wconf 82' lang='lat' dir='ltr'><strong>sitjustus</strong></span> <span class='ocrx_word' id='word_1_696' title='bbox 2650 3334 2777 3386; x_wconf 80' lang='lat' dir='ltr'><strong>sicut</strong></span> <span class='ocrx_word' id='word_1_697' title='bbox 2805 3332 3011 3402; x_wconf 85' lang='lat' dir='ltr'><strong>impius.</strong></span> <span class='ocrx_word' id='word_1_698' title='bbox 3050 3332 3408 3406; x_wconf 86' lang='lat' dir='ltr'><strong>Nequaquam.</strong></span> <span class='ocrx_word' id='word_1_699' title='bbox 3443 3339 3544 3405; x_wconf 86' lang='lat' dir='ltr'><strong>Qui</strong></span> <span class='ocrx_word' id='word_1_700' title='bbox 3571 3342 3663 3411; x_wconf 85' lang='lat' dir='ltr'><strong>ju-</strong></span> 
     </span>
    </p>
   </div>
   <div class='ocr_carea' id='block_1_96' title="bbox 2074 3419 3661 3499">
    <p class='ocr_par' dir='ltr' id='par_1_96' title="bbox 2074 3419 3661 3499">
     <span class='ocr_line' id='line_1_96' title="bbox 2074 3419 3661 3499; baseline 0.009 -28"><span class='ocrx_word' id='word_1_701' title='bbox 2074 3419 2212 3472; x_wconf 83' lang='lat' dir='ltr'><strong>dicas</strong></span> <span class='ocrx_word' id='word_1_702' title='bbox 2248 3435 2445 3472; x_wconf 87' lang='lat' dir='ltr'><strong>omnem</strong></span> <span class='ocrx_word' id='word_1_703' title='bbox 2471 3429 2674 3482; x_wconf 74' lang='lat' dir='ltr'><strong>terram,</strong></span> <span class='ocrx_word' id='word_1_704' title='bbox 2711 3438 2810 3474; x_wconf 87' lang='lat' dir='ltr'><strong>non</strong></span> <span class='ocrx_word' id='word_1_705' title='bbox 2838 3424 2994 3491; x_wconf 78' lang='lat' dir='ltr'><strong>facies</strong></span> <span class='ocrx_word' id='word_1_706' title='bbox 3027 3425 3331 3490; x_wconf 86' lang='lat' dir='ltr'><strong>judicium?</strong></span> <span class='ocrx_word' id='word_1_707' title='bbox 3369 3427 3499 3483; x_wconf 82' lang='lat' dir='ltr'><strong>Vide</strong></span> <span class='ocrx_word' id='word_1_708' title='bbox 3530 3445 3661 3499; x_wconf 79' lang='lat' dir='ltr'><strong>quo-</strong></span> 
     </span>
    </p>
   </div>
   <div class='ocr_carea' id='block_1_97' title="bbox 2075 3509 3665 3587">
    <p class='ocr_par' dir='ltr' id='par_1_97' title="bbox 2075 3509 3665 3587">
     <span class='ocr_line' id='line_1_97' title="bbox 2075 3509 3665 3587; baseline 0.006 -23"><span class='ocrx_word' id='word_1_709' title='bbox 2075 3510 2234 3564; x_wconf 91' lang='lat' dir='ltr'><strong>modo</strong></span> <span class='ocrx_word' id='word_1_710' title='bbox 2279 3520 2333 3564; x_wconf 92' lang='lat' dir='ltr'><strong>et</strong></span> <span class='ocrx_word' id='word_1_711' title='bbox 2371 3510 2420 3562; x_wconf 93' lang='lat' dir='ltr'><strong>in</strong></span> <span class='ocrx_word' id='word_1_712' title='bbox 2474 3509 2574 3565; x_wconf 91' lang='lat' dir='ltr'><strong>hac</strong></span> <span class='ocrx_word' id='word_1_713' title='bbox 2618 3513 2859 3566; x_wconf 89' lang='lat' dir='ltr'><strong>oratione</strong></span> <span class='ocrx_word' id='word_1_714' title='bbox 2892 3525 3040 3566; x_wconf 91' lang='lat' dir='ltr'><strong>suam</strong></span> <span class='ocrx_word' id='word_1_715' title='bbox 3082 3514 3382 3584; x_wconf 74' lang='lat' dir='ltr'><strong>religiosam</strong></span> <span class='ocrx_word' id='word_1_716' title='bbox 3421 3527 3475 3572; x_wconf 91' lang='lat' dir='ltr'><strong>et</strong></span> <span class='ocrx_word' id='word_1_717' title='bbox 3519 3521 3665 3587; x_wconf 76' lang='lat' dir='ltr'><strong>piant</strong></span> 
     </span>
    </p>
   </div>
   <div class='ocr_carea' id='block_1_98' title="bbox 2075 3602 3658 3674">
    <p class='ocr_par' dir='ltr' id='par_1_98' title="bbox 2075 3602 3658 3674">
     <span class='ocr_line' id='line_1_98' title="bbox 2075 3602 3658 3674; baseline 0.004 -17"><span class='ocrx_word' id='word_1_718' title='bbox 2075 3613 2309 3658; x_wconf 90' lang='lat' dir='ltr'><strong>mentem</strong></span> <span class='ocrx_word' id='word_1_719' title='bbox 2357 3602 2631 3668; x_wconf 90' lang='lat' dir='ltr'><strong>declarat,</strong></span> <span class='ocrx_word' id='word_1_720' title='bbox 2687 3613 2740 3658; x_wconf 90' lang='lat' dir='ltr'><strong>et</strong></span> <span class='ocrx_word' id='word_1_721' title='bbox 2781 3604 3016 3674; x_wconf 88' lang='lat' dir='ltr'><strong>judicem</strong></span> <span class='ocrx_word' id='word_1_722' title='bbox 3057 3608 3231 3661; x_wconf 88' lang='lat' dir='ltr'><strong>omnis</strong></span> <span class='ocrx_word' id='word_1_723' title='bbox 3283 3617 3437 3663; x_wconf 76' lang='lat' dir='ltr'><strong>terra:</strong></span> <span class='ocrx_word' id='word_1_724' title='bbox 3489 3612 3658 3666; x_wconf 40' lang='lat' dir='ltr'><strong>confi.‘</strong></span> 
     </span>
    </p>
   </div>
   <div class='ocr_carea' id='block_1_99' title="bbox 2077 3697 3658 3770">
    <p class='ocr_par' dir='ltr' id='par_1_99' title="bbox 2077 3697 3658 3770">
     <span class='ocr_line' id='line_1_99' title="bbox 2077 3697 3658 3770; baseline 0.005 -21"><span class='ocrx_word' id='word_1_725' title='bbox 2077 3703 2236 3761; x_wconf 92' lang='lat' dir='ltr'><strong>tetur,</strong></span> <span class='ocrx_word' id='word_1_726' title='bbox 2311 3704 2663 3766; x_wconf 89' lang='lat' dir='ltr'><strong>precaturque</strong></span> <span class='ocrx_word' id='word_1_727' title='bbox 2711 3711 2778 3750; x_wconf 91' lang='lat' dir='ltr'><strong>ne</strong></span> <span class='ocrx_word' id='word_1_728' title='bbox 2826 3705 3008 3765; x_wconf 84' lang='lat' dir='ltr'><strong>pereat</strong></span> <span class='ocrx_word' id='word_1_729' title='bbox 3048 3697 3224 3766; x_wconf 90' lang='lat' dir='ltr'><strong>justus</strong></span> <span class='ocrx_word' id='word_1_730' title='bbox 3269 3714 3390 3754; x_wconf 92' lang='lat' dir='ltr'><strong>cum</strong></span> <span class='ocrx_word' id='word_1_731' title='bbox 3439 3701 3658 3770; x_wconf 88' lang='lat' dir='ltr'><strong>injustu.</strong></span> 
     </span>
    </p>
   </div>
   <div class='ocr_carea' id='block_1_100' title="bbox 2076 3788 3658 3862">
    <p class='ocr_par' dir='ltr' id='par_1_100' title="bbox 2076 3788 3658 3862">
     <span class='ocr_line' id='line_1_100' title="bbox 2076 3788 3658 3862; baseline 0.004 -20"><span class='ocrx_word' id='word_1_732' title='bbox 2076 3788 2264 3843; x_wconf 85' lang='lat' dir='ltr'><strong>Postea</strong></span> <span class='ocrx_word' id='word_1_733' title='bbox 2296 3789 2438 3843; x_wconf 92' lang='lat' dir='ltr'><strong>mitis</strong></span> <span class='ocrx_word' id='word_1_734' title='bbox 2465 3797 2520 3843; x_wconf 92' lang='lat' dir='ltr'><strong>et</strong></span> <span class='ocrx_word' id='word_1_735' title='bbox 2558 3789 2818 3858; x_wconf 85' lang='lat' dir='ltr'><strong>benignus</strong></span> <span class='ocrx_word' id='word_1_736' title='bbox 2866 3789 3120 3844; x_wconf 89' lang='lat' dir='ltr'><strong>Dominus</strong></span> <span class='ocrx_word' id='word_1_737' title='bbox 3169 3793 3354 3846; x_wconf 90' lang='lat' dir='ltr'><strong>annuit</strong></span> <span class='ocrx_word' id='word_1_738' title='bbox 3399 3795 3658 3862; x_wconf 89' lang='lat' dir='ltr'><strong>petitioni,</strong></span> 
     </span>
    </p>
   </div>
   <div class='ocr_carea' id='block_1_101' title="bbox 2075 3879 3663 3956">
    <p class='ocr_par' dir='ltr' id='par_1_101' title="bbox 2075 3879 3663 3956">
     <span class='ocr_line' id='line_1_101' title="bbox 2075 3879 3663 3956; baseline 0.005 -22"><span class='ocrx_word' id='word_1_739' title='bbox 2075 3889 2136 3934; x_wconf 84' lang='lat' dir='ltr'><strong>et.</strong></span> <span class='ocrx_word' id='word_1_740' title='bbox 2179 3879 2308 3934; x_wconf 90' lang='lat' dir='ltr'><strong>dicit</strong></span> <span class='ocrx_word' id='word_1_741' title='bbox 2349 3898 2362 3932; x_wconf 88' lang='lat'><strong><em>:</em></strong></span> <span class='ocrx_word' id='word_1_742' title='bbox 2414 3879 2574 3934; x_wconf 87' lang='lat' dir='ltr'><strong>Facio</strong></span> <span class='ocrx_word' id='word_1_743' title='bbox 2619 3879 2670 3934; x_wconf 90' lang='lat' dir='ltr'><strong>id</strong></span> <span class='ocrx_word' id='word_1_744' title='bbox 2709 3879 2836 3949; x_wconf 87' lang='lat' dir='ltr'><strong>quid</strong></span> <span class='ocrx_word' id='word_1_745' title='bbox 2860 3879 3059 3942; x_wconf 79' lang='lat' dir='ltr'><strong>dixisti,</strong></span> <span class='ocrx_word' id='word_1_746' title='bbox 3091 3891 3142 3936; x_wconf 89' lang='lat' dir='ltr'><strong>et</strong></span> <span class='ocrx_word' id='word_1_747' title='bbox 3171 3884 3374 3953; x_wconf 92' lang='lat' dir='ltr'><strong>accipio</strong></span> <span class='ocrx_word' id='word_1_748' title='bbox 3399 3894 3538 3938; x_wconf 91' lang='lat' dir='ltr'><strong>tuam</strong></span> <span class='ocrx_word' id='word_1_749' title='bbox 3570 3901 3663 3956; x_wconf 84' lang='lat' dir='ltr'><strong>pc-</strong></span> 
     </span>
    </p>
   </div>
   <div class='ocr_carea' id='block_1_102' title="bbox 2078 3968 3663 4045">
    <p class='ocr_par' dir='ltr' id='par_1_102' title="bbox 2078 3968 3663 4045">
     <span class='ocr_line' id='line_1_102' title="bbox 2078 3968 3663 4045; baseline 0.004 -21"><span class='ocrx_word' id='word_1_750' title='bbox 2078 3971 2339 4026; x_wconf 89' lang='lat' dir='ltr'><strong>titionem.</strong></span> <span class='ocrx_word' id='word_1_751' title='bbox 2383 3968 2474 4024; x_wconf 72' lang='lat'><strong>26.</strong></span> <span class='ocrx_word' id='word_1_752' title='bbox 2528 3970 2589 4025; x_wconf 87' lang='lat' dir='ltr'><strong>Si</strong></span> <span class='ocrx_word' id='word_1_753' title='bbox 2650 3971 2966 4024; x_wconf 83' lang='lat' dir='ltr'><strong>invenientur</strong></span> <span class='ocrx_word' id='word_1_754' title='bbox 3021 3973 3385 4044; x_wconf 83' lang='lat' dir='ltr'><strong>quinquaginta</strong></span> <span class='ocrx_word' id='word_1_755' title='bbox 3434 3976 3567 4045; x_wconf 82' lang='lat' dir='ltr'><strong>justi</strong></span> <span class='ocrx_word' id='word_1_756' title='bbox 3609 3977 3663 4031; x_wconf 89' lang='lat' dir='ltr'><strong>in</strong></span> 
     </span>
    </p>
   </div>
   <div class='ocr_carea' id='block_1_103' title="bbox 2077 4062 3659 4136">
    <p class='ocr_par' dir='ltr' id='par_1_103' title="bbox 2077 4062 3659 4136">
     <span class='ocr_line' id='line_1_103' title="bbox 2077 4062 3659 4136; baseline 0.006 -20"><span class='ocrx_word' id='word_1_757' title='bbox 2077 4064 2292 4128; x_wconf 86' lang='lat' dir='ltr'><strong>civitate,</strong></span> <span class='ocrx_word' id='word_1_758' title='bbox 2340 4073 2546 4133; x_wconf 86' lang='lat' dir='ltr'><strong>propter</strong></span> <span class='ocrx_word' id='word_1_759' title='bbox 2574 4062 2690 4118; x_wconf 80' lang='lat' dir='ltr'><strong>illos</strong></span> <span class='ocrx_word' id='word_1_760' title='bbox 2744 4081 2950 4134; x_wconf 87' lang='lat' dir='ltr'><strong>parcam</strong></span> <span class='ocrx_word' id='word_1_761' title='bbox 2993 4065 3083 4118; x_wconf 91' lang='lat' dir='ltr'><strong>toti</strong></span> <span class='ocrx_word' id='word_1_762' title='bbox 3122 4066 3254 4121; x_wconf 89' lang='lat' dir='ltr'><strong>loco.</strong></span> <span class='ocrx_word' id='word_1_763' title='bbox 3319 4067 3464 4124; x_wconf 85' lang='lat' dir='ltr'><strong>Dabo</strong></span> <span class='ocrx_word' id='word_1_764' title='bbox 3515 4069 3618 4125; x_wconf 89' lang='lat' dir='ltr'><strong>hoc</strong></span> <span class='ocrx_word' id='word_1_765' title='bbox 3644 4113 3659 4136; x_wconf 92' lang='lat'><strong>,</strong></span> 
     </span>
    </p>
   </div>
   <div class='ocr_carea' id='block_1_104' title="bbox 2078 4156 3662 4226">
    <p class='ocr_par' dir='ltr' id='par_1_104' title="bbox 2078 4156 3662 4226">
     <span class='ocr_line' id='line_1_104' title="bbox 2078 4156 3662 4226; baseline 0.004 -16"><span class='ocrx_word' id='word_1_766' title='bbox 2078 4157 2266 4226; x_wconf 90' lang='lat' dir='ltr'><strong>inquit,</strong></span> <span class='ocrx_word' id='word_1_767' title='bbox 2310 4156 2887 4226; x_wconf 85' lang='lat' dir='ltr'><strong>quinquagintajustis,</strong></span> <span class='ocrx_word' id='word_1_768' title='bbox 2918 4156 2964 4211; x_wconf 91' lang='lat' dir='ltr'><strong>si</strong></span> <span class='ocrx_word' id='word_1_769' title='bbox 2995 4158 3195 4212; x_wconf 85' lang='lat' dir='ltr'><strong>inventi</strong></span> <span class='ocrx_word' id='word_1_770' title='bbox 3220 4158 3440 4225; x_wconf 86' lang='lat' dir='ltr'><strong>fuerint,</strong></span> <span class='ocrx_word' id='word_1_771' title='bbox 3465 4171 3516 4217; x_wconf 90' lang='lat' dir='ltr'><strong>et</strong></span> <span class='ocrx_word' id='word_1_772' title='bbox 3543 4164 3662 4217; x_wconf 90' lang='lat' dir='ltr'><strong>aliis</strong></span> 
     </span>
    </p>
   </div>
   <div class='ocr_carea' id='block_1_105' title="bbox 2078 4239 3659 4324">
    <p class='ocr_par' dir='ltr' id='par_1_105' title="bbox 2078 4239 3659 4324">
     <span class='ocr_line' id='line_1_105' title="bbox 2078 4239 3659 4324; baseline 0.005 -22"><span class='ocrx_word' id='word_1_773' title='bbox 2078 4249 2300 4303; x_wconf 89' lang='lat' dir='ltr'><strong>salutem</strong></span> <span class='ocrx_word' id='word_1_774' title='bbox 2353 4239 2690 4318; x_wconf 65' lang='lat' dir='ltr'><strong>impertiam,</strong></span> <span class='ocrx_word' id='word_1_775' title='bbox 2749 4259 2802 4303; x_wconf 91' lang='lat' dir='ltr'><strong>et</strong></span> <span class='ocrx_word' id='word_1_776' title='bbox 2845 4250 3154 4319; x_wconf 89' lang='lat' dir='ltr'><strong>petitionem</strong></span> <span class='ocrx_word' id='word_1_777' title='bbox 3208 4260 3349 4306; x_wconf 90' lang='lat' dir='ltr'><strong>tuam</strong></span> <span class='ocrx_word' id='word_1_778' title='bbox 3409 4254 3659 4324; x_wconf 89' lang='lat' dir='ltr'><strong>implebo.</strong></span> 
     </span>
    </p>
   </div>
   <div class='ocr_carea' id='block_1_106' title="bbox 2082 4339 3663 4418">
    <p class='ocr_par' dir='ltr' id='par_1_106' title="bbox 2082 4339 3663 4418">
     <span class='ocr_line' id='line_1_106' title="bbox 2082 4339 3663 4418; baseline 0.004 -23"><span class='ocrx_word' id='word_1_779' title='bbox 2082 4339 2275 4395; x_wconf 84' lang='lat' dir='ltr'><strong>Verum</strong></span> <span class='ocrx_word' id='word_1_780' title='bbox 2331 4340 2604 4395; x_wconf 86' lang='lat' dir='ltr'><strong>videamus</strong></span> <span class='ocrx_word' id='word_1_781' title='bbox 2638 4341 2837 4410; x_wconf 88' lang='lat' dir='ltr'><strong>justum</strong></span> <span class='ocrx_word' id='word_1_782' title='bbox 2891 4341 3076 4409; x_wconf 92' lang='lat' dir='ltr'><strong>illum,</strong></span> <span class='ocrx_word' id='word_1_783' title='bbox 3137 4345 3406 4410; x_wconf 89' lang='lat' dir='ltr'><strong>quomodo</strong></span> <span class='ocrx_word' id='word_1_784' title='bbox 3451 4357 3663 4418; x_wconf 85' lang='lat' dir='ltr'><strong>arrepta</strong></span> 
     </span>
    </p>
   </div>
   <div class='ocr_carea' id='block_1_107' title="bbox 2081 4431 3663 4504">
    <p class='ocr_par' dir='ltr' id='par_1_107' title="bbox 2081 4431 3663 4504">
     <span class='ocr_line' id='line_1_107' title="bbox 2081 4431 3663 4504; baseline 0.003 -19"><span class='ocrx_word' id='word_1_785' title='bbox 2081 4431 2295 4497; x_wconf 81' lang='lat' dir='ltr'><strong>ﬁducia,</strong></span> <span class='ocrx_word' id='word_1_786' title='bbox 2330 4441 2384 4486; x_wconf 86' lang='lat' dir='ltr'><strong>ct</strong></span> <span class='ocrx_word' id='word_1_787' title='bbox 2405 4431 2580 4501; x_wconf 87' lang='lat' dir='ltr'><strong>agnita</strong></span> <span class='ocrx_word' id='word_1_788' title='bbox 2609 4431 2892 4486; x_wconf 91' lang='lat' dir='ltr'><strong>clementia</strong></span> <span class='ocrx_word' id='word_1_789' title='bbox 2936 4431 3063 4500; x_wconf 89' lang='lat' dir='ltr'><strong>Dei,</strong></span> <span class='ocrx_word' id='word_1_790' title='bbox 3115 4432 3303 4487; x_wconf 90' lang='lat' dir='ltr'><strong>iterum</strong></span> <span class='ocrx_word' id='word_1_791' title='bbox 3340 4433 3495 4488; x_wconf 87' lang='lat' dir='ltr'><strong>aliam</strong></span> <span class='ocrx_word' id='word_1_792' title='bbox 3528 4439 3663 4504; x_wconf 89' lang='lat' dir='ltr'><strong>peti-</strong></span> 
     </span>
    </p>
   </div>
   <div class='ocr_carea' id='block_1_108' title="bbox 2081 4523 3669 4596">
    <p class='ocr_par' dir='ltr' id='par_1_108' title="bbox 2081 4523 3669 4596">
     <span class='ocr_line' id='line_1_108' title="bbox 2081 4523 3669 4596; baseline 0.003 -20"><span class='ocrx_word' id='word_1_793' title='bbox 2081 4523 2280 4578; x_wconf 89' lang='lat' dir='ltr'><strong>tionem</strong></span> <span class='ocrx_word' id='word_1_794' title='bbox 2328 4523 2500 4587; x_wconf 81' lang='lat' dir='ltr'><strong>aﬂ&#39;crl,</strong></span> <span class='ocrx_word' id='word_1_795' title='bbox 2548 4531 2600 4577; x_wconf 92' lang='lat' dir='ltr'><strong>et</strong></span> <span class='ocrx_word' id='word_1_796' title='bbox 2644 4523 2814 4592; x_wconf 88' lang='lat' dir='ltr'><strong>inquit</strong></span> <span class='ocrx_word' id='word_1_797' title='bbox 2863 4539 2876 4575; x_wconf 94' lang='lat'>:</span> <span class='ocrx_word' id='word_1_798' title='bbox 2921 4523 3009 4577; x_wconf 74' lang='lat'><strong>27.</strong></span> <span class='ocrx_word' id='word_1_799' title='bbox 3061 4523 3216 4577; x_wconf 86' lang='lat' dir='ltr'><strong>Nunc</strong></span> <span class='ocrx_word' id='word_1_800' title='bbox 3257 4526 3386 4595; x_wconf 74' lang='lat' dir='ltr'><strong>ccepi</strong></span> <span class='ocrx_word' id='word_1_801' title='bbox 3424 4526 3562 4596; x_wconf 84' lang='lat' dir='ltr'><strong>loqui</strong></span> <span class='ocrx_word' id='word_1_802' title='bbox 3598 4529 3669 4580; x_wconf 85' lang='lat' dir='ltr'><strong>ad</strong></span> 
     </span>
    </p>
   </div>
   <div class='ocr_carea' id='block_1_109' title="bbox 2082 4614 3668 4682">
    <p class='ocr_par' dir='ltr' id='par_1_109' title="bbox 2082 4614 3668 4682">
     <span class='ocr_line' id='line_1_109' title="bbox 2082 4614 3668 4682; baseline 0.004 -16"><span class='ocrx_word' id='word_1_803' title='bbox 2082 4614 2357 4667; x_wconf 85' lang='lat' dir='ltr'><strong>Dominum</strong></span> <span class='ocrx_word' id='word_1_804' title='bbox 2405 4630 2592 4674; x_wconf 87' lang='lat' dir='ltr'><strong>meum,</strong></span> <span class='ocrx_word' id='word_1_805' title='bbox 2627 4629 2720 4682; x_wconf 83' lang='lat' dir='ltr'><strong>ego</strong></span> <span class='ocrx_word' id='word_1_806' title='bbox 2766 4622 2933 4666; x_wconf 88' lang='lat' dir='ltr'><strong>autem</strong></span> <span class='ocrx_word' id='word_1_807' title='bbox 2982 4630 3091 4667; x_wconf 88' lang='lat' dir='ltr'><strong>sum</strong></span> <span class='ocrx_word' id='word_1_808' title='bbox 3140 4624 3273 4668; x_wconf 89' lang='lat' dir='ltr'><strong>terra</strong></span> <span class='ocrx_word' id='word_1_809' title='bbox 3315 4625 3363 4668; x_wconf 88' lang='lat' dir='ltr'><strong>et</strong></span> <span class='ocrx_word' id='word_1_810' title='bbox 3390 4618 3536 4670; x_wconf 87' lang='lat' dir='ltr'><strong>cinis.</strong></span> <span class='ocrx_word' id='word_1_811' title='bbox 3590 4618 3668 4673; x_wconf 90' lang='lat' dir='ltr'><strong>Nc</strong></span> 
     </span>
    </p>
   </div>
   <div class='ocr_carea' id='block_1_110' title="bbox 2082 4703 3688 4776">
    <p class='ocr_par' dir='ltr' id='par_1_110' title="bbox 2082 4703 3688 4776">
     <span class='ocr_line' id='line_1_110' title="bbox 2082 4703 3688 4776; baseline 0.004 -18"><span class='ocrx_word' id='word_1_812' title='bbox 2082 4714 2252 4774; x_wconf 86' lang='lat' dir='ltr'><strong>putes,</strong></span> <span class='ocrx_word' id='word_1_813' title='bbox 2304 4704 2490 4773; x_wconf 90' lang='lat' dir='ltr'><strong>inquit,</strong></span> <span class='ocrx_word' id='word_1_814' title='bbox 2548 4703 2800 4766; x_wconf 91' lang='lat' dir='ltr'><strong>Domine,</strong></span> <span class='ocrx_word' id='word_1_815' title='bbox 2852 4718 2937 4758; x_wconf 90' lang='lat' dir='ltr'><strong>me</strong></span> <span class='ocrx_word' id='word_1_816' title='bbox 2986 4705 3229 4773; x_wconf 87' lang='lat' dir='ltr'><strong>ignorare</strong></span> <span class='ocrx_word' id='word_1_817' title='bbox 3273 4705 3558 4776; x_wconf 66' lang='lat' dir='ltr'><strong>meipsum,</strong></span> <span class='ocrx_word' id='word_1_818' title='bbox 3616 4724 3688 4764; x_wconf 76' lang='grc' dir='ltr'><strong>ρι-</strong></span> 
     </span>
    </p>
   </div>
   <div class='ocr_carea' id='block_1_111' title="bbox 2083 4793 3668 4866">
    <p class='ocr_par' dir='ltr' id='par_1_111' title="bbox 2083 4793 3668 4866">
     <span class='ocr_line' id='line_1_111' title="bbox 2083 4793 3668 4866; baseline 0.001 -15"><span class='ocrx_word' id='word_1_819' title='bbox 2083 4793 2379 4866; x_wconf 85' lang='lat' dir='ltr'><strong>transgredi</strong></span> <span class='ocrx_word' id='word_1_820' title='bbox 2430 4808 2775 4857; x_wconf 89' lang='lat' dir='ltr'><strong>mensuram,</strong></span> <span class='ocrx_word' id='word_1_821' title='bbox 2831 4801 2886 4846; x_wconf 91' lang='lat' dir='ltr'><strong>et</strong></span> <span class='ocrx_word' id='word_1_822' title='bbox 2939 4802 3081 4847; x_wconf 89' lang='lat' dir='ltr'><strong>tanta</strong></span> <span class='ocrx_word' id='word_1_823' title='bbox 3127 4794 3200 4847; x_wconf 89' lang='lat' dir='ltr'><strong>uti</strong></span> <span class='ocrx_word' id='word_1_824' title='bbox 3257 4794 3467 4852; x_wconf 81' lang='lat' dir='ltr'><strong>ﬁducia.</strong></span> <span class='ocrx_word' id='word_1_825' title='bbox 3541 4799 3668 4854; x_wconf 86' lang='lat' dir='ltr'><strong>Scio</strong></span> 
     </span>
    </p>
   </div>
   <div class='ocr_carea' id='block_1_112' title="bbox 2083 4884 3670 4952">
    <p class='ocr_par' dir='ltr' id='par_1_112' title="bbox 2083 4884 3670 4952">
     <span class='ocr_line' id='line_1_112' title="bbox 2083 4884 3670 4952; baseline 0.003 -11"><span class='ocrx_word' id='word_1_826' title='bbox 2083 4890 2247 4952; x_wconf 89' lang='lat' dir='ltr'><strong>enim,</strong></span> <span class='ocrx_word' id='word_1_827' title='bbox 2297 4901 2385 4940; x_wconf 90' lang='lat' dir='ltr'><strong>me</strong></span> <span class='ocrx_word' id='word_1_828' title='bbox 2435 4895 2630 4939; x_wconf 90' lang='lat' dir='ltr'><strong>terram</strong></span> <span class='ocrx_word' id='word_1_829' title='bbox 2671 4899 2790 4940; x_wconf 87' lang='lat' dir='ltr'><strong>esse</strong></span> <span class='ocrx_word' id='word_1_830' title='bbox 2843 4892 2898 4940; x_wconf 89' lang='lat' dir='ltr'><strong>et</strong></span> <span class='ocrx_word' id='word_1_831' title='bbox 2941 4884 3174 4940; x_wconf 90' lang='lat' dir='ltr'><strong>cinerem</strong></span> <span class='ocrx_word' id='word_1_832' title='bbox 3208 4887 3339 4941; x_wconf 89' lang='lat' dir='ltr'><strong>:sed</strong></span> <span class='ocrx_word' id='word_1_833' title='bbox 3386 4889 3523 4944; x_wconf 88' lang='lat' dir='ltr'><strong>sicut</strong></span> <span class='ocrx_word' id='word_1_834' title='bbox 3570 4890 3670 4946; x_wconf 85' lang='lat' dir='ltr'><strong>huc</strong></span> 
     </span>
    </p>
   </div>
   <div class='ocr_carea' id='block_1_113' title="bbox 2083 4973 3675 5050">
    <p class='ocr_par' dir='ltr' id='par_1_113' title="bbox 2083 4973 3675 5050">
     <span class='ocr_line' id='line_1_113' title="bbox 2083 4973 3675 5050; baseline 0 -18"><span class='ocrx_word' id='word_1_835' title='bbox 2083 4977 2212 5042; x_wconf 91' lang='lat' dir='ltr'><strong>scio,</strong></span> <span class='ocrx_word' id='word_1_836' title='bbox 2243 4985 2298 5031; x_wconf 88' lang='lat' dir='ltr'><strong>et</strong></span> <span class='ocrx_word' id='word_1_837' title='bbox 2321 4973 2601 5031; x_wconf 89' lang='lat' dir='ltr'><strong>manifeste</strong></span> <span class='ocrx_word' id='word_1_838' title='bbox 2629 4975 2762 5038; x_wconf 92' lang='lat' dir='ltr'><strong>scio,</strong></span> <span class='ocrx_word' id='word_1_839' title='bbox 2791 4975 2862 5028; x_wconf 91' lang='lat' dir='ltr'><strong>ita</strong></span> <span class='ocrx_word' id='word_1_840' title='bbox 2892 4989 3066 5044; x_wconf 90' lang='lat' dir='ltr'><strong>neque</strong></span> <span class='ocrx_word' id='word_1_841' title='bbox 3102 4976 3228 5030; x_wconf 82' lang='lat' dir='ltr'><strong>illud</strong></span> <span class='ocrx_word' id='word_1_842' title='bbox 3249 4977 3463 5049; x_wconf 80' lang='lat' dir='ltr'><strong>ignoro,</strong></span> <span class='ocrx_word' id='word_1_843' title='bbox 3490 4982 3675 5050; x_wconf 78' lang='lat' dir='ltr'><strong>copio-</strong></span> 
     </span>
    </p>
   </div>
   <div class='ocr_carea' id='block_1_114' title="bbox 2084 5065 3679 5136">
    <p class='ocr_par' dir='ltr' id='par_1_114' title="bbox 2084 5065 3679 5136">
     <span class='ocr_line' id='line_1_114' title="bbox 2084 5065 3679 5136; baseline -0.001 -12"><span class='ocrx_word' id='word_1_844' title='bbox 2084 5083 2199 5124; x_wconf 88' lang='lat' dir='ltr'><strong>sam</strong></span> <span class='ocrx_word' id='word_1_845' title='bbox 2241 5081 2360 5122; x_wconf 89' lang='lat' dir='ltr'><strong>esse</strong></span> <span class='ocrx_word' id='word_1_846' title='bbox 2401 5077 2506 5121; x_wconf 75' lang='lat' dir='ltr'><strong>tute</strong></span> <span class='ocrx_word' id='word_1_847' title='bbox 2536 5065 2834 5121; x_wconf 72' lang='lat' dir='ltr'><strong>clementiae</strong></span> <span class='ocrx_word' id='word_1_848' title='bbox 2860 5065 3297 5136; x_wconf 81' lang='lat' dir='ltr'><strong>magnitudinem,</strong></span> <span class='ocrx_word' id='word_1_849' title='bbox 3341 5077 3488 5124; x_wconf 68' lang='lat' dir='ltr'><strong>et-te</strong></span> <span class='ocrx_word' id='word_1_850' title='bbox 3534 5071 3679 5124; x_wconf 78' lang='lat' dir='ltr'><strong>divi-</strong></span> 
     </span>
    </p>
   </div>
   <div class='ocr_carea' id='block_1_115' title="bbox 2087 5155 3683 5224">
    <p class='ocr_par' dir='ltr' id='par_1_115' title="bbox 2087 5155 3683 5224">
     <span class='ocr_line' id='line_1_115' title="bbox 2087 5155 3683 5224; baseline -0.003 -12"><span class='ocrx_word' id='word_1_851' title='bbox 2087 5167 2192 5213; x_wconf 89' lang='lat' dir='ltr'><strong>tem</strong></span> <span class='ocrx_word' id='word_1_852' title='bbox 2243 5172 2364 5212; x_wconf 87' lang='lat' dir='ltr'><strong>esse</strong></span> <span class='ocrx_word' id='word_1_853' title='bbox 2417 5156 2682 5220; x_wconf 85' lang='lat' dir='ltr'><strong>bonitate,</strong></span> <span class='ocrx_word' id='word_1_854' title='bbox 2738 5155 2981 5224; x_wconf 79' lang='lat' dir='ltr'><strong>velleque</strong></span> <span class='ocrx_word' id='word_1_855' title='bbox 3008 5157 3466 5212; x_wconf 88' lang='lat' dir='ltr'><strong>omneshomincs</strong></span> <span class='ocrx_word' id='word_1_856' title='bbox 3491 5159 3683 5212; x_wconf 55' lang='lat' dir='ltr'><strong>salvi»:</strong></span> 
     </span>
    </p>
   </div>
   <div class='ocr_carea' id='block_1_116' title="bbox 2087 5247 3681 5318">
    <p class='ocr_par' dir='ltr' id='par_1_116' title="bbox 2087 5247 3681 5318">
     <span class='ocr_line' id='line_1_116' title="bbox 2087 5247 3681 5318; baseline -0.005 -12"><span class='ocrx_word' id='word_1_857' title='bbox 2087 5251 2222 5306; x_wconf 87' lang='lat' dir='ltr'><strong>ﬁeri.</strong></span> <span class='ocrx_word' id='word_1_858' title='bbox 2273 5247 2404 5302; x_wconf 87' lang='lat' dir='ltr'><strong>Nam</strong></span> <span class='ocrx_word' id='word_1_859' title='bbox 2448 5262 2584 5318; x_wconf 87' lang='lat' dir='ltr'><strong>quos</strong></span> <span class='ocrx_word' id='word_1_860' title='bbox 2620 5263 2685 5301; x_wconf 80' lang='lat' dir='ltr'><strong>ex</strong></span> <span class='ocrx_word' id='word_1_861' title='bbox 2737 5247 2902 5301; x_wconf 90' lang='lat' dir='ltr'><strong>nihilo</strong></span> <span class='ocrx_word' id='word_1_862' title='bbox 2929 5247 3240 5317; x_wconf 76' lang='lat' dir='ltr'><strong>produxisti,</strong></span> <span class='ocrx_word' id='word_1_863' title='bbox 3280 5248 3548 5317; x_wconf 87' lang='lat' dir='ltr'><strong>quomodo</strong></span> <span class='ocrx_word' id='word_1_864' title='bbox 3607 5250 3681 5302; x_wconf 81' lang='lat' dir='ltr'><strong>fa-</strong></span> 
     </span>
    </p>
   </div>
   <div class='ocr_carea' id='block_1_117' title="bbox 2087 5338 3680 5411">
    <p class='ocr_par' dir='ltr' id='par_1_117' title="bbox 2087 5338 3680 5411">
     <span class='ocr_line' id='line_1_117' title="bbox 2087 5338 3680 5411; baseline -0.002 -14"><span class='ocrx_word' id='word_1_865' title='bbox 2087 5349 2204 5397; x_wconf 89' lang='lat' dir='ltr'><strong>ctos</strong></span> <span class='ocrx_word' id='word_1_866' title='bbox 2234 5339 2512 5411; x_wconf 88' lang='lat' dir='ltr'><strong>perderes,</strong></span> <span class='ocrx_word' id='word_1_867' title='bbox 2549 5338 2879 5409; x_wconf 82' lang='lat' dir='ltr'><strong>nisi-magna</strong></span> <span class='ocrx_word' id='word_1_868' title='bbox 2930 5347 3072 5394; x_wconf 85' lang='lat' dir='ltr'><strong>esset</strong></span> <span class='ocrx_word' id='word_1_869' title='bbox 3113 5348 3452 5407; x_wconf 87' lang='lat' dir='ltr'><strong>peccatorum</strong></span> <span class='ocrx_word' id='word_1_870' title='bbox 3479 5343 3680 5410; x_wconf 78' lang='lat' dir='ltr'><strong>copia?</strong></span> 
     </span>
    </p>
   </div>
   <div class='ocr_carea' id='block_1_118' title="bbox 2088 5429 3672 5504">
    <p class='ocr_par' dir='ltr' id='par_1_118' title="bbox 2088 5429 3672 5504">
     <span class='ocr_line' id='line_1_118' title="bbox 2088 5429 3672 5504; baseline 0 -16"><span class='ocrx_word' id='word_1_871' title='bbox 2088 5434 2288 5489; x_wconf 84' lang='lat' dir='ltr'><strong>Idcirco</strong></span> <span class='ocrx_word' id='word_1_872' title='bbox 2325 5433 2527 5487; x_wconf 80' lang='lat' dir='ltr'><strong>iterum</strong></span> <span class='ocrx_word' id='word_1_873' title='bbox 2549 5445 2644 5486; x_wconf 87' lang='lat' dir='ltr'><strong>oro</strong></span> <span class='ocrx_word' id='word_1_874' title='bbox 2669 5440 2722 5486; x_wconf 85' lang='lat' dir='ltr'><strong>et</strong></span> <span class='ocrx_word' id='word_1_875' title='bbox 2750 5445 2958 5500; x_wconf 86' lang='lat' dir='ltr'><strong>precor,</strong></span> <span class='ocrx_word' id='word_1_876' title='bbox 2991 5429 3080 5483; x_wconf 70' lang='lat'><strong>28.</strong></span> <span class='ocrx_word' id='word_1_877' title='bbox 3123 5430 3184 5482; x_wconf 86' lang='lat' dir='ltr'><strong>Si</strong></span> <span class='ocrx_word' id='word_1_878' title='bbox 3218 5430 3481 5498; x_wconf 85' lang='lat' dir='ltr'><strong>pauciores</strong></span> <span class='ocrx_word' id='word_1_879' title='bbox 3520 5437 3672 5504; x_wconf 82' lang='lat' dir='ltr'><strong>quin-</strong></span> 
     </span>
    </p>
   </div>
   <div class='ocr_carea' id='block_1_119' title="bbox 2089 5519 3668 5596">
    <p class='ocr_par' dir='ltr' id='par_1_119' title="bbox 2089 5519 3668 5596">
     <span class='ocr_line' id='line_1_119' title="bbox 2089 5519 3668 5596; baseline -0.003 -17"><span class='ocrx_word' id='word_1_880' title='bbox 2089 5525 2329 5596; x_wconf 86' lang='lat' dir='ltr'><strong>quaginta</strong></span> <span class='ocrx_word' id='word_1_881' title='bbox 2381 5522 2821 5592; x_wconf 59' lang='lat' dir='ltr'><strong>inrenti-fuerint,</strong></span> <span class='ocrx_word' id='word_1_882' title='bbox 2853 5530 2899 5573; x_wconf 91' lang='lat' dir='ltr'><strong>et</strong></span> <span class='ocrx_word' id='word_1_883' title='bbox 2935 5519 3271 5588; x_wconf 85' lang='lat' dir='ltr'><strong>quadraginta</strong></span> <span class='ocrx_word' id='word_1_884' title='bbox 3313 5522 3533 5592; x_wconf 89' lang='lat' dir='ltr'><strong>quinque</strong></span> <span class='ocrx_word' id='word_1_885' title='bbox 3587 5528 3668 5595; x_wconf 82' lang='lat' dir='ltr'><strong>fu-</strong></span> 
     </span>
    </p>
   </div>
   <div class='ocr_carea' id='block_1_120' title="bbox 2091 5609 3681 5682">
    <p class='ocr_par' dir='ltr' id='par_1_120' title="bbox 2091 5609 3681 5682">
     <span class='ocr_line' id='line_1_120' title="bbox 2091 5609 3681 5682; baseline -0.001 -12"><span class='ocrx_word' id='word_1_886' title='bbox 2091 5617 2222 5670; x_wconf 78' lang='lat' dir='ltr'><strong>erint</strong></span> <span class='ocrx_word' id='word_1_887' title='bbox 2266 5617 2320 5671; x_wconf 86' lang='lat' dir='ltr'><strong>in</strong></span> <span class='ocrx_word' id='word_1_888' title='bbox 2368 5615 2567 5669; x_wconf 80' lang='lat' dir='ltr'><strong>civitate</strong></span> <span class='ocrx_word' id='word_1_889' title='bbox 2601 5613 2751 5682; x_wconf 85' lang='lat' dir='ltr'><strong>justi,</strong></span> <span class='ocrx_word' id='word_1_890' title='bbox 2799 5627 2899 5664; x_wconf 89' lang='lat' dir='ltr'><strong>non</strong></span> <span class='ocrx_word' id='word_1_891' title='bbox 2929 5609 3147 5664; x_wconf 82' lang='lat' dir='ltr'><strong>salvabis</strong></span> <span class='ocrx_word' id='word_1_892' title='bbox 3175 5611 3469 5666; x_wconf 80' lang='lat' dir='ltr'><strong>civitatem?</strong></span> <span class='ocrx_word' id='word_1_893' title='bbox 3494 5613 3567 5668; x_wconf 82' lang='lat' dir='ltr'><strong>Et</strong></span> <span class='ocrx_word' id='word_1_894' title='bbox 3592 5618 3681 5669; x_wconf 77' lang='lat' dir='ltr'><strong>di-</strong></span> 
     </span>
    </p>
   </div>
   <div class='ocr_carea' id='block_1_121' title="bbox 2090 5699 3675 5775">
    <p class='ocr_par' dir='ltr' id='par_1_121' title="bbox 2090 5699 3675 5775">
     <span class='ocr_line' id='line_1_121' title="bbox 2090 5699 3675 5775; baseline 0 -16"><span class='ocrx_word' id='word_1_895' title='bbox 2090 5706 2165 5760; x_wconf 76' lang='lat' dir='ltr'><strong>xit</strong></span> <span class='ocrx_word' id='word_1_896' title='bbox 2213 5722 2233 5759; x_wconf 89' lang='lat'><strong><em>:</em></strong></span> <span class='ocrx_word' id='word_1_897' title='bbox 2274 5703 2335 5759; x_wconf 87' lang='lat' dir='ltr'><strong>Si</strong></span> <span class='ocrx_word' id='word_1_898' title='bbox 2369 5701 2764 5774; x_wconf 75' lang='lat' dir='ltr'><strong>inventi-fuerint</strong></span> <span class='ocrx_word' id='word_1_899' title='bbox 2793 5699 3134 5771; x_wconf 85' lang='lat' dir='ltr'><strong>quadraginta</strong></span> <span class='ocrx_word' id='word_1_900' title='bbox 3170 5703 3406 5774; x_wconf 85' lang='lat' dir='ltr'><strong>quinque,</strong></span> <span class='ocrx_word' id='word_1_901' title='bbox 3431 5720 3530 5758; x_wconf 89' lang='lat' dir='ltr'><strong>non</strong></span> <span class='ocrx_word' id='word_1_902' title='bbox 3557 5724 3675 5775; x_wconf 66' lang='grc' dir='ltr'><strong>νοτ-υ</strong></span> 
     </span>
    </p>
   </div>
   <div class='ocr_carea' id='block_1_122' title="bbox 2096 5793 3688 5867">
    <p class='ocr_par' dir='ltr' id='par_1_122' title="bbox 2096 5793 3688 5867">
     <span class='ocr_line' id='line_1_122' title="bbox 2096 5793 3688 5867; baseline 0.001 -15"><span class='ocrx_word' id='word_1_903' title='bbox 2096 5800 2233 5852; x_wconf 79' lang='lat' dir='ltr'><strong>dum.</strong></span> <span class='ocrx_word' id='word_1_904' title='bbox 2276 5798 2405 5866; x_wconf 70' lang='lat' dir='ltr'><strong>Quis</strong></span> <span class='ocrx_word' id='word_1_905' title='bbox 2443 5811 2540 5867; x_wconf 88' lang='lat' dir='ltr'><strong>pro</strong></span> <span class='ocrx_word' id='word_1_906' title='bbox 2575 5794 2826 5865; x_wconf 81' lang='lat' dir='ltr'><strong>dignitate</strong></span> <span class='ocrx_word' id='word_1_907' title='bbox 2852 5793 3131 5850; x_wconf 85' lang='lat' dir='ltr'><strong>Dominum</strong></span> <span class='ocrx_word' id='word_1_908' title='bbox 3161 5796 3688 5864; x_wconf 54' lang='lat' dir='ltr'><strong>omniumlaudarit,</strong></span> 
     </span>
    </p>
   </div>
  </div>
