2039 3219
214 221 250 247 ob
273 221 373 246 tantam
397 215 551 252 patientiam
574 220 653 250 atque
677 214 868 250 indulgentiam
884 224 891 241 :
905 213 946 241 vel
969 212 1014 247 ju-

213 270 287 291 stum
299 264 408 292 beatum
421 261 583 298 praedicarit,
596 265 667 288 tanta
683 260 825 297 praeditum
840 259 954 287 ﬁducia?
965 258 1013 286 29.

216 310 252 338 Et
274 310 381 346 adjecit,
407 309 502 344 inquit.
526 309 594 335 ultra
609 308 686 343 loqui,
711 313 735 335 et
754 308 819 334 dixit
836 315 846 334 :
869 307 900 335 Si
920 306 1014 334 inventi

214 358 310 391 fuerint
322 357 356 383 ibi
369 355 538 392 quadraginta
548 354 562 381 .’
584 354 617 381 Et
632 354 696 381 dixit
719 360 729 381 :
748 353 809 380 Non
824 352 929 389 perdam
952 360 1013 387 pro-

214 409 271 438 pter
295 402 473 438 quadraginta.
500 401 567 428 Exin
591 401 667 436 quasi
691 400 823 428 reveritus
848 399 1012 427 inell'abilem

213 450 261 477 Dei
286 449 439 485 patientiam
461 448 560 484 justus,
586 452 614 475 et
635 447 734 474 timens
746 453 781 474 ne
796 445 865 474 forte
879 444 1013 480 precando

212 495 336 523 rideatur
358 494 552 523 transcendere
566 493 688 527 modum,
704 493 768 521 dicit
784 502 791 520 :
806 492 850 521 50.
868 492 1010 527 Numqnia,

213 541 334 575 Domine,
354 541 378 568 si
397 541 487 577 loquar
507 548 517 568 :
542 540 573 568 Si
596 540 691 567 inventi
715 539 809 575 fuerint
828 538 864 565 ibi
889 537 1013 573 triginta!

211 587 281 621 Quia
302 591 425 623 paratum
447 586 548 613 invenit
570 585 604 613 ad
626 584 855 617 misericordiam,
886 591 939 611 non
956 583 1012 618 jam

212 634 341 668 paulatim
362 633 498 665 diminuit,
524 639 611 667 neque
634 632 753 667 quinque
773 630 860 665 iustos
874 629 1010 662 detrahit,

212 681 260 709 sed
286 681 391 713 decem,
421 684 448 708 et
473 680 513 707 sic
533 679 611 707 aﬂert
635 677 814 714 patrocinium
834 685 841 704 :
866 676 898 704 Si
920 675 1012 703 inventi

213 729 306 764 fuerint
322 728 375 756 illic
387 727 491 762 triginta
502 726 515 753 .’
529 725 564 753 Et
577 725 642 753 dixit
654 733 663 752 :
675 724 736 752 Non
747 724 863 759 perdam,
877 723 898 750 si
909 723 1011 750 iuuene-

212 774 262 800 rim
275 774 328 801 illic
349 773 464 808 triginta.
486 771 678 800 Animadverte
692 774 791 806 quanta
803 769 869 805 justi
883 772 1011 797 constan-

212 821 248 846 tia
261 828 269 852 ;
294 819 372 855 quasi
386 819 443 854 ipse
458 818 528 845 foret
542 816 675 845 obnoxius
688 816 840 847 sententiae,
854 815 889 842 ita
907 815 1012 849 eripere

211 865 302 893 studet
326 872 342 892 a
366 872 444 900 paena
461 863 660 892 Sodomitarum
673 867 791 898 gentem.
805 862 849 890 3t.
877 861 912 888 Et
926 861 990 888 dixit
1001 881 1010 895 ,

211 911 332 941 quoniam
346 919 449 944 possunt
460 910 529 944 loqui
542 909 577 936 ad
590 908 728 936 Dominum
746 916 755 935 :
769 908 800 936 Si
812 908 905 935 inventi
917 908 1012 944 fuerint

210 956 246 983 ibi
260 956 368 991 viginti?
392 954 428 982 Et
449 955 514 982 dixit
540 962 550 981 :
572 953 632 982 Non
656 954 761 989 perdam
791 959 895 989 propter
911 953 1008 989 viginti.

210 1001 324 1029 Omnem
339 1008 491 1029 sermonem
507 1000 672 1028 transcendit
693 1005 721 1028 et
742 1008 850 1028 omnem
871 1000 1011 1035 cogitatio-

210 1054 273 1074 nem
288 1046 393 1074 Domini
406 1046 522 1074 bonitas.
537 1045 603 1080 Quis
618 1046 689 1073 enim
703 1051 834 1077 nostruml
855 1046 899 1080 qui
915 1046 941 1072 in
955 1053 1012 1072 me-

210 1092 257 1120 dio
279 1091 444 1120 inﬁnitarum
468 1092 600 1119 malorum
624 1099 773 1124 versamur,
799 1091 879 1119 vellet
901 1090 1012 1119 ferendo

210 1137 372 1165 sententiam
387 1141 481 1165 contra
495 1137 634 1172 proximos
650 1141 724 1166 tanta
739 1138 777 1165 uti
791 1137 955 1172 indulgentia
969 1141 1011 1164 at-

209 1190 263 1218 que
275 1183 414 1210 clementia
423 1181 435 1210 2

246 1228 274 1256 5.
294 1227 486 1256 Verumtamen
498 1229 587 1263 justus
601 1229 647 1256 ille
666 1228 761 1256 videns
773 1228 881 1256 divitias
892 1227 1011 1256 clemen-

209 1273 254 1301 tim
270 1272 327 1307 Dei,
341 1281 394 1301 non
404 1274 535 1306 subsistit,
547 1274 594 1302 sed
606 1275 702 1302 iterum
713 1274 777 1302 dicit
789 1284 796 1302 :
808 1275 852 1302 52.
866 1275 1010 1309 Numquid,

208 1319 321 1347 Domine
332 1340 339 1353 ,
356 1320 377 1346 si
392 1320 482 1355 loquar
496 1320 581 1347 adhue
595 1320 692 1347 semel?
706 1320 773 1347 Nam
795 1321 856 1356 quia
870 1321 1012 1349 ineli'abilis

210 1369 271 1392 erat
289 1364 441 1397 tolerantia,
456 1370 565 1400 propter
578 1365 629 1393 hoc
648 1366 780 1394 reveritus
792 1373 826 1394 ne
840 1371 868 1394 et
889 1367 1010 1402 indigna-

213 1411 314 1438 tionem
327 1410 456 1439 adversus
470 1418 500 1439 se
509 1416 629 1439 moveret
637 1412 695 1447 ejus
708 1412 753 1447 qui
768 1413 920 1447 rogabatur,
935 1413 1010 1441 dicit:

215 1456 361 1492 Numquid,
376 1456 506 1484 Domine?
520 1457 588 1484 Num
600 1458 769 1486 temerarium
783 1459 907 1494 quiddam
921 1460 1011 1488 iacio?

212 1502 279 1529 dicit
294 1511 300 1528 :
315 1510 380 1529 num
402 1502 594 1537 impudentiam
616 1511 673 1539 pra:
695 1512 739 1531 me
759 1504 837 1532 fero?
860 1512 923 1532 num
943 1512 1012 1540 opus

212 1547 439 1575 condemnatione
454 1548 564 1583 dignum
578 1548 656 1581 facio.
668 1549 691 1576 si
700 1552 794 1583 loquar
807 1549 894 1578 adhuc
907 1551 1011 1579 semel?

210 1593 264 1622 Pro
275 1600 371 1627 magna
377 1597 403 1620 et
414 1593 583 1621 inenarrabili
591 1594 709 1622 bonitate
716 1602 760 1622 tua
765 1601 852 1623 anuuc
860 1603 939 1623 unam
949 1604 1010 1624 ora.

207 1641 308 1667 tionem
316 1639 431 1674 accipito
439 1647 453 1667 a
460 1640 549 1673 mc,Si
556 1646 639 1668 autem
649 1642 741 1669 inventi
746 1642 841 1677 [uerint
850 1642 904 1670 illic
911 1643 1010 1671 decem?

205 1685 242 1714 Et
254 1685 339 1713 dixit:
355 1685 415 1712 Non
427 1686 532 1721 perdam
539 1692 643 1722 propter
652 1687 748 1715 decem.
759 1687 792 1716 Et
806 1688 867 1724 quia
879 1690 953 1723 prius
965 1689 1008 1717 di-

206 1733 248 1759 xit
265 1742 272 1760 :
287 1733 378 1760 Adhuc
390 1734 467 1760 semel
480 1734 570 1769 loquar
580 1734 593 1761 ?
606 1735 651 1762 55.
663 1734 741 1769 Abiit,
771 1736 867 1771 inquit,
884 1736 1008 1764 Dominus

206 1784 340 1814 postquam
350 1785 489 1807 cessaverat
499 1780 568 1815 loqui
578 1780 704 1814 Abt-alue;
716 1786 738 1808 et
751 1781 880 1809 Abraham
895 1791 1008 1810 reuersus

205 1826 279 1853 estin
297 1825 379 1853 locum
394 1835 478 1853 suum.
490 1826 600 1854 Vidistis
615 1827 758 1855 Dominum
775 1827 809 1855 ad
829 1832 947 1856 nostram
963 1830 1007 1856 inv

206 1872 360 1898 ﬁrmitatem
374 1879 404 1899 se
421 1871 620 1900 demittentem?
639 1873 743 1901 vidistis
753 1878 780 1901 et
791 1875 856 1909 justi
864 1883 926 1910 erga
940 1875 1007 1904 alios

204 1916 350 1944 allectum?
374 1917 504 1945 didicistis
526 1922 624 1953 quanta
639 1918 679 1946 vis
698 1919 733 1946 sit
747 1927 840 1948 eorum
854 1921 898 1956 qui
918 1922 1004 1949 virtu-

205 1967 260 1990 tem
274 1964 420 1991 exercent?
432 1963 460 1991 Si
473 1963 545 1991 enim
562 1964 662 1993 inventi
676 1964 784 1998 fuerint,
799 1967 896 2002 inquit,
911 1967 1004 1996 decem

201 2007 283 2042 justi,
309 2012 419 2043 propter
445 2008 506 2037 illos
524 2010 649 2038 omnibus
675 2011 861 2040 remissionem
885 2014 1004 2042 concedo

207 2058 393 2089 peccatorum.
408 2053 466 2082 Non
479 2054 549 2083 bene
563 2055 693 2090 dicebam,
704 2057 762 2085 hmc
772 2059 861 2086 omnia
876 2059 945 2087 facta
958 2068 1002 2088 es-

205 2108 246 2133 se,
262 2105 293 2128 ut
307 2100 379 2128 nulla
392 2105 486 2137 postea
500 2101 668 2138 relinquatur
682 2103 854 2139 impudenter
868 2104 1002 2140 loquenti—

201 2147 254 2176 bus
266 2147 464 2176 contradicendi
479 2150 604 2177 occasio?
617 2149 684 2177 Sunt
692 2150 763 2177 enim
773 2150 850 2179 multi
863 2151 1000 2180 insanien-

201 2194 279 2226 tium,
295 2194 341 2229 qui
364 2193 461 2222 infreni
487 2194 575 2230 lingua
587 2199 615 2223 et
637 2195 838 2231 reprehendere
857 2202 885 2225 et
910 2197 999 2227 dicere

200 2240 301 2268 audent
318 2249 326 2268 :
348 2240 437 2275 Quare
460 2241 570 2270 incensa
591 2246 654 2270 sunt
676 2242 812 2271 Sodoma?
826 2243 854 2272 Si
868 2245 1000 2279 patienter

201 2286 306 2314 tulisset
326 2294 373 2314 eos
399 2287 544 2321 Dominus,
570 2288 638 2316 forte
661 2289 846 2324 paenitentiam
870 2291 996 2326 egissent.

202 2332 315 2367 Propter
330 2332 380 2361 hoc
393 2334 565 2362 ostendittibi
582 2335 707 2371 nequitiae
720 2337 945 2372 exsuperantiam;
961 2337 998 2365 ita

200 2378 269 2408 utin
286 2383 359 2406 tanta
377 2379 547 2407 multitudine
571 2385 643 2408 tanta
661 2381 767 2410 virtutis
781 2383 890 2417 penuria
905 2382 996 2417 fuerit,

199 2427 229 2450 ut
243 2422 296 2450 alio
308 2423 424 2458 quodam
445 2424 545 2453 diluvio
561 2426 701 2461 indigeret,
724 2431 751 2455 et
773 2429 851 2463 quale
871 2429 947 2465 prius
969 2430 994 2457 in

200 2468 300 2501 mundo
319 2467 376 2495 fuit.
394 2468 447 2496 Sed
473 2470 534 2505 quia
547 2471 688 2505 promissio
698 2471 745 2500 Dei
762 2479 814 2508 est,
838 2479 866 2502 ut
881 2482 934 2502 non
955 2476 996 2503 ul-

198 2519 238 2542 tra
252 2515 306 2543 tale
323 2513 452 2544 inferatur
472 2516 645 2551 supplicium,
661 2523 800 2553 propterea
815 2521 897 2549 alium
906 2529 993 2556 piens:

196 2561 306 2588 modum
320 2561 463 2596 excogitat,
477 2561 556 2589 simul
567 2561 601 2590 de
614 2563 666 2591 illis
679 2571 772 2598 poenas
782 2572 893 2595 sumens
905 2572 932 2594 et
942 2576 992 2604 po-

196 2606 276 2634 steris
290 2607 416 2635 omnibus
432 2612 589 2643 perpetuam
603 2609 724 2643 praebens
739 2611 899 2641 doctrinam.
919 2614 993 2649 Quo.

195 2650 267 2680 uiam
277 2653 348 2681 enim
359 2658 461 2682 natura:
470 2654 543 2689 leges
556 2655 753 2690 subverterant,
777 2663 804 2686 et
824 2660 925 2688 alienos
938 2662 976 2689 illi

194 2697 316 2732 citosque
327 2700 513 2734 excogitarant
524 2701 621 2735 coitus,
634 2702 733 2731 idcirco
742 2704 877 2734 insolitum
888 2709 990 2744 suppli-

195 2741 230 2770 cii
255 2742 364 2770 modum
379 2745 483 2773 induxit
503 2752 616 2783 propter
639 2748 746 2778 illorum
760 2741 948 2787 iniquitame
962 2761 990 2784 et

195 2791 275 2818 ter-rte
287 2787 389 2815 viscera
404 2789 505 2818 inutilia
519 2792 644 2827 reddens,
660 2800 688 2822 et
702 2796 796 2825 relicto
806 2799 919 2832 posteris
930 2808 988 2828 mo-

193 2832 315 2878 nimento
330 2839 466 2869 perpetuo,
481 2841 510 2864 ut
530 2845 564 2865 ne
584 2840 678 2868 eadem
691 2844 808 2878 aggressi
831 2845 857 2873 in
879 2844 987 2874 easdem

193 2877 311 2910 incidant
325 2886 426 2916 partes.
443 2881 613 2912 Licctautcm
627 2877 772 2917 volcttliiad
786 2891 842 2918 loca
860 2892 901 2919 illa
922 2900 984 2927 pcr’

574 156 594 184 S
623 156 762 184 JOANNIS
780 154 1019 183 CIIRYSOSTOHI
1040 154 1199 183 ARCHIEP.
1218 156 1487 185 CONSTANTINOP.

1813 165 1877 193 3%

1069 219 1134 248 gere
1146 213 1238 242 videre
1253 214 1338 249 ipsam
1353 221 1468 249 terram,
1482 221 1511 243 ut
1529 216 1564 244 ita
1579 216 1666 245 dicam
1676 239 1684 252 ,
1705 218 1881 248 clamantem

1067 264 1095 287 et
1108 260 1295 289 ostendentem
1309 262 1431 297 supplicii
1440 263 1550 298 vestigia
1560 269 1621 298 pert
1635 269 1689 292 tam
1703 266 1807 294 multos
1820 274 1880 294 an-

1067 313 1128 341 nos,
1145 307 1220 342 quasi
1236 307 1293 335 beri
1315 309 1357 336 vel
1378 309 1458 337 hodie
1478 310 1607 345 impressa
1623 320 1631 338 :
1653 317 1709 339 tam
1726 313 1879 341 manifesta

1067 353 1216 381 ostenditur
1230 354 1387 390 indignatio.
1400 355 1462 383 Ideo
1471 357 1596 391 obsecro,
1606 363 1635 385 ut
1649 359 1730 386 alieni
1744 360 1878 395 supplicii

1066 399 1189 434 exemplo
1205 401 1432 435 noseastigemur.

1104 444 1154 473 Hic
1162 447 1265 482 impune
1274 452 1402 481 pereuntes
1410 449 1524 475 acerbius
1535 450 1704 483 punierit-ﬁn
1715 450 1798 478 altera
1808 453 1880 485 vita;

1066 490 1202 525 proborum
1216 500 1294 519 causa
1314 492 1383 520 Deus
1398 495 1521 528 patienter
1533 497 1583 530 fert
1599 502 1800 530 peetutorea.—
1815 497 1876 526 Sed

1065 536 1133 564 forte
1154 537 1251 565 dixerit
1271 539 1367 574 aliquis
1381 548 1388 565 τ
1404 539 1474 574 Quid
1489 542 1572 576 ergo?
1585 550 1634 570 cur
1647 543 1685 570 illi
1704 551 1800 578 pmnas
1819 545 1875 573 de-

1065 583 1174 610 derunt?
1185 591 1275 612 nonne
1287 590 1350 612 sunt
1361 586 1443 613 etiam
1454 594 1525 614 nune
1539 588 1617 615 multi
1626 589 1672 623 qui
1682 589 1780 617 eadem
1790 597 1875 618 com-

1064 629 1173 656 mittunt
1183 629 1295 663 scelera,
1313 638 1400 665 neque
1415 636 1502 659 tamen
1514 633 1679 667 partiuntur?
1693 634 1785 662 Etiam
1800 644 1809 663 :
1821 636 1873 664 sed

1065 674 1117 703 hoc
1137 675 1302 710 potissimam
1318 677 1448 712 majorem
1463 685 1572 713 poenam
1590 680 1748 708 conciliabit
1763 681 1797 709 iis
1823 683 1872 717 qui

1066 719 1127 747 talia
1140 725 1294 756 perpetrant
1306 722 1325 748 ¹.
1336 722 1449 756 Quando
1461 724 1534 751 enim
1547 732 1602 752 non
1614 726 1779 761 castigamur
1787 735 1821 755 ex
1837 728 1875 755 iis

1064 773 1124 799 quae
1135 765 1188 793 illis
1197 767 1368 800 acciderunt.
1382 773 1409 795 et
1421 775 1472 797 nec
1491 769 1628 804 quidpiam
1644 772 1722 800 nobis
1744 774 1874 808 provenit

1064 810 1131 838 lucri
1143 818 1177 838 ex
1188 812 1314 846 patientia
1321 813 1378 845 Dei,
1394 815 1481 849 cogita
1493 816 1629 849 quomodo
1643 817 1719 844 illum
1734 818 1873 846 inexstin-

1064 858 1191 892 guibilem
1205 858 1294 894 ignem
1310 859 1494 889 vehementius
1506 862 1709 898 nobismetipsis
1724 866 1875 892 succendi—

1064 911 1134 937 mus,
1160 908 1188 931 et
1210 905 1337 933 acerbum
1361 914 1478 934 vermem
1502 915 1637 943 paramus.
1661 909 1871 945 Verumtamen,

1064 949 1126 984 quia
1137 955 1245 986 propter
1256 952 1368 986 gratiam
1384 952 1431 980 Dei
1445 958 1507 981 sunt
1528 959 1557 981 et
1580 962 1653 982 nunc
1667 956 1745 983 multi
1767 957 1873 986 virtute

1065 996 1179 1031 prmditi,
1195 997 1240 1032 qui
1266 997 1373 1033 placare
1392 1005 1504 1034 possunt
1524 1000 1683 1034 Dominum,
1707 1003 1779 1030 sicut
1803 1008 1872 1032 tune

1065 1041 1214 1076 patriarcha
1229 1051 1236 1069 :
1254 1045 1357 1071 tametsi
1372 1052 1430 1077 nos,
1447 1053 1507 1072 eum
1524 1053 1574 1073 nos
1588 1047 1663 1082 ipsos
1682 1049 1870 1083 attendimus,

1065 1091 1092 1115 et
1105 1092 1224 1114 nostram
1239 1089 1359 1116 videmus
1371 1090 1512 1125 desidiam,
1529 1096 1654 1127 putamus
1669 1095 1766 1121 miram
1779 1096 1870 1123 virtu-

1066 1133 1099 1160 tis
1111 1134 1250 1162 raritatem
1266 1143 1272 1161 :
1286 1139 1404 1163 attamen
1419 1141 1529 1171 propter
1545 1138 1653 1166 illorum
1670 1139 1810 1174 virtutem,
1824 1149 1871 1168 era

1064 1186 1097 1215 3a
1108 1179 1174 1207 alios
1189 1181 1258 1208 Deus
1280 1182 1433 1216 patientiam
1452 1182 1571 1211 exhibet.
1588 1184 1623 1212 Et
1637 1189 1665 1212 ut
1682 1186 1753 1214 scias
1772 1187 1870 1216 talium

1065 1227 1203 1255 hominum
1235 1228 1331 1256 ﬁducia
1355 1230 1433 1257 nobis
1453 1230 1500 1258 Dei
1530 1230 1686 1265 patientiam
1712 1234 1868 1269 conciliari,

1064 1273 1126 1300 audi
1144 1281 1177 1300 ex
1205 1274 1254 1301 hac
1277 1274 1334 1310 ipsa
1356 1274 1478 1310 historia,
1494 1277 1558 1311 quid
1580 1277 1653 1305 dicat
1676 1280 1841 1314 patriarcha:
1861 1290 1867 1308 :

1065 1318 1097 1347 Si
1111 1320 1195 1347 decem
1213 1321 1297 1355 justas
1318 1322 1435 1349 invenero
1447 1343 1454 1354 ,
1471 1329 1522 1350 non
1548 1324 1654 1359 perdam
1672 1326 1809 1354 civitatem.
1834 1328 1869 1356 Et

1064 1365 1127 1400 quid
1142 1365 1202 1393 dico
1215 1366 1307 1394 decem
1321 1367 1427 1401 justos?
1441 1368 1534 1396 Nullus
1547 1370 1672 1399 inventus
1687 1371 1741 1400 illic
1763 1373 1798 1400 ab
1813 1374 1868 1401 ini-

1064 1411 1165 1446 quitate
1185 1412 1298 1445 alienus,
1315 1413 1367 1440 nisi
1379 1414 1452 1441 solus
1466 1414 1516 1442 Lot
1524 1413 1623 1450 justus,
1637 1422 1666 1444 et
1683 1418 1742 1452 ejus
1753 1419 1815 1447 dua:
1831 1420 1868 1447 ti-

1065 1457 1117 1484 liae.
1134 1457 1207 1485 Uxor
1221 1458 1294 1486 enim
1311 1465 1420 1494 propter
1434 1460 1521 1495 ipsum
1542 1462 1611 1490 forte
1626 1470 1736 1497 ponam
1747 1465 1867 1494 civitatis

1063 1503 1165 1539 etl'ugit,
1178 1509 1271 1539 postea
1284 1509 1372 1532 tamen
1383 1513 1491 1541 pinnam
1498 1507 1691 1543 deditignavize
1703 1517 1770 1537 sum.
1787 1511 1867 1541 Nunc

1063 1553 1152 1577 autem
1170 1555 1281 1585 propter
1300 1551 1462 1580 inetiabilem
1477 1553 1526 1580 Dei
1544 1554 1759 1583 misericordiam
1770 1578 1778 1590 ,
1801 1558 1866 1592 quia

1063 1597 1148 1632 pietas
1164 1598 1359 1626 incrementum
1380 1598 1506 1634 sumpsit,
1530 1601 1606 1628 multi
1621 1603 1702 1629 etiam
1723 1604 1750 1630 in
1766 1605 1866 1633 mediis

1062 1644 1214 1671 civitatibus
1228 1645 1340 1672 latentes
1358 1650 1470 1679 possunt
1490 1646 1596 1680 placare
1611 1648 1704 1680 Deum,
1720 1654 1748 1676 et
1765 1650 1811 1677 alii
1836 1651 1865 1679 in

1061 1690 1197 1717 montibus
1209 1694 1236 1718 et
1245 1690 1389 1725 speluncis,
1405 1698 1603 1728 paucorumqoe
1618 1693 1703 1722 virtus
1716 1696 1865 1726 multorum

1061 1739 1151 1770 tegere
1160 1736 1230 1763 valet
1239 1736 1378 1764 malitiam.
1392 1736 1472 1764 Multa
1485 1738 1556 1765 enim
1568 1739 1673 1766 Domini
1689 1740 1795 1769 bonitas
1806 1748 1862 1776 est,

1060 1786 1087 1808 et
1100 1789 1171 1817 saepe
1195 1781 1263 1809 solet
1272 1782 1353 1809 etiam
1366 1787 1475 1817 propter
1487 1791 1587 1818 paucos
1601 1785 1694 1813 multis
1707 1786 1773 1814 dare
1786 1787 1863 1815 salu-

1061 1832 1125 1856 tem.
1146 1828 1179 1855 Et
1193 1828 1255 1863 quid
1277 1828 1346 1860 dico.
1375 1834 1484 1864 propter
1506 1837 1607 1864 paucos
1628 1831 1738 1865 iustos?
1766 1833 1859 1868 Saepe,

1060 1875 1165 1909 quando
1179 1884 1230 1902 non
1244 1875 1368 1901 inventus
1381 1881 1420 1902 est
1438 1876 1462 1902 in
1479 1878 1604 1910 praesenti
1623 1879 1780 1912 ritajustus,
1798 1887 1862 1914 pro-

1059 1927 1118 1956 pter
1138 1922 1322 1949 defunctorum
1336 1923 1478 1956 virtutem,
1500 1924 1645 1951 viventium
1666 1926 1812 1954 miseretur
1833 1933 1862 1955 et.

1058 1976 1148 1995 curam
1165 1968 1243 1995 habet
1257 1977 1263 1994 :
1277 1968 1450 1996 nndeelamat
1461 1969 1552 1996 dicens
1564 1978 1570 1996 :
1582 1969 1720 2006 Prolegam
1732 1972 1860 2000 civitatem

1058 2015 1123 2040 hanc
1146 2019 1247 2048 propter
1262 2022 1310 2046 me,
1330 2019 1352 2041 et
1375 2020 1478 2049 propter
1502 2015 1585 2042 David
1600 2025 1708 2051 puerum
1730 2027 1813 2045 meum
1830 2021 1859 2053 (4

1057 2059 1121 2094 Reg.
1138 2059 1180 2085 19.
1196 2060 1264 2093 54);
1287 2060 1361 2094 quasi
1377 2059 1478 2087 diceret
1493 2069 1500 2086 :
1518 2060 1591 2088 Licet
1613 2062 1661 2097 ipsi
1679 2062 1780 2099 indigni
1803 2066 1858 2092 sint

1055 2105 1099 2140 qui
1113 2110 1262 2137 serventur,
1274 2110 1301 2132 et
1314 2106 1412 2132 nullam
1427 2107 1519 2133 salutis
1534 2107 1650 2135 habeant
1666 2111 1837 2137 occasionem
1849 2121 1856 2138 :

1055 2160 1146 2179 verum
1160 2152 1221 2187 quia
1237 2152 1329 2179 solitus
1351 2159 1408 2178 sum
1431 2153 1640 2181 misericorditer
1664 2163 1756 2190 agere.
1778 2161 1806 2184 et
1821 2158 1855 2185 ad

1054 2197 1234 2225 miserandum
1261 2203 1398 2232 prontptus
1410 2206 1468 2225 sum
1483 2204 1509 2226 ct
1520 2199 1553 2226 ad
1572 2200 1740 2235 eripiendum
1755 2211 1770 2229 e
1784 2204 1856 2231 cala-

1053 2244 1197 2275 mitatibus,
1215 2250 1323 2279 propter
1332 2245 1473 2279 meipsum,
1485 2250 1512 2272 et
1520 2251 1630 2280 propter
1640 2255 1753 2282 puerum
1763 2258 1854 2278 meum

1053 2290 1135 2317 David
1152 2295 1288 2325 protegam
1302 2299 1307 2316 :
1320 2296 1347 2317 et
1358 2291 1402 2325 qui
1421 2296 1482 2317 ante
1497 2296 1535 2318 tot
1556 2299 1641 2320 annos
1654 2302 1669 2320 c
1684 2295 1736 2321 vita
1752 2297 1854 2330 migra-

1051 2336 1097 2367 vit,
1117 2335 1158 2362 hic
1173 2340 1264 2363 auctor
1279 2341 1320 2364 est
1334 2336 1425 2364 salutis
1441 2337 1474 2364 iis
1486 2338 1529 2372 qui
1543 2346 1589 2365 sua
1603 2346 1664 2366 sese
1678 2341 1854 2374 perdiderant

1051 2382 1161 2408 desidia.
1173 2382 1266 2410 Vidisti
1278 2383 1446 2410 clementiam
1461 2383 1577 2417 Domini,
1588 2386 1723 2420 quomodo
1738 2395 1786 2414 eos
1805 2390 1851 2423 qni

1052 2428 1152 2455 virtute
1183 2429 1299 2463 pollent,
1334 2430 1434 2456 honore
1455 2430 1554 2463 afﬁcit,
1578 2433 1724 2466 praeponit,
1746 2439 1773 2460 et
1802 2436 1851 2462 toti

1050 2473 1212 2500 multitudini
1224 2474 1388 2508 mquiparat?
1401 2475 1569 2510 Quapropter
1580 2483 1605 2503 et
1618 2476 1716 2505 Paulus
1730 2479 1849 2508 dicebat:

1051 2518 1281 2546 Obambulavcrunt
1291 2520 1317 2546 in
1331 2520 1411 2546 ovilli:
1420 2521 1580 2556 caprinisque
1593 2523 1712 2557 pellibus,
1722 2525 1849 2559 destituti,

1049 2566 1138 2599 pressi,
1152 2565 1246 2600 afﬂicti,
1265 2566 1354 2600 quibus
1367 2566 1487 2602 indignus
1499 2572 1551 2594 erat
1563 2569 1672 2596 mundus
1688 2569 1698 2605 (
1710 2570 1790 2597 Hebr.
1803 2572 1849 2599 Η.

1048 2611 1091 2638 57.
1104 2611 1159 2646 58).
1177 2611 1260 2638 Totus
1271 2633 1277 2644 ,
1295 2612 1394 2646 inquit,
1418 2613 1469 2640 iste
1491 2614 1607 2641 mundus
1620 2635 1627 2647 ,
1643 2621 1669 2642 et
1685 2621 1757 2643 totus
1774 2618 1849 2646 orbis

1048 2665 1101 2683 non
1112 2663 1152 2684 est
1167 2657 1343 2685 c0nlerendus
1359 2658 1390 2685 iis
1406 2659 1449 2694 qui
1473 2659 1499 2686 in
1520 2659 1713 2688 alﬂietionibus
1726 2667 1754 2689 ct
1771 2671 1848 2697 pres-

1051 2703 1130 2735 suris,
1146 2702 1300 2730 etnuditate
1313 2708 1394 2738 agunt
1406 2708 1433 2731 et
1455 2704 1636 2739 obambulant,
1651 2711 1678 2733 et
1697 2706 1723 2733 in
1738 2708 1849 2742 spelun-

1045 2749 1084 2776 cis
1098 2753 1238 2775 vcrsantur
1248 2754 1355 2784 propter
1371 2750 1463 2777 Deum.

1078 2806 1085 2821 ι
1104 2805 1173 2829 Savil.
1187 2809 1213 2839 et
1224 2811 1327 2839 quatuor
1336 2810 1387 2839 Mss.
1401 2805 1493 2839 :Etiarrt
1505 2806 1564 2839 {sed
1575 2806 1618 2832 hoc
1631 2808 1782 2839 potissimum
1792 2817 1845 2836 ma-

1039 2837 1121 2867 jorem
1133 2836 1277 2870 anxietatem
1287 2837 1373 2870 quintis
1385 2837 1472 2870 nostris
1483 2837 1585 2868 injicere
1592 2836 1688 2870 poterit.
1700 2842 1745 2864 Sed
1760 2841 1846 2866 lectio-

1043 2874 1099 2891 nem
1112 2868 1210 2895 )tot'elli,
1223 2875 1278 2898 quzn
1291 2869 1375 2893 melior
1388 2868 1491 2895 videtur,
1506 2868 1654 2899 retinemus;
1667 2873 1712 2895 sub
1726 2872 1777 2897 haec
1788 2880 1843 2899 tua-

1044 2905 1091 2927 qua
1105 2899 1245 2922 "its-,‘t‘l'ulttt‘
1260 2907 1281 2923 ltt
1296 2903 1346 2923 itas.
1363 2903 1385 2923 ct
1396 2906 1417 2930 ut
1427 2899 1457 2923 uti
1468 2899 1536 2924 δεηι.
1552 2902 1665 2926 varietas.
