4078 6458
237 365 333 420 S9!

234 478 431 546 έθηκε,
463 481 649 554 φησὶν,
681 486 1070 560 ἔτιλαλῆσαι,
1107 492 1406 550 καὶεῖπεν·
1427 499 1560 552 Ἐὰν
1581 497 1903 566 δὲεύρεθῶ-

235 581 340 654 σιν
367 567 502 622 ἐκεῖ
527 575 979 644 τεσσαράκοντα
995 597 1015 646 ;
1045 582 1152 636 Καὶ
1187 579 1385 638 εἶπεν·
1405 587 1484 639 Οὐ
1505 585 1591 654 μὴ
1621 585 1906 640 ἀπολέσω

236 652 449 744 ἔτεκεν
472 657 594 713 τῶν
629 665 1100 732 τεσσαράκοντα.
1134 665 1266 725 Εἶτα
1308 652 1711 744 λοιπὸν-ὥσπερ
1757 674 1903 726 αἰδε-

232 740 391 831 σθεὶς
433 745 530 799 τοῦ
571 746 712 803 Θεοῦ
742 751 838 822 τὴν
869 752 1076 824 ἄφατον
1109 761 1490 831 μακροθυμίαν
1513 740 1778 825 ὀδίκαιος,
1812 761 1904 814 καὶ

229 827 427 894 δεδιὼς
442 834 666 919 μήποτε
697 839 790 891 καὶ
815 839 940 912 δόξῃ
973 827 1340 916 ὑπερϐαίνειν,
1365 827 1464 900 καὶ
1508 848 1652 919 πέρα
1693 846 1786 900 τοῦ
1812 848 1904 918 μέ·

233 931 364 982 τρου
397 917 498 990 τὴν
526 923 736 979 ίκεσίαν
761 929 1049 995 ποιεῖσθαι,
1107 934 1262 1003 φησί·
1289 935 1385 1003 Μή
1440 952 1517 1000 τι,
1559 917 1758 1003 Κύριε,
1796 917 1904 988 ἐὰν

237 1003 513 1092 λαλήσω·
552 1009 693 1066 Ἐὰν
713 1014 1042 1082 εὑρεθῶσιν
1061 1019 1193 1073 ἐκεῖ
1205 1022 1559 1091 τριάκοντα;
1593 1023 1810 1092 Ἐπειδὴ
1835 1016 1906 1074 εἴ·

228 1086 330 1180 δεν-
351 1091 574 1164 ἕτοιμον
623 1099 759 1169 πρὸς
797 1086 1370 1176 φιλανθρωπίανίούκ
1407 1110 1488 1164 ἔτι
1538 1086 1679 1164 κατὰ
1708 1086 1902 1180 μικίρδν

232 1177 587 1269 ἱεῗιθυφίησιν,
641 1187 764 1240 οὑδὲ
804 1188 966 1244 πέντε
1011 1193 1252 1259 δικαίους
1310 1196 1633 1269 παραλιπὼν
1664 1177 1720 1262 ι,
1769 1177 1902 1249 ἀλλά

225 1262 386 1357 δέκα,
417 1269 562 1357 οὕτω
591 1276 860 1345 προσάγει
881 1281 983 1350 τὴν
1004 1284 1372 1355 παράκλησιν,
1395 1262 1489 1339 καί
1520 1301 1704 1357 φησιν·
1759 1283 1903 1338 Ἐὰν

229 1354 560 1444 εύρεθῶσιν
571 1361 704 1416 ἐκεῖ
719 1365 1032 1433 τριάκοντα
1045 1387 1064 1435 ;
1081 1374 1134 1426 Κ
1129 1372 1190 1426 αὶ
1200 1354 1386 1428 εἶπεν·
1409 1377 1492 1429 Οὺ
1601 1372 1899 1437 ἀπολέσω,

226 1438 339 1531 ἐάν
364 1443 520 1513 εὕρω
574 1447 699 1502 ἐκεΞ
741 1452 1075 1519 τριάκοντα.
1113 1460 1311 1514 Σκόπει
1341 1462 1482 1531 πόση
1501 1438 1600 1514 τοῦ
1634 1460 1900 1530 δικαίουὴ

229 1530 472 1621 εῦτονίαο
505 1535 758 1611 καθάπερ
799 1542 962 1608 αὐτὸς
1013 1547 1223 1616 μέλλων
1275 1550 1576 1612 ὑπεύθυνος
1630 1552 1696 1621 τῇ
1735 1549 1901 1619 ψήφῳ

224 1615 504 1708 γίνεσθαι,
537 1623 679 1678 οὕτω
712 1628 910 1700 πολλὴν
954 1615 1160 1688 τίθεται
1192 1637 1296 1706 τὴν
1332 1637 1565 1708 σπουδὴν
1595 1615 1900 1706 ἐξαρπάσαι

228 1703 328 1795 τῇς
368 1707 674 1781 μελλούσης
718 1715 1021 1784 ἐπάγεσθαι
1054 1703 1325 1795 τιμωρίας
1354 1725 1414 1777 τὸ
1460 1703 1567 1778 τῶν
1595 1703 1900 1795 Σοδομιτῶν

225 1787 401 1855 ἔθνος.
431 1796 542 1849 Καὶ
563 1795 752 1854 εἶπεν·
770 1802 1006 1876 Ἐπειδὴ
1040 1787 1158 1878 ἔχω
1182 1787 1451 1880 λαλῆσαι
1485 1811 1633 1879 πρὸς
1656 1787 1763 1864 τότε
1786 1811 1902 1864 Κύ-

223 1891 381 1943 ριον,
426 1880 569 1936 Ἐὰν
593 1885 662 1938 δὲ
691 1890 1018 1957 εὑρεθῶσιν
1048 1895 1422 1962 ἐκεῖεϊκοσι;
1451 1899 1560 1952 Καὶ
1597 1895 1786 1951 εἶπεν·
1818 1899 1899 1952 Οὐ

225 1963 321 2056 ξιῆ-
335 1966 624 2024 ἀπολέσω
671 1975 880 2033 ἕνεκεν
913 1982 1033 2037 τῶν
1076 1985 1291 2040 εἴκοσι.
1345 1986 1531 2040 Πάντα
1551 1987 1708 2055 λόγον
1732 1987 1900 2056 ὑπερ-

225 2048 406 2143 δαίνει
443 2057 537 2110 καὶ
564 2061 743 2115 πᾶσαν
774 2063 981 2122 ἔννοιαν
1008 2071 1040 2140 ἡ
1069 2070 1163 2122 τοῦ
1199 2073 1466 2125 Δεσπότου
1493 2048 1783 2143 ἀγαθότης.
1805 2048 1900 2136 Τίς

229 2142 338 2234 Υέρ
373 2147 533 2217 ἡμῶν
562 2151 670 2206 τῶν
711 2157 770 2208 ἐν
818 2159 966 2230 μέσῳ
1028 2164 1238 2233 μυρίων
1284 2162 1470 2217 κακῶν
1516 2142 1899 2234 στρεφομένων

227 2231 404 2288 εἵλετό
437 2253 562 2290 ποτε
595 2243 734 2297 κατά
763 2245 869 2298 τῶν
905 2247 1179 2317 ὁμογενῶν
1213 2250 1391 2320 ψῆφον
1423 2251 1667 2322 ἐκφέρων
1704 2249 1900 2303 τοσαύ-

223 2336 295 2394 τῃ
327 2324 640 2411 χρήσασθαι
665 2334 1070 2398 συγκαταὸάσει
1102 2337 1194 2390 καὶ
1221 2338 1624 2411 φιλανθρωπίας

297 2408 361 2464 ε’·
390 2411 532 2464 Ἀλλ’
545 2415 694 2485 ὅμως
714 2419 742 2471 6
761 2419 967 2485 δίκαιος
988 2417 1141 2488 οὗτος
1167 2425 1308 2496 ὁρῶν
1330 2427 1418 2478 τὸν
1447 2425 1673 2479 πλοῦτον
1690 2427 1787 2496 τῆς
1808 2424 1898 2477 τοῦ

227 2493 382 2570 [450]
407 2497 544 2555 Θεοῦ
570 2503 981 2578 φιλανθρωπίας
1009 2512 1106 2583 οὐχ
1134 2493 1366 2576 ἵσταται,
1387 2513 1519 2567 ἀλλὰ
1547 2513 1706 2567 πάλιν
1735 2493 1894 2582 φησί·

221 2585 321 2652 Μή
341 2604 421 2672 τι,
439 2591 638 2658 Κύριε,
661 2593 770 2648 ἐὰν
797 2597 1053 2664 λαλήσω
1073 2600 1158 2653 ἔτι
1180 2601 1342 2665 ἅπαξ
1348 2618 1366 2665 ;
1396 2603 1448 2654 Ἐ
1459 2602 1608 2670 πειδὴ
1629 2600 1735 2672 γὰρ
1757 2602 1898 2668 ἄφα-

222 2689 318 2738 τος
335 2669 407 2747 ἦν
427 2677 459 2748 ἡ
483 2680 860 2751 μακροθυμία,
879 2683 965 2737 διὰ
985 2685 1140 2739 τοῦτο
1169 2687 1420 2751 δεδοικὼς
1451 2687 1524 2760 μὴ
1550 2669 1642 2741 καὶ
1663 2669 1742 2751 είς
1763 2690 1898 2756 ἁγα-

223 2762 496 2835 νάκτησιν
521 2764 618 2838 τὴν
640 2772 764 2822 κατ’
790 2771 955 2824 αὑτοῦ
989 2777 1227 2846 κινήσειε
1255 2775 1345 2828 τὸν
1389 2776 1897 2848 παρακαλούμενον,

225 2852 362 2921 φησί
386 2869 399 2880 ·
421 2853 521 2922 Μή
549 2871 624 2918 τι,
655 2857 866 2925 Κύριεξ
897 2860 988 2930 Μὴ
1013 2863 1280 2932 προπετές
1305 2881 1357 2916 τι
1403 2863 1575 2930 ποιῶ;
1633 2863 1704 2934 μὴ
1746 2864 1900 2916 ἀναί-

226 2941 461 3009 σχυντόν
488 2959 541 2999 τι
571 2945 939 3017 ἐπιδείκνυμι;
977 2951 1049 3022 μὴ
1073 2952 1466 3021 καταγνώσεως
1492 2954 1638 3019 ἀξιον
1668 2955 1899 3024 πρᾶγμα

226 3025 656 3101 διαπράττομαι,
687 3034 782 3087 ἐὰν
811 3034 1027 3108 λαλήσω
1061 3038 1138 3091 ἔτι
1163 3039 1344 3105 {in-ag;
1374 3040 1529 3094 Μετὰ
1563 3041 1662 3110 τῆς
1699 3040 1900 3111 πολλῆς

227 3113 448 3186 ἐκείνης
488 3117 826 3190 άγαθότητος
860 3122 940 3176 ἔτι
970 3125 1100 3195 μίαν
1129 3127 1337 3180 ἱκεσίαν
1390 3126 1536 3192 δέξαι
1565 3128 1694 3198 παρ’
1741 3127 1895 3198 ἐμοῦ.

236 3202 378 3256 Ἐὰν
408 3203 477 3256 δὲ
516 3207 845 3273 εὑρεθῶσιν
894 3210 1021 3264 ἐκεῖ
1054 3211 1227 3276 δέκα;
1281 3213 1394 3268 Καὶ
1437 3209 1636 3267 εἶπεν·
1673 3217 1754 3266 Ob
1811 3214 1897 3282 μὴ

223 3284 512 3374 ἀπολέσω
547 3294 760 3352 ἕνεκεν
815 3296 932 3351 τῶν
988 3299 1152 3353 δέκα.
1211 3302 1322 3354 Καὶ
1375 3301 1558 3374 ἐπειδὴ
1618 3301 1898 3373 προλαϐὼν

223 3373 404 3443 εἷπεν,
457 3380 580 3434 Ἔτι
611 3381 776 3446 ἅπαξ
825 3385 1115 3452 labiae);
1162 3385 1439 3456 Ἀπῆλθε,
1472 3373 1627 3458 φησὶ,
1659 3389 1896 3456 Κύριος,

222 3463 306 3532 ὡς
335 3466 650 3523 ἐπαύσατο
673 3471 880 3524 λαλῶν
906 3471 986 3537 τῷ
1020 3473 1267 3543 Ἀϐραάμ
1287 3491 1300 3505 ο
1331 3475 1429 3529 καὶ
1484 3475 1738 3544 Ἀϐραὰμ
1785 3476 1900 3530 ὑπ-

224 3551 526 3623 έστρεψεν
557 3559 645 3624 είς
674 3559 782 3612 τὸν
812 3561 997 3614 τόπον
1027 3562 1236 3616 αὑτοῦ.
1291 3563 1472 3616 Είδετε
1500 3563 1592 3616 τοῦ
1627 3564 1897 3617 Δεσπότου

222 3640 325 3712 τὴν
362 3644 774 3712 ωγκατάὸασιν
795 3665 808 3713 ;
831 3649 996 3701 εἴδετε
1023 3648 1115 3701 τοῦ
1139 3648 1345 3703 δικαίου
1364 3649 1460 3723 τὴν
1487 3651 1895 3723 φιλοστοργίαν;

223 3727 462 3799 ἐμάθετε
493 3731 592 3803 ὅση
625 3733 658 3806 ὴ
697 3735 848 3802 ίσχίις
880 3735 987 3789 τῶν
1021 3736 1118 3806 τὴν
1169 3737 1369 3810 ἀρετὴν
1407 3739 1731 3807 μετιόντων;
1773 3740 1897 3793 Ἐάν

222 3816 334 3888 γὰρ
356 3817 648 3891 εὑρεθῶσι,
682 3823 835 3892 φησὶ,
863 3823 993 3877 δέκα
1019 3825 1238 3891 δίκαιοι,
1266 3827 1332 3880 δι’
1362 3827 1603 3891 ἐκείνους
1633 3829 1766 3881 πᾶσι
1800 3831 1898 3899 τὴν

225 3904 582 3979 συγχώρησιν
619 3908 728 3963 τῶν
760 3913 1166 3984 ἡμαρτημένων
1232 3915 1533 3987 δωροῦμαι.
1590 3918 1662 3972 Ού
1719 3917 1898 3980 καλῶς

222 3990 437 4063 ελεγον,
477 3995 560 4049 ὅτι
588 3997 764 4052 ταῦτα
792 4001 968 4054 πάντα
991 4001 1226 4072 ἐγένετο,
1262 4004 1349 4057 ἵνα
1391 4005 1631 4076 μηδεμία
1677 4005 1898 4059 καταλί-

220 4094 401 4151 πηται
437 4084 553 4147 τοῖς
587 4084 728 4155 μετὰ
775 4087 948 4143 ταῦτα
973 4090 1414 4161 ἀναισχυντοῦσιν
1437 4094 1746 4162 ἀντιλογίας
1794 4095 1900 4163 ὰφ-

220 4169 370 4239 ορμή
394 4185 410 4234 ;
437 4170 558 4224 Είσὶ
579 4172 686 4243 γάρ
703 4173 885 4228 πολλοὶ
909 4175 1015 4229 τῶν
1047 4179 1384 4250 μεμηνότων,
1404 4180 1700 4235 ἀκόλαστον
1727 4180 1897 4250 γλῶτο

222 4272 324 4309 ταν
335 4257 672 4328 ἐχοντες,καὶ
689 4263 964 4318 αἰτιᾶσθαι
989 4263 1302 4337 βουλόμενοι
1325 4269 1419 4322 καὶ
1438 4268 1684 4338 λέγοντες
1701 4286 1714 4301 ·
1735 4269 1896 4332 Τίνος

222 4343 415 4399 ἕνεκεν
440 4347 754 4422 ἐνεπρήσθη
779 4352 848 4405 τά
876 4353 1083 4425 Σόδομα
1105 4371 1118 4420 ;
1149 4356 1212 4409 El
1247 4356 1628 4428 μακροθυμίας
1654 4357 1897 4428 ἀπήλαυα

226 4448 353 4499 σαν,
388 4435 519 4500 ἴσως
549 4437 615 4492 ἂν
657 4441 1012 4513 μετενόησαν.
1047 4442 1144 4496 Διά
1177 4442 1333 4496 τοῦτο
1392 4443 1628 4499 δείκνυσί
1685 4462 1766 4497 σοι
1797 4445 1897 4516 τῆς

224 4521 429 4586 κακίας
465 4523 563 4595 τὴν
591 4525 841 4581 ἐπίτασιν
854 4527 904 4594 ι),
934 4529 1027 4582 καὶ
1071 4530 1154 4582 ὅτι
1186 4531 1243 4581 ἐν
1269 4529 1508 4600 τοσούτῳ
1567 4530 1764 4602 πλήθει
1804 4549 1896 4584 το-

223 4608 402 4682 σαύτη
430 4607 499 4683 ἦν
529 4612 728 4678 σπάνις
751 4614 972 4687 ἀρετῆς,
1007 4616 1082 4680 ὡς
1117 4615 1302 4689 ἐτέρου
1333 4617 1623 4672 κλυδωνίου
1651 4618 1892 4671 τοιούτου

218 4695 454 4763 δ;ἰσθαι,
481 4693 594 4753 οἷον
623 4701 887 4774 πρότερον
919 4703 1182 4758 κατέλαϐε
1205 4705 1303 4776 τὴν
1357 4705 1702 4776 οἰκουμένην.
1756 4706 1893 4760 Ἀλλ’

221 4784 415 4858 ἐπειδὴ
444 4786 740 4860 ὑπόσχεσίς
764 4793 879 4844 ἐστι
911 4790 1006 4845 τοῦ
1039 4792 1173 4846 Θεοῦ
1191 4836 1206 4861 ,
1234 4793 1373 4847 ὥστε
1411 4793 1608 4865 μηκέτι
1642 4793 1895 4864 τοιαύτην

219 4874 583 4947 ἐπενεχθῆναι
617 4879 909 4950 τιμωρίαν,
935 4880 1023 4934 διὰ
1066 4880 1220 4935 τοῦτο
1269 4882 1455 4956 ἕτερον
1498 4883 1697 4954 τρόπον
1725 4901 1895 4954 τιμω-

219 4961 347 5032 ρίας
380 4963 598 5031 ἐπάγει,
626 4965 764 5036 ὁμοῦ
819 4967 1104 5034 κάκείνους
1135 4969 1239 5023 ὑπὸ
1289 4971 1386 5042 τὴν
1427 4971 1695 5042 τιμωρίαν
1724 4972 1890 5040 ἄγων,

217 5050 319 5103 καὶ
355 5053 471 5115 τοῖς
502 5053 632 5123 ἑξῆς
669 5054 841 5108 ἆπασι
879 5054 1098 5128 διηνεκῆ
1126 5057 1224 5129 τὴν
1279 5056 1625 5112 διδασκαλίαν
1656 5059 1893 5130 παρεχό-

220 5154 408 5207 μενος.
445 5140 664 5212 Ἐπειδὴ
691 5143 800 5214 γὰρ
829 5143 1128 5216 ἀνέτρεψαν
1150 5147 1274 5210 τοὺς
1312 5146 1414 5217 τῆς
1440 5145 1653 5216 φύσεως
1675 5147 1891 5217 νόμους,

216 5225 317 5278 καὶ
350 5223 510 5291 ξένας
531 5229 626 5280 καὶ
657 5231 1010 5301 παρανόμους
1041 5233 1345 5304 ἐπενόησαν
1385 5234 1578 5306 μίξεις,
1612 5234 1700 5288 διὰ
1739 5234 1893 5288 τοῦτο

219 5310 374 5374 ξένον
400 5315 674 5386 τιμωρίας
711 5318 804 5370 τὸν
849 5319 1049 5391 τρόπον
1076 5321 1344 5394 ἐπήγαγε,
1388 5323 1475 5376 διὰ
1523 5323 1621 5394 τὴν
1671 5323 1892 5377 ἐκείνων

215 5401 570 5472 παρανομίαν
598 5404 692 5457 καὶ
714 5404 816 5475 τῆς
832 5407 934 5476 γῆς
952 5406 1048 5478 τὴν
1064 5408 1305 5479 γαστέρα
1319 5409 1602 5482 πηρώσας,
1619 5411 1711 5464 καὶ
1728 5428 1893 5464 κατα-

215 5484 396 5542 λιπὼν
446 5489 753 5562 ὑπόμνημα
799 5493 1042 5563 διηνεκὲς
1078 5498 1199 5560 ταῖς
1245 5497 1382 5567 μετὰ
1435 5498 1606 5552 ταῦτα
1655 5501 1887 5567 γενεαῖς,

213 5572 358 5628 ὥστε
390 5575 466 5647 μὴ
493 5580 611 5642 τοῖς
642 5579 826 5643 αὐτοῖς
857 5583 1172 5654 ἐπιχειρεῖν,
1211 5584 1296 5636 ἴνα
1326 5571 1536 5656 μὴ’τοίς
1576 5587 1758 5651 αὐτοῖς
1790 5602 1889 5640 πε-

285 5729 527 5791 ﬁlique!
551 5743 671 5778 mss.
693 5731 1000 5791 παραλαϐών.

288 5789 432 5842 δεθκ
446 5807 566 5842 mss.
593 5799 680 5851 τῆς
706 5789 858 5848 αἰτίας
877 5794 962 5851 τήν
980 5793 1205 5845 ἐπίτασιν.

1336 380 1397 434 IN
1431 382 1587 439 CAP.
1627 380 1792 437 XVIII
1830 380 2071 437 GENES.
2119 383 2350 439 HOMIL.
2393 385 2547 441 XLII.
3571 396 3674 451 διιε

2016 501 2300 571 ριπέσωσι.
2354 501 2463 557 Καὶ
2495 502 2671 568 ἔξεστι
2711 505 2787 574 τῷ
2853 504 3157 576 βουλομένῳ
3204 505 3282 568 εἰς
3315 508 3439 570 τοὺς
3481 511 3674 577 τόπους

2013 598 2362 666 ἀφικνεῖσθαι
2390 600 2653 663 ἐκείνους,
2686 602 2778 653 καὶ
2801 603 2932 671 ὁρᾷν
2983 601 3171 672 αὐτὴν,
3223 601 3296 664 ὡς
3345 605 3536 670 εἰπεῖν,
3574 609 3673 678 τὴν

2011 692 2116 762 γῆν
2144 693 2351 763 βοῶσαν
2381 695 2475 749 καὶ
2511 695 2857 749 δεικνύουσαν
2888 698 2985 766 τῆς
3009 698 3278 768 τιμωρίας
3303 699 3370 754 τὰ
3403 701 3543 773 ἴχνη,
3578 705 3673 756 καὶ

2017 788 2156 858 μετά
2190 789 2455 844 τοσούτων
2479 790 2614 844 ἐτῶν
2643 789 2895 862 ἀριθμὸν,
2936 792 3011 855 ὡς
3055 793 3180 862 χθὲς
3214 795 3307 848 καὶ
3359 796 3549 867 πρώην
3576 800 3672 851 ἐπο

1971 930 1975 938 .
2008 883 2264 956 αχθείσης
2294 887 2393 958 τῆς
2419 887 2706 959 τιμωρίας,
2731 887 2871 940 οῦτω
2897 891 3212 960 καταφανὴς
3241 892 3272 961 ἠ
3300 892 3672 963 ἀγανάκτησις

2008 979 2297 1036 δείκνυται.
2339 985 2416 1036 Δι’
2446 984 2493 1048 ὃ,
2537 983 2838 1054 παρακαλῶ
2863 1027 2877 1050 ,
2915 984 2972 1047 ἐξ
3018 979 3088 1038 ὧν
3127 987 3302 1058 ἕτεροι
3358 989 3457 1059 τὴν
3513 989 3669 1062 δίκην

2010 1077 2198 1132 ἔδοσαν
2256 1081 2415 1150 ἡμεῖς
2447 1079 2932 1150 σωφρονιζώμεθα.
2951 1081 3090 1132 Ἀλλ’
3124 1083 3252 1146 ἴσως
3279 1085 3418 1136 εἴποι
3446 1103 3527 1149 τις
3560 1087 3624 1140 ἄν
3649 1105 3663 1119 ·

2011 1175 2076 1227 Τί
2113 1171 2234 1242 οῦν;
2271 1175 2460 1247 ἐπειδὴ
2476 1176 2671 1230 ἐκεῖνοι
2699 1176 2869 1240 οὕτως
2899 1176 3287 1249 ἐκολάσθησαν,
3315 1181 3414 1233 οὐκ
3436 1182 3541 1234 εἰσὶ
3573 1183 3666 1235 καὶ

2005 1267 2099 1322 νῦν
2151 1269 2339 1323 πολλοὶ
2365 1269 2434 1323 τὰ
2484 1271 2624 1324 αὐτὰ
2669 1271 2897 1335 ἐκείνοις
2948 1273 3410 1345 παρανομοῦντες,
3462 1277 3552 1328 καὶ
3590 1276 3664 1349 μὴ

2005 1363 2394 1434 κολαζόμενοι;
2459 1365 2599 1418 Ναί·
2643 1366 2778 1420 ἀλλά
2807 1365 2964 1420 τοῦτο
2995 1367 3194 1437 μᾶλλον
3233 1369 3499 1439 τιμωρίαν
3528 1388 3668 1442 προ-

2005 1462 2216 1534 ξενήσει
2244 1475 2265 1503 ο
2297 1468 2406 1528 τοῖς
2427 1463 2650 1520 τοιαῦτα
2676 1465 3074 1537 παρανομοῦσι.
3098 1467 3264 1520 Ὅταν
3293 1467 3402 1539 γὰρ
3438 1469 3572 1540 μήτε
3601 1471 3667 1522 ἐκ

2002 1555 2109 1608 τῶν
2153 1559 2232 1621 είς
2269 1559 2509 1623 ἐκείνους
2554 1558 2977 1631 συμϐεϐηκότων
3007 1559 3485 1632 σωφρονιζώμεθα,
3525 1563 3663 1632 μήτε

2002 1649 2110 1703 ἀπὸ
2130 1651 2229 1720 τῆς
2249 1652 2627 1724 μακροθυμίας
2655 1653 2748 1707 τοῦ
2782 1653 2914 1707 Θεοῦ
2940 1654 3308 1725 κερδαίνωμέν
3329 1656 3663 1724 τι,ἐννότ;σον

2000 1737 2092 1788 καὶ
2109 1738 2254 1801 ὅπως
2269 1740 2442 1792 ἐκεῖνο
2457 1739 2518 1793 τὸ
2531 1740 2790 1794 ἀσσεστον
2807 1741 2880 1795 πῦ
2891 1757 2920 1813 ρ
2951 1742 3303 1812 σφοδρότερον
3329 1744 3537 1805 ἐαυτοῖς
3565 1744 3668 1795 ὐπ-

1999 1826 2347 1898 ανάπτωμεν,
2361 1831 2454 1883 καὶ
2466 1831 2557 1884 τὸν
2574 1830 2827 1902 σκώληκα
2844 1832 3038 1904 πικρὸν
3062 1831 3438 1904 ἐργαζώμεθα.
3459 1833 3665 1897 Ἄλλως

1999 1913 2074 1974 δέ,
2092 1915 2278 1988 ἐπειδὴ
2298 1917 2478 1970 πολλοὶ
2492 1917 2578 1971 διὰ
2599 1917 2699 1989 τὴν
2718 1919 2810 1972 τοῦ
2827 1918 2960 1971 Θεοῦ
2979 1920 3137 1990 χάριν
3160 1921 3264 1971 είσὶ
3282 1919 3432 1991 [451]
3457 1923 3547 1973 καὶ
3569 1921 3667 1974 νῦν

1998 2001 2261 2072 ἐνάρετοι,
2275 2003 2545 2059 δυσωπεῖν
2557 2005 2687 2058 δυνά
2693 2022 2840 2075 μενοι
2857 2006 2948 2059 τὸν
2967 2005 3259 2075 Δεσπότην,
3274 2005 3522 2076 καθάπερ
3543 2007 3664 2058 τότε

1999 2089 2027 2142 6
2059 2090 2432 2160 πατριάρχηςο
2461 2093 2509 2144 εἰ
2535 2092 2628 2144 καὶ
2657 2093 2813 2162 ἡμεῖς
2842 2093 2907 2145 ἐκ
2930 2091 3022 2145 τοῦ
3055 2092 3122 2144 τά
3150 2092 3269 2146 καθ’
3288 2093 3513 2155 ἑαυτοὺς
3533 2109 3662 2145 σκο-

2003 2180 2144 2241 πεῖν,
2177 2179 2271 2232 καὶ
2303 2180 2440 2248 πρὸς
2466 2179 2566 2251 τὴν
2619 2178 2892 2251 ρᾳθυμίαν
2944 2181 3153 2251 ἀφορᾷν
3214 2180 3312 2250 τὴν
3359 2181 3662 2250 ἡμετέραν,

2002 2265 2295 2336 νομίζομεν
2327 2267 2526 2338 πολλὴν
2550 2263 2690 2320 εἶναι
2718 2268 2816 2338 τὴν
2864 2268 3060 2322 σπάνιν
3111 2267 3213 2336 τῆς
3239 2267 3440 2338 ἀρετῆς
3458 2285 3473 2300 ο
3514 2269 3664 2338 ὅμως

2000 2353 2089 2406 διὰ
2119 2353 2217 2424 τὴν
2245 2354 2465 2408 ἐκείνων
2492 2354 2691 2426 ἀρετὴν
2721 2357 2820 2425 τὴν
2851 2357 2978 2426 περὶ
3013 2355 3236 2418 τούτους
3285 2354 3662 2426 μακροθυμίαν

2001 2442 2388 2496 ἐπιδείκνυται.
2418 2443 2528 2496 Kal
2551 2444 2635 2496 ἵνα
2665 2443 2842 2514 μάθῃς
2872 2444 2952 2495 ὅτι
3000 2444 3032 2512 ἡ
3071 2442 3178 2496 τῶν
3215 2441 3471 2496 τοιούτων
3522 2445 3664 2513 παῤ-

2003 2528 2166 2597 ῥησία
2193 2529 2292 2597 τῆς
2319 2530 2699 2601 μακροθυμίας
2723 2532 2852 2599 ἡμῖν
2879 2529 3138 2600 πρόξενος
3173 2527 3405 2596 γίνεται,
3431 2528 3662 2582 ἄκουσον

1997 2614 2056 2678 ἐξ
2085 2615 2255 2684 αὐτῆς
2278 2615 2482 2686 ταύτης
2496 2616 2595 2685 τῆς
2617 2615 2874 2686 ἱστορίας,
2900 2613 2953 2665 τί
2977 2631 3109 2683 φησι
3128 2614 3261 2684 πρὸς
3289 2613 3376 2666 τὸν
3402 2615 3664 2684 πατριάρ-

1996 2718 2118 2771 χην,
2143 2703 2224 2754 ὅτι
2270 2702 2410 2755 Ἐὰν
2437 2701 2582 2755 δέκα
2623 2702 2894 2766 δικαίους
2927 2701 3098 2768 εὕρω,
3139 2702 3212 2754 οὐ
3235 2700 3322 2769 μὴ
3381 2699 3664 2754 ἀπολέσω

1997 2787 2113 2855 τὴν
2133 2791 2332 2842 πόλιν.
2364 2789 2474 2842 Καὶ
2493 2789 2544 2842 τί
2569 2789 2712 2858 λέγω
2745 2789 2876 2842 δέκα
2911 2788 3186 2853 δικαίους;
3231 2786 3420 2850 Οὐδεὶς
3463 2787 3660 2858 εὑρέθη

2000 2879 2118 2929 ἐκεῖ
2138 2880 2236 2947 τῆς
2260 2877 2601 2948 παρανομίας
2625 2876 2801 2940 ἐκτὸς,
2841 2877 2888 2929 εί
2915 2877 2989 2947 μὴ
3019 2876 3175 2946 μόνος
3209 2874 3332 2928 Λὼτ
3363 2877 3390 2927 6
3437 2874 3660 2940 δίκαιος,

2001 2965 2094 3016 καὶ
2126 2967 2180 3016 αἱ
2203 2964 2391 3018 τούτου
2435 2965 2527 3016 δύο
2574 2964 2893 3035 θυγατέρες.
2957 2965 3021 3016 Ἥ
3053 2963 3160 3034 γὰρ
3192 2962 3328 3034 γυνὴ
3385 2963 3453 3015 δι’
3502 2963 3662 3015 αὑτὸν

2001 3053 2131 3114 ἴσως
2153 3050 2251 3123 τὴν
2280 3053 2337 3106 ἐν
2365 3055 2429 3123 τῇ
2455 3053 2609 3105 πόλει
2635 3053 2905 3124 τιμωρίαν
2929 3052 3283 3121 διαφυγοῦσα,
3316 3051 3536 3119 ὕστερον
3563 3050 3663 3119 τὴν

1997 3137 2153 3206 δίκην
2205 3137 2371 3190 ἔδωκε
2424 3138 2490 3190 δι’
2542 3138 2749 3192 οἰκείαν
2804 3137 3096 3210 ρᾳθυμίαν.
3151 3137 3286 3189 Νυνὶ
3323 3137 3379 3189 δὲ
3414 3136 3501 3189 διὰ
3562 3136 3662 3206 τὴν

1997 3224 2204 3292 ἄφατον
2238 3225 2330 3277 τοῦ
2362 3224 2496 3278 Θεοῦ
2519 3224 2950 3295 φιλανθρωπίαν,
2985 3223 3173 3295 ἐπειδὴ
3201 3223 3441 3277 ἐπέδωκε
3466 3223 3534 3275 τὰ
3563 3223 3664 3292 τῆς

2000 3311 2301 3373 εὐσεϐείας,
2334 3312 2518 3363 πολλοὶ
2550 3313 2643 3364 καὶ
2673 3314 2731 3365 ἐν
2765 3312 2958 3380 μέσαις
2995 3315 3114 3374 ταῖς
3143 3312 3329 3373 πόλεσι
3369 3310 3663 3364 λανθάνον-

1997 3399 2090 3463 τές
2121 3400 2246 3461 εἰσι,
2303 3399 2589 3469 δυνάμενοι
2621 3399 2891 3452 δυσωπεῖν
2939 3401 3030 3452 τὸν
3079 3400 3232 3464 Θεὸν,
3286 3400 3382 3452 καὶ
3415 3401 3473 3452 ἐν
3511 3398 3663 3468 ὄρεσι

1999 3486 2094 3539 καὶ
2126 3486 2406 3556 σπηλαίοις
2433 3487 2629 3558 ἕτεροι,
2668 3487 2763 3539 καὶ
2795 3488 2828 3556 ἡ
2858 3485 2966 3538 τῶν
3013 3485 3208 3553 ὀλίγων
3259 3483 3461 3537 τούτων
3492 3483 3664 3554 ἀρετὴ

1999 3572 2095 3644 τὴν
2124 3571 2232 3626 τῶν
2275 3573 2484 3626 πολλῶν
2537 3573 2734 3626 κακίαν
2796 3571 3111 3642 ἀποκρύψαι
3165 3570 3384 3625 δύναται
3421 3588 3433 3601 ’
3471 3570 3660 3640 ἐπειδὴ

1999 3659 2168 3732 πολλὴ
2208 3661 2301 3714 τοῦ
2328 3660 2598 3714 Δεσπότου
2627 3663 2659 3730 ἡ
2691 3659 2986 3729 ἀγαθότης,
3031 3660 3126 3713 καὶ
3166 3659 3422 3721 πολλάκις
3452 3656 3558 3710 οἶδε
3593 3658 3660 3710 δι’

1998 3749 2212 3818 ὀλίγους
2235 3749 2474 3812 δικαίους
2498 3749 2606 3802 τῶν
2631 3748 2842 3802 πολλῶν
2871 3747 3191 3820 χαρίζεσθαι
3223 3748 3322 3817 τὴν
3368 3747 3659 3816 σωτηρίαν.

1997 3838 2107 3890 Καὶ
2137 3838 2187 3890 τί
2219 3836 2360 3905 λέγω
2388 3835 2456 3889 δι’
2487 3836 2698 3905 ὀλίγους
2747 3837 3024 3902 δικαίους;
3063 3835 3345 3898 Πολλάκις,
3405 3835 3532 3886 ὅταν
3586 3834 3661 3906 μὴ

1998 3924 2196 3995 εὑρεθῇ
2225 3926 2281 3978 ἐν
2310 3924 2386 3994 τῷ
2410 3925 2636 3993 παρόντι.
2669 3924 2769 3995 βίῳ
2793 3924 3021 3986 δίκαιος,
3041 3922 3131 3975 διὰ
3157 3923 3255 3992 τὴν
3282 3922 3392 3973 τῶν
3422 3921 3662 3974 τετελευ-

1997 4011 2239 4080 τηκότων
2262 4013 2462 4083 ἀρετὴν
2493 4011 2601 4063 τῶν
2642 4009 2857 4074 ζώντων
2901 4011 3146 4081 κήδεται,
3183 4010 3278 4063 καὶ
3308 4009 3405 4079 βοᾷ
3435 4007 3608 4077 λέγων
3640 4024 3656 4039 ο

2009 4100 2374 4169 Ὑπερασπιῶ
2419 4101 2529 4169 τῆς
2569 4101 2801 4166 πόλεως
2841 4101 3064 4168 ταύτης
3111 4099 3183 4152 δι’
3220 4099 3326 4169 ἐμὲ
3346 4138 3361 4163 ,
3414 4100 3512 4152 καὶ
3563 4099 3662 4153 διὰ

1995 4188 2176 4244 Δαυῒδ
2201 4190 2306 4243 τὸν
2325 4187 2507 4242 παῖδά
2530 4206 2668 4257 μου.
2699 4188 2761 4241 EE
2783 4188 2877 4240 καὶ
2906 4187 3078 4251 αὐτοὶ,
3106 4187 3292 4258 φησὶν,
3317 4187 3520 4253 ἀνάξιοί
3551 4187 3658 4240 είσι

1994 4276 2091 4329 τοῦ
2123 4275 2413 4340 σώζεσθαι,
2446 4277 2539 4330 καὶ
2567 4275 2823 4346 οὐδεμίαν
2853 4275 3107 4346 ἀφορμὴν
3149 4274 3328 4346 ἔχουσι
3363 4275 3656 4346 σωτηρίας,

1997 4363 2111 4416 ἀλλ’
2152 4363 2339 4434 ἐπειδὴ
2377 4363 2440 4414 τὸ
2492 4361 3035 4432 φιλανθρωπεύεσθαι
3086 4361 3312 4431 σύνηθες
3366 4359 3508 4430 ἐμοὶ,
3565 4360 3660 4415 καὶ

1997 4451 2126 4521 περὶ
2150 4449 2210 4502 τὸ
2237 4449 2406 4503 ἐλεεῖν
2431 4451 2546 4520 εἰμι
2579 4449 2814 4519 ἕτοιμος,
2847 4449 2941 4502 καὶ
2961 4447 3290 4517 ἐξαρπάζειν
3309 4446 3418 4500 τῶν
3447 4446 3654 4509 δεινῶν,

1995 4537 2062 4590 δι’
2091 4535 2325 4606 ἐμαυτὸν
2358 4538 2567 4608 ποιήσω
2596 4537 2690 4590 καὶ
2713 4536 2803 4589 διὰ
2829 4535 2916 4590 τὸν
2945 4534 3111 4588 παῖδά
3157 4550 3255 4604 μου
3302 4533 3464 4588 Δαυῒδ
3487 4533 3585 4585 ὑπε
3597 4550 3657 4603 ρ-

1996 4625 2270 4693 ασπισμόν
2299 4640 2312 4655 ·
2373 4624 2466 4676 καὶ
2490 4625 2519 4676 6
2559 4624 2665 4694 πρὸ
2705 4622 2974 4676 τοσούτων
3003 4622 3138 4674 ἐτῶν
3187 4619 3281 4672 τοῦ
3328 4618 3444 4689 βίου
3503 4637 3663 4689 μεται

1997 4711 2149 4776 στὰς,
2175 4705 2326 4774 οὗτος
2352 4710 2522 4774 αἴτιος
2546 4711 2644 4780 τῆς
2701 4708 2972 4780 σωτηρίας
3004 4707 3213 4777 γίνεται
3248 4709 3361 4770 τοῖς
3420 4707 3525 4759 ὑπὸ
3553 4707 3653 4778 τῆς

1993 4800 2202 4863 οἰκείας
2237 4798 2508 4870 ῥᾳθυμίας
2565 4797 2997 4870 προδεδομένοις.
3050 4791 3203 4859 Εἶδες
3245 4793 3659 4866 φιλανθρωπίαν

1995 4886 2288 4951 Δεσπότου,
2315 4886 2434 4950 πῶς
2460 4888 2598 4958 τιμᾷ
2621 4886 2748 4948 τοὺς
2785 4887 2842 4937 ἐν
2867 4886 3034 4956 ἀρετῇ
3069 4883 3470 4954 διαλάμποντας
3497 4898 3512 4912 ο
3541 4881 3658 4950 πῶς

1995 4977 2192 5039 αὐτοὺς
2215 4974 2524 5047 προτίθησι,
2584 4973 2680 5027 καὶ
2707 4971 2988 5037 ἀνταξίους
3039 4971 3279 5027 δείκνυσι
3333 4969 3530 5031 παντὸς
3560 4967 3657 5024 τοῦ

1997 5063 2234 5136 πλήθους
2269 5063 2403 5128 ;Διά
2437 5061 2592 5115 τοῦτο
2624 5062 2719 5115 καὶ
2754 5061 2965 5124 Παῦλος
3001 5059 3190 5128 ἔλεγε-ο·
3216 5056 3546 5126 Περιῆλθον
3586 5058 3656 5108 ἐν

1988 5151 2312 5221 μηλωταῖς,
2337 5150 2408 5204 ἐν
2435 5150 2678 5220 αἰγείοις
2712 5148 3021 5218 δέρμασιν,
3051 5146 3494 5215 ὑστερούμενοι,
3531 5145 3656 5197 θλισο

1994 5243 2248 5309 δόμεν-οι,
2294 5241 2784 5308 κακουχούμενοι,
2806 5235 2893 5293 ὧν
2910 5241 3022 5292 οὐκ
3051 5234 3131 5307 ἦν
3158 5236 3327 5300 ἄξιος
3346 5237 3377 5287 δ
3403 5235 3650 5301 κόσμος.

1943 5351 1952 5357 -
1993 5320 2162 5390 Οὗτος
2193 5327 2356 5392 ἄπας,
2392 5327 2576 5397 φησὶν,
2609 5327 2638 5378 6
2678 5326 2900 5396 κόσμος,
2947 5326 2980 5377 ὁ
3005 5323 3145 5378 κατά
3184 5323 3284 5390 τὴν
3324 5317 3654 5390 οἰκουμένην

1996 5416 2235 5482 ἃπασαν,
2263 5415 2365 5467 οὐκ
2389 5414 2454 5467 ἂν
2477 5415 2565 5485 εἴη
2600 5413 2900 5475 ἰσοστάσιος
2919 5411 3122 5464 τούτων
3147 5408 3255 5463 τῶν
3300 5408 3359 5462 ἐν
3414 5406 3652 5476 θλίψεσι,

1993 5505 2102 5556 τῶν
2134 5503 2191 5556 ἐν
2224 5503 2562 5574 κακουχίαις,
2607 5501 2715 5554 τῶν
2761 5497 3229 5568 γυμνητευόντων,
3267 5496 3378 5549 τῶν
3411 5494 3652 5566 περιιόν-

1995 5609 2123 5659 των,
2153 5591 2261 5646 τῶν
2293 5591 2351 5644 ἐν
2375 5589 2659 5660 σπηλαίοις
2676 5586 2969 5654 διαγόντων
2988 5585 3077 5639 διὰ
3113 5587 3203 5639 τὸν
3230 5584 3385 5639 Θεόν.

2023 5736 2025 5738 ’
2057 5741 2078 5769 ε
2105 5739 2255 5789 Savil.
2307 5743 2359 5788 et
2381 5741 2590 5798 quatuor
2625 5749 2738 5785 mss.
2783 5736 2904 5784 ἀλλὰ
2949 5734 3091 5786 τοῦτο
3118 5735 3295 5794 μᾶλλον
3330 5733 3518 5781 πλείονα
3541 5730 3650 5793 ἡμῖν

1991 5801 2072 5862 τὴν
2092 5801 2294 5861 ἀγωνίαν
2315 5801 2570 5858 ἐμποιῆσαι
2592 5799 2856 5857 δυνήσεται.
