4078 6430
449 331 559 393 393

520 447 771 510 ςἰὊταν
804 440 895 500 οὖν
923 445 1058 516 sane.
1080 444 1349 515 ἀγαπητὲ.
1370 445 1537 515 ἄνδρα
1557 441 1773 506 εὐτελὲς
1803 441 1902 513 μὲν
1932 440 2116 510 σχῆμα

448 531 648 599 ἔξωθεν
678 534 1077 604 περικείμενον,
1104 533 1302 604 ἀρετήν
1326 532 1382 584 δέ
1398 530 1609 585 ἔνδοθεν
1629 527 2116 600 περισεόλημένον,

452 619 529 689 μὴ
554 618 899 691 ἐξευτελίσῃς
924 620 1111 673 τοῦτον
1139 619 1226 672 διά
1267 619 1330 672 τὸ
1368 618 1715 688 φαινόμενον,
1736 614 1872 668 ἀλλά
1897 614 1985 666 τὸν
2018 612 2119 683 τῆς

447 704 628 776 ψυχῆς
653 704 884 759 πλοῦτον
909 705 1314 777 καταμάνθανε,
1332 705 1429 759 καὶ
1452 704 1551 775 τὴν
1570 703 1715 757 ἐνδον
1737 700 2114 774 περιφάνειαν,

450 792 552 845 καὶ
576 792 697 845 τότε
727 792 844 862 ὄψει
873 793 1205 863 πανταχόθεν
1232 792 1332 864 τὴν
1349 792 1548 865 ἀρετὴν
1572 790 1915 861 λάμπουσαν.
1934 785 2120 839 Τοιοῦ-

448 889 540 943 10;
576 874 644 951 ἦν
680 881 709 932 6
749 881 1019 952 μακάριος
1083 880 1269 945 Ἠλίας
1293 897 1307 910 ο
1361 877 1615 950 μηλωτὴν
1653 877 1811 947 μόνον
1857 871 1989 944 εἶχε,
2025 873 2121 926 καὶ

447 962 479 1017 6
510 967 608 1039 τὴν
640 968 946 1039 πορφυρίδα
998 967 1463 1039 περιϐεὸλημένος
1520 963 1721 1035 ’Ᾱχαάδ
1758 964 1854 1033 τῆς
1906 961 2116 1014 ἐκείνου

451 1052 706 1125 μηλωτῆς
727 1054 918 1108 ἐδεῖτο.
945 1051 1101 1117 Εἶδες
1140 1053 1236 1108 τοῦ
1280 1056 1378 1125 μὲν
1419 1052 1623 1124 ’Λχαάὅ
1657 1051 1757 1122 τὴν
1783 1050 1995 1112 πενίαν,
2021 1047 2116 1103 τοῦ

445 1139 506 1194 δὲ
546 1141 701 1194 Ἠλία
730 1141 825 1195 τὸν
849 1141 1109 1209 πλοῦτον;
1138 1144 1278 1213 Ὅρα
1311 1142 1409 1195 καὶ
1448 1140 1549 1210 τῆς
1574 1139 1855 1210 δυνάμεως
1881 1138 2005 1191 ὅσον
2058 1137 2118 1190 τὸ

452 1227 637 1297 μέσον.
691 1229 757 1282 Ἥ
794 1228 1019 1301 μηλωτὴ
1062 1227 1255 1283 τούτου
1288 1228 1380 1281 τίον
1414 1226 1641 1300 οὐρανὸν
1672 1226 1984 1280 ἀπέκλεισε·
2011 1224 2119 1277 τῶν

448 1313 623 1369 ὑετῶν
673 1313 867 1387 ἔστησε
915 1316 1011 1387 τὴν
1045 1316 1239 1389 φοράν,
1268 1316 1364 1370 καὶ
1406 1317 1438 1386 ἡ
1467 1314 1688 1385 γλῶσσα
1720 1313 1814 1367 τοῦ
1840 1314 2117 1385 προφήτου

447 1401 666 1473 χαλινὸς
689 1405 905 1473 ἐγένετο
924 1404 1002 1476 τῷ
1035 1404 1270 1476 οὐρανῷ,
1300 1404 1396 1459 καὶ
1429 1405 1521 1457 ἐπὶ
1549 1404 1678 1474 τρία
1705 1402 1800 1473 ἐτη
1821 1403 1914 1454 καὶ
1945 1402 2118 1472 μῆνας

450 1489 509 1556 ἐξ
535 1491 689 1555 ὑετὸς
710 1493 810 1546 οὐκ
838 1493 1052 1563 ἐγένετο
1065 1511 1079 1524 ·
1114 1494 1206 1547 καὶ
1224 1496 1252 1547 6
1265 1493 1362 1564 τὴν
1384 1491 1675 1564 ἁλουργίδα
1692 1490 1864 1545 καὶτὸ
1882 1489 2119 1560 διάδημα

449 1580 832 1651 περικείμενος
869 1582 1085 1654 περιῄει
1107 1580 1259 1653 [452]
1282 1582 1371 1635 τὸν
1398 1582 1683 1653 προφήτην
1713 1578 2118 1650 ἐπιζητῶν,καὶ

447 1666 601 1721 οὐδὲν
627 1667 923 1739 δυνάμενος
965 1670 1219 1742 κερδᾶναι
1255 1672 1319 1723 ἐκ
1354 1670 1452 1740 τῆς
1476 1669 1745 1739 τοσαύτης
1777 1667 2112 1730 δυναστείας.

462 1752 601 1806 Ἀλλ’
632 1755 734 1827 ὅρα
771 1758 1042 1812 Δεσπότου
1083 1758 1513 1831 φιλανθρωπίαν.
1567 1758 1781 1830 Ἐπειδὴ
1818 1753 1959 1810 εἶδεν
2007 1756 2117 1810 άπὸ

447 1841 613 1912 ζήλου
655 1845 747 1897 καὶ
774 1845 974 1916 πολλῆς
1015 1845 1347 1917 θερμότητος
1374 1845 1464 1899 τὸν
1492 1846 1779 1918 προφήτην
1802 1845 2114 1917 κινηθέντα,

447 1928 541 1981 καὶ
581 1927 680 2000 τήν
730 1931 973 2003 μεγάλην
1016 1932 1221 2005 ταύτην
1271 1931 1540 2003 τιμωρίαν
1587 1933 1940 2001 ἐπαγαγόντα
1976 1931 2118 1985 κατὰ

447 2016 628 2086 πάσης
653 2018 751 2087 τῆς
781 2021 901 2089 γῆς,
943 2018 1084 2073 ὥστε
1132 2020 1207 2091 μὴ
1239 2021 1332 2074 καὶ
1369 2019 1530 2073 αὐτὸν
1570 2018 1974 2074 συναπολαῦσαι
2018 2022 2116 2092 τῆς

445 2104 736 2174 τιμωρίας,
787 2105 883 2159 καὶ
920 2106 1119 2176 ὁμοίως
1145 2108 1211 2177 τῇ
1249 2107 1475 2161 ἐκείνων
1508 2107 1745 2178 πονηρίᾳ
1768 2105 2115 2172 κολάζεσθαι,

448 2191 585 2259 φησί⁵
602 2190 738 2262 πρὸς
759 2191 938 2245 αὐτόν*
957 2193 1250 2263 Ἐγερθεὶς
1271 2196 1587 2263 πορεύθητι
1610 2197 1699 2262 εἰς
1721 2196 1995 2264 Σαρεπτὰ
2011 2194 2119 2263 τῆς

448 2277 757 2345 Σιδωνίας.
804 2280 959 2334 Ἐκεῖ
1005 2280 1116 2349 γὰρ
1147 2281 1503 2351 ὲντελοῦμαι
1530 2281 1768 2353 γυναικί
1809 2282 1965 2351 χήρᾳ
2010 2283 2117 2336 τοῦ

447 2363 789 2447 διατρέφειν
832 2380 925 2420 σε.
974 2367 1085 2422 Καὶ
1143 2368 1413 2436 ἀναστὰς
1458 2368 1772 2438 ἐπορεύθη.
1826 2370 1970 2440 Ὅρα
2022 2369 2116 2423 τοῦ

446 2450 764 2523 Πνεύματος
814 2453 917 2525 τὴν
943 2453 1128 2526 χάριν,
1161 2456 1435 2529 άγαπητέ.
1479 2457 1589 2511 Καὶ
1623 2457 1733 2530 γάρ
1763 2457 1858 2511 καὶ
1889 2458 2016 2529 χθὲς
2038 2460 2117 2521 εἰς

447 2538 747 2608 φιλοξενίαν
773 2543 907 2612 ἡμῖν
925 2545 954 2596 6
977 2543 1136 2612 λόγος
1151 2543 1295 2609 ἅπας
1319 2545 1602 2617 κατέληξε,
1626 2547 1721 2599 καὶ
1748 2547 1988 2617 σήμερον
2007 2546 2114 2600 ἰδοὺ

446 2627 484 2697 ή
513 2627 788 2695 φιλόξενος
809 2628 951 2699 αὕτη
1002 2631 1151 2702 χήρα
1196 2634 1277 2695 εἰς
1311 2632 1466 2696 τέλος
1500 2635 1635 2705 ήμῖν
1663 2633 1818 2702 ἄγειν
1837 2633 1930 2686 τὸν
1960 2633 2117 2703 λόγον

447 2714 651 2784 μέλλει.
676 2717 785 2770 Καὶ
822 2717 1204 2786 παρεγένετο,
1239 2719 1394 2790 φησὶ,
1437 2721 1588 2788 πρὸς
1624 2720 1739 2789 τὴν
1772 2720 1986 2790 χήραν,
2018 2720 2119 2774 καί

444 2797 625 2870 εὗρεν
675 2803 871 2873 αὐτὴν
924 2807 1359 2877 συλλέγουσαν
1401 2808 1583 2873 ξύλα,
1633 2810 1738 2863 καί
1774 2825 1925 2879 φησι
1968 2810 2119 2878 πρὸς

443 2890 660 2960 αὐτήν·
698 2892 809 2960 Δός
820 2911 922 2963 μοι
952 2896 1171 2964 μικρὸν
1215 2896 1393 2965 ὕδωρ,
1442 2898 1539 2951 καί
1576 2898 1803 2968 πίομαι.
1841 2897 1905 2951 Ἦ
1927 2898 1982 2952 δέ
2012 2899 2118 2951 ὑπο

446 2979 671 3049 ήκουσε.
691 2982 805 3035 Καί
849 2996 1001 3051 φησι
1039 2982 1190 3052 πρὸς
1239 2984 1436 3053 αὐτὴν
1473 2983 1679 3040 πάλιν·
1712 2986 1980 3054 Ποίησόν
2015 3004 2119 3056 μοι

446 3065 796 3137 ἐγκρυφίας,
828 3071 928 3125 καί
957 3070 1237 3141 φάγομαι.
1284 3072 1348 3125 Ἦ
1372 3072 1428 3126 δέ
1461 3073 1645 3127 λοιπὸν
1669 3073 2001 3127 ἐκκαλύπτει
2020 3074 2120 3128 αὐ-

446 3154 547 3224 τῆς
575 3153 672 3227 τήν
699 3156 1146 3229 ὑπερϐάλλουσαν
1198 3161 1414 3226 πενίαν,
1453 3160 1653 3232 μᾶλλον
1682 3162 1739 3215 δέ
1762 3161 1856 3214 τὸν
1909 3163 2119 3232 ἄφατον

448 3240 700 3295 πλοῦτον·
726 3244 758 3314 ή
782 3243 891 3315 γὰρ
911 3244 1013 3316 τῆς
1035 3245 1224 3312 πενίας
1254 3245 1505 3312 ἐπίτασις
1524 3248 1733 3304 ἐδείκνυ
1766 3249 1861 3304 τοῦ
1884 3250 2116 3305 πλούτου

445 3330 511 3385 τὸ
548 3331 798 3400 μέγεθος.
847 3334 913 3387 Ἦ
936 3334 995 3389 δέ
1028 3350 1213 3406 φησιν’
1244 3338 1367 3391 Οὐκ
1392 3338 1527 3392 ἐστι
1552 3337 1631 3407 τῇ
1650 3338 1840 3408 δούλῃ
1896 3354 2035 3405 σου,
2065 3342 2119 3394 εἰ

439 3420 530 3491 μὴ
555 3420 704 3490 δρὰξ
727 3424 1010 3492 ἀλεύρου,
1029 3425 1127 3478 καί
1156 3425 1363 3494 ὀλίγον
1383 3425 1592 3481 ἔλαιον
1607 3426 1677 3480 ἐν
1700 3426 1780 3492 τῷ
1805 3429 2114 3497 καμψάκῃ,

446 3508 550 3565 καί
576 3510 884 3579 φανόμεθα
914 3510 1029 3579 ἐγώ
1061 3527 1126 3564 τε
1158 3512 1255 3564 καί
1280 3512 1352 3566 τὰ
1385 3513 1610 3576 παιδία,
1653 3514 1752 3568 καί
1777 3514 2117 3569 ἀποθανού-

442 3597 618 3665 μεθα.
657 3594 893 3651 Ἐλεεινά
926 3595 998 3651 τά
1030 3599 1272 3669 ῥήματα,
1303 3599 1399 3652 καὶ
1437 3599 1608 3671 αὐτὴν
1640 3600 1849 3673 λιθίνην
1882 3602 2059 3675 ψυχὴν
2086 3616 2112 3645 ι

452 3681 615 3737 ἰκανά
642 3684 972 3756 ἐπικάμψαι.
1012 3684 1255 3757 Οὐδεμία
1295 3686 1501 3752 λοιπὸν,
1540 3688 1726 3760 φησὶν,
1772 3689 1926 3744 ἔσται
1958 3692 2116 3758 ἐλπὶς

450 3770 745 3842 σωτηρίας.
773 3771 896 3825 Ἐπὶ
923 3771 1113 3842 θύραις
1132 3772 1200 3827 τὰ
1219 3773 1314 3827 τοῦ
1350 3773 1600 3830 θανάτου.
1618 3776 1788 3830 Τοῦτο
1804 3779 1963 3848 μόνον
1986 3781 2116 3852 ἡμῖν

450 3857 837 3913 ὑπολέλειπται
861 3859 997 3931 πρὸς
1027 3859 1192 3931 ζωὴν,
1225 3859 1254 3914 δ
1292 3860 1447 3932 μόλις
1475 3862 1700 3934 ἀρκέσει
1727 3865 1850 3935 ἐμοὶ
1880 3865 1973 3920 καὶ
2004 3870 2118 3931 τοῖς

448 3945 703 4010 παιδίοις.
748 3943 928 4018 Ὅπερ
959 3942 1027 4019 ἦν
1056 3964 1144 4019 μοι
1177 3948 1421 4013 δυνατὸν,
1466 3951 1757 4023 πεποίηκα·
1798 3953 1894 4006 τοῦ
1925 3953 2118 4019 ὕδατος

452 4032 753 4103 μετέδωκα.
802 4034 943 4087 Ἀλλ’
957 4035 1045 4089 ἵνα
1071 4035 1330 4108 μάθωμεν
1365 4039 1458 4091 καὶ
1478 4039 1577 4110 τῆς
1597 4041 1855 4108 γυναικὸς
1878 4040 1943 4095 16
1964 4042 2116 4112 φιλό⁸

451 4118 622 4186 ξενον,
667 4122 762 4175 καὶ
791 4120 884 4176 τοῦ
929 4123 1138 4177 δικαίου
1181 4124 1281 4196 την
1312 4124 1513 4197 πολλὴν
1568 4128 1902 4199 παρρησίαν,
1932 4130 2034 4203 δρα
2063 4132 2117 4185 τί

448 4208 678 4279 γίνεται.
721 4208 939 4279 Ἐπειδὴ
965 4209 1170 4281 έμαθεν
1206 4213 1236 4265 6
1264 4213 1552 4284 προφήτης
1584 4214 1764 4268 πάντα
1807 4217 1945 4286 μετά
1965 4219 2118 4289 ἀκρι-

449 4296 625 4361 ϐείας,
655 4298 742 4351 ίνα
767 4297 1051 4373 ἐκκαλύψῃ
1097 4301 1231 4372 ήμῖν
1280 4300 1380 4372 τὴν
1429 4302 1633 4374 ἀρετὴν
1660 4304 1762 4375 τῆς
1786 4307 2046 4374 γυναικὸς
2070 4308 2118 4378 (6

448 4383 560 4456 γάρ
592 4383 722 4449 Θεὸς
758 4386 787 4439 6
808 4384 999 4452 εἰπὼν,
1039 4387 1122 4439 ὅτι
1166 4387 1549 4458 Ἐ’ντέταλμαι
1589 4392 1828 4460 γυναικί
1855 4393 1963 4447 τοῦ
1989 4394 2118 4449 δια-

448 4471 689 4542 τρέφειν
709 4487 804 4536 σε,
836 4472 999 4534 αὐτὸς
1022 4468 1092 4546 ἦν
1123 4475 1152 4528 6
1183 4474 1271 4529 διά
1292 4475 1385 4531 τοῦ
1416 4479 1699 4550 προφήτου
1721 4480 2005 4552 ἐνεργῶν),
2025 4481 2117 4535 καί

446 4577 582 4630 φησι
607 4561 742 4631 πρὸς
774 4562 964 4633 αὐτήν·
982 4561 1255 4631 Ποίησον
1276 4564 1407 4635 ἐμοὶ
1427 4565 1681 4633 πρῶτον,
1712 4568 1809 4621 καὶ
1833 4569 2114 4640 φάγομαι,

449 4647 551 4703 καί
589 4648 724 4701 τότε
758 4648 883 4715 τοῖς
929 4651 1167 4718 τέκνοις
1213 4666 1345 4709 σου.
1406 4654 1678 4719 Ἀκούετε,
1726 4659 2002 4725 γυναῖκες,
2058 4660 2114 4711 αἰ

450 4732 667 4805 πλούτῳ
690 4735 1133 4806 περιρῤεόμεναι,
1164 4738 1259 4793 καὶ
1292 4741 1371 4804 είς
1404 4742 1574 4809 μυρία
1620 4742 1854 4816 ἀνόνητα
1910 4761 2114 4799 καταν-

449 4820 774 4876 αλίσκουσαι
826 4822 927 4894 τὴν
971 4825 1180 4879 οἰκείαν
1246 4828 1565 4897 περιουσίαν
1588 4868 1603 4893 ,
1658 4831 1753 4884 καὶ
1817 4831 1938 4885 οὐδὲ
1976 4832 2117 4903 μετά

448 4909 549 4981 τὴν
577 4908 781 4962 οἰκείαν
832 4910 1132 4965 ἀπόλαυσιν
1194 4913 1453 4979 πολλάκις
1516 4917 1943 4989 καταδεχόμεναι
1995 4920 2118 4974 660-

448 4999 576 5063 λοὺς
622 4996 717 5051 δύο
764 4997 1028 5071 προέσθαι
1066 5003 1180 5065 τοῖς
1232 5001 1524 5073 δεομένοις,
1570 5006 1788 5079 ἢάνδρί
1846 5025 1954 5062 τινι
2005 5008 2114 5063 τῶν

440 5086 720 5159 ἐναρέτων
751 5085 841 5139 διά
865 5085 958 5139 τὸν
988 5086 1121 5142 Θεὸν
1157 5090 1452 5163 πενομένῳ.
1488 5091 1637 5165 Αὕτη
1657 5094 1715 5147 δέ
1751 5093 1902 5149 οὐδὲν
1930 5096 2116 5169 ἕτερον

451 5173 787 5246 κεκτημένη,
817 5174 851 5245 ἢ
884 5173 982 5246 τὴν
1035 5174 1212 5246 δράκα
1256 5177 1349 5231 τοῦ
1405 5178 1656 5252 ἀλεύρου,
1704 5182 1799 5235 καὶ
1848 5182 2115 5253 μέλλουσα

449 5262 591 5315 κατὰ
615 5262 832 5334 μικρὸν,
863 5264 987 5317 ὅσον
1016 5263 1159 5317 κατὰ
1206 5264 1298 5319 τὸν
1327 5266 1523 5337 ἐαυτῆς
1548 5267 1826 5338 λογισμὸν,
1849 5270 1957 5325 τῶν
1990 5272 2117 5325 παί-

445 5347 554 5401 δων
579 5348 670 5401 τὸν
709 5348 939 5405 θάνατον
976 5350 1130 5423 όρᾷν,
1162 5350 1442 5405 ἀκούσασα
1494 5354 1646 5425 πο.ρὰ
1681 5354 1775 5409 τοῦ
1806 5358 2110 5429 προφήτου,

447 5434 532 5486 ὃτι
576 5435 739 5503 Ἐμοὶ
770 5435 1004 5504 πρῶτον
1044 5439 1325 5507 ποίησον,
1380 5439 1480 5494 καί
1537 5442 1672 5495 τότε
1706 5442 1809 5497 σοί
1860 5444 2115 5512 καὶτοῖς

449 5519 714 5585 παιδίοις
766 5536 904 5584 σου,
937 5524 1038 5577 οὐκ
1083 5526 1459 5598 ἐδυσχέρανεν,
1500 5530 1605 5584 οὐκ
1633 5530 1962 5602 ήμέλλησεν,
1996 5532 2114 5586 ἀλλ’

449 5605 624 5659 ἐποίει
651 5605 711 5659 τὸ
741 5608 1052 5677 ἐπιταχθὲν,
1084 5614 1412 5669 παιδεύουσα
1435 5618 1647 5681 πάντας
1666 5619 1816 5690 ἡμᾶς
1842 5621 2116 5692 προτιμᾷν

515 5734 540 5766 ⁸
564 5736 710 5787 Cois}.
731 5739 813 5787 καὶ
836 5738 955 5788 αὐτᾶ
974 5742 1148 5805 λιθίνην
1167 5750 1219 5810 ψ.
1249 5748 1402 5799 Savil.
1427 5752 1511 5801 καὶ
1534 5751 1824 5810 αὐτολιθίνην
1842 5748 2015 5815 ψυχήν.

1274 327 1329 384 S.
1364 324 1644 385 JOANNI’S
1683 320 2167 383 CHRYSGSTOMI
2201 317 2518 376 ABCIHEP.
2543 311 3088 372 COHSTANTINOP.

3807 306 3911 363 ὅθί

2225 437 2321 506 τῆς
2357 437 2561 499 οἰκείας
2586 433 2945 491 ἀναπαύσεως
2967 427 3094 489 τούς
3124 422 3385 478 τοῢοθευῦ
3413 420 3658 485 δούλους,
3687 424 3794 474 καὶ
3836 424 3913 493 μὴ

2224 524 2408 587 ἁπλῶς
2444 521 2811 594 παρατρέχειν
2838 516 2907 571 τά
2945 513 3173 569 τοιαῦτα
3211 510 3400 582 κέρδη.
3430 509 3547 564 ἀλλ’
3577 509 3795 564 εἰδέναι
3827 511 3912 564 δτι

2222 610 2388 681 πολλὴ
2403 613 2436 681 ή
2453 610 2592 681 ὑπὲρ
2616 606 2819 661 τούτων
2833 606 2968 675 ήμῑν
2982 601 3247 663 ἀντίδοσις
3264 598 3445 653 ἐσται.
3457 600 3603 668 Ὅρα
3621 595 3770 666 γοῦν
3786 596 3914 650 ταύο

2221 698 2429 768 τηνητὴν
2444 700 2637 767 χήραν,
2657 693 2779 750 ἀντὶ
2796 692 2924 762 μιᾶς
2937 689 3134 761 δρακδς
3151 686 3382 757 ἀλεύρου
3398 686 3489 738 καὶ
3504 684 3697 755 ὀλίγου
3718 684 3911 738 ἐλαίου

2220 784 2339 848 πῶς
2367 785 2588 854 διηνεκῆ
2623 781 2804 835 ἅλωνα
2831 778 3121 847 ἐκτήσατο.
3172 772 3330 828 Μετὰ
3381 772 3580 843 γάρτὸ
3616 771 3912 842 τραφῆναι

2219 870 2310 924 τὸν
2344 867 2796 943 προφήτηνωῦτε
2826 868 2861 937 ἡ
2893 862 3028 936 δράξ
3058 862 3150 916 τοῦ
3175 860 3407 931 ἀλεύρου
3430 858 3751 928 ἐπέλειψεν,
3780 857 3910 911 οὔτε

2216 961 2246 1012 6
2267 959 2566 1031 καμψάκης
2597 956 2692 1011 τοῦ
2723 954 2926 1014 ἐλαίου,
2946 952 3126 1022 πάσης
3150 951 3249 1021 τῆς
3269 950 3370 1020 γῆς
3399 946 3545 1019 λιμῷ
3579 946 3909 1017 διαφθειρο-

2225 1047 2412 1118 μένης.
2442 1046 2553 1101 Καὶ
2603 1043 2665 1098 τὸ
2691 1043 2756 1113 δὴ
2811 1040 3121 1108 θαυμαστὸν
3159 1037 3254 1093 καὶ
3289 1036 3614 1107 παράδοξον,
3642 1035 3733 1107 δτι
3784 1034 3911 1088 οὐδέ

2225 1133 2374 1206 [455]
2414 1132 2629 1204 μόχθων
2648 1131 2818 1184 ἐδεῖτο
2847 1127 3051 1192 λοιπὸν,
3078 1124 3192 1179 ἀλλ’
3220 1120 3364 1195 εῖχεν
3385 1124 3604 1192 ἐτοιμον
3629 1120 3911 1194 διηνεκῶς

2220 1222 2281 1276 τὸ
2305 1222 2534 1292 ἄλευρον
2563 1220 2659 1273 καὶ
2712 1217 2773 1271 τὸ
2820 1216 3018 1281 ἔλαιον,
3058 1216 3154 1268 καὶ
3184 1210 3308 1266 οὔτε
3342 1210 3617 1282 γεωργίας
3639 1209 3907 1281 ἔχρῃζεν,

2221 1309 2345 1364 οὗτε
2379 1309 2478 1380 τῆς
2511 1306 2621 1361 τῶν
2653 1304 2791 1377 βοῶν
2841 1301 3152 1374 συνεργίας,
3203 1298 3323 1354 οὐτε
3362 1297 3558 1369 ἐτέρας
3584 1296 3738 1359 τινδς
3782 1298 3908 1349 ἐπι-

2223 1397 2468 1466 μελείας,
2494 1395 2627 1449 άλλά
2660 1391 2815 1464 παρὰ
2837 1391 2997 1460 φύσιν
3012 1385 3079 1460 ἦν
3104 1387 3228 1442 ἰδεῖν
3250 1387 3467 1441 ἅπαντα
3500 1383 3903 1454 συμϐαίνονται

2221 1480 2330 1534 Καὶ
2358 1479 2463 1532 τοῦ.
2492 1478 2756 1548 βασιλέως
2788 1474 2883 1528 τοῦ
2906 1474 2968 1526 τὸ
2990 1472 3228 1542 διάδημα
3257 1468 3644 1541 περικειμένου
3675 1469 3737 1520 ἐν
3757 1468 3906 1537 ἀμη-

2221 1567 2383 1639 χανίᾳ
2406 1566 2579 1629 ὄντος,
2611 1565 2707 1618 καὶ
2737 1561 2881 1633 λιμῷ
2895 1558 3363 1631 διαφθειρομένου,
3400 1557 3547 1627 χήρα
3570 1558 3605 1626 ή
3634 1553 3904 1624 πενιχρὰ,

2222 1656 2502 1726 ήπάντων
2525 1650 2886 1723 ἐστερημένη,
2915 1648 3105 1719 ἐπειδὴ
3134 1647 3225 1700 τὸν
3249 1645 3537 1716 προφήτην
3570 1641 3901 1705 ὐπεδέξατοκ

2221 1744 2278 1795 ἐν
2306 1739 2538 1810 εὐπορίᾳ
2572 1737 2836 1808 ἐτύγχανε
2866 1736 3120 1805 διηνεκεῖ.
3164 1733 3263 1786 Διά
3291 1731 3448 1785 τοῦτο
3481 1731 3577 1784 καὶ
3606 1727 3902 1800 όΧριστδς

2220 1829 2421 1895 ἔλεγεν·
2469 1826 2533 1879 ὀ
2559 1822 2884 1895 δεχόμενος
2899 1820 3214 1891 προφήτην
3232 1821 3319 1885 είς
3340 1818 3526 1886 ὄνομα
3555 1814 3898 1884 προφήτου,

2214 1914 2437 1983 μισθὸν
2465 1911 2774 1981 προφήτου
2793 1910 3069 1978 λήψεται.
3094 1902 3246 1969 Εἶδες
3271 1905 3397 1975 χθὲς
3427 1905 3599 1957 οἴωνό
3624 1904 3901 1973 πατριάρο

2219 2017 2320 2071 χης
2345 1997 2573 2069 ἠξιώθη,
2631 1995 2825 2067 δαψιλῆ
2873 1996 2972 2065 τὴν
3022 1992 3327 2063 φιλοξενίαν
3352 1987 3768 2059 ἐπιδειξάμενος
3805 1987 3899 2040 καὶ

2223 2088 2360 2159 μετά
2381 2087 2579 2155 πολλῆς
2611 2084 2712 2155 τῆς
2737 2084 3087 2153 θερμότητος·
3117 2081 3219 2149 ὅρα
3248 2079 3340 2132 καὶ
3370 2077 3574 2147 ταύτην
3598 2076 3698 2147 τὴν
3727 2075 3897 2128 Σιδων-

2218 2177 2333 2229 νίαν
2367 2174 2560 2245 ἀθρόον
2583 2172 2811 2226 πλοῦτον
2835 2170 3039 2238 ἄφατον
3066 2166 3435 2237 κτησαμένην.
3454 2164 3517 2217 Ἠ
3534 2163 3644 2233 γὰρ
3669 2161 3917 2231 γλῶσσα⁸

2218 2262 2309 2315 τοῦ
2346 2262 2648 2333 προφήτου,
2680 2262 2714 2329 ἡ
2736 2257 2829 2311 τοῦ
2859 2254 3087 2327 οὐρανοῦ
3110 2256 3207 2317 τὰς
3230 2251 3381 2323 ήνίας
3411 2249 3734 2320 ἐπισχοῦσα,
3755 2248 3897 2318 αὕτη

2217 2348 2310 2401 τοῦ
2338 2347 2568 2417 ἀλεύρου
2600 2346 2694 2418 τὴν
2710 2346 2886 2418 δράκα
2917 2342 3161 2414 πηγάσαι
3190 2340 3436 2408 ἐποίησε,
3462 2338 3557 2392 ταὶ
3578 2336 3674 2390 τοῦ
3707 2335 3897 2389 ἐλαίου

2217 2436 2308 2489 τὸν
2347 2436 2668 2506 καμψάκην.

2289 2600 2355 2666 ζ’.
2395 2602 2608 2671 Ταύτην
2635 2599 2835 2663 πάντες
2857 2595 3229 2669 μιμείσθωταν
3250 2595 3344 2649 καὶ
3368 2592 3560 2666 ἄνδρες
3582 2592 3679 2647 καὶ
3705 2594 3892 2662 γυναῖο

2219 2707 2333 2754 κες.
2369 2688 2509 2756 Ἐγὼ
2553 2689 2650 2759 μὲν
2686 2687 2795 2757 γάρ
2846 2685 3147 2756 ἐϐουλόμην
3198 2683 3276 2747 είς
3322 2683 3414 2735 τὸν
3454 2679 3549 2733 τοῦ
3607 2681 3893 2752 προφήτου

2218 2777 2378 2848 ζῆλον
2404 2776 2548 2847 ὑμᾶς
2575 2775 2883 2842 ἐναγαγεῖν,
2908 2772 3000 2825 καὶ
3028 2771 3129 2840 τῆς
3149 2769 3352 2841 ἀρετῆς
3372 2769 3469 2840 τὴν
3493 2767 3745 2839 μίμησιν·
3777 2764 3903 2820 ἀλλτ

2218 2864 2405 2937 ἐπειδὴ
2430 2863 2588 2917 τοῦτο
2606 2862 2912 2933 ὑπέρογκον
2940 2860 3068 2931 ὑμῖν
3094 2859 3241 2912 δοκεῖ
3262 2853 3420 2921 εἶναι,
3438 2856 3615 2910 καίτοι
3638 2856 3894 2916 κάκεῖνος

2219 2953 2502 3024 ἄνθρωπος
2534 2945 2622 3021 ἦν,
2658 2949 2752 3002 καὶ
2782 2948 2962 3019 σάρκα
3006 2944 3312 3017 περιέκειτο
3345 2942 3527 3007 καθὼς
3567 2943 3662 2996 καὶ
3702 2945 3889 3013 ἡμεῖς,

2220 3039 2432 3110 καὶτῆς
2461 3037 2632 3107 αὐτῆς
2656 3037 2787 3108 ἡμῖν
2817 3037 3031 3107 μετεῖχε
3051 3032 3284 3103 φύσεως·
3304 3029 3419 3084 ἀλλ’
3435 3029 3623 3102 ἐπειδὴ
3654 3029 3726 3083 τὰ
3755 3028 3902 3098 παρΓ

2220 3126 2415 3182 ἐαυτοῦ
2445 3124 2583 3198 μετά
2611 3122 2892 3194 δαψιλείας
2921 3121 3228 3193 εἰσήνεγκε,
3262 3117 3359 3172 καὶ
3387 3119 3487 3189 τήν
3518 3116 3719 3188 ἀρετὴν
3755 3116 3894 3169 εἶλε-

2218 3235 2297 3283 το,
2330 3215 2535 3287 ἠξιώθη
2561 3215 2773 3284 καὶτῆς
2808 3209 3014 3266 ἄνωθεν
3044 3210 3281 3281 χάριτοςο
3324 3206 3461 3261 ἀλλά
3486 3207 3626 3270 τέως
3655 3205 3761 3260 κᾶν
3795 3207 3893 3276 τὴν

2218 3303 2454 3372 γυναῖκα
2480 3299 2687 3371 ταύτην
2717 3296 3110 3371 μιμησώμεθα,
3165 3295 3259 3350 καὶ
3313 3295 3440 3348 τότε
3488 3293 3631 3347 κατά
3690 3291 3895 3364 μικρὸν

2217 3389 2421 3461 ἥξομεν
2444 3388 2538 3442 καὶ
2565 3386 2658 3440 ἐπὶ
2685 3384 2892 3457 τὴντοῦ
2922 3384 3200 3455 προφήτου
3221 3381 3472 3454 μίμησιν.
3502 3379 3906 3451 Μιμησώμεθα-

2217 3476 2397 3531 τοίνυν
2430 3476 2531 3547 τὴν
2556 3474 2761 3544 ταύτης
2791 3472 3117 3544 φιλοξενίαν,
3149 3471 3245 3525 καὶ
3267 3469 3459 3543 μηδεὶς
3490 3467 3674 3522 λοιπὸν
3699 3466 3896 3521 πενίαν

2220 3562 2630 3635 προϐαλλέσθω.
2658 3554 2782 3625 Οίος
2807 3561 2915 3632 γάρ
2948 3560 3016 3615 ἂν
3115 3558 3306 3629 πένης,
3349 3557 3450 3611 οὐκ
3477 3557 3545 3610 ἂν
3565 3554 3650 3627 είη
3685 3554 3899 3623 ταύτης.

2219 3640 2563 3722 πενέστῖρος,
2577 3649 2613 3720 ή
2645 3650 2781 3721 πρὸς
2800 3647 2931 3719 μίαν
2955 3646 3172 3718 ἡμέραν
3199 3645 3357 3717 μόνον
3376 3643 3638 3712 ἐκέκτητο
3657 3643 3893 3713 τροφὴν,

2219 3736 2314 3791 καὶ
2337 3737 2458 3792 οὐδὲ
2485 3735 2658 3800 οὕτως
2692 3734 3026 3807 ὀκνηροτέρα
3052 3734 3243 3804 γέγονε
3268 3732 3397 3807 περὶ
3423 3730 3520 3803 τὴν
3550 3730 3643 3784 τοῦ
3675 3730 3893 3785 δικαίου

2219 3825 2457 3899 αἴτησιν,
2488 3823 2624 3880 ἀλλά
2653 3824 2824 3896 πολλῇ
2872 3826 2938 3897 τῇ
2975 3822 3253 3896 προθυμίᾳ
3300 3819 3622 3893 χρησαμένη
3665 3820 3893 3889 ταχεῖαν

2220 3916 2316 3985 τήν
2347 3913 2581 3986 ἀμοιϐὴν
2609 3911 2924 3982 ἐκομίσατο.
2950 3910 3187 3965 Τοιαῦτα
3205 3910 3313 3980 γὰρ
3344 3908 3414 3961 τά
3446 3907 3596 3978 παρὰ
3615 3905 3709 3959 τοῦ
3730 3904 3886 3959 Θεοῦ.

2234 4001 2380 4055 ’Λντὶ
2420 3999 2633 4072 μικρῶν
2674 3999 2795 4064 έθος
2839 3998 2989 4071 αὐτῷ
3033 3997 3246 4070 μεγάλα
3287 3996 3599 4069 δωρεῖσθαι.
3653 3994 3720 4047 Τί
3760 3994 3889 4064 γάρ,

2219 4088 2340 4141 εἰπέ
2377 4104 2489 4158 μοι,
2525 4084 2777 4140 τοσοῦτον
2804 4085 3141 4156 εἰσήνεγκεν,
3171 4085 3294 4138 ὅσον
3322 4082 3648 4153 ὲκομίσατο;
3692 4079 3840 4133 Ἀλλ’
3863 4082 3892 4133 6

2218 4174 2493 4245 Δεσπότης
2520 4175 2548 4227 6
2571 4174 2839 4246 ἡμέτερος
2880 4174 2940 4227 οὐ
2971 4174 3037 4245 τῇ
3075 4172 3332 4242 ποσότητι
3359 4170 3648 4242 προσέχειν
3675 4169 3899 4233 εἴωθεν,

2217 4264 2351 4318 ἀλλά
2384 4265 2450 4335 τῇ
2473 4261 2726 4333 δαψιλείᾳ
2757 4261 2855 4333 τῆς
2889 4259 3134 4332 γνώμης,
3171 4260 3264 4314 καὶ
3303 4257 3412 4312 ἀπὺ
3439 4257 3643 4328 ταύτης
3688 4260 3785 4310 καὶ
3824 4256 3893 4309 τὰ

2222 4350 2396 4424 μικρά
2425 4351 2638 4422 μεγάλα
2661 4350 2894 4420 γίνεται,
2940 4349 3033 4402 καὶ
3066 4347 3135 4400 τά
3190 4346 3401 4417 μεγάλα
3448 4344 3709 4408 πολλάκις
3741 4344 3893 4410 ἐξευπ-

2217 4440 2508 4505 τελίζεται,
2546 4440 2675 4493 ὅταν
2724 4436 2799 4509 μὴ
2838 4437 3001 4509 ίλαρᾷ
3029 4438 3094 4507 τῇ
3142 4433 3422 4507 προθυμία
3453 4432 3776 4503 ἐπιτελῆται
3825 4431 3897 4484 τά

2217 4529 2496 4599 γινόμενα.
2537 4525 2637 4578 Διά
2661 4525 2819 4579 τοῦτο
2846 4524 2940 4579 καὶ
2966 4525 2999 4597 ή
3021 4524 3165 4595 χήρα
3192 4522 3373 4594 ἐκείνη
3402 4523 3511 4593 ήέν
3532 4521 3611 4592 τῷ
3636 4521 3885 4591 Εὐαγγε-

2215 4614 2337 4688 λίῳ,
2377 4612 2586 4667 πολλῶν
2618 4612 2787 4667 πολλά
2840 4611 3109 4683 βαλόντων
3140 4611 3197 4664 ἐν
3246 4609 3325 4681 τῷ
3353 4608 3763 4681 γαζοφυλακίῳ,
3793 4607 3886 4663 δύο

2217 4701 2389 4757 λεπτά
2450 4699 2687 4772 βαλοῦσα
2754 4699 2962 4764 πάντας
3020 4697 3482 4771 ὑπερηκόντισεν,
3535 4696 3637 4750 οὐκ
3694 4695 3895 4765 ἐπειδὴ,

2218 4789 2439 4843 πλείονα
2458 4787 2565 4842 τῶν
2588 4786 2759 4842 ἄλλων
2786 4786 2997 4851 ἔϐαλεν,
3041 4785 3169 4839 ἀλλ”
3184 4787 3266 4840 ὅτι
3298 4785 3495 4856 δαψιλῆ
3519 4785 3620 4853 τήν
3655 4784 3883 4855 γνώμην

2218 4875 2625 4944 ἐπεδείξατο.οί
2654 4876 2754 4947 μὲν
2774 4876 2881 4947 γὰρ
2906 4873 3073 4940 ἄλλοι,
3102 4873 3287 4944 φησὶν,
3322 4874 3386 4927 ἐκ
3405 4872 3501 4926 τοῦ
3529 4871 3886 4944 περισσεύον-

2218 4982 2307 5029 τος
2327 4966 2513 5027 αὐτοϊς
2542 4962 2699 5016 τοῦτο
2713 4961 2953 5016 ἐποίουν·
2986 4958 3127 5031 αὕτη
3154 4959 3211 5013 δέ
3234 4957 3449 5014 ἅπαντα
3484 4958 3628 5030 άπερ
3654 4958 3893 5028 ἐκέκτη-

2218 5071 2279 5107 το
2318 5052 2529 5106 έόαλεν.
2562 5049 2723 5104 Ὅλον
2756 5049 2866 5122 γὰρ
2908 5048 3005 5103 τὸν
3045 5047 3158 5118 βίον
3206 5046 3382 5117 αὐτῆς
3413 5046 3592 5101 ἐσαλε.
3629 5046 3751 5100 Κᾶν
3792 5046 3892 5109 τάς

2218 5144 2480 5211 γυναῖκας
2508 5137 2877 5211 μιμησώμεθα
2902 5139 2952 5191 οί
2981 5137 3192 5208 ἄνδρες,
3215 5135 3311 5189 καί
3333 5134 3407 5207 μή
3431 5134 3687 5198 ἐλάττους
3709 5132 3887 5187 αὐτῶν

2218 5230 2492 5300 ὀφθῶμεν,
2525 5226 2664 5281 ἀλλά
2686 5225 3076 5296 σπουδάσωμεν
3108 5224 3182 5295 μὴ
3212 5223 3369 5294 μόνον
3397 5222 3534 5294 πρὸς
3562 5222 3661 5292 τὴν
3683 5220 3895 5274 οἰκείαν

2219 5316 2523 5371 ἀπόλαυσιν
2550 5314 2731 5367 πᾶσαν
2763 5312 2864 5383 τὴν
2912 5312 3100 5365 οὐσίαν
3131 5309 3572 5374 καταναλίσκειν,
3608 5307 3743 5362 ἀλλά
3797 5307 3890 5361 καὶ

2218 5403 2328 5458 τῶν
2348 5402 2617 5474 δεομένων
2647 5399 2850 5472 πολλὴν
2870 5398 3141 5452 ποιεῖσθαι
3165 5396 3442 5468 πρόνοιαν,
3467 5397 3563 5452 καὶ
3593 5396 3732 5467 μετὰ
3759 5411 3892 5466 προσ

2221 5487 2423 5558 θυμίας
2472 5485 2568 5540 καὶ
2613 5485 2968 5558 φαιδρότητος
2995 5481 3154 5535 τοῦτο
3185 5483 3380 5536 ποιεῖν.
3405 5480 3516 5535 Καὶ
3543 5478 3696 5553 1434]
3723 5479 3834 5547 γὰρ
3863 5479 3889 5531 ό

2224 5572 2468 5645 γεωργὸς
2501 5576 2581 5639 είς
2601 5573 2701 5645 τὴν
2727 5573 2831 5643 γῆν
2857 5566 3213 5625 καταϐάλλων
3237 5567 3307 5622 τὰ
3326 5568 3641 5638 σπέρματα,
3663 5569 3726 5620 οὐ
3750 5564 3888 5638 μετά

2224 5663 2586 5734 στυγνότητος
2620 5661 2777 5716 τοῦτο
2830 5658 3146 5730 ἐργάζεται,
3184 5656 3323 5712 ἀλλά
3354 5656 3561 5727 χαίρων
3593 5657 3689 5710 καὶ
3723 5671 3891 5727 γεγηε

2231 5750 2360 5815 θὼς,
2390 5751 2485 5807 καὶ⁵
2513 5751 2613 5819 ήδη
2643 5752 2708 5819 τῇ
2747 5742 3043 5819 προσδοκίᾳ
3080 5744 3151 5800 τὰ
3175 5744 3464 5816 δράγματα
3494 5742 3717 5815 βλέπειν
3741 5743 3890 5815 νομί·-
