4078 6446
271 379 384 439 333

346 480 404 533 6.
448 475 633 548 Igitur,
654 476 868 544 dilecte,
892 477 1104 547 quando
1122 476 1318 533 videris
1341 479 1514 532 virum
1537 477 1627 531 vili
1653 484 1877 532 externo

274 568 465 623 habitu
509 570 781 636 vestitum,
836 570 1032 625 virtute
1065 583 1195 625 vero
1225 569 1551 623 intrinsecus
1600 568 1876 635 amictum,

270 676 341 715 ne
364 659 515 718 hunc
541 662 882 731 vilipenderis
923 669 1138 731 prepter
1188 661 1240 715 id
1292 660 1435 731 quod
1481 668 1702 729 apparet
1738 677 1750 711 :
1784 657 1879 713 sed

270 757 473 810 animae
528 756 741 811 divitias
770 756 937 822 disce,
976 766 1029 811 et
1056 757 1319 809 internam
1378 754 1625 824 gloriam,
1670 763 1723 806 et
1752 761 1878 806 tunc

270 847 485 902 videbis
506 848 741 917 undique
777 848 1062 918 fulgentem
1084 848 1356 901 virtutem.
1386 845 1529 900 Talis
1553 853 1670 899 erat
1692 845 1876 897 beatus

272 939 445 1005 Elias,
474 941 565 1009 qui
608 940 861 994 nielotem
897 950 1100 993 tantum
1144 939 1356 1003 habuit;
1411 947 1467 992 et
1508 937 1597 1006 qni
1641 950 1874 1006 purpura

269 1030 507 1084 vestitus
546 1041 662 1084 erat
689 1029 894 1095 Achab,
930 1030 1072 1085 illius
1103 1029 1298 1083 melote
1342 1027 1632 1096 indigebat.
1686 1024 1875 1079 Vidisti

268 1119 479 1175 Acbabi
513 1120 769 1190 inopiam,
804 1122 933 1175 Elia:
978 1130 1152 1175 autem
1171 1120 1419 1174 divitias?
1466 1117 1598 1173 Vide
1624 1126 1677 1172 et
1703 1133 1875 1186 quan-

271 1220 388 1265 tum
418 1222 685 1281 potestate
728 1213 947 1267 distent.
999 1211 1194 1266 Melote
1238 1210 1396 1280 hujus
1425 1211 1614 1265 caelum
1660 1208 1870 1273 clausit,

268 1302 577 1372 pluviarum
639 1301 959 1357 descensum
1018 1302 1274 1367 inhibuit;
1341 1302 1521 1371 lingua
1598 1299 1872 1370 prephetzn

271 1393 489 1450 frenum
533 1396 633 1450 fuit
688 1397 843 1463 eicio,
872 1396 1135 1466 annisque
1180 1397 1350 1450 tribus
1375 1404 1431 1449 et
1459 1409 1552 1449 sex
1598 1393 1873 1447 mensibus

269 1486 452 1555 pluvia
486 1500 593 1539 non
619 1485 713 1540 fuit
742 1506 754 1541 :
786 1487 874 1541 ille
903 1496 1104 1552 autem,
1152 1501 1382 1557 purpura
1405 1488 1631 1539 amictus
1657 1494 1712 1540 et
1753 1484 1872 1537 dia-

266 1578 486 1634 demate
516 1579 819 1647 redimitus,
860 1581 1174 1635 circumibat
1215 1594 1461 1649 quaerens
1512 1578 1825 1648 prephetatn
1851 1616 1868 1643 ,

266 1680 327 1727 et
380 1671 516 1725 nihil
558 1672 692 1725 lucri
723 1688 788 1725 cx
831 1681 973 1726 tanta
1011 1681 1271 1741 potestate
1302 1671 1549 1725 habebat.
1604 1670 1869 1726 Caeterum

266 1763 395 1819 vide
427 1764 636 1818 Domini
660 1765 1015 1819 clementiam.
1048 1764 1179 1831 Quia
1205 1764 1333 1816 vidit
1359 1762 1672 1831 prophetam
1706 1760 1871 1814 multo

266 1856 386 1910 zelo
404 1866 458 1911 et
480 1855 689 1912 fervore
720 1857 942 1924 moveri,
967 1865 1019 1910 et
1037 1871 1277 1925 magnam
1302 1856 1436 1908 hanc
1464 1868 1674 1923 poenam
1690 1852 1869 1907 inferri

265 1957 457 2003 contra
490 1956 654 2002 totam
689 1957 903 2014 terram,
926 1964 991 2002 ne
1020 1956 1074 2001 ct
1120 1946 1232 2015 ipse
1259 1946 1418 1999 simul
1471 1945 1522 1997 in
1553 1942 1869 2012 supplicium

267 2040 534 2095 incideret
559 2056 681 2094 cum
740 2040 866 2107 illis,
914 2048 968 2095 et
1000 2055 1183 2094 eorum
1208 2037 1454 2107 nequitiae
1487 2051 1669 2106 pcenas
1696 2032 1869 2099 daret,

264 2132 399 2188 dicit
427 2133 474 2188 ei
503 2147 518 2185 :
549 2132 735 2203 Surge,
763 2142 809 2187 et
850 2132 974 2187 vade
1018 2133 1068 2186 in
1110 2132 1330 2200 Surepta
1374 2129 1724 2184 Sidoniorum.
1753 2124 1872 2178 Illic

264 2226 403 2279 enim
436 2227 730 2296 pra'cipiam
760 2224 961 2278 mulieri
976 2224 1157 2286 viduae,
1181 2232 1234 2275 ut
1252 2231 1299 2275 te
1322 2229 1514 2291 pascat.
1541 2219 1604 2272 Et
1630 2218 1867 2282 surrexit,

265 2319 448 2372 etabiit
467 2320 546 2388 (5.
569 2319 692 2389 Reg.
716 2319 800 2372 I7.
819 2314 1131 2388 9.I0).Vide
1143 2314 1372 2386 Spiritus
1394 2314 1638 2385 gratiam,
1656 2311 1868 2365 dilecte.

265 2410 484 2466 Etenim
512 2421 566 2466 et
598 2410 711 2465 heri
730 2410 884 2466 nobis
915 2419 1055 2465 totus
1086 2423 1265 2464 sermo
1292 2408 1432 2463 circa
1454 2402 1868 2475 hospitalitatem

266 2504 576 2573 insumptus
605 2513 706 2569 est,
747 2513 801 2558 et
827 2503 985 2558 hodie
1026 2501 1303 2572 hospitalis
1331 2500 1432 2554 ista
1461 2499 1618 2552 vidua
1651 2496 1725 2568 (a)
1753 2511 1871 2550 ser-

264 2612 487 2651 nionem
542 2606 782 2651 nostrum
814 2597 1120 2666 complebit.
1159 2595 1226 2648 Et
1257 2595 1409 2663 venit,
1460 2594 1662 2663 inquit,
1692 2592 1761 2644 ad
1797 2592 1870 2644 vi-

264 2690 449 2755 duum,
474 2700 520 2743 et
551 2690 734 2744 invenit
775 2706 883 2743 eam
906 2689 1223 2759 colligentem
1246 2689 1405 2758 ligna,
1434 2696 1480 2740 et
1514 2686 1636 2739 dicit
1666 2686 1711 2737 ei
1738 2701 1756 2737 .'
1789 2683 1872 2737 Da

264 2782 395 2835 milii
435 2798 617 2853 parum
638 2798 804 2849 aqum,
836 2793 880 2834 et
914 2783 1095 2835 bibam.
1129 2781 1219 2835 Illa
1269 2779 1523 2834 ohedivit.
1562 2778 1624 2832 Et
1653 2777 1781 2831 dixit
1805 2777 1871 2829 ad

266 2892 380 2931 eam
403 2876 584 2929 iterum
612 2892 627 2928 :
651 2874 901 2929 Fucini/ti
948 2875 1307 2930 subcinericios
1348 2891 1522 2945 panes,
1546 2882 1590 2927 et
1612 2871 1872 2926 comedam

266 2967 450 3039 (Ibid.
480 2984 527 3021 υ.
580 2968 701 3041 II).
760 2969 848 3023 Illa
896 2984 1020 3023 vero
1066 2978 1246 3037 postea
1292 2966 1490 3036 detegit
1533 2964 1871 3019 immodicam

264 3074 424 3115 suam
437 3069 751 3131 egestatem,
774 3060 880 3113 imo
896 3058 1280 3114 inenarrabiles
1293 3055 1714 3125 divitias.Magna
1728 3057 1871 3110 enim

266 3160 558 3221 paupertas
589 3150 790 3206 indicat
820 3150 1126 3205 divitiarum
1164 3149 1304 3203 illius
1330 3147 1768 3218 magnitudinem.
1804 3146 1873 3200 Et

263 3244 401 3299 dicit
429 3262 443 3297 :
477 3243 597 3298 Non
634 3254 709 3299 est
749 3244 948 3297 ancillae
975 3254 1074 3297 tua:
1099 3243 1197 3297 nisi
1240 3242 1461 3313 pugillus
1484 3242 1686 3311 {ai-intr,
1711 3252 1754 3295 et
1778 3258 1873 3311 pa-

262 3354 386 3390 rum
407 3337 506 3391 olei
530 3337 582 3390 in
607 3337 878 3405 ampliora,
906 3346 951 3390 et
979 3336 1296 3389 comedemus
1326 3352 1416 3405 ego
1438 3344 1484 3388 et
1515 3336 1680 3405 pueri,
1697 3343 1743 3388 et
1761 3351 1872 3387 mo-

262 3429 464 3482 riemur
498 3427 659 3498 (Ibid.
706 3444 753 3481 v.
787 3427 900 3499 I2).
944 3427 1261 3483 liliserabilia
1298 3426 1457 3482 verba
1483 3467 1497 3490 ,
1538 3442 1658 3496 quae
1703 3426 1871 3495 ipsam

265 3522 538 3593 lapideam
572 3524 805 3577 animam
860 3522 1132 3578 inﬂectere
1162 3532 1398 3590 possent.
1451 3520 1603 3575 Nulla
1653 3520 1875 3590 posthac

264 3614 431 3669 nobis
467 3628 593 3685 spes
639 3614 846 3669 salutis.
878 3613 1020 3668 Ilors
1052 3615 1103 3668 in
1146 3612 1353 3668 foribus
1390 3621 1492 3668 est.
1545 3612 1659 3667 Iloc
1700 3614 1872 3669 solum

264 3710 432 3765 nobis
460 3710 708 3765 relictum
758 3718 841 3765 est
870 3709 937 3764 ad
969 3711 1152 3776 vitam,
1187 3710 1327 3780 quod
1354 3711 1442 3764 vix
1486 3710 1716 3764 Sufﬁciet
1742 3710 1873 3765 mihi

266 3812 325 3857 ct
354 3801 611 3872 puerulis.
639 3800 695 3855 Id
717 3801 861 3871 quod
878 3811 992 3857 erat
1020 3803 1071 3856 in
1100 3818 1216 3856 mea
1247 3810 1509 3870 potestate
1531 3800 1651 3864 feci;
1681 3818 1872 3871 aquam

265 3895 688 3952 communicavi.
723 3894 920 3950 Verum
963 3904 1022 3950 ut
1050 3895 1318 3949 discamus
1346 3905 1399 3949 et
1428 3894 1665 3949 mulieris
1688 3894 1874 3964 hospi-

269 3991 557 4056 talitatem,
591 3999 647 4045 et
669 3990 797 4059 justi
829 4005 1075 4059 magnam
1122 3989 1368 4043 ﬁduciam
1389 4028 1405 4055 ,
1436 3988 1558 4042 vide
1596 3987 1721 4058 quid
1760 3988 1870 4041 ﬁat.

269 4081 378 4138 Ubi
412 4083 671 4153 propheta
718 4082 1000 4153 diligenter
1035 4082 1149 4136 lure
1178 4081 1355 4136 omnia
1377 4082 1579 4145 didicit,
1629 4090 1686 4135 ut
1727 4080 1875 4135 dete-

267 4184 430 4245 geret
453 4176 607 4229 nobis
632 4176 882 4229 virtutem
915 4175 1150 4230 mulieris
1175 4174 1317 4247 (nam
1354 4174 1492 4229 Deus
1522 4174 1612 4243 qui
1638 4173 1871 4228 dixerat:

273 4264 515 4337 Prwcepi
540 4265 765 4332 mulieri,
787 4275 841 4318 ut
864 4274 910 4319 te
934 4276 1109 4336 pascat
1132 4264 1183 4336 (l
1191 4265 1295 4318 bid.
1316 4282 1363 4319 v.
1397 4266 1477 4336 9),
1514 4266 1624 4333 ipse
1644 4273 1760 4318 erat
1785 4264 1876 4332 qui

272 4368 407 4413 tunc
451 4372 548 4427 per
578 4356 891 4427 prophetam
916 4357 1296 4427 operabatur),
1327 4356 1455 4411 dicit
1479 4356 1527 4410 ei
1558 4369 1571 4408 :
1606 4354 1716 4407 Fac
1752 4354 1877 4407 mihi

272 4453 522 4522 primum,
551 4459 598 4503 et
617 4448 899 4516 comedam,
929 4460 972 4503 et
995 4459 1113 4503 tunc
1136 4450 1257 4518 [iliis
1283 4450 1401 4503 tuis.
1428 4448 1642 4510 Audite,
1682 4448 1875 4502 mulie-

274 4558 388 4609 res,
417 4557 535 4612 qua:
561 4541 762 4596 divitiis
790 4540 1031 4608 aflluitis,
1064 4550 1117 4595 et
1143 4541 1195 4595 in
1229 4541 1394 4594 multa
1434 4540 1639 4594 inutilia
1671 4550 1877 4595 vestras

272 4633 564 4689 facultates
594 4632 885 4698 insmnitis,
913 4648 977 4687 ac
1014 4642 1134 4702 post
1182 4632 1267 4686 illa
1299 4633 1475 4686 omnia
1522 4631 1656 4687 duos
1692 4632 1879 4687 obolos

272 4725 662 4795 indigentibus,
688 4726 772 4781 vel
789 4725 904 4780 viro
928 4726 1160 4796 cuipiam
1183 4726 1381 4780 virtute
1408 4725 1633 4796 praedito
1660 4735 1880 4797 propter

281 4817 452 4872 Deum
476 4832 666 4887 egeno,
701 4818 1013 4888 impendere
1057 4833 1165 4873 non
1191 4819 1373 4873 vultis.
1405 4817 1509 4873 Ista
1539 4828 1717 4875 autem
1744 4820 1879 4874 nihil

277 4908 474 4964 horum
494 4910 797 4979 possidens,
823 4910 917 4965 sed
942 4919 1143 4965 tantum
1168 4912 1423 4982 pugillum
1439 4910 1647 4976 farinae,
1674 4922 1723 4968 et
1752 4926 1883 4983 pau-

274 5003 330 5058 lo
373 5012 499 5073 post
537 5004 833 5059 secundum
863 5020 1014 5059 suam
1040 5005 1348 5075 opinionem
1380 5005 1609 5061 ﬁliorum
1652 5016 1881 5061 mortem

271 5105 608 5167 spectatura,
642 5107 700 5153 ut
723 5098 930 5152 audivit
949 5114 980 5153 a
1011 5098 1271 5169 propheta
1301 5116 1315 5153 :
1347 5097 1460 5152 Fac
1484 5099 1609 5153 milii
1634 5099 1878 5170 primunt,

270 5202 322 5246 et
356 5200 479 5245 tunc
508 5191 598 5245 tibi
626 5185 930 5261 et'puerulis
960 5192 1059 5246 tuis
1086 5207 1107 5245 :
1134 5208 1242 5246 non
1270 5206 1414 5261 :cgre
1439 5192 1577 5257 tulit,
1610 5206 1717 5246 non
1745 5206 1880 5245 cun-

271 5292 426 5337 ctata
470 5292 573 5347 est,
625 5283 721 5337 sed
764 5283 889 5338 fecit
914 5284 1171 5352 imperata
1200 5301 1215 5337 :
1245 5283 1498 5338 erudiens
1534 5298 1723 5338 omnes
1762 5298 1881 5349 nos,

275 5374 657 5447 prml‘erendos
677 5385 875 5430 nostrae
905 5374 1279 5430 refoeillationi
1308 5390 1495 5430 servos
1528 5375 1620 5429 Dei
1654 5391 1669 5427 :
1699 5382 1756 5429 et
1776 5390 1883 5429 non

279 5478 494 5523 temere
517 5468 639 5521 talia
660 5469 804 5522 lucra
826 5466 1214 5536 praatereunda,
1230 5465 1325 5521 sed
1347 5464 1882 5521 attendendummnl-

281 5573 397 5615 tam
427 5561 554 5617 hinc
578 5561 737 5616 nobis
768 5561 996 5615 futuram
1040 5573 1161 5614 esse
1199 5558 1524 5613 mercedem.
1557 5557 1693 5613 Vide
1724 5557 1886 5627 igitur

349 5719 429 5782 (a)
462 5727 592 5771 Hanc
614 5726 938 5787 Sareptanam
961 5712 1668 5787 videantpluribus-celebrat
1686 5713 1885 5787 Chryso-

282 5775 476 5894 ‘sifuohius
496 5790 647 5834 Temo
672 5775 907 5846 ttt'supra
930 5780 977 5829 in
1006 5775 1208 5830 Homilia
1230 5778 1294 5830 de
1325 5775 1462 5828 Helia
1502 5781 1553 5826 et
1591 5776 1734 5827 vidua
1762 5775 1888 5829 circa

352 5857 453 5896 ein.

1284 377 1348 434 IN
1387 376 1540 433 CAP.
1586 376 1771 434 XVIII.
1811 376 2061 435 GENES.
2107 378 2339 435 IIOMIL.
2383 380 2545 438 XLII.

1986 476 2126 530 hanc
2156 477 2399 544 viduam,
2445 496 2542 548 pro
2582 480 2776 551 pugillo
2798 480 3017 550 larium,
3082 494 3137 540 et
3178 488 3413 556 pauxillo
3458 492 3580 545 oleo

1985 565 2253 635 quomodo
2280 578 2592 638 perpetuum
2632 571 2882 626 horreum
2931 575 3033 629 sibi
3064 582 3453 647 comparaverit
3509 585 3575 650 (5

1983 659 2114 731 Reg.
2147 660 2235 715 l7.
2264 662 2370 731 Η).
2397 662 2528 717 Nam
2558 675 2836 736 postquam
2865 670 3004 737 pavit
3034 672 3380 741 prophetam,
3406 693 3578 747 neque

1986 751 2211 820 pugillus
2240 751 2421 807 farinrc
2448 754 2657 819 defecit,
2699 774 2870 828 neque
2899 761 3156 830 amphora
3201 765 3327 831 olei,
3352 783 3471 821 cum
3497 770 3578 822 in—

1986 843 2138 896 terim
2168 842 2305 898 fame
2338 854 2476 898 terra
2515 849 2687 901 omnis
2721 864 3148 910 consumeretur.
3183 856 3276 910 Est
3305 868 3481 913 autem
3524 874 3578 917 et

1983 932 2085 988 hoc
2113 935 2423 991 admirabile
2458 946 2511 990 et
2549 940 2867 1008 stupendum
2917 958 3035 997 eam
3086 961 3256 1017 neque
3303 950 3577 1005 laborilms

1983 1032 2163 1091 postea
2193 1040 2327 1094 epus
2356 1027 2636 1091 habuisse,
2670 1029 2761 1084 sed
2802 1041 3041 1100 paratum
3102 1048 3359 1106 perpetuo
3412 1043 3576 1096 fuisse

1980 1114 2205 1168 f.ninam
2260 1126 2313 1171 et
2355 1117 2554 1186 oieum,
2593 1130 2647 1175 et
2690 1138 2861 1192 neque
2896 1126 3217 1195 agricultura
3263 1130 3572 1201 iiidiguissv,

1981 1222 2156 1274 neque
2203 1208 2364 1262 boum
2417 1214 2832 1282 cooperatione,
2890 1232 3064 1286 neque
3114 1220 3219 1273 ulla
3267 1222 3370 1275 alia
3410 1240 3572 1289 cura;

1979 1299 2074 1352 sed
2103 1300 2281 1355 videre
2310 1311 2427 1357 erat
2475 1306 2652 1358 omnia
2686 1318 2879 1374 przcter
2934 1320 3180 1366 naturam
3227 1317 3461 1371 evenire.
3508 1320 3575 1375 l-Zt

1978 1406 2098 1445 cum
2147 1408 2263 1459 rex,
2296 1395 2385 1463 qni
2424 1411 2674 1451 coronam
2703 1401 2873 1467 capite
2900 1403 3163 1469 gestabat,
3192 1408 3381 1461 anxius
3408 1420 3572 1479 esset,

1978 1491 2031 1534 et
2083 1482 2222 1537 fame
2264 1484 2567 1553 laboraret,
2615 1488 2770 1559 inops
2811 1490 2963 1543 vidua
3006 1494 3254 1548 onmibus
3295 1497 3573 1565 destituta,

1977 1571 2099 1640 quia
2125 1575 2435 1643 prophetam
2456 1590 2785 1647 susceperat,
2816 1582 2866 1634 in
2899 1592 3207 1651 perpetuam
3232 1590 3372 1641 venit
3401 1590 3573 1645 abun-

1977 1660 2232 1716 dantiam.
2265 1665 2551 1735 Propterea
2583 1668 2901 1725 etChristus
2918 1672 3128 1727 dicebat
3159 1692 3171 1727 :
3206 1675 3307 1742 Qui
3334 1696 3564 1749 suscepe-

1976 1754 2040 1805 rit
2079 1757 2377 1823 prophetam
2422 1758 2474 1810 in
2517 1761 2718 1812 nomine
2738 1762 3017 1830 prop/tetu),
3047 1768 3322 1820 mercedem
3351 1774 3570 1839 prop/te-

1978 1855 2042 1899 tu:
2070 1848 2275 1919 recipiet
2308 1848 2521 1921 (Matth.
2558 1844 3247 1925 10.“).Vidistiheriquid
3267 1864 3567 1928 patriarcha

1976 1943 2232 1997 meruerit
2258 1942 2405 2013 larga
2432 1959 2529 1999 sua
2561 1942 2925 2014 hOSpitalitate
2980 1955 3032 1998 et
3050 1944 3248 2000 fervida
3272 1949 3564 2004 alacritate:

1976 2025 2097 2081 vide
2121 2037 2174 2081 et
2206 2045 2345 2083 nunc
2376 2030 2511 2084 hanc
2542 2030 2816 2087 Sidoniam
2848 2046 3069 2104 repente
3092 2038 3332 2106 ingentes
3359 2041 3570 2097 divitias

1976 2119 2357 2188 possidentem.
2380 2122 2581 2193 Lingua
2601 2126 2739 2178 enim
2760 2128 3033 2198 propheta:
3055 2147 3171 2198 qua:
3192 2133 3305 2184 cicli
3336 2133 3570 2191 habenas

1976 2212 2373 2279 moderabatur,
2404 2215 2527 2270 fecit
2555 2228 2610 2271 ut
2636 2217 2821 2273 farina:
2844 2222 3071 2290 pugillus
3098 2234 3151 2278 et
3177 2225 3281 2279 olei
3308 2228 3567 2298 amphora

1971 2309 2169 2373 jngiter
2220 2309 2558 2363 scaturircnt.

2049 2401 2101 2453 7.
2146 2399 2364 2456 Mor-alis
2394 2405 2770 2457 ealtortatio.—
2796 2406 2943 2461 Ilanc
2992 2423 3180 2464 omnes
3217 2412 3494 2467 imitentur
3517 2424 3571 2469 ct

1975 2493 2074 2547 viri
2103 2502 2157 2549 et
2182 2495 2451 2550 mulieres.
2484 2496 2596 2566 Ego
2618 2499 2830 2566 quidem
2860 2501 3050 2553 vellem
3084 2516 3176 2557 vos
3199 2505 3263 2557 ad
3296 2508 3570 2575 propheta:

1975 2587 2167 2653 zelum,
2198 2598 2250 2642 et
2273 2586 2337 2641 ad
2366 2586 2480 2657 ejus
2511 2587 2719 2642 virtutis
2746 2590 3095 2645 imitationem
3127 2592 3392 2649 deducere
3426 2612 3438 2646 :
3474 2599 3568 2651 sed

1975 2682 2095 2750 quia
2122 2680 2221 2735 hoc
2242 2698 2528 2737 onerosum
2575 2683 2727 2739 vobis
2780 2684 2991 2739 videtur
3035 2702 3175 2751 esse,
3228 2692 3471 2758 quamvis
3516 2703 3571 2746 et

1975 2775 2065 2828 ille
2095 2774 2255 2829 homo
2285 2785 2419 2840 crat,
2450 2792 2775 2848 carnemque
2820 2781 2958 2833 sicut
2993 2795 3091 2835 nos
3135 2782 3568 2847 circumferebat,

1976 2876 2029 2922 et
2053 2867 2293 2921 eamdem
2320 2884 2477 2938 quam
2520 2884 2619 2923 nos
2660 2870 2887 2925 habebat
2915 2881 3158 2927 naturam
3193 2894 3206 2929 :
3238 2891 3419 2931 verum
3448 2880 3570 2944 quia

1976 2976 2093 3030 qua:
2121 2974 2213 3013 sua
2236 2970 2390 3016 erant
2414 2963 2634 3033 largiter
2649 2965 2844 3033 attulit,
2874 2977 3033 3037 atque
3085 2969 3331 3025 virtutem
3358 2972 3569 3039 amplc-

1976 3061 2131 3105 xatus
2159 3062 2262 3120 est,
2295 3069 2582 3123 supernam
2614 3072 2823 3127 quoque
2849 3060 3072 3128 gratiam
3100 3073 3417 3133 asseqnutus
3448 3073 3566 3128 est;

1975 3154 2227 3201 cmtcrum
2256 3147 2469 3202 interim
2512 3165 2611 3203 nos
2654 3151 2735 3205 vel
2769 3151 3052 3207 mulierem
3105 3156 3242 3209 hanc
3278 3155 3569 3223 imitemur,

1976 3246 2031 3292 et
2055 3238 2133 3292 sic
2154 3240 2408 3308 paulatim
2439 3256 2504 3295 eo
2533 3242 2829 3310 veniemus,
2874 3256 2930 3299 ut
2953 3248 3112 3300 etiam
3144 3249 3417 3317 propheta:
3448 3250 3553 3303 imi-

1977 3338 2176 3383 tatores
2198 3330 2379 3384 simus.
2417 3330 2756 3387 IEmulemur
2786 3336 2963 3404 itaque
2990 3338 3106 3405 ejus
3133 3338 3569 3408 htJSpitalitatem,

1977 3432 2033 3479 et
2078 3424 2255 3480 nullus
2293 3423 2514 3495 posthac
2547 3426 2777 3495 inopiam
2808 3438 3085 3495 prretexat.
3110 3430 3242 3483 Nam
3283 3444 3571 3500 quantum-

1977 3518 2058 3572 vis
2088 3517 2243 3587 inops
2273 3518 2342 3573 sit
2387 3519 2598 3588 aliquis,
2634 3536 2739 3574 non
2786 3524 2887 3575 erit
2928 3520 3027 3576 hac
3076 3524 3339 3593 egentior,
3365 3526 3449 3579 cui
3503 3525 3570 3579 ad

1980 3624 2142 3663 unum
2176 3618 2379 3663 tantu'n
2425 3609 2565 3664 diem
2618 3620 2734 3663 crat
2783 3611 3137 3666 alimentum:
3171 3623 3226 3667 et
3274 3630 3448 3684 neque
3495 3615 3575 3670 sic

1978 3698 2076 3753 fuit
2103 3700 2317 3769 segnior
2344 3700 2409 3755 ad
2438 3701 2745 3770 petitionem
2779 3703 3075 3772 prephetaa,
3120 3705 3212 3759 sed
3244 3722 3432 3775 magna
3459 3708 3573 3761 ala-

1979 3793 2170 3847 critate
2196 3794 2243 3847 ei
2274 3794 2466 3862 paruit,
2519 3803 2573 3848 et
2604 3796 2904 3850 mercedem
2943 3799 3184 3867 protinus
3222 3800 3443 3869 recepit.
3472 3801 3576 3855 Ta-

1979 3885 2047 3940 lia
2077 3886 2220 3940 enim
2243 3896 2389 3953 sunt,
2431 3902 2547 3956 qua}
2574 3903 2603 3940 a
2652 3888 2758 3941 Deo
2792 3890 2939 3943 fiunt.
2988 3890 3102 3943 Mos
3132 3891 3179 3944 ei
3208 3890 3337 3946 dare
3382 3908 3572 3963 magna

1981 3992 2079 4047 pro
2100 3979 2295 4048 parvis.
2325 3978 2460 4047 Quid
2486 3980 2650 4043 enim,
2681 3980 2789 4045 die,
2813 3996 2929 4047 oro,
2957 3991 3156 4035 tantum
3179 3985 3371 4052 attulit,
3398 4001 3570 4054 quan-

1981 4079 2091 4125 tum
2133 4069 2388 4139 accepit?
2445 4069 2640 4125 Verum
2702 4071 2961 4126 Dominus
3003 4082 3185 4128 noster
3231 4090 3333 4129 non
3379 4088 3575 4145 quanta

1980 4164 2175 4219 dentur
2218 4163 2497 4218 consuevit
2537 4164 2835 4231 attendere,
2886 4165 2981 4221 sed
3032 4167 3320 4222 voluntatis
3362 4169 3578 4240 largita-

1983 4264 2125 4321 tem;
2171 4266 2227 4311 et
2276 4256 2345 4311 ab
2390 4257 2489 4311 hac
2516 4274 2635 4326 qua:
2666 4273 2825 4327 parva
2870 4269 2994 4314 sunt
3020 4276 3208 4331 magna
3254 4262 3573 4328 redduntur,

1981 4356 2036 4402 et
2061 4362 2250 4418 magna
2291 4362 2436 4417 εωρο
2487 4350 2610 4403 vilia
2641 4350 2977 4417 efﬁciuntur,
3030 4353 3243 4422 quando
3285 4370 3390 4407 non
3418 4354 3574 4409 hilari

1981 4450 2162 4505 animo
2200 4467 2319 4520 quze
2366 4452 2500 4507 ﬁunt
2556 4463 2898 4523 peraguntur.
2954 4454 3251 4523 Eapropter
3281 4454 3435 4508 vidua
3489 4453 3575 4507 illa

1983 4543 2311 4612 evangelica,
2337 4544 2519 4598 multis
2559 4545 2724 4598 multa
2776 4544 2829 4598 in
2859 4546 3293 4616 gazophylacimn
3321 4546 3582 4600 mittenti-

1984 4636 2103 4700 bus,
2159 4636 2409 4706 projectis
2457 4636 2669 4691 duobus
2696 4638 2914 4690 minutis
2940 4652 3128 4691 omnes
3150 4638 3276 4691 vicit
3303 4636 3454 4705 (Luc.
3483 4637 3574 4692 21.

1983 4729 2038 4785 5.
2066 4729 2141 4798 4),
2173 4744 2279 4783 non
2310 4728 2453 4799 quod
2500 4729 2781 4783 immiserit
2808 4730 2957 4798 plura
2979 4730 3118 4793 aliis,
3148 4729 3243 4784 sed
3273 4729 3416 4801 quod
3445 4731 3579 4787 libe-

1984 4820 2237 4876 raliorem
2285 4821 2613 4875 voluntatem
2663 4821 2981 4876 ostenderit.
3016 4822 3121 4876 Alii
3165 4823 3340 4886 enim,
3388 4824 3577 4893 inquit,

1985 4928 2053 4969 ex
2101 4929 2167 4969 eo
2192 4913 2333 4984 quod
2370 4904 2472 4969 sibi
2516 4914 2822 4970 abundabat
2852 4915 3246 4987 eleemosynam
3268 4917 3582 4988 erogabant,

1987 5004 2087 5059 ista
2113 5014 2290 5060 autem
2351 5006 2531 5060 omnia
2581 5022 2933 5076 quaecumque
2982 5008 3291 5077 possidebat
3341 5009 3579 5063 immisit.

1988 5097 2213 5152 Omnem
2266 5097 2410 5153 enim
2437 5098 2634 5152 victum
2680 5114 2856 5164 suum,
2893 5101 3082 5170 inquit,
3126 5102 3326 5172 injecit.

2066 5189 2397 5260 Eleemosyna
2419 5192 2916 5263 eroganda.—Ergo
2934 5194 3185 5249 mulieres
3204 5195 3392 5249 saltem
3419 5193 3584 5247 imite-

1991 5298 2110 5337 mur
2131 5282 2253 5349 viri,
2270 5291 2321 5337 et
2337 5299 2439 5337 non
2460 5283 2828 5339 inferioreseis
2846 5286 3145 5340 videamur:
3167 5285 3260 5339 sed
3279 5285 3587 5339 studeamns

1991 5390 2099 5430 non
2119 5376 2293 5430 solum
2311 5376 2379 5430 ad
2414 5386 2657 5431 nostrum
2685 5393 2838 5431 usum
2866 5393 3079 5431 omnem
3106 5376 3455 5430 substantiam
3489 5393 3588 5429 no-

1992 5477 2158 5521 stram
2189 5466 2520 5535 impendere,
2561 5467 2657 5522 sed
2701 5477 2754 5522 et
2797 5483 3085 5536 egenorum
3113 5481 3362 5537 magnam
3393 5466 3591 5521 habere

1993 5572 2212 5624 curam,
2263 5556 2425 5626 idque
2463 5573 2585 5613 eum
2630 5557 2904 5611 alacritate
2954 5566 3009 5612 et
3047 5556 3333 5613 hilaritate.
3378 5557 3589 5612 Etenim

1995 5648 2226 5719 agricola
2254 5655 2411 5703 terra:
2448 5647 2781 5704 coneredens
2807 5647 3033 5715 semina,
3063 5664 3170 5704 non
3210 5648 3312 5705 hoc
3339 5663 3463 5703 cum
3493 5647 3591 5701 tri-

1996 5741 2139 5797 stitia
2166 5740 2310 5808 facit,
2338 5739 2431 5796 sed
2461 5739 2699 5810 gaudens
2748 5750 2803 5796 et
2830 5740 3184 5809 Itetabundus,
3221 5750 3276 5797 et
3303 5741 3454 5812 quasi
3480 5740 3607 5817 jam.

2001 5848 2096 5905 spe
2118 5832 2418 5904 manipulos
2438 5830 2620 5888 videre
2644 5846 2704 5891 sc
2730 5832 3062 5906 existimans,
3092 5832 3145 5890 in
3176 5841 3317 5891 terra
3341 5825 3591 5886 seminat.
