4078 6426
537 364 645 422 395

542 478 607 533 Et
639 486 717 543 tu,
748 473 962 539 dilecte,
999 489 1066 527 ne
1105 471 1278 526 solum
1307 469 1607 539 respexeris
1636 467 1700 520 ad
1729 481 1852 521 cum
1881 464 1969 534 qui
2000 459 2134 516 reci-

543 568 639 637 pit.
668 581 842 636 neque
877 564 942 620 ad
984 572 1226 632 sumplus
1251 562 1338 632 qui
1389 559 1556 623 fiunt;
1604 557 1696 612 sed
1734 557 1940 628 cogita,
1989 554 2139 609 ilium

540 659 758 729 quidem
785 659 875 729 qui
905 673 934 711 a
966 666 1016 711 te
1043 655 1233 725 accipit
1278 669 1398 710 esse
1421 653 1685 708 visibilem
1708 693 1720 714 ,
1761 651 1925 704 alintn
1959 659 2137 702 autem

539 765 663 819 qua:
689 751 740 804 in
762 750 911 804 ilium
947 748 1097 810 ﬂnnt,
1127 748 1230 802 sibi
1268 746 1405 802 facta
1434 747 1750 807 declarare;
1786 759 1960 812 neque
1988 743 2138 795 illum

540 842 810 910 vulgarem
851 840 1155 912 quempiam
1212 853 1366 905 esse,
1414 838 1508 893 sed
1553 836 1789 891 omnium
1833 835 2134 898 Dominum,

537 931 654 986 cteli
695 943 958 1000 terrtrque
999 929 1378 994 Conditorem;
1408 937 1462 983 et
1501 936 1772 996 sumptum
1804 926 1949 979 illum
1999 925 2139 978 redi-

539 1031 690 1077 tuum
717 1021 896 1077 locum
925 1022 1190 1086 obtinere,
1223 1036 1322 1075 nec
1361 1020 1534 1074 solum
1578 1034 1681 1072 non
1726 1020 1967 1072 minuere
2006 1018 2138 1070 sub-

537 1113 791 1168 stantiam
820 1120 988 1180 tuam,
1016 1112 1110 1167 sed
1139 1125 1334 1182 augere
1359 1111 1525 1181 magis
1562 1111 1604 1164 si
1650 1126 1774 1164 cum
1802 1109 1905 1164 fide
1935 1120 1986 1163 et
2027 1109 2139 1161 ala-

535 1203 730 1258 critate
773 1201 876 1257 hoc
904 1201 1114 1258 feceris.
1160 1202 1367 1258 Addam
1415 1202 1465 1257 id
1509 1201 1648 1272 quod
1691 1201 2014 1271 prmeipuum
2057 1209 2136 1255 est

539 1293 739 1348 bonum
763 1312 776 1347 :
811 1305 1006 1364 prmter
1035 1295 1132 1350 bos
1164 1294 1365 1349 reditus
1394 1303 1447 1348 et
1489 1295 1655 1361 lucra,
1686 1310 1804 1363 qua:
1833 1309 1895 1346 ex
1923 1301 2136 1361 sumptu

543 1393 819 1452 parantur,
853 1395 1069 1455 peccata
1099 1386 1261 1440 etiam
1289 1385 1656 1440 condonantur
1689 1403 1700 1438 :
1729 1385 1812 1440 cui
1842 1385 1982 1438 bono
2011 1384 2138 1454 quid

541 1489 637 1544 par
664 1488 784 1531 esse
810 1477 1043 1546 poterit?
1086 1476 1142 1532 Si
1175 1476 1335 1549 igitur
1361 1478 1606 1532 volumus
1637 1491 1762 1531 vere
1799 1475 2135 1546 locupletari,

539 1575 596 1622 et
625 1581 744 1622 cum
773 1567 970 1623 divitiis
1009 1569 1171 1624 etiam
1208 1577 1547 1639 peccatorum
1591 1568 1828 1623 invenire
1869 1566 2135 1623 remissio-

541 1675 687 1726 nem,
729 1660 1064 1718 eﬂ‘undamus
1112 1678 1199 1718 res
1242 1671 1450 1718 nostras
1499 1663 1551 1718 in
1595 1675 1886 1732 egenorum
1925 1675 2135 1726 manus,

541 1753 929 1820 prurmittamus
956 1768 1047 1809 eas
1080 1754 1133 1809 in
1161 1755 1372 1820 CtDIulll,
1408 1755 1493 1809 ubi
1527 1770 1700 1824 neque
1729 1755 1827 1818 fur,
1862 1769 2034 1824 neque
2057 1754 2135 1807 la-

541 1851 646 1908 tro,
681 1858 853 1912 neque
886 1846 1143 1914 parietum
1187 1845 1431 1912 cﬂ‘ossor,
1477 1859 1649 1914 neque
1693 1843 1872 1898 famuli
1912 1845 2134 1911 malitia,

536 1948 711 2003 neque
739 1934 884 1989 aliud
913 1936 1200 2007 quidquam
1245 1950 1441 1992 nocere
1469 1937 1662 2006 p0terit
1689 1935 1886 1990 divitiis
1919 1937 2134 1989 nostris.

536 2023 705 2095 Regio
731 2027 874 2081 enim
905 2027 990 2082 illa
1031 2029 1282 2082 onmibus
1326 2027 1626 2082 istiusmodi
1656 2028 1865 2082 damnis
1896 2027 2137 2097 superior

536 2127 640 2172 est.
667 2117 897 2172 Tantum
924 2134 992 2173 ne
1022 2135 1210 2173 vanam
1237 2120 1460 2189 gloriam
1493 2129 1778 2179 sectemur,
1809 2119 1901 2173 scd
1943 2135 2137 2188 sequa-

539 2223 663 2264 mur
691 2209 836 2280 leges
874 2225 902 2263 a
947 2209 1159 2265 Christo
1205 2211 1445 2278 traditas,
1494 2220 1551 2266 ut
1588 2226 1692 2265 ucn
1729 2211 1795 2266 ab
1837 2211 2140 2266 hominibus

538 2301 726 2357 laudes
750 2303 1128 2372 percipiamus,
1154 2303 1246 2357 sed
1269 2318 1296 2356 a
1324 2302 1594 2358 conunuui
1622 2302 1860 2356 omnium
1890 2303 2136 2366 Domino,

536 2407 608 2450 ne
635 2403 688 2449 et
729 2404 972 2465 sumptus
1015 2393 1272 2450 faciamus
1300 2438 1313 2457 ,
1364 2404 1418 2450 et
1461 2396 1610 2449 lucro
1653 2393 2025 2448 deSIituamur.
2071 2392 2140 2447 Ut

533 2484 678 2540 enim
707 2485 774 2540 ab
804 2484 1010 2539 insidiis
1035 2484 1153 2539 aliis
1178 2485 1427 2540 omnibus
1469 2494 1595 2539 tutze
1633 2493 1756 2539 sunt
1801 2484 1999 2540 divitia:
2044 2497 2142 2552 per

534 2592 725 2634 manus
755 2593 1047 2656 pauperum
1076 2593 1142 2633 eo
1173 2578 1464 2645 translata‘,
1507 2578 1576 2631 ita
1618 2593 1712 2647 per
1745 2592 1934 2633 vanam
1965 2576 2137 2631 solum

535 2668 757 2738 gloriam
798 2665 1187 2734 absumuntur;
1240 2677 1379 2722 etut
1424 2669 1564 2722 tinea
1609 2678 1664 2723 et
1699 2684 1910 2724 vermes
1959 2677 2138 2723 vestes

535 2768 909 2827 corrumpunt,
953 2758 1026 2812 ita
1075 2768 1128 2813 et
1167 2759 1338 2814 inanis
1368 2759 1534 2830 gloria
1575 2759 1784 2814 di\itias
1811 2775 1928 2828 qua:
1971 2759 2136 2814 mise-

537 2849 767 2905 ricordia
797 2850 1141 2920 colliguntur.
1173 2850 1393 2917 Idcirco,
1427 2851 1671 2917 obsecro,
1713 2867 1818 2905 non
1847 2852 2016 2906 solum
2053 2850 2134 2904 fa-

536 2943 740 2998 ciamus
764 2943 1155 3015 eleemosynas,
1182 2944 1276 2998 sed
1307 2955 1359 2998 et
1385 2953 1538 2998 caute
1562 2942 1835 3007 faciamus,
1866 2952 1922 2997 ut
1948 2958 2138 3012 magna

538 3037 680 3092 bona
703 3037 1059 3108 percipiamus
1084 3053 1179 3108 pro
1197 3035 1394 3108 parvis,
1437 3046 1491 3092 et
1536 3052 1632 3107 pro
1661 3036 1695 3090 ft
1707 3037 1929 3107 agilibus
1959 3037 2139 3090 incor-

537 3129 830 3198 ruptibilia,
873 3139 926 3185 ct
974 3145 1075 3201 pro
1122 3130 1500 3199 temporalibus
1543 3138 1764 3196 :eterna,
1813 3137 2012 3183 etcum
2054 3127 2139 3183 his

538 3224 788 3279 omnibus
817 3227 974 3278 etiam
1006 3235 1342 3294 peccatorum
1374 3224 1742 3279 remissionem
1769 3223 1977 3293 assequi
2005 3237 2139 3293 pos-

538 3315 728 3379 simus,
770 3315 1016 3386 bonaque
1056 3315 1142 3369 illa
1187 3316 1470 3370 ineffabilia
1521 3335 1534 3376 :
1579 3316 1770 3386 quibus
1810 3331 1908 3370 nos
1949 3331 2139 3371 omnes

536 3406 695 3478 potiri
740 3406 1036 3477 contingat,
1077 3407 1242 3477 gratia
1281 3416 1336 3461 et
1381 3406 1743 3461 misericordia
1791 3405 2000 3461 Domini
2044 3421 2142 3460 no-

533 3499 634 3556 stri
661 3497 790 3555 Jesu
811 3499 1036 3561 Christi,
1064 3499 1148 3554 cui
1179 3513 1304 3554 cum
1347 3498 1505 3553 Patre
1534 3507 1590 3553 et
1615 3509 1801 3554 sancto
1828 3496 2142 3567 viviticoque

535 3593 739 3665 Spiritu
765 3593 836 3648 sit
853 3592 1042 3664 gloria,
1076 3606 1215 3645 nunc
1242 3599 1295 3645 et
1315 3604 1547 3659 semper,
1579 3598 1633 3644 et
1661 3590 1712 3643 in
1739 3591 1936 3646 sa-cula
1965 3604 2140 3644 stuen-

541 3683 736 3739 Iorum.
768 3684 964 3738 Amen.

1093 3811 1368 3866 IIONIIIJA
1407 3809 1586 3864 XLIII.

555 3923 804 3982 Venerunt
829 3937 1022 3995 (uitem,
1067 3926 1251 3994 inquit,
1299 3923 1402 3977 duo
1436 3925 1606 3995 angeli
1637 3924 1864 3980 Sodoma
1913 3940 2140 3995 vespere.

1153 4016 1305 4086 (Gen.
1341 4016 1427 4072 19.
1463 4017 1536 4087 l).

616 4167 667 4222 i.
699 4161 1154 4232 Quemadmodum
1172 4157 1416 4211 ﬂoridum
1430 4154 1698 4224 quoddam
1717 4160 1930 4220 pratttm
1948 4150 2127 4206 varios

541 4271 599 4316 et
626 4256 940 4325 omnigenus
961 4250 1119 4304 ﬂores
1145 4249 1198 4302 in
1227 4261 1285 4301 se
1314 4253 1576 4308 ostentat,
1607 4244 1678 4297 ita
1707 4255 1760 4296 et
1781 4243 1960 4297 divina
1983 4237 2127 4297 Scri-

542 4359 701 4424 ptura
737 4345 1006 4414 justorutn
1045 4341 1271 4392 virtutes
1308 4336 1462 4391 nobis
1492 4334 1824 4389 demonstrat
1856 4352 1868 4386 :
1899 4348 2005 4387 non
2043 4342 2125 4397 ut,

542 4422 683 4497 sicut
710 4436 921 4491 illorum
950 4431 1138 4485 ﬂorum
1170 4425 1484 4497 fragrantia,
1510 4437 1678 4494 parvo
1708 4431 1948 4492 tempore
1980 4422 2127 4476 frua-

544 4543 686 4591 mur,
726 4526 820 4580 sed
848 4533 904 4578 ut
930 4529 1247 4593 perpetuam
1298 4517 1420 4571 inde
1463 4514 1748 4569 utilitatem
1777 4514 2123 4583 recipiamus.

543 4618 656 4677 Illic
680 4633 841 4672 manu
875 4625 1078 4670 tantum
1109 4613 1382 4683 carpimus
1411 4607 1594 4671 ﬂores,
1620 4616 1674 4661 et
1707 4605 1956 4675 protinus
1982 4617 2125 4658 mar-

545 4717 822 4768 cescentes
837 4723 987 4761 suam
1010 4707 1239 4775 gratiam
1270 4703 1522 4757 amittunt
1539 4719 1553 4754 :
1569 4700 1658 4754 hic
1679 4709 1857 4753 autem
1879 4711 1985 4752 non
2009 4695 2124 4751 sic:

545 4797 640 4856 sed
666 4795 881 4866 quando
908 4795 1130 4848 auribus
1160 4794 1431 4863 justorum
1463 4791 1688 4844 virtutes
1719 4789 2040 4859 accipimus,
2069 4793 2126 4839 et

543 4905 636 4944 eas
667 4888 722 4941 in
749 4887 871 4942 sinu
909 4886 1110 4939 mentis
1134 4883 1465 4953 reponimus,
1497 4896 1594 4951 per
1622 4897 1782 4936 omne
1812 4891 2048 4949 tempus,
2076 4878 2124 4933 si

543 4982 792 5037 voluntas
821 5021 836 5045 ,
890 4994 1074 5034 eorum
1115 4979 1265 5033 suavi
1307 4977 1476 5034 odore
1520 4977 1623 5032 frui
1671 4976 1985 5046 poterimus.
2034 4976 2146 5042 Age

537 5089 692 5146 ergo,
727 5072 850 5143 quia
895 5080 1039 5126 tanta
1079 5078 1388 5125 sanctorum
1419 5071 1470 5124 in
1496 5069 1675 5126 divina
1712 5067 1991 5140 Scriptura
2035 5065 2148 5121 fra-

539 5165 750 5236 grantia
775 5172 878 5229 est,
909 5162 1069 5218 hodie
1098 5162 1216 5216 Loti
1240 5161 1438 5216 bonum
1465 5160 1685 5217 odorem
1712 5163 2065 5233 iuquiramus,
2088 5166 2147 5213 ut

543 5257 772 5312 sciamus
797 5254 1018 5325 liquido,
1048 5254 1250 5320 justum
1281 5251 1421 5307 hunc
1462 5253 1516 5306 in
1556 5262 1763 5308 tantum
1789 5254 2003 5308 virtutis
2029 5252 2145 5320 api-

541 5360 659 5399 cem
689 5355 938 5401 evectum
963 5360 1085 5400 esse
1117 5343 1434 5414 patriarchae
1472 5344 1882 5410 consuetudine,
1920 5359 2042 5414 qua:
2068 5341 2145 5396 cf!

541 5436 668 5491 fecit
696 5448 753 5490 ut
787 5441 1010 5509 vestigia
1054 5441 1195 5496 illius
1235 5447 1569 5509 sequeretur,
1601 5449 1656 5494 et
1687 5441 2024 5507 peculiariter
2050 5439 2146 5491 ho-

541 5529 882 5596 Spitalitatem
907 5546 1202 5589 exerceret.
1227 5534 1420 5588 Verum
1447 5543 1503 5587 ut
1525 5531 1858 5587 manifestior
1883 5531 1950 5585 sit
1968 5545 2146 5586 sermo

545 5631 744 5685 noster,
771 5635 949 5690 opera:
969 5628 1196 5692 pretium
1231 5626 1389 5680 fuerit
1428 5626 1722 5696 Scriptura:
1752 5623 1913 5679 verba
1936 5622 2142 5676 audire.

551 5706 864 5764 I.Vencrrtnt
886 5718 1281 5786 autem,inquit,
1315 5719 1414 5771 duo
1444 5719 1614 5786 angeli
1647 5717 1874 5771 Sodoma
1894 5714 2143 5784 (CapJQ)

550 5802 758 5871 ruspari.
794 5801 974 5868 Quare
1019 5806 1094 5859 sic
1137 5808 1333 5876 incepit
1375 5819 1424 5863 ct
1457 5809 1632 5864 dixit:
1677 5807 1932 5861 Venerunt
1979 5815 2146 5859 autem

1316 352 1376 413 S.
1418 352 1693 412 JOANNIS
1732 341 2218 406 CIIRYSOSTOMI
2255 338 2569 398 ABCIIIEP.
2613 338 3146 395 CONSTANTINUP.

3761 346 3864 402 396

2250 456 2351 510 duo
2379 454 2548 516 angeli
2572 454 2798 510 Sodoma
2817 455 3008 525 uesperi
3030 454 3056 508 ?
3079 453 3345 522 Quoniam
3363 467 3658 529 postquam
3675 460 3862 518 diver-

2247 546 2346 602 sati
2377 553 2501 600 sunt
2528 544 2666 610 apud
2711 543 3092 614 patriarchatn,
3120 552 3179 600 et
3221 545 3344 601 inde
3381 559 3678 618 surgentes
3711 551 3862 607 abie-

2247 650 2401 705 runt;
2445 655 2508 694 ac
2545 637 2781 692 clemens
2818 637 3076 692 Dominus
3099 648 3156 692 et
3179 649 3416 707 curator,
3446 655 3546 710 pro
3573 655 3676 696 sua
3708 643 3863 700 boni-

2248 740 2357 788 tate
2403 735 2451 785 in
2497 730 2726 784 humana
2763 728 2928 798 figura
2969 729 3138 796 visus,
3188 733 3387 786 mansit
3432 735 3578 802 apud
3628 737 3862 804 patriar.

2245 825 2422 885 cham,
2457 825 2678 894 loquens
2701 835 2823 878 eum
2855 837 2940 888 eo,
2974 823 3114 878 sicut
3158 825 3272 878 heri
3302 825 3582 882 audivistis
3620 847 3635 882 :
3669 831 3860 887 volens

2248 930 2343 967 nos
2369 929 2554 968 orunes
2585 913 2780 968 docere
2806 923 2860 968 et
2901 913 3171 985 ingentem
3219 918 3530 985 patientiam
3571 936 3765 986 suam,
3805 932 3862 978 et

2248 1005 2560 1074 patriarcha:
2584 1005 2881 1072 caritatem,
2901 1007 3074 1077 angeli
3102 1017 3279 1062 autem
3300 1011 3712 1066 contendebant
3731 1021 3859 1070 tmte

2247 1111 2431 1150 versus
2456 1096 2687 1152 Sodoma
2713 1114 2728 1150 :
2757 1111 2980 1152 servans
3002 1097 3277 1167 Scriptum
3307 1112 3464 1154 suum
3487 1101 3748 1158 ordinem
3773 1105 3856 1160 di-

2245 1187 2316 1243 cit
2341 1191 2529 1242 itcruut
2555 1207 2570 1243 :
2611 1187 2859 1242 Venerunt
2888 1197 3053 1241 autem
3079 1190 3181 1242 duo
3208 1191 3381 1262 angeli
3407 1192 3647 1247 Sodoma
3677 1209 3849 1263 ηερε.

2244 1282 2310 1349 ri,
2338 1279 2526 1335 facturi
2548 1280 2688 1351 quod
2720 1281 3036 1351 imperatum
3065 1289 3202 1335 erat.

2317 1370 2432 1426 ιοιὶ
2461 1372 2782 1441 hospitalitas
2808 1372 3210 1426 lautianm—Et
3242 1373 3360 1428 ride
3377 1375 3726 1446 diligentiam
3752 1381 3857 1434 ob-

2245 1466 2708 1536 servationemque
2735 1465 2928 1520 divina:
2967 1465 3277 1534 Scriptura,
3319 1469 3592 1535 quomodo
3634 1479 3865 1539 ttmpus'

2263 1589 2371 1644 quo
2389 1573 2723 1630 advenerunt
2749 1571 2905 1626 nobis
2930 1571 3218 1625 declararit
3234 1587 3249 1623 :
3267 1571 3394 1624 dicit
3412 1569 3582 1634 enim,
3613 1569 3851 1638 Vesperi.

2260 1669 2328 1725 Et
2357 1683 2525 1740 quare
2564 1676 2774 1737 tempus
2802 1665 3160 1735 signiﬁcavit?
3188 1671 3241 1719 et
3270 1677 3438 1734 quare
3467 1664 3532 1718 ad
3559 1679 3860 1733 vesperam

2259 1777 2324 1816 eo
2350 1759 2653 1815 venerunt?
2683 1758 2751 1813 Ut
2779 1757 3158 1811 ostenderetur
3185 1756 3340 1810 nobis
3367 1769 3562 1825 magna
3590 1753 3720 1809 Loti
3747 1756 3853 1808 ho-

2255 1850 2541 1920 spitalitas.
2569 1849 2719 1904 Sicut
2738 1849 2878 1902 enim
2907 1845 3212 1914 patriarcha
3234 1847 3429 1900 sedens
3458 1854 3713 1915 tempon:
3739 1862 3852 1900 me-

2256 1940 2431 2005 ridiei,
2453 1940 2775 1994 observabat
2795 1946 3183 2008 praetereuntes
3199 1979 3213 2002 ,
3242 1947 3296 1991 et
3321 1939 3668 1992 venationem
3695 1954 3854 1994 suam

2255 2029 2392 2082 hanc
2431 2028 2670 2083 studiose
2712 2027 3015 2091 exercebat,
3063 2037 3117 2082 et
3160 2030 3480 2083 occurrebat
3527 2043 3592 2084 ac
3649 2045 3852 2101 magno

2253 2119 2448 2189 gaudio
2475 2118 2709 2172 viatores
2743 2119 3072 2186 suscipiebat
3112 2137 3124 2170 :
3173 2117 3336 2172 simili
3370 2119 3530 2172 modo
3573 2130 3630 2174 ct
3667 2119 3848 2187 justus

2254 2210 2362 2272 illc,
2389 2209 2643 2278 quoniam
2666 2206 2871 2261 sciebat
2895 2208 3307 2277 perversitatem
3332 2224 3520 2262 eorum
3542 2210 3639 2278 qui
3667 2211 3722 2263 in
3747 2208 3848 2264 So~

2251 2300 2424 2354 domis
2455 2298 2772 2353 habitabant
2800 2312 2974 2365 neque
2999 2298 3206 2367 vesperi
3230 2298 3566 2363 discedebat,
3597 2301 3699 2355 sed
3731 2316 3846 2354 ma-

2251 2394 2429 2456 nebat,
2461 2405 2527 2445 ne
2559 2391 2845 2445 thesaurus
2864 2389 3058 2459 aiiquis
3086 2390 3183 2458 ipsi
3208 2389 3532 2455 elaberetur,
3563 2401 3621 2445 et
3657 2403 3717 2446 ut
3745 2392 3842 2445 ho—

2248 2484 2554 2554 spitalitatis
2583 2483 2816 2538 fructum
2855 2483 3144 2552 decerpere
3173 2492 3374 2552 posset.
3407 2481 3546 2537 Vere
3575 2484 3839 2538 admirari

2246 2579 2596 2633 vehementer
2616 2576 2739 2632 licet
2759 2574 2891 2645 justi
2918 2577 3078 2646 hujus
3100 2576 3375 2643 virtutem,
3407 2579 3500 2646 qui
3524 2592 3759 2632 versans
3786 2578 3844 2631 in

2245 2671 2423 2728 medio
2454 2683 2558 2728 tam
2587 2673 2870 2743 impiorum
2900 2672 3200 2736 hominum,
3230 2688 3336 2726 non
3373 2671 3546 2727 squm
3580 2689 3691 2727 non
3723 2674 3848 2730 inde

2245 2765 2596 2834 negligentior
2622 2772 2704 2819 est
2740 2765 2930 2830 factus,
2960 2762 3053 2818 sed
3084 2772 3139 2818 et
3171 2764 3432 2834 majorem
3457 2765 3715 2821 virtutem
3738 2782 3848 2836 pra

2243 2870 2302 2910 se
2331 2858 2446 2910 tulit
2482 2875 2494 2910 :
2527 2872 2756 2926 cumque
2800 2871 3006 2923 omnes,
3057 2867 3116 2910 ut
3167 2857 3236 2910 ita
3264 2857 3460 2923 dicam,
3515 2859 3566 2912 in
3605 2874 3846 2929 praeceps

2243 2961 2481 3016 ruerent,
2514 2953 2624 3020 ipse
2651 2951 2796 3005 solus
2822 2951 2872 3003 iu
2894 2959 3038 3004 tanta
3065 2950 3399 3005 multitudine
3427 2962 3628 3006 rectam
3659 2955 3848 3008 ambu-

2244 3041 2372 3096 lavit
2391 3043 2551 3095 viam.
2573 3041 2672 3097 Ubi
2700 3057 2841 3095 nunc
2866 3049 2990 3095 sunt
3009 3042 3099 3111 qui
3121 3041 3324 3103 dicunt,
3350 3059 3454 3096 non
3483 3058 3641 3112 posse
3661 3061 3849 3114 quem-

2247 3135 2383 3204 piam
2403 3135 2454 3189 iu
2477 3133 2650 3189 media
2661 3134 2875 3189 civitate
2885 3143 3187 3189 versantem
3207 3134 3454 3188 virtutem
3482 3149 3702 3193 scrvare
3720 3153 3735 3191 :
3755 3137 3851 3192 sed

2245 3244 2379 3298 opus
2392 3243 2512 3283 esse
2529 3241 2765 3295 secessu,
2780 3237 2834 3282 et
2857 3235 3105 3282 montana
3123 3227 3348 3296 quadam
3369 3226 3700 3286 habitatione
3719 3250 3732 3284 :
3751 3246 3854 3287 nec

2249 3333 2406 3388 posse
2443 3319 2626 3374 domui
2671 3334 2783 3373 sua:
2825 3319 3158 3388 prtefeetum,
3196 3329 3250 3374 et
3280 3335 3506 3374 uxorem
3537 3322 3850 3393 habentem,

2247 3423 2299 3466 et
2328 3412 2468 3467 lilios
2490 3421 2767 3466 curantem
2788 3425 2850 3466 ac
2873 3411 3119 3476 famulos,
3150 3411 3346 3466 virtute
3373 3415 3659 3482 puditum
3689 3416 3854 3473 esse?

2246 3501 2474 3558 Videant
2502 3517 2629 3573 ergo
2654 3503 2856 3570 justum
2899 3503 3045 3557 illum
3094 3518 3214 3557 cum
3259 3505 3503 3572 muliere,
3564 3508 3771 3576 pueris,
3798 3515 3855 3563 et

2246 3593 2479 3660 famulis,
2511 3596 2564 3649 in
2594 3595 2809 3650 civitate
2836 3594 3141 3665 degentem,
3179 3604 3337 3665 atque
3360 3596 3500 3650 inter
3527 3605 3636 3652 tam
3683 3599 3854 3654 malos

2247 3703 2309 3742 ac
2340 3688 2530 3757 impios
2552 3697 2957 3743 conversantem
2985 3697 3038 3742 et
3062 3689 3212 3757 quasi
3237 3690 3523 3744 scintillam
3557 3691 3846 3760 quamdam

2248 3781 2301 3834 in
2329 3781 2504 3836 medio
2534 3783 2666 3836 mari
2711 3782 2994 3846 lucentem,
3042 3796 3142 3837 nec
3180 3781 3352 3836 solum
3404 3798 3509 3837 non
3556 3775 3848 3856 exstingui,

2247 3873 2342 3928 sed
2371 3874 2607 3944 quotidie
2648 3875 2820 3930 lucem
2848 3875 3130 3930 clariorem
3159 3876 3423 3930 emittere.
3472 3876 3536 3930 Et
3578 3876 3696 3932 haec
3733 3879 3855 3933 dico

2249 3980 2356 4019 non
2390 3963 2678 4034 prohibens
2707 3980 2979 4021 secessum
3004 3966 3072 4019 ab
3108 3965 3350 4031 urbibus,
3383 3984 3561 4038 neque
3589 3969 3858 4025 interdico

2250 4055 2506 4109 montium
2535 4067 2588 4110 et
2614 4057 2960 4112 solitudinum
2987 4060 3452 4113 conversationem
3471 4075 3490 4125 ;
3509 4060 3600 4114 sed
3625 4059 3853 4117 tutando

2255 4147 2456 4204 volenti
2485 4147 2665 4203 sobrie
2690 4161 2852 4216 agere
2883 4155 2938 4201 et
2961 4147 3215 4217 vigilare,
3250 4147 3381 4200 nihil
3413 4148 3541 4201 inde
3576 4147 3845 4202 ubstaculi

2254 4254 2392 4294 esse.
2429 4237 2582 4293 Sicut
2611 4236 2772 4306 igitur
2801 4235 3088 4308 negligeuti
3116 4251 3179 4292 ac
3213 4237 3408 4306 supino
3451 4237 3588 4290 nihil
3623 4238 3846 4306 prodest

2254 4328 2485 4384 solitudo
2508 4347 2518 4382 :
2544 4342 2718 4396 neque
2739 4327 2883 4382 enim
2906 4327 3056 4383 locus
3083 4343 3180 4382 nos
3201 4328 3400 4383 virtute
3417 4326 3547 4382 facit
3565 4329 3851 4397 przeditos,

2260 4422 2353 4477 sed
2383 4436 2537 4475 mens
2567 4429 2621 4474 et
2661 4435 2843 4474 mores
2873 4439 2886 4472 :
2929 4421 3000 4474 ita
3033 4429 3087 4474 et
3108 4421 3347 4490 prudens
3372 4430 3538 4488 atque
3569 4421 3698 4490 vigil
3739 4436 3845 4475 non

2259 4512 2563 4575 oﬂ'euditur,
2594 4513 2760 4566 etiam
2786 4513 2841 4565 in
2869 4513 3043 4566 media
3074 4513 3290 4567 civitate
3317 4511 3540 4581 degens.
3577 4510 3844 4578 Quocirca

2257 4603 2470 4666 vellem,
2489 4603 2633 4657 sicut
2658 4602 2870 4656 beatum
2895 4601 3063 4666 illum,
3086 4603 3288 4656 virtute
3307 4611 3633 4671 prestantes
3654 4604 3710 4656 in
3737 4618 3848 4656 me-

2257 4695 2362 4750 diis
2391 4695 2701 4751 civitatibus
2727 4709 2879 4760 esse,
2906 4704 2967 4749 ut
2995 4697 3150 4764 quasi
3188 4696 3512 4750 fermentum
3537 4696 3667 4749 facti
3700 4695 3843 4756 aliis,

2252 4786 2450 4841 multos
2493 4788 2560 4840 ad
2601 4786 2682 4841 sui
2736 4786 3095 4840 imitationem
3126 4787 3426 4842 traherent.
3466 4787 3671 4841 Verum
3718 4788 3842 4855 quia

2253 4879 2357 4935 hoc
2380 4879 2592 4934 diﬂicile
2641 4881 2852 4934 videtur
2878 4895 3022 4945 esse,
3064 4880 3256 4935 saltem
3299 4880 3428 4934 illud
3457 4881 3691 4935 alterum
3733 4881 3843 4934 tiat.

2253 4972 2462 5029 Transit
2501 4975 2637 5027 enim
2683 4974 2854 5043 ﬁgura
2904 4974 3087 5026 mandi
3128 4974 3286 5044 hujus
3315 4974 3369 5038 (Ι
3403 4973 3529 5028 Cor.
3558 4975 3611 5028 7.
3643 4974 3763 5043 51),
3793 4982 3843 5026 et

2251 5065 2432 5122 brevis
2472 5074 2558 5120 est
2591 5066 2704 5120 vita
2741 5079 2980 5133 prtum
3017 5079 3031 5118 :
3064 5075 3117 5119 et
3157 5065 3258 5120 nisi
3291 5080 3451 5125 mmc,
3494 5082 3618 5120 cum
3663 5067 3842 5120 adhuc

2251 5160 2303 5212 in
2328 5160 2502 5214 stadio
2517 5173 2725 5223 sumus,
2751 5158 2963 5212 labores
2986 5159 3251 5214 virtutum
3271 5159 3744 5230 aggrediamur,et
3767 5160 3840 5212 la-

2248 5264 2419 5318 queos
2457 5249 2674 5303 malitiae
2695 5248 3038 5319 cﬂ'ugiamus,
3066 5259 3256 5319 postea
3289 5251 3341 5304 in
3373 5265 3572 5304 vatium
3599 5258 3842 5306 nosmet-

2249 5337 2394 5408 ipsos
2424 5341 2877 5408 reprehendemus
2897 5383 2910 5404 ,
2940 5344 3154 5411 quando
3197 5341 3342 5395 nulla
3367 5343 3475 5396 erit
3501 5343 3836 5411 pmuitentite
3915 5339 3920 5347 ’

2253 5430 2482 5484 utilitas.
2525 5430 2656 5484 Nam
2673 5432 2909 5501 quandiu
2934 5432 2987 5484 in
3011 5433 3262 5501 praesenti
3280 5433 3386 5487 vita
3407 5431 3692 5496 fuerimus,
3713 5447 3838 5500 pos-

2249 5531 2374 5576 sunt
2417 5522 2538 5576 inde
2587 5524 2911 5592 paenitenter.
2961 5522 3170 5578 lucrum
3218 5527 3488 5594 accipere,
3533 5534 3588 5580 et
3636 5525 3835 5578 ablutis

2251 5614 2518 5680 prioribus
2561 5617 2798 5682 peccatis
2840 5614 3265 5671 misericordiam
3314 5617 3524 5671 Domini
3567 5618 3829 5687 assequi:

2250 5707 2390 5773 quod
2431 5707 2475 5760 si
2515 5706 2938 5775 pnetericrimus
2977 5714 3185 5775 tempus
3216 5723 3474 5778 prmscns,
3508 5720 3835 5778 repenteque

2253 5800 2455 5870 abrepti
2480 5800 2775 5855 fuerimus:
2806 5799 3126 5870 ptenitentia
3152 5802 3368 5875 quidem
3399 5812 3524 5858 tunc
3555 5804 3832 5867 ducentur.
