4078 6462
133 421 236 483 395

160 544 460 611 ζων,οῦτως
493 549 583 614 εἰς
610 549 713 620 τὴν
744 551 846 621 γῆν
862 539 1054 622 ἀφίησι
1081 551 1151 605 τά
1184 553 1496 626 σπέρματα.
1530 554 1634 610 Καὶ
1657 556 1720 609 σύ
1743 554 1846 608 τοί-

170 650 268 696 νυν,
302 634 595 704 ἀγαπητέ,
637 637 713 707 μὴ
737 636 868 707 πρὸς
900 636 990 689 τὸν
1024 637 1366 709 λαμϐάνοντα
1388 641 1488 711 δρα
1508 641 1686 710 μόνον,
1714 641 1848 712 μηδὲ

174 722 295 792 πρὸς
314 721 414 791 τὴν
440 721 699 794 δαπάνην
741 724 838 795 τὴν
869 726 1180 795 γινομένην,
1229 726 1344 780 ἀλλ’
1372 727 1539 783 ἐννόει
1581 728 1664 782 ὅτι
1695 724 1845 792 οὗτος

173 812 260 882 μέν
292 811 444 864 ἐστιν
477 813 507 864 6
533 811 835 883 ὁρώμενος,
861 815 888 864 6
930 813 1082 884 παρὰ
1113 813 1204 868 σοῦ
1229 815 1537 887 δεχόμενος,
1579 817 1764 888 ἕτερος
1792 817 1849 871 δὲ

168 901 194 952 ὁ
218 899 284 952 τὰ
307 901 391 962 εἰς
424 899 636 953 ἐκεῖνον
691 900 944 971 γινόμενα
1005 903 1392 974 οἰκειούμενος,
1440 906 1533 959 καί⁴
1564 905 1663 976 οὐχ
1700 907 1727 958 6
1757 923 1820 958 τυ

166 988 294 1056 χὼν,
331 985 448 1038 ἀλλ’
477 989 508 1040 6
531 987 640 1040 τῶν
665 987 801 1041 ὅλων
828 989 1123 1059 Δεσπότης,
1152 992 1179 1044 6
1200 991 1307 1043 τῶν
1340 991 1592 1046 ἁπάντων
1623 993 1845 1063 Κύριος,

159 1075 456 1144 όούρανοῦ
521 1076 614 1128 καὶ
661 1076 770 1147 γῆς
827 1079 1074 1147 ποιητής·
1126 1079 1219 1138 καὶ
1265 1079 1412 1148 ὅτιὴ
1465 1080 1676 1151 δαπάνη
1708 1079 1845 1152 αῦτη

162 1161 434 1233 πρόσοδος
468 1163 697 1231 γίνεται,
740 1163 834 1217 καὶ
866 1165 926 1216 οὐ
984 1166 1142 1235 μόνον
1185 1166 1284 1219 οὐκ
1336 1166 1551 1222 ἐλαττοῖ
1608 1186 1703 1222 σου
1751 1168 1848 1240 τὴν

157 1250 379 1314 οὐσίαν,
403 1251 540 1305 ἀλλά
555 1252 649 1304 καὶ
675 1251 954 1317 πλεονάζει
978 1253 1198 1324 μᾶλλον,
1229 1255 1324 1310 ἐάν
1343 1256 1406 1308 σὺ
1452 1256 1590 1326 μετὰ
1613 1257 1848 1322 πίστεως

159 1336 323 1391 τοῦτο
354 1338 570 1408 ἐργάζῃ
609 1339 703 1392 καὶ
747 1339 936 1411 ἱλαρᾶς
967 1343 1064 1413 τῆς
1119 1342 1446 1414 προθυμίας.
1486 1345 1642 1398 Εἴπω
1665 1345 1726 1398 τὸ
1754 1363 1846 1398 κε-

156 1423 400 1492 φάλαιον
428 1424 540 1478 τῶν
577 1425 815 1494 ἀγαθῶν
860 1428 996 1497 μετά
1027 1429 1125 1497 τῆς
1163 1430 1428 1500 προσόδου
1475 1432 1578 1502 τῆς
1605 1433 1715 1486 ἀπὸ
1751 1433 1848 1502 τῆς

153 1513 417 1581 δαπάνης
438 1511 643 1584 ταύτης
663 1514 959 1586 γινομένης
999 1517 1091 1569 καὶ
1121 1517 1536 1588 ἁμαρτημάτων
1567 1521 1850 1592 συγχωρή-

156 1600 298 1662 σεώις
332 1616 421 1652 σοι
478 1602 734 1671 πρόξενος
785 1602 1014 1670 γίνεται,
1049 1599 1109 1658 οὗ
1139 1605 1192 1656 τί
1228 1603 1296 1657 ἂν
1334 1607 1542 1674 γένοιτο
1581 1609 1724 1673 (trav;
1783 1609 1845 1660 Εἰ

152 1684 348 1736 τοίνυν
392 1683 719 1756 βουλοίμεθα
753 1686 951 1740 εἰδέναι
988 1688 1235 1744 πλουτεῖν
1272 1691 1362 1744 τὸν
1401 1691 1574 1763 ἀληθῆ
1597 1691 1846 1754 πλοῦτον,

153 1771 250 1824 καὶ
283 1773 434 1842 μετὰ
469 1773 565 1826 τοῦ
601 1773 833 1828 πλούτου
860 1775 952 1828 καὶ
985 1775 1092 1829 τῶν
1124 1777 1538 1850 ἁμαρτημάτων
1579 1779 1681 1849 τὴν
1719 1796 1850 1848 συγ-

154 1861 413 1930 χώρησιν
443 1861 727 1932 εὕρασθαι,
763 1863 1039 1934 ἐκχέωμεν
1067 1864 1138 1918 τὰ
1177 1865 1304 1919 ὄντα
1333 1869 1413 1932 εἰς
1455 1868 1556 1930 τὰς
1583 1867 1692 1921 τῶν
1729 1867 1847 1921 δεο-

159 1949 351 2018 μένων
384 1953 596 2021 χεῖρας,
636 1952 1152 2024 προαποστείλωμεν
1183 1954 1322 2008 αὐτά
1360 1956 1442 2018 εἰς
1483 1956 1572 2009 τὸν
1595 1956 1846 2028 οὐρανὸν,

157 2037 291 2089 ἔνθα
324 2038 456 2090 οὐδέ
491 2038 752 2110 κλέπτης,
778 2040 896 2093 οὐδέ
918 2039 1144 2113 λῃστὴς,
1174 2043 1235 2096 οὐ
1266 2043 1617 2115 τοιχωρύχος,
1640 2046 1740 2099 οὐκ
1772 2046 1852 2098 οἰ-

157 2125 326 2176 κέτου
359 2126 691 2196 κακουργία,
723 2125 822 2180 οὐκ
855 2127 982 2180 ἄλλο
1007 2128 1158 2182 οὐδὲν
1191 2129 1531 2201 λυμήνασθαι
1562 2132 1849 2203 δυνήσεται

159 2215 250 2266 τὸν
277 2215 518 2268 πλοῦτον
545 2216 637 2269 τὸν
660 2218 946 2287 ἡμέτερον.
981 2218 1054 2271 Τὸ
1078 2219 1185 2290 γάρ
1214 2219 1415 2291 χωρίον
1452 2221 1629 2274 ἐκεῖνο
1667 2222 1850 2292 πάσης

165 2303 428 2373 τοιαύτης
458 2303 663 2374 βλάϐης
692 2303 980 2377 ἀνώτερον.
1018 2306 1194 2360 Μόνον
1249 2309 1322 2378 μὴ
1359 2308 1495 2378 μετά
1545 2309 1851 2374 κενοδοξίας

159 2389 323 2445 τοῦτο
355 2391 627 2462 ποιῶμεν,
681 2391 815 2445 ἀλλὰ
850 2393 992 2447 κατά
1032 2395 1158 2458 τοὺς
1184 2395 1274 2447 ὐπ’
1321 2395 1485 2450 αὐτοῦ
1535 2395 1854 2466 δεδομένους

163 2477 391 2548 νόμους,
417 2477 561 2531 ὥστε
594 2479 670 2550 μὴ
691 2479 786 2532 τὸν
823 2480 970 2550 παρά
1007 2481 1116 2535 τῶν
1137 2482 1439 2554 ἀνθρώπων
1473 2483 1694 2538 ἔπαινον
1725 2503 1855 2556 καρ-

163 2565 486 2629 πώσασθαι,
521 2567 659 2620 ἀλλά
698 2567 786 2620 τὸν
804 2568 953 2640 ποιρά
976 2569 1070 2622 τοῦ
1102 2570 1282 2624 κοινοῦ
1312 2572 1526 2625 πάντων
1555 2573 1848 2637 Δεσπότου,

165 2655 249 2707 ἵνα
282 2654 363 2725 μὴ
387 2654 485 2706 καὶ
512 2655 612 2723 τὴν
631 2653 878 2726 δαπάνην
905 2656 1308 2728 ὑπομείνωμεν,
1356 2658 1450 2711 καὶ
1489 2657 1581 2711 τοῦ
1627 2658 1851 2730 κέρδους

171 2742 674 2814 ἀποστερηθῶμεν.
704 2744 916 2813 Ὥσπερ
946 2744 1055 2816 γὰρ
1108 2745 1312 2808 πάσαις
1360 2747 1481 2808 ταῖς
1520 2745 1706 2810 ἄλλαις
1732 2750 1854 2800 ἐπι-

169 2830 392 2895 ϐουλαῖς
425 2831 699 2894 ἀνάλωτός
725 2832 871 2885 ἐστιν
903 2834 931 2885 6
964 2831 1194 2893 πλοῦτος
1225 2834 1254 2885 ό
1291 2835 1408 2887 ἐκεῖ
1433 2835 1856 2905 μετατιθέμενος

165 2919 253 2972 διὰ
298 2920 402 2989 τῆς
435 2918 546 2971 τῶν
569 2923 815 2990 πενήτων
847 2920 1047 2992 χειρὸς,
1083 2919 1225 2974 οὕτω
1257 2922 1533 2994 κενοδοξία
1586 2923 1720 2994 μόνῃ
1758 2923 1852 2976 ἀν-

166 3007 480 3059 αλίσκεται·
516 3007 612 3058 καὶ
641 3007 780 3078 ὅπερ
813 3007 962 3060 ἐστὶν
992 3007 1223 3061 ἐνταῦθα
1257 3012 1286 3062 6
1319 3009 1418 3079 σὴς
1454 3011 1547 3062 καὶ
1575 3011 1602 3060 6
1637 3009 1853 3080 σκώληξ

169 3093 310 3164 πρὸς
350 3094 453 3164 τὴν
485 3095 583 3163 τῆς
609 3094 836 3164 ἐσθῆτος
875 3095 1192 3167 διαφθοράν,
1227 3095 1382 3149 τοῦτο
1413 3095 1684 3161 κενοδοξία
1709 3097 1854 3165 γίνε-

166 3199 256 3234 ται
279 3181 424 3252 πρὸς
449 3182 542 3234 τὸν
564 3184 672 3236 ἀπὸ
686 3185 785 3254 τῆς
806 3183 928 3254 ὲλεη
938 3185 1174 3254 μοσύνης
1197 3183 1584 3254 συλλεγόμενον
1606 3185 1852 3239 πλοῦτον.

167 3273 245 3324 Δι’
277 3271 328 3336 δ,
373 3272 700 3342 παρακαλῶ,
747 3271 820 3342 μή
865 3272 1025 3341 μόνον
1061 3271 1302 3342 ποιῶμεν
1345 3273 1440 3341 τὴν
1465 3273 1852 3344 ἐλεημοσύνην,

171 3358 309 3411 ἀλλά
335 3359 432 3411 καὶ
464 3360 604 3428 μετά
645 3359 945 3428 ἀσφαλείας
978 3358 1184 3430 ταύτην
1217 3358 1597 3431 ἐργαζώμεθα,
1628 3359 1716 3413 ἵνα
1735 3362 1856 3414 ἀντὶ

174 3445 394 3518 μικρῶν
446 3446 660 3518 μεγάλα
713 3446 1146 3520 καρπωσώμεθα
1193 3447 1392 3516 ἀγαθὰ,
1445 3448 1539 3502 καὶ
1585 3448 1706 3502 ἀντὶ
1747 3449 1856 3503 τῶν

171 3535 460 3606 ἐπικήρων
497 3534 566 3588 τὰ
615 3534 890 3606 ἄφθαρτα,
942 3535 1038 3588 καὶ
1076 3534 1198 3590 ἀντὶ
1261 3534 1369 3588 τῶν
1407 3534 1758 3607 προσκαίρων
1788 3537 1858 3590 τά

170 3625 395 3688 αἰώνια,
426 3623 523 3676 καὶ
551 3623 691 3695 μετά
709 3623 915 3678 τούτων
945 3623 1203 3678 ἁπάντων
1234 3624 1326 3678 καὶ
1351 3626 1449 3695 τῆς
1476 3624 1723 3695 ἀφέσεως
1751 3627 1860 3683 τῶν

173 3712 598 3782 ἁμαρτημάτων
652 3714 836 3782 τυχεῖν
865 3711 1206 3783 δυνηθῶμεν,
1256 3711 1486 3765 καὶτῶν
1530 3713 1858 3786 ἀπορρήτων

172 3799 404 3852 ἐκείνων
429 3799 673 3868 ἀγαθῶ-ν·
701 3793 776 3854 ὧν
808 3799 1016 3870 γένοιτο
1036 3801 1243 3860 πάντας
1266 3801 1413 3870 ήμᾶς
1444 3801 1740 3872 ἐπιτυχεῖν,
1771 3804 1861 3873 χά-

175 3904 284 3957 ριτι
313 3887 412 3940 καί
432 3886 816 3959 φιλανθρωπίᾳ
838 3887 932 3941 τοῦ
963 3887 1171 3956 Κυρίου
1200 3887 1357 3959 ήμῶν
1389 3887 1566 3958 Ἰησοῦ
1598 3891 1857 3961 Χριστοῦ,

179 3975 298 4042 μεθ’
329 3969 394 4029 οῦ
444 3974 524 4046 τῷ
571 3975 750 4048 Πατρὶ
804 3977 834 4046 ή
886 3975 1012 4042 δόξα
1044 3976 1161 4046 ἅμα
1204 3976 1281 4048 τῷ
1329 3977 1467 4047 ἁγίῳ
1494 3978 1588 4031 καὶ
1612 3979 1860 4052 ζωοποιῷ

176 4061 482 4131 Πνεύματι,
515 4061 615 4115 νῦν
627 4063 719 4116 καὶ
739 4062 845 4128 ἀεὶ,
874 4062 970 4117 καὶ
999 4065 1080 4126 εἰς
1117 4065 1241 4128 τούς
1273 4063 1474 4127 αἰῶνας
1497 4063 1603 4118 τῶν
1627 4062 1856 4121 αἰώνων.

187 4150 245 4201 ’Δ
254 4152 386 4204 μήν.
737 4165 741 4170 ·

253 4167 386 4222 μηνο
737 4167 741 4170 ·

824 4221 1068 4275 ouum
1096 4221 1232 4277 MP'.
1367 4263 1371 4268 .

173 4302 403 4362 1Ἠλθον
419 4307 490 4361 δὲ
508 4352 522 4374 ,
545 4326 620 4380 φη
628 4309 734 4374 σὶν,
757 4310 812 4363 οἰ
831 4308 940 4363 δύο
958 4309 1197 4380 ἄγγελοι
1217 4313 1304 4378 εἰς
1324 4311 1558 4382 Σόδομα
1573 4313 1858 4382 ἑσπέρας.

244 4417 314 4463 α’.
361 4410 635 4482 Καθάπερ
655 4409 862 4481 λειμών
889 4428 974 4474 τις
999 4411 1234 4484 εὐανθής
1259 4413 1490 4486 διάφορα
1523 4415 1617 4468 καὶ
1644 4415 1862 4469 ποικίλα

171 4499 242 4552 τὰ
271 4497 414 4569 ἄνθη
446 4499 506 4551 ἐν
533 4497 713 4568 ἐαυτῷ
745 4498 1040 4563 δείκνυσιν,
1071 4499 1246 4564 οὕτως
1274 4502 1308 4572 ή
1353 4500 1476 4556 θεία
1526 4503 1718 4574 Γραφή
1753 4504 1861 4556 τῶν

173 4585 404 4639 δικαίων
429 4585 531 4649 τὰς
555 4585 756 4655 ἀρετὰς
785 4587 922 4656 ⁴ἡμῖν
947 4585 1238 4654 δείκνυσιν,
1255 4588 1352 4658 οὐχ
1373 4587 1460 4641 ἵνα
1488 4589 1742 4661 καθάπερ
1770 4589 1867 4643 ἐπὶ

171 4673 282 4725 τῶν
301 4673 486 4727 ἀνθῶν
505 4672 643 4746 πρὸς
676 4673 854 4744 βραχύ
885 4674 1044 4744 μόνον
1073 4674 1476 4746 ἀπολαύσωμεν
1496 4677 1592 4748 τῆς
1609 4677 1857 4744 εὐωδίας,

174 4761 291 4813 ἀλλ’
329 4761 421 4815 τνα
445 4761 680 4831 διηνεκῆ
706 4763 807 4833 τὴν
833 4762 1084 4817 ἐντεῦθεν
1118 4763 1386 4832 ὠφέλειαν
1413 4764 1856 4837 καρπωσώμεθα.

185 4849 342 4902 Ἐκεῖ
365 4850 466 4919 μὲν
501 4848 616 4921 γὰρ
647 4850 806 4920 μόνον
830 4849 1131 4923 ἐδεξάμεθα
1161 4854 1226 4924 τῇ
1259 4853 1402 4923 χειρί
1433 4852 1585 4926 [455]
1604 4853 1672 4906 τά
1701 4853 1858 4924 ἀνθ-η,

172 4937 271 4990 καὶ
293 4939 413 5008 μετ’
430 4938 614 5007 ὀλίγον
636 4939 778 4992 αὐτὰ
802 4940 1145 5010 μαρανθέντα
1165 4941 1263 5012 τὴν
1282 4940 1486 4994 οἰκείαν
1503 4941 1661 5013 χάριν
1683 4942 1864 5013 ἠμαύ-

176 5043 378 5098 ρωσεν·
408 5026 648 5081 ἐνταῦθα
664 5028 722 5081 δέ
751 5029 849 5098 οὐχ
871 5026 1200 5092 οὕτωςιάλλσ
1225 5028 1446 5082 ἐπειδὰν
1469 5028 1748 5100 δεξώμεθα
1774 5029 1865 5083 διὰ

173 5114 277 5184 τῆς
299 5114 474 5184 ἀκοῆς
493 5113 591 5177 τάς
621 5113 824 5187 ἀρετὰς
851 5115 962 5170 τῶν
976 5115 1220 5180 δικαίων,
1242 5117 1336 5170 καὶ
1364 5116 1445 5179 εἰς
1475 5116 1602 5180 τοὺς
1629 5117 1875 5191 κόλπους-

172 5206 278 5274 τῆς
310 5201 554 5266 διανοίας
573 5202 739 5274 ήμῶν
757 5204 927 5267 αὐτὰς
957 5203 1371 5275 ἐναποθώμεθα,
1407 5203 1496 5258 διὰ
1527 5203 1729 5269 παντὸς
1765 5203 1860 5257 τοῦ

174 5291 375 5361 χρόνον
432 5289 536 5359 τῆς
563 5291 769 5345 τούτων
804 5291 1040 5356 εὐωδίας
1080 5291 1372 5346 ἀπολαύειν
1418 5291 1715 5363 δυνάμεθα,
1767 5291 1870 5346 ἐάνι

176 5377 488 5449 mimum-
503 5377 640 5450 Φέρε
655 5375 769 5444 οὖν,
797 5380 983 5450 ἐπειδὴ
1011 5379 1234 5451 τοιαύτη
1256 5380 1365 5435 τῶν
1395 5381 1454 5434 ἐν
1477 5384 1543 5453 τῇ
1572 5380 1692 5452 θεία
1724 5381 1864 5452 Γρα-

179 5469 254 5536 φῇ
309 5467 586 5536 κειμένων
633 5469 805 5536 ἁγέων
841 5471 875 5540 ἡ
932 5469 1150 5533 εὐωδία,
1199 5470 1440 5540 σήμερον
1481 5469 1574 5522 τοῦ
1615 5469 1742 5523 Λὼτ
1762 5470 1864 5540 τὴν

177 5555 416 5609 εὐωδίαν
457 5555 890 5627 καταμάθωμεν,
932 5557 1019 5612 ἵνα
1064 5556 1284 5627 γνῶμεν
1311 5556 1577 5627 ἀκριϐῶς,
1601 5557 1751 5621 ὅπως
1783 5559 1865 5624 εἰς

175 5641 366 5713 ἄκραν
391 5642 494 5712 τῆς
520 5645 722 5716 ἀρετῆς
743 5645 842 5714 τὴν
863 5643 1107 5716 κορυφὴν
1133 5646 1166 5716 ή
1197 5644 1291 5697 τοῦ
1321 5644 1654 5715 πατριάρχου
1677 5661 1866 5700 συνουσ-

179 5730 391 5784 σίατὸν
418 5731 627 5786 δίκαιον
675 5732 866 5787 τοῦτον
895 5734 1162 5804 ἀνήγαγε,
1212 5733 1307 5787 καὶ
1349 5733 1470 5786 κατ’
1505 5733 1650 5802 ἴχνος
1699 5733 1863 5788 αὐτοῦ

177 5819 276 5873 καὶ
301 5819 470 5881 αὐτὸς
502 5819 601 5890 τὴν
623 5821 834 5876 οἰκείαν
861 5821 1165 5893 φιλοξενίαν
1196 5822 1287 5876 διὰ
1321 5820 1428 5875 τῶν
1461 5819 1636 5892 ἔργων
1666 5821 1866 5876 ἐπιδεί-

177 5922 398 5960 κνυται.
461 5907 600 5962 Ἀλλ’
648 5909 737 5962 ἵνα
800 5910 1133 5982 σαφέστερος
1184 5912 1315 5980 ἡμῖν
1356 5908 1558 5977 όλόγος
1617 5909 1860 5980 γένηται,

176 5996 337 6060 ἄξιον
388 5998 569 6051 αὐτων
613 5999 714 6068 τῆς
768 5998 992 6069 Γραφῆς
1059 5998 1362 6052 ἐπακοῦσαι
1417 5998 1524 6050 τῶν
1581 5999 1860 6069 ῥημάτων.

178 6081 418 6140 Ἦλθον
449 6085 537 6155 δὲ,
569 6089 759 6160 φησὶν,
797 6089 852 6140 οἰ
891 6086 999 6140 δύο
1047 6087 1286 6157 ἄγγελοι
1309 6089 1395 6152 εἰς
1426 6086 1656 6156 Σόδομα
1683 6085 1847 6140 ἐσπέι

1299 437 1363 493 ΙΝ
1389 388 1556 496 'CAP.
1589 437 1704 494 XIX
1747 436 1990 492 GENES.
2038 436 2275 494 πιοιω..
2318 437 2504 492 XLIII.

3509 442 3613 496 δ’ῗῦ

1941 569 2076 622 ρας.
2117 553 2274 617 Τίνος
2291 554 2475 608 ἕνεκεν
2500 553 2671 618 οὕτως
2704 554 2926 626 ἤρξατο,
2957 550 3181 610 Ἐἰθον
3205 555 3270 608 δὲ
3297 559 3349 609 οἱ
3375 557 3483 612 δύο
3511 559 3601 628 ἅτ.

1946 641 2106 708 γελοι
2137 639 2221 702 εἰς
2253 637 2484 706 Σόδομα
2519 638 2780 705 ἑσπέρας
2793 657 2811 703 ;
2849 639 3063 710 Ἐπειδὴ
3099 639 3234 708 μετὰ
3261 641 3322 693 τὸ
3359 639 3610 706 ἐπιξενω-

1948 720 2104 788 θῆναι
2135 718 2214 789 τῷ
2249 720 2580 791 πατριάρχῃ,
2638 720 3042 785 ἐξαναστάντων
3095 723 3274 775 αὐτῶν
3315 723 3542 788 ἐκεῖθεν,
3586 726 3616 777 6

1949 801 2048 872 μὲν
2074 801 2325 873 κηδεμὼν
2351 803 2442 855 καὶ
2477 803 2854 874 φιλάνθρωπος
2887 805 3018 867 Θεὸς
3047 805 3146 875 τὴν
3178 805 3384 858 οἰκείαν
3415 806 3614 874 ἀγαθό-

1944 901 2083 953 τητα
2134 885 2487 956 μιμούμενος,
2532 889 2626 940 καὶ
2665 889 2900 958 σχήματι
2947 888 3233 958 ἀνθρώπου
3267 889 3389 943 τότε
3428 889 3616 958 ὀφθεὶς

1908 955 2225 1038 λιταρέμενε
2268 967 2347 1038 τῷ
2392 955 3130 1041 πατριάρχῃηδιαλεγόμενος,
3185 971 3435 1042 καθάπερ
3472 955 3614 1041 *χθὲς

1947 1050 2235 1119 ἠκούσατεο
2288 1050 2606 1121 βουλόμενος
2662 1052 2907 1115 ἅπαντας
2957 1055 3103 1124 ἡμᾶς
3154 1053 3358 1117 διδάξαι
3395 1053 3614 1118 καὶτῆς

1946 1133 2141 1188 ἑαυτοῦ
2185 1135 2566 1207 μακροθυμίας
2611 1137 2709 1208 τὴν
2739 1137 3064 1209 ὑπερϐολὴν,
3101 1139 3194 1190 καὶ
3230 1137 3322 1190 τοῦ
3347 1137 3612 1207 πατριάρ-

1948 1235 2043 1288 χου
2072 1217 2132 1270 τὺ
2165 1216 2536 1286 φιλόστοργον,
2571 1220 2620 1272 οἰ
2655 1219 2711 1271 δέ
2744 1219 2967 1288 ἄγγελοι
3000 1219 3267 1290 ὥρμησαν
3296 1220 3390 1273 ἐπὶ
3415 1219 3483 1270 τά
3519 1216 3613 1269 Σό-

1945 1301 2102 1372 δομα·
2140 1303 2252 1374 τὴν,
2276 1304 2595 1358 ἀκολουθίαν
2621 1302 2819 1374 ἑαυτῆς
2866 1301 3195 1372 διατηροῦσα
3240 1301 3434 1370 ἡμῖνὴ
3496 1298 3616 1352 θεία

1945 1384 2136 1456 Γραφή
2168 1386 2262 1439 νῦν
2293 1405 2478 1459 φησιν·
2505 1384 2737 1442 Ἦλθον
2786 1385 2854 1438 δὲ
2886 1388 2939 1438 οἱ
2983 1384 3088 1438 δύο
3124 1383 3363 1453 ἄγγελοι
3391 1385 3476 1448 εἰς
3514 1382 3618 1435 Σό-

1945 1467 2097 1536 δομα
2143 1469 2425 1537 ἑσπέρας,
2476 1471 2538 1524 τὸ
2583 1469 2871 1540 ἐπιταχθὲν
2917 1467 3314 1539 πληρώσοντες.
3357 1463 3466 1517 Καὶ
3515 1464 3617 1534 δρα.

1945 1552 2230 1622 ἀκρίϐειαν
2255 1553 2348 1606 καὶ
2380 1555 2766 1627 παρατήρησιν
2796 1553 2895 1623 τῆς
2928 1552 3078 1615 θείας
3105 1551 3346 1623 Γραφῆς.
3379 1546 3496 1610 πῶς
3525 1548 3619 1598 καὶ

1943 1633 2035 1686 τὸν
2064 1634 2253 1706 καιρὸν
2286 1637 2419 1706 ἡμῖν
2458 1638 2716 1707 ἐσήμανε,
2750 1635 2870 1689 καθ’
2904 1635 2964 1689 ὃν
2995 1632 3376 1705 παρεγένοντο·
3404 1627 3618 1682 Ἐσπέ‹

1937 1732 2054 1784 ρας
2103 1718 2210 1788 γάρ
2241 1735 2391 1788 φησι.
2427 1718 2532 1772 Καὶ
2583 1719 2724 1783 τίνος
2771 1719 2958 1772 ἕνεκεν
3007 1717 3097 1772 τὸν
3126 1716 3316 1788 καιρὸν
3345 1715 3613 1786 ὲδήλωσε;

1944 1801 2039 1852 καὶ
2059 1799 2145 1854 διὰ
2161 1801 2212 1854 τί
2233 1803 2373 1854 κατά
2401 1803 2499 1872 τὴν
2521 1803 2760 1873 ἑσπέραν
2783 1801 3172 1873 παρεγένοντο;
3203 1801 3319 1853 Ἶνα
3355 1799 3452 1869 τὴν
3482 1797 3616 1850 πολ·

1943 1881 2042 1953 λὴν
2069 1885 2205 1952 ἡμῖν
2241 1883 2492 1936 ἐπίτασιν
2511 1884 2660 1957 δείξῃ
2683 1885 2782 1954 τῆς
2812 1883 2907 1936 τοῦ
2936 1882 3061 1936 Λὼτ
3084 1881 3407 1952 φιλοξενίας.
3427 1877 3618 1932 Καθάο

1945 1981 2049 2035 περ
2073 1965 2181 2034 γὰρ
2203 1967 2232 2017 6
2265 1965 2606 2037 πατριάρχης
2631 1965 2774 2020 κατά
2810 1966 2899 2019 τὸν
2926 1965 3027 2035 τῆς
3056 1962 3402 2036 μεσημϐρίας
3423 1961 3616 2032 καιρὸν

1945 2048 2254 2119 καθήμενος
2299 2050 2557 2122 ἐπετήρει
2584 2051 2708 2114 τοὺς
2731 2051 3049 2123 παριόντας,
3079 2049 3173 2103 καὶ
3196 2049 3358 2120 ἔργον
3383 2048 3618 2100 ἐποιεῖτο

1945 2133 2044 2203 τὴν
2071 2133 2278 2186 τούτων
2300 2132 2493 2204 θήραν,
2536 2135 2630 2188 καὶ
2659 2135 2920 2206 ἐπέτρεχε
2966 2135 3061 2188 καὶ
3096 2132 3238 2204 μετά
3264 2129 3618 2203 περιχαρείας

1944 2218 2070 2281 τοὺς
2092 2216 2272 2280 όδίτας
2296 2217 2607 2288 ὑπεδέχετοο
2634 2217 2725 2272 τὸν
2747 2219 2908 2272 αὐτὸν
2927 2218 2990 2289 δὴ
3014 2218 3215 2288 τρόπον
3235 2215 3326 2270 καὶ
3349 2217 3377 2268 6
3413 2215 3618 2276 δίκαιος

1946 2291 2122 2366 οὗτος,
2149 2301 2335 2371 ἐπειδὴ
2370 2301 2485 2373 ᾔδει
2511 2303 2606 2372 τῆς
2647 2302 2845 2364 κακίας
2900 2301 3005 2355 τῶν
3041 2302 3098 2354 ὲν
3124 2299 3378 2370 Σοδόμοις
3405 2295 3621 2350 οἰκούν-
3659 2299 3664 2304 ’

1946 2401 2053 2437 των
2081 2383 2179 2455 τὴν
2206 2385 2488 2455 πονηρίαν,
2516 2385 2636 2438 οὐδέ
2682 2385 2773 2438 τὸν
2825 2386 2922 2455 τῆς
2954 2384 3192 2458 ἑσπέρας
3232 2381 3420 2452 καιρὸν
3467 2397 3617 2450 παρ-

1948 2468 2244 2539 επέμπετο,
2267 2468 2401 2522 ἀλλά
2425 2469 2788 2540 μέχριτούτου
2809 2467 3104 2538 παρέμενε,
3131 2467 3312 2537 μήπου
3345 2463 3616 2535 θησαυρός

1947 2569 2031 2614 τις
2065 2551 2215 2620 αὐτῷ
2244 2553 2594 2626 παρεμπέσῃ,
2631 2552 2724 2604 καί
2752 2553 2840 2605 τὸν
2881 2551 2987 2604 ἀπὸ
3006 2551 3103 2620 τῆς
3133 2546 3434 2618 φιλοξενίας
3480 2561 3618 2617 καρ·

1949 2635 2047 2688 πὸν
2073 2635 2372 2706 δρέψασθαι
2429 2635 2627 2705 δυνηθῇ
2712 2633 2950 2703 Ἀληθῶς
2996 2633 3270 2702 θαυμάσαι
3308 2629 3423 2683 ἐστι
3478 2628 3618 2699 μετά

1950 2716 2152 2788 πολλῆς
2184 2719 2283 2788 τῆς
2320 2717 2624 2788 ὑπερϐολῆς
2672 2715 2766 2770 τοῦ
2813 2717 3020 2770 δικαίου
3045 2714 3233 2768 τούτου
3268 2713 3368 2784 τὴν
3396 2711 3617 2782 ἀρετὴν,

1949 2796 2030 2853 ὅτι
2053 2801 2110 2853 ἐν
2143 2799 2292 2870 μέσῳ
2328 2799 2582 2853 τοιούτων
2628 2800 2960 2870 παρανόμων
3003 2795 3503 2867 ἀναστρεφόμενος,
3557 2792 3620 2848 οὐ

1952 2884 2112 2954 μόνον
2144 2883 2205 2935 οὐ
2244 2883 2431 2952 γέγονε
2467 2883 2858 2956 ρᾳθυμότερος,
2898 2881 3032 2934 ἀλλὰ
3055 2881 3149 2933 καὶ
3183 2876 3363 2947 πολλῷ
3397 2877 3620 2930 πλείονα

1948 2967 2049 3036 τήν
2097 2967 2297 3038 ἀρετὴν
2326 2967 2688 3019 ἐπεδείκνυτο.
2735 2967 2841 3019 Καὶ
2870 2966 3104 3030 πάντων,
3141 2963 3216 3026 ὡς
3255 2963 3448 3026 εἰπεῖν,
3476 2959 3621 3012 κατά

1952 3051 2214 3122 κρημνῶν
2258 3051 2594 3122 φερομένων,
2635 3044 2788 3111 οὗτος
2839 3049 2998 3118 μόνος
3045 3049 3102 3100 ἐν
3145 3045 3384 3115 τοσούτῳ
3430 3041 3626 3112 πλήθει

1950 3135 2050 3203 τὴν
2077 3134 2290 3187 εὐθεῖαν
2311 3134 2513 3188 ὥδευεν
2555 3135 2692 3188 ὀδόν.
2733 3133 2844 3187 Ποῦ
2877 3131 2972 3185 νῦν
3001 3131 3142 3184 εἰσιν
3173 3131 3221 3181 οἰ
3244 3129 3515 3196 λέγοντες,
3543 3125 3626 3179 ὃτι

1950 3218 2049 3286 οὐχ
2070 3213 2180 3271 οἷόν
2215 3235 2270 3270 τε
2299 3220 2355 3269 ἐν
2394 3217 2531 3288 μέσῃ
2589 3217 2740 3269 πόλει
2787 3213 3153 3286 στρεφόμενόν
3193 3226 3316 3265 τινα
3363 3207 3627 3262 διασῶσαι

1951 3298 2049 3370 τὴν
2080 3300 2298 3370 ἀρετὴν,
2331 3299 2446 3352 ἀλλ’
2466 3299 2862 3368 ἀναχωρήσεως
2890 3297 2989 3358 δεῖ,
3022 3296 3116 3347 καί⁸
3141 3294 3242 3363 τῆς
3268 3293 3326 3343 ἐν
3343 3293 3456 3354 τοῖς
3475 3290 3628 3362 δρεσι

1953 3382 2257 3454 διατριϐῆς,
2290 3382 2384 3436 καὶ
2420 3381 2480 3434 οὐ
2536 3379 2760 3432 δυνατὸν
2812 3378 2904 3430 τὸν
2934 3377 3111 3438 οἰκίας
3141 3372 3484 3446 προεστῶτα,
3532 3371 3629 3456 καὶ,

1954 3468 2192 3534 γυναῖκα
2227 3464 2437 3535 ἔχοντα,
2469 3464 2563 3517 καὶ
2581 3461 2782 3514 παίδων
2816 3457 3240 3530 ἐπιμελούμενον
3259 3455 3352 3507 καὶ
3379 3453 3632 3517 οἰκετῶνζ

1957 3551 2214 3621 ἐνάρετον
2252 3544 2424 3614 alvus;
2477 3546 2792 3620 Ὀράτωσαν
2825 3545 3002 3597 τοίνυν
3058 3541 3150 3596 τὸν
3198 3540 3405 3594 δίκαιον
3438 3537 3627 3592 τοῦτον

1961 3634 2101 3704 μετά
2129 3633 2386 3702 γυναικὸς
2416 3631 2512 3684 καὶ
2540 3629 2767 3684 παιδίων
2806 3629 2900 3682 καὶ
2941 3625 3190 3689 οἰκετῶν,
3235 3624 3330 3678 καί
3374 3626 3431 3676 ἐν
3477 3621 3628 3675 πόλει

1957 3717 2233 3786 διάγοντα,
2275 3716 2369 3770 καὶ
2430 3714 2630 3786 μεταξύ
2664 3713 2931 3767 τοσούτων
2972 3710 3225 3782 πονηρῶν
3253 3709 3347 3762 καὶ¹
3388 3707 3628 3778 παρανό-

1961 3816 2080 3870 μων
2105 3799 2470 3872 διατρίϐοντα,
2515 3798 2608 3851 καὶ
2640 3795 2894 3866 καθάπερ
2934 3792 3212 3864 σπινθῆρά
3241 3806 3365 3844 τινα
3389 3790 3447 3842 ἐν
3477 3786 3629 3860 μέσῳ

1959 3883 2186 3951 πελάγει
2216 3881 2718 3952 διαλάμποντα,καὶ
2737 3881 2798 3933 οὐ
2829 3878 2987 3951 μόνον
3007 3878 3066 3931 οὐ
3093 3876 3472 3947 σϐεννύμενον,
3494 3874 3632 3930 ἀλλὰ

1961 3967 2056 4022 καὶ
2084 3966 2463 4038 λαμπρότερον
2488 3965 2552 4019 τὸ
2581 3964 2696 4034 φῶς
2738 3963 3072 4018 δεικνύοντα.
3095 3963 3206 4016 Καὶ
3241 3962 3414 4015 ταῦτα
3463 3959 3628 4028 λέγω,

1959 4052 2020 4106 οὐ
2051 4050 2276 4106 κωλύων
2304 4050 2404 4121 τὴν
2433 4048 2783 4120 ἀναχώρησιν
2808 4049 2906 4118 τὴν
2939 4046 3090 4119 [456]
3121 4047 3228 4102 ἀπὺ
3258 4046 3368 4100 τῶν
3399 4043 3629 4108 πόλεων,

1961 4136 2056 4190 καὶ
2079 4135 2177 4206 τὴν
2217 4135 2274 4187 ἐν
2295 4135 2407 4197 τοῖς
2444 4132 2594 4204 ὄρεσι
2623 4132 2718 4185 καὶ
2745 4133 2864 4196 ταῖς
2899 4130 3153 4204 ἐρημίαις
3186 4128 3465 4203 διατριϐὴν
3486 4129 3629 4184 ἀπα-

1962 4218 2224 4290 γορεύων,
2255 4216 2393 4271 ἀλλά
2439 4215 2652 4279 δεικνὺς
2699 4216 2782 4268 ὅτι
2843 4217 2914 4285 τῷ
2969 4213 3273 4285 βουλομένῳ
3315 4212 3508 4284 νήφειν
3535 4210 3633 4290 καὶ

1959 4288 2321 4374 ἐγρηγορέναι
2347 4299 2500 4354 οὐδὲν
2528 4299 2732 4352 τούτων
2759 4297 2988 4369 κώλυμα
3023 4298 3251 4367 γίνεται.
3277 4297 3488 4366 Ὥσπερ
3504 4288 3630 4347 οὖν⁸

1959 4386 2052 4439 τὸν
2078 4385 2320 4458 ῥᾴθυμον
2345 4385 2442 4438 καὶ
2459 4383 2890 4437 ἀναπεπτωκότα
2907 4381 3027 4434 οὐδὲ
3059 4381 3092 4452 ή
3113 4379 3211 4452 ἔρη
3220 4396 3318 4451 μσς
3349 4375 3632 4448 ὠφελῆσαί

1959 4487 2011 4522 τι
2037 4469 2278 4522 δύναται·
2299 4467 2418 4520 οὐδέ
2443 4466 2550 4538 γάρ
2571 4467 2600 4517 6
2632 4465 2794 4530 τόπος
2833 4465 2979 4518 ἐστὶν
3007 4465 3035 4517 6
3071 4463 3168 4534 τὴν
3199 4461 3400 4534 ἀρετὴν
3430 4475 3602 4529 κατορ

1963 4551 2093 4618 θῶν,
2116 4551 2230 4605 ἀλλ’
2255 4548 2502 4621 ήγνώμη
2530 4549 2624 4602 καὶ
2664 4548 2692 4599 ὁ
2719 4548 2940 4618 τρόπος·
2975 4545 3118 4599 οὐτω
3149 4545 3239 4598 τὸν
3255 4545 3495 4614 νήφοντα
3537 4541 3632 4595 καὶ

1960 4634 2383 4706 διεγηγερμένον
2417 4631 2543 4684 οὔτε
2606 4631 2665 4683 τὸ
2725 4632 2783 4682 ἐν
2839 4631 2982 4702 μέσῃ
3023 4632 3088 4699 τῇ
3122 4629 3274 4681 πόλει
3333 4625 3632 4698 διατρίϐειν

1961 4719 2304 4788 καταϐλάψαι
2320 4735 2368 4769 τι
2384 4716 2690 4785 δυνήσεται.
2715 4713 2820 4767 Καὶ
2841 4713 2930 4767 διὰ
2943 4712 3098 4767 τοῦτο
3118 4711 3438 4783 ἐϐουλόμην,
3461 4709 3634 4764 καθά-

1965 4821 2072 4875 περ
2121 4801 2212 4856 τὸν
2270 4799 2538 4870 μακάριον
2575 4795 2784 4861 τοῦτον,
2813 4797 2940 4861 τοὺς
2967 4795 3258 4867 ἐναρέτους
3302 4794 3539 4867 μάλιστα
3571 4795 3634 4846 ἐν

1968 4889 2120 4960 μέσῳ
2167 4883 2276 4937 τῶν
2305 4882 2511 4935 πόλεων
2536 4882 2700 4947 εἶναι,
2731 4881 2818 4934 ἴνα
2847 4878 3100 4960 καθάπερ
3135 4879 3279 4949 ζύμη
3303 4881 3418 4941 τοῖς
3454 4876 3634 4960 ἄλλοις

1964 4957 2258 5040 γινόμενοι,
2291 4964 2518 5026 πολλοὺς
2545 4965 2625 5026 εἰς
2655 4964 2746 5016 τὸν
2766 4965 2964 5016 οἰκεῖον
2997 4959 3156 5032 ζῆλον
3175 4960 3461 5029 ἐνάγωσιν.
3491 4957 3633 5010 Ἀλλ’

1963 5039 2150 5123 ἐπειδὴ
2193 5045 2452 5121 δυσχερὲς
2485 5045 2643 5100 τοῦτο
2671 5046 3066 5115 καταφαίνεται
3105 5039 3262 5107 εἶναι,
3313 5042 3417 5094 κᾶν
3455 5040 3633 5092 ἐκεῖνο

1965 5121 2216 5205 γινέσθω.
2245 5131 2503 5201 Παράγεε
2531 5128 2642 5199 γὰρ
2677 5127 2896 5182 λοιπὸν
2923 5125 2991 5179 τὸ
3017 5123 3224 5193 σχῆμα
3263 5122 3369 5205 τοῦ
3398 5121 3638 5205 κόομρυ

1961 5199 2197 5282 τούτου,
2235 5199 2558 5286 καίίβραχὺς
2576 5215 2606 5266 6
2631 5209 2822 5282 παρὼν
2848 5208 2978 5280 βίος
3009 5208 3172 5292 καὶᾼεί
3208 5206 3281 5277 μὴ
3307 5201 3527 5292 Etim-(bc
3550 5199 3632 5292 ἐτι

1964 5303 2022 5356 ἐν
2051 5301 2132 5370 τῷ
2183 5300 2468 5369 σκάμματι
2522 5295 2851 5367 ἑστήκαμεν,
2899 5292 3007 5346 τῶν
3057 5289 3232 5342 πόνων
3281 5286 3382 5354 τῆς
3426 5285 3632 5370 ἀρετῆς

1969 5366 2258 5459 ἁψώμεθα,
2278 5366 2373 5436 καὶ
2393 5381 2460 5434 τὰ
2483 5366 2673 5434 δίκτυα
2713 5379 2815 5448 τῆς
2845 5376 3040 5436 κακίας
3072 5369 3443 5459 διαφύγωμεν,
3471 5366 3631 5459 ὔστε-

1968 5451 2061 5544 ρον
2095 5451 2270 5542 μάτην
2313 5467 2536 5529 ἑαυτοὺς
2589 5461 2966 5544 αἰτιασόμεθα,
2996 5459 3085 5544 ὅτε
3108 5454 3260 5544 οὐδέν
3307 5451 3498 5544 δφελος
3532 5452 3630 5544 τῆς

1921 5568 1930 5575 ·
1968 5533 2388 5633 μεταγνώσεως.
2429 5549 2574 5610 Ἕως
2616 5545 2722 5633 Δμὲν
2765 5544 2873 5633 γὰρ
2910 5543 2978 5633 ᾂν
3015 5533 3163 5633 {fy-5V
3195 5539 3254 5633 ξεν
3277 5539 3346 5633 ff]
3385 5535 3637 5633 {tamn

1968 5619 2106 5710 ξωῇ,
2125 5619 2361 5690 *δυνατὸν
2396 5629 2758 5703 μεταγνόντας
2784 5625 2878 5710 τοῦ
2906 5623 3157 5710 ἐντεῦθεν
3184 5619 3484 5710 ἀπόνασθαι
3509 5619 3638 5710 κέρν

1967 5702 2112 5787 δούς,
2138 5719 2230 5774 καὶ
2274 5718 2343 5772 τὰ
2379 5702 2616 5786 πρότερα
2651 5708 3089 5781 ἀπονιψαμένους
3135 5706 3505 5777 ἁμαρτήματα
3532 5702 3637 5771 τῆς

1970 5803 2064 5858 τοῦ
2093 5801 2362 5856 Δεσπότου
2391 5794 2795 5868 φιλανθρωπίας
2811 5791 3125 5863 ἀξιωθῆναι·
3146 5793 3194 5844 εἰ
3223 5789 3278 5842 δὲ
3311 5788 3400 5842 τὸν
3435 5788 3637 5852 παρόν-

1975 5907 2043 5943 τα
2066 5887 2254 5958 καιρὸν
2282 5883 2433 5955 προῖέ
2445 5898 2593 5953 μενοι
2622 5879 2814 5950 ἁθρόον
2839 5873 3441 5950 προαναρπασθείημεν,
3470 5887 3638 5943 μετα-

2043 6093 2066 6120 ·
2097 6091 2244 6141 SmiI.
2262 6097 2312 6138 ει
2335 6088 2550 6149 quinque
2580 6099 2695 6134 mss.
2722 6087 2880 6148 ὥσπερ
2899 6086 3003 6146 γάρ,
