4078 6426
259 360 378 422 391

267 479 488 536 'nullam
519 489 712 539 autem
743 482 1025 539 utilitatem
1055 481 1179 538 inde
1210 482 1505 554 capiemus.
1545 481 1698 549 Quod
1739 487 1794 536 ut
1824 477 1906 534 di-

291 591 432 641 scas,
449 576 600 631 .audi
627 579 943 648 prOphetam
971 577 1238 633 dicentem
1260 596 1273 630 :
1301 575 1367 630 In
1392 577 1591 645 inferno
1613 584 1778 628 autem
1795 573 1906 642 quis

301 669 620 737 conﬁtebitur
639 672 729 725 tibi
756 669 777 744 (
804 671 948 727 Psal.
979 672 1032 728 6.
1061 671 1132 742 6)
1160 671 1185 725 ?
1230 679 1285 726 et
1328 671 1519 724 iterum
1553 688 1566 724 :
1599 667 1781 722 Frater
1802 683 1903 720 non

295 760 522 826 redimit,
548 761 764 815 redimet
783 763 931 816 homo
951 761 1122 833 (Psal.
1145 761 1235 816 48.
1251 759 1566 831 8)?anlus,
1591 758 1778 828 inquit,
1803 757 1904 810 t'it

292 853 406 908 illic
437 855 747 924 postea,qui
764 855 953 924 eripiat
981 870 1103 909 eum
1129 869 1288 925 quem
1317 868 1408 907 sua
1429 851 1632 907 desidia
1661 849 1903 921 prodide-

289 945 566 1017 rit,ucqne
587 947 630 1002 si
655 946 816 1002 frater
840 946 1016 1014 fuerit,
1048 962 1219 1016 neque
1241 946 1286 1002 si
1315 954 1482 1015 pater,
1515 959 1689 1014 neque
1717 942 1761 997 si
1790 958 1902 997 ma-

289 1046 396 1091 ter.
426 1038 495 1092 Et
519 1038 645 1108 quid
667 1039 810 1105 dico,
827 1037 1015 1106 frater,
1039 1046 1208 1109 pater,
1241 1047 1296 1093 et
1317 1047 1488 1092 mater
1504 1038 1530 1091 ἲ
1548 1036 1730 1107 Neque
1746 1035 1895 1105 justi,

286 1129 664 1200 qnibustauta
708 1131 1047 1201 apud'Deum
1076 1130 1282 1184 fiducia
1313 1138 1424 1196 est,
1459 1138 1708 1199 poterunt
1745 1128 1897 1183 nobis

290 1229 425 1275 tunc
449 1221 652 1292 aliquid
686 1223 961 1293 prodesse,
1002 1223 1048 1277 si
1083 1238 1224 1277 nunc
1253 1221 1466 1278 desides
1495 1221 1770 1277 fuerimus.
1803 1221 1895 1275 Di-

284 1313 364 1367 cit
391 1314 534 1368 enim
561 1333 574 1368 :
600 1314 661 1371 Si
688 1317 913 1370 steterint
959 1314 1074 1370 Noe
1105 1325 1149 1370 et
1177 1314 1276 1369 Job
1303 1324 1349 1369 et
1374 1313 1580 1379 Daniel,
1612 1315 1747 1384 ﬁlios
1775 1331 1894 1368 suos

285 1414 336 1458 et
360 1406 503 1470 tilias
526 1424 627 1462 non
654 1409 866 1480 eripient
887 1407 1099 1482 (Ezeclt.
1121 1409 1209 1463 14.
1236 1407 1352 1476 20).
1385 1408 1453 1462 Et
1478 1407 1599 1462 vide
1628 1407 1890 1461 minarum

295 1499 643 1569 gravitatem,
673 1502 965 1573 qualesque
1005 1502 1178 1573 justos
1219 1502 1275 1558 in
1313 1500 1547 1556 medium
1585 1499 1886 1556 adduxerit.

283 1593 554 1659 Quoniam
595 1593 669 1648 illi
697 1596 809 1650 suis
833 1595 1159 1664 temporibus
1185 1595 1345 1650 etiam
1373 1594 1488 1647 aliis
1513 1593 1698 1648 salutis
1728 1607 1888 1647 causa

282 1684 504 1739 fuerunt
531 1703 544 1738 :
572 1685 1028 1753 Noeenim,-cum
1073 1687 1325 1741 terribilis
1355 1686 1440 1740 illa
1473 1685 1654 1740 diluvii
1685 1693 1890 1754 tempe-

281 1786 398 1831 3tas
427 1787 622 1832 terram
648 1789 980 1850 occupasset,
1009 1789 1062 1835 et
1091 1795 1337 1842 uxorem,
1363 1788 1415 1833 et
1447 1779 1582 1833 filios
1613 1778 1841 1834 servavit
1870 1796 1883 1831 :

279 1868 461 1925 et'Job
487 1871 733 1926 similiter
753 1872 873 1927 aliis
901 1872 1088 1926 salutis
1108 1881 1294 1926 auctor
1315 1871 1409 1926 fuit
1434 1889 1447 1923 :
1473 1871 1656 1926 Daniel
1675 1886 1886 1941 quoque

277 1960 482 2016 multos
526 1961 720 2033 eripuit
763 1977 792 2016 a
825 1970 1016 2028 morte,
1059 1962 1272 2032 quando
1302 1962 1558 2017 barbarus
1593 1962 1678 2017 ille
1708 1962 1885 2032 inqui-

277 2051 438 2107 rebat
483 2069 604 2123 qua:
651 2069 812 2124 supra
860 2055 1145 2109 humanam
1191 2063 1314 2109 sunt
1361 2062 1603 2110 naturam
1631 2094 1648 2120 ,
1695 2061 1748 2109 et
1799 2055 1882 2108 in-

271 2145 538 2203 terimere
571 2147 786 2203 volebat
821 2147 1106 2204 Chaldaeos
1129 2189 1142 2214 ,
1185 2157 1243 2204 et
1289 2147 1466 2218 Magos
1513 2156 1670 2219 atque
1710 2147 1881 2204 Gaza-

274 2251 468 2292 TCIIOS.

348 2328 496 2383 2.111
521 2334 693 2402 futuro
721 2331 908 2386 swculo
926 2331 1264 2402 unusquisque
1286 2347 1378 2401 pro
1407 2347 1461 2385 se
1469 2330 1883 2402 judicabitur.-—

265 2421 345 2475 Et
375 2436 445 2476 ne
473 2429 717 2491 putemus
747 2422 801 2477 in
831 2421 1010 2478 futuro
1036 2423 1232 2478 sarculo
1262 2420 1376 2477 fore
1418 2421 1559 2486 talia,
1591 2433 1642 2476 et
1668 2438 1761 2477 eos
1790 2423 1878 2492 qni

267 2513 477 2567 virtute
501 2512 706 2582 pra-diti
727 2522 870 2578 sunt,
888 2523 941 2568 et
964 2513 1208 2568 fiduciam
1231 2513 1428 2568 habent
1445 2514 1494 2567 in
1517 2514 1701 2577 Deum,
1722 2515 1875 2581 alios,

269 2607 369 2677 qui
398 2606 487 2662 hic
507 2606 838 2678 negligenter
855 2609 1120 2675 vixerunt,
1146 2611 1475 2664 necessarios
1502 2623 1628 2664 suos
1649 2609 1878 2665 liberare

271 2699 388 2754 illic
411 2715 441 2753 a
473 2700 732 2770 supplicio
760 2715 954 2771 posse:
983 2709 1262 2772 propterea
1291 2701 1510 2757 adduxit
1529 2701 1683 2757 nobis
1704 2701 1878 2772 justos

268 2791 421 2858 illos,
459 2802 718 2848 terrorem
750 2793 906 2848 nobis
947 2793 1199 2859 inferens,
1231 2802 1286 2848 et
1325 2793 1526 2849 docens
1569 2793 1619 2847 in
1646 2795 1877 2864 pmpriis

269 2883 433 2938 bonis
458 2884 713 2953 operibus
739 2900 861 2940 cum
892 2899 1122 2956 superna
1160 2885 1329 2955 gratia
1360 2900 1511 2955 spem
1544 2885 1732 2939 salutis
1774 2901 1874 2939 no-

274 2987 399 3030 strw
419 2976 742 3042 habendam,
765 2985 819 3032 ct
839 2993 943 3032 non
968 2979 1020 3032 in
1040 2977 1435 3048 progenitorum
1457 2977 1759 3042 virtutibus,
1784 2993 1877 3032 ne-

267 3082 378 3137 que
411 3067 463 3121 in
492 3067 596 3122 alio
619 3068 872 3138 qu0piam
895 3068 1333 3139 superbiendum,
1356 3068 1440 3123 vel
1471 3068 1868 3135 confidendum,

267 3157 313 3212 si
348 3173 450 3213 nos
478 3158 530 3212 in
561 3160 800 3229 peccatis
825 3174 946 3216 esse
975 3175 1080 3215 non
1112 3159 1430 3225 desinimus,
1463 3159 1557 3215 sed
1585 3160 1686 3214 hoc
1707 3176 1872 3214 unum

263 3248 594 3315 curandum,
629 3259 685 3306 ut
715 3251 761 3306 si
801 3259 1050 3322 parentes
1080 3251 1423 3308 habuerimus
1451 3252 1648 3308 virtute
1673 3255 1868 3319 claros,

265 3341 546 3398 imitemur
565 3359 752 3400 eorum
778 3345 1064 3402 virtutem:
1096 3355 1150 3402 et
1176 3346 1221 3402 si
1247 3361 1277 3403 e
1306 3347 1518 3403 diverso
1549 3348 1777 3415 accidat,
1816 3359 1870 3403 et

263 3450 329 3489 ex
363 3435 622 3505 improbis
652 3438 821 3492 simus
851 3439 1194 3508 parentibus,
1229 3453 1335 3494 non
1369 3437 1664 3510 putandum
1712 3440 1867 3495 notis

263 3526 470 3596 aliquid
523 3527 770 3583 accidere
815 3530 1140 3594 nocumenti,
1186 3530 1480 3586 dummodo
1523 3545 1870 3587 exerceamur

256 3617 330 3670 ad
383 3618 637 3672 virtutum
682 3619 928 3676 labores:
966 3622 1169 3676 nullum
1211 3623 1352 3676 enim
1412 3623 1534 3678 hinc
1579 3623 1734 3680 nobis
1770 3625 1869 3679 da-

259 3725 452 3762 mnum
482 3710 603 3764 erit.
623 3709 754 3764 Nam
779 3714 1140 3784 unusquisque
1153 3729 1250 3783 per
1270 3729 1329 3768 ea
1351 3715 1431 3769 vel
1456 3725 1761 3780 coronatur,
1781 3716 1867 3772 vel

259 3803 684 3870 condemnatur,
739 3821 858 3874 qua:
911 3808 1023 3876 ipse
1062 3808 1250 3876 gessit,
1307 3807 1761 3878 quemadmodum
1815 3818 1869 3864 ct

260 3894 454 3950 beatus
496 3895 691 3949 Paulus
720 3897 889 3967 inquit
913 3915 925 3951 ε
963 3897 1031 3952 Ut
1056 3908 1275 3968 reportet
1305 3899 1644 3967 unusquisque
1669 3917 1726 3953 ea
1754 3916 1867 3970 qua:

255 4004 357 4057 per
389 4005 576 4057 corpus
616 3990 766 4057 ﬁunt,
805 3991 958 4059 juxta
986 3990 1040 4043 id
1069 3991 1204 4060 quod
1228 3991 1366 4062 fecit,
1399 3991 1500 4045 sive
1527 3989 1732 4055 bonum,
1765 3995 1866 4047 sive

259 4081 454 4133 malum
473 4080 550 4148 (-2.
569 4079 689 4135 Cor.
717 4081 900 4150 5.10);
934 4089 986 4135 ct
1012 4082 1201 4136 iterum
1228 4099 1240 4134 :
1279 4082 1378 4149 Qui
1402 4082 1574 4136 reddet
1601 4085 1864 4148 unicuique

247 4175 409 4244 juxta
437 4191 592 4244 apem
619 4192 712 4228 sua
737 4175 929 4245 (Rom.
956 4176 1010 4229 2.
1042 4175 1136 4247 6).
1169 4175 1300 4242 Qua:
1332 4177 1509 4232 omnia
1561 4192 1682 4232 cum
1721 4179 1861 4233 scia-

257 4283 404 4332 mus,
452 4283 678 4324 cxcussa
734 4269 879 4323 omni
931 4270 1271 4340 negligentia,
1322 4271 1860 4326 virtutis,maximam

255 4361 558 4416 habeamus
596 4362 877 4415 rationem.
909 4363 976 4416 Et
1011 4377 1134 4416 cum
1164 4363 1339 4417 adhuc
1366 4363 1419 4416 in
1451 4362 1624 4417 stadio
1652 4377 1856 4430 sumus,

251 4461 310 4508 et
337 4452 580 4507 certandi
613 4461 822 4522 tempus
845 4462 948 4521 est,
978 4453 1284 4524 priusquam
1313 4453 1636 4509 dissolvatur
1659 4465 1860 4524 specta-

254 4546 462 4611 culum,
514 4545 730 4602 solliciti
757 4547 926 4603 simus
964 4547 1033 4603 de
1074 4557 1255 4602 nostra
1297 4549 1487 4614 salute,
1527 4557 1584 4603 ut
1619 4549 1669 4602 in
1708 4548 1856 4603 brevi

256 4634 353 4691 ὶίυ
387 4647 627 4706 tempore
656 4638 886 4694 virtutes
910 4639 1232 4703 exercendo,
1276 4640 1328 4694 in
1369 4641 1566 4695 szecnlo
1596 4650 1858 4710 perpatuo

247 4729 471 4784 iilarnm
524 4731 801 4788 mercedes
845 4732 1164 4802 recipiamus
1197 4750 1210 4784 :
1260 4734 1396 4790 sicut
1436 4744 1491 4788 et
1532 4733 1707 4804 justus
1743 4734 1853 4801 ille,

247 4822 343 4880 ι,ιιῑ
389 4821 442 4874 in
492 4823 670 4877 medio
714 4832 792 4878 tot
827 4824 1090 4879 malorum
1135 4823 1399 4890 habitans,
1432 4835 1486 4881 et
1521 4827 1722 4880 mullum
1756 4827 1850 4882 ha~

244 4913 390 4967 bens
419 4914 509 4983 qui
535 4929 687 4969 suam
714 4915 1012 4971 imitaretur
1038 4917 1309 4982 virtutem,
1330 4916 1423 4972 sed
1451 4918 1638 4973 videns
1667 4933 1854 4974 omnes

244 5005 276 5057 i:
301 5005 545 5061 ridentes
569 5015 624 5062 et
649 5005 1043 5062 subsannantes
1067 5049 1081 5074 ,
1111 5024 1214 5064 non
1246 5010 1416 5064 solum
1447 5025 1550 5065 non
1581 5008 1748 5065 factus
1773 5019 1855 5066 est

249 5098 494 5168 segnior,
541 5113 728 5153 verum
775 5107 919 5153 tanta
967 5101 1161 5154 virtute
1193 5101 1430 5167 emicuit,
1470 5109 1527 5154 ut
1553 5110 1608 5156 et
1633 5102 1853 5170 angelos

241 5192 528 5262 suscipere
550 5193 808 5248 meruerit
835 5201 1028 5264 :atque
1053 5209 1174 5248 cum
1203 5193 1277 5249 illi
1309 5193 1465 5248 simul
1497 5208 1685 5248 omnes
1718 5210 1846 5264 per-

243 5285 256 5334 i
293 5291 426 5350 ent,
466 5283 612 5339 solus
653 5284 767 5353 ipse
796 5299 918 5338 cum
945 5283 1153 5338 ﬁliabus
1204 5284 1450 5356 effugerit
1477 5301 1692 5357 ptenam
1733 5302 1850 5355 qua:

243 5375 356 5428 illis
404 5374 550 5429 illata
591 5383 694 5430 est.
728 5374 993 5430 Cancrum
1027 5375 1094 5430 ad
1131 5376 1326 5431 seriem
1367 5381 1630 5440 sermonis
1656 5378 1848 5439 redea-

244 5482 390 5520 mus.
431 5465 687 5522 Venerunt
727 5478 899 5522 autem
949 5467 1051 5522 duo
1075 5468 1242 5538 angeli
1284 5469 1338 5523 in
1375 5469 1602 5525 Sodoma
1634 5472 1846 5542 vesperi.

239 5557 381 5613 Justi
409 5559 568 5628 hujus
589 5559 946 5615 excellentem
974 5561 1227 5616 virtutem
1259 5569 1468 5631 tempus
1511 5562 1611 5617 hoc
1641 5565 1849 5634 potissi-

241 5665 390 5705 mum
436 5651 665 5721 indicat,
698 5651 820 5721 quia
859 5659 917 5706 et
955 5652 1236 5724 ingruente
1272 5667 1494 5724 vespera
1533 5655 1846 5726 permansit,

237 5757 287 5799 et
334 5760 440 5800 non
486 5741 724 5799 destitit.
764 5742 897 5798 Nam
932 5746 1053 5815 quia
1085 5746 1284 5802 sciebat
1310 5746 1513 5804 lucrum
1545 5749 1684 5820 quod
1727 5749 1849 5807 inde

241 5840 584 5906 nascebatur,
613 5833 742 5892 ideo
763 5833 926 5895 hasce
954 5841 1162 5900 divitias
1191 5845 1403 5917 assequi
1425 5847 1665 5919 cupiens,
1687 5845 1844 5904 valde

1354 366 1420 424 IN
1448 366 1605 423 CAP.
1644 362 1790 420 XIX.
1831 362 2076 423 CENES.
2119 365 2350 422 llOMlL.
2385 367 2569 424 XLIII.

3502 377 3608 437 398

2019 478 2240 538 sedulus
2289 492 2423 549 erat,
2466 493 2521 540 et
2565 499 2736 556 neque
2781 485 2868 542 die
2913 488 3132 559 impleto
3173 489 3498 549 discedebat.
3532 494 3606 550 ita

2015 573 2158 629 enim
2199 591 2258 632 se
2298 577 2458 632 habet
2506 580 2680 633 anima
2731 579 2932 636 fervida
2973 592 3026 638 et
3069 583 3312 654 vigilans,
3351 597 3408 642 ιιι
3447 587 3606 642 nullis

2013 664 2410 735 impedimentis
2460 671 2834 740 prmpediatur,
2879 677 3162 744 quominus
3194 693 3344 735 suam
3371 680 3600 736 declaret

2011 760 2260 816 virtutem
2296 781 2310 817 :
2341 763 2465 832 quin
2504 771 2560 819 et
2604 765 2789 821 istharc
2828 767 2939 837 ipsa
2971 785 3087 839 qua:
3120 771 3406 840 prohibent
3432 776 3599 828 maxic

2012 866 2119 917 me,
2151 855 2320 924 magis
2339 854 2589 921 incitant,
2621 867 2675 911 et
2695 873 2956 928 majorem
2985 861 3290 930 cupiditatis
3331 863 3604 920 flammam

2008 943 2326 998 accendunt.
2363 945 2431 999 Ut
2474 957 2639 1000 autem
2679 949 2832 1016 vidit,
2864 951 3066 1020 inquit,
3113 951 3246 1019 Lot,
3287 954 3506 1009 surrexit
3547 957 3602 1011 in

2008 1051 2273 1091 occursum
2301 1040 2421 1093 illis.
2457 1041 2689 1095 Audiam
2719 1042 2752 1096 ii
2775 1044 2862 1112 qui
2886 1043 3126 1099 advenas
3151 1057 3370 1102 orantes
3393 1055 3449 1102 et
3475 1063 3598 1116 sup-

2003 1126 2295 1196 plicantes,
2331 1144 2393 1183 ac
2419 1130 2610 1185 sedulo
2649 1149 2707 1186 se
2742 1147 2922 1187 coram
2955 1135 3033 1187 eis
3062 1135 3403 1190 demittentes
3435 1137 3596 1192 multa

2005 1218 2392 1276 inhumanitate
2440 1235 2756 1278 aversantur
2811 1234 2865 1279 et
2919 1225 3204 1295 repellunt.
3269 1226 3403 1282 Vide
3452 1228 3596 1283 cnim

2001 1312 2272 1380 quomodo
2295 1315 2470 1382 justus
2501 1315 2589 1369 ille.
2619 1331 2722 1369 non
2749 1317 3079 1386 exspectavit
3107 1318 3280 1373 donec
3305 1319 3371 1374 ad
3401 1335 3461 1374 sc
3500 1337 3600 1374 ve-

2001 1402 2198 1469 nirent,
2226 1403 2322 1459 sed
2352 1406 2488 1459 sicut
2513 1407 2813 1476 patriarcha
2834 1450 2846 1474 ,
2878 1408 3128 1479 ignorans
3177 1411 3264 1481 qui
3293 1422 3474 1467 essent
3499 1413 3598 1467 ho-

2000 1493 2185 1561 spites,
2216 1503 2270 1550 et
2297 1497 2576 1566 suSpieans
2601 1499 2834 1555 viatores
2864 1501 3120 1571 quosdam
3151 1518 3292 1569 esse,
3316 1506 3464 1574 quasi
3485 1521 3594 1576 prze

1995 1599 2100 1653 gen
2120 1586 2191 1640 lio
2232 1589 2478 1655 saltabat,
2516 1592 2633 1660 quia
2664 1604 2982 1664 assequutns
3011 1605 3126 1650 erat
3150 1599 3426 1667 quasitam
3459 1615 3595 1670 pran-

1994 1675 2140 1742 dam,
2183 1688 2237 1732 et
2264 1695 2368 1734 non
2411 1681 2687 1738 aberrarat
2725 1685 2794 1739 ab
2823 1701 2888 1740 eo
2915 1688 3055 1756 quod
3088 1689 3353 1758 cupiebat.
3393 1690 3462 1745 Ut
3500 1709 3594 1745 au-

1993 1775 2090 1820 tem
2115 1769 2257 1834 vidit,
2301 1771 2493 1842 inquit,
2534 1777 2750 1830 surrexit
2792 1780 2845 1830 in
2886 1795 3146 1833 occursant
3174 1781 3296 1849 illis,
3329 1791 3374 1835 et
3401 1783 3590 1837 adora-

1994 1859 2076 1917 bat
2124 1861 2254 1930 facie
2298 1879 2451 1933 super
2486 1874 2690 1919 terram.
2725 1866 2943 1922 Gratias
2981 1871 3088 1939 egit
3135 1871 3268 1936 Deo,
3321 1874 3462 1942 quod
3507 1873 3589 1928 di-

1991 1958 2183 2020 gnatus
2222 1965 2367 2009 esset
2402 1971 2522 2011 eum
2553 1963 2992 2028 praetereuntium
3015 1967 3374 2033 susceptione.
3402 1968 3589 2021 Anim-

1989 2044 2214 2100 adverte
2259 2047 2398 2103 illius
2441 2050 2633 2105 anima:
2676 2052 2950 2108 virtutem.
2993 2054 3241 2126 Magnum
3285 2057 3378 2112 Dei
3415 2059 3585 2114 bene-

1989 2136 2165 2193 ficium
2193 2139 2552 2199 arbitrabatur
2580 2145 2831 2201 incidisse
2873 2148 2933 2201 in
2977 2148 3075 2203 hes
3104 2150 3248 2206 viros
3268 2192 3282 2214 ,
3317 2160 3374 2206 ut
3403 2167 3586 2208 susce-

1989 2227 2094 2297 ptis
2120 2229 2224 2284 illis
2257 2247 2411 2286 suum
2436 2235 2715 2304 perficeret
2735 2237 3084 2294 desiden’um.
3115 2240 3233 2296 iam
3263 2259 3334 2297 ne
3360 2243 3583 2311 dixeris,

1987 2319 2132 2390 ipsos
2169 2327 2398 2396 angelos
2441 2327 2637 2385 fuisse:
2683 2332 2778 2387 sed
2824 2333 2924 2387 hoc
2961 2336 3141 2404 potius
3165 2345 3342 2391 tecum
3369 2348 3582 2406 reputa,

1981 2412 2185 2482 justum
2233 2419 2381 2473 illum
2412 2421 2649 2476 nondum
2694 2424 2797 2478 hoc
2837 2427 3078 2491 scivisse,
3110 2427 3203 2482 sed
3228 2429 3378 2498 quasi
3405 2430 3583 2484 homi-

1985 2521 2081 2559 nes
2109 2506 2321 2577 iguotos
2343 2521 2395 2565 et
2423 2523 2809 2582 praetereuntes
2846 2517 3165 2586 suscipiens,
3209 2519 3279 2574 ita
3325 2520 3579 2574 affectum

1982 2596 2168 2654 fuisse.
2215 2601 2269 2656 2.
2303 2602 2372 2657 Et
2406 2605 2536 2658 dixit
2558 2621 2578 2659 .'
2607 2602 2760 2675 Ecce,
2789 2607 3000 2674 domini,
3033 2609 3256 2664 divertite
3288 2611 3342 2665 in
3372 2612 3579 2665 domum

1982 2691 2128 2758 pueri
2165 2695 2342 2762 vestri,
2378 2702 2425 2749 et
2467 2707 2680 2763 manete,
2731 2699 2986 2769 quiescite,
3020 2712 3066 2755 et
3105 2701 3270 2756 lavate
3303 2703 3451 2772 pedes
3492 2719 3580 2757 re-

1981 2790 2132 2846 stros,
2162 2792 2209 2837 et
2242 2784 2466 2841 diluculo
2495 2791 2633 2857 facta
2662 2791 3053 2858 proﬁciscentini
3087 2793 3139 2846 in
3169 2794 3304 2847 viam
3339 2805 3575 2849 vestram.

1984 2874 2268 2932 Sufficiunt
2316 2878 2433 2935 hare
2472 2881 2633 2936 verba
2666 2881 2734 2937 ad
2779 2882 3133 2954 detegendam
3174 2889 3427 2942 virtutem
3457 2903 3578 2956 quae

1980 2966 2032 3020 in
2061 2970 2426 3040 peetorejusti
2457 2972 2669 3028 latebat.
2699 2974 2769 3029 Et
2789 2976 2912 3046 quid
2943 2978 3136 3033 mirum
3158 2978 3203 3034 si
3232 2979 3353 3050 quis
3385 2980 3577 3036 obstu-

1979 3068 2165 3128 pescat
2200 3063 2460 3118 eximiam
2503 3063 2884 3136 humilitatem,
2931 3084 2993 3125 ac
3033 3069 3300 3126 fervorem
3334 3089 3490 3144 quem
3521 3074 3574 3128 iu

1980 3149 2348 3220 hospitalitate
2374 3155 2731 3212 declarabat?
2761 3158 2908 3223 Ecce,
2942 3159 3131 3231 inquit,
3166 3161 3376 3229 domini,
3408 3164 3576 3219 diver-

1977 3241 2065 3296 tite
2090 3242 2142 3296 in
2179 3244 2385 3298 domum
2411 3248 2552 3315 pueri
2578 3250 2744 3302 vestri.
2775 3251 2840 3305 Et
2869 3251 2986 3306 illos
3013 3251 3261 3308 dominos
3292 3263 3468 3322 vocat,
3511 3270 3575 3311 ac

1977 3332 2212 3402 seipsum
2263 3335 2473 3390 illorum
2515 3353 2728 3392 servum
2757 3342 3012 3409 appellat.
3045 3343 3344 3398 Audiamus
3370 3352 3573 3402 attente

1975 3423 2091 3480 haec
2119 3427 2299 3493 verba,
2339 3429 2694 3498 dilectissimi,
2727 3441 2782 3488 et
2825 3435 3022 3488 similia
3066 3451 3165 3490 nos
3191 3452 3403 3507 quoque
3432 3455 3572 3509 prte-

1975 3527 2120 3573 stare
2145 3519 2438 3577 discamus.
2461 3523 2550 3578 Vir
2579 3525 2866 3595 gloriosus,
2891 3529 3105 3594 nobilis,
3137 3541 3240 3585 tam
3267 3532 3568 3600 abundans,

1976 3619 2157 3667 tantus
2203 3616 2611 3684 paterfamilias,
2666 3620 2922 3686 viatores,
2967 3621 3224 3692 ImSpites,
3254 3625 3482 3695 ignotos,
3514 3636 3572 3681 ut

1972 3705 2322 3773 apparebant,
2363 3709 2518 3774 viles,
2551 3719 2959 3778 praetereuntes,
2992 3714 3229 3783 nihilque
3260 3715 3327 3770 ad
3359 3731 3415 3770 se,
3441 3719 3568 3772 atti-

1974 3807 2184 3862 nentes,
2223 3797 2471 3854 dominos
2509 3801 2769 3868 nominat,
2808 3811 2862 3857 et
2896 3804 3066 3872 inquit
3094 3823 3106 3859 :
3135 3804 3380 3860 Divertite
3405 3808 3456 3860 in
3477 3808 3571 3860 do-

1972 3906 2109 3943 mum
2142 3893 2281 3962 pueri
2320 3895 2488 3959 vestri,
2531 3904 2576 3947 et
2603 3897 2860 3964 quiescite.
2890 3896 3122 3966 Vespera
3164 3899 3328 3962 enim,
3373 3899 3563 3968 inquit,

1971 3981 2190 4052 ingruit.
2224 3984 2426 4039 Morem
2460 3985 2593 4039 mihi
2622 3987 2814 4055 gerite,
2859 3996 2912 4042 et
2953 3987 3320 4044 lassitudinem
3347 3989 3450 4044 diei
3480 4005 3566 4043 so-

1971 4075 2154 4131 lamini
2185 4079 2236 4132 in
2265 4078 2482 4132 domum
2525 4079 2665 4134 servi
2706 4081 2866 4134 vestri
2907 4081 3260 4138 divertentes.
3299 4083 3564 4154 Numquid

1968 4184 2221 4240 magmnn
2252 4171 2406 4226 vobis
2437 4172 2732 4242 promitto?
2760 4171 2949 4228 Lavate
2984 4174 3134 4244 pedes
3158 4184 3345 4230 vestros
3375 4176 3566 4232 itinere

1969 4261 2126 4332 longo
2168 4262 2436 4334 fatigatos,
2480 4273 2528 4320 et
2570 4264 2792 4320 diluculo
2825 4268 3038 4337 pergetis
3071 4267 3124 4321 in
3161 4269 3291 4321 viam
3326 4279 3558 4322 vestram.

1969 4353 2118 4408 Hanc
2146 4357 2367 4425 gratiam
2409 4357 2607 4412 donate
2655 4357 2806 4423 mihi,
2838 4365 2893 4412 et
2933 4359 3246 4428 petitionem
3291 4375 3463 4414 meam
3496 4375 3562 4415 ne

1969 4445 2318 4502 frasttemini.
2350 4447 2416 4501 Et
2445 4449 2704 4516 dixerunt,
2740 4449 2930 4519 inquit,
2966 4448 3198 4514 Minime,
3237 4451 3326 4504 sed
3358 4451 3413 4503 in
3448 4451 3560 4521 plu-

1971 4547 2049 4591 tea
2099 4540 2428 4593 manebimus.
2483 4540 2655 4594 Etiam
2708 4548 2829 4610 post
2883 4549 3082 4594 tantam
3131 4542 3562 4599 exhortationem

1964 4647 2122 4701 quam
2161 4631 2386 4696 fecerat,
2415 4647 2535 4686 cum
2569 4633 2700 4686 vidit
2728 4648 2822 4686 eos
2852 4648 3101 4698 renuere,
3129 4649 3234 4689 non
3267 4634 3558 4705 obtorpuit,

1965 4737 2138 4794 neque
2172 4725 2240 4779 ab
2280 4725 2525 4778 instituto
2569 4739 2666 4778 suo
2711 4723 2941 4789 destitit,
2985 4741 3161 4795 neque
3202 4726 3326 4782 fecit
3357 4728 3430 4782 uti
3463 4744 3562 4784 nos

1965 4815 2231 4870 interdum
2287 4815 2514 4871 facimus
2559 4834 2574 4870 :
2619 4815 2712 4886 qui
2764 4817 2809 4871 si
2870 4816 3083 4887 quando
3137 4817 3369 4888 aliquem
3434 4818 3560 4872 hor-

1963 4911 2065 4965 tari
2111 4909 2411 4980 dignamur,
2455 4917 2510 4965 et
2547 4917 2732 4980 postea
2767 4910 3011 4964 videmus
3048 4925 3334 4981 parumper
3383 4911 3558 4968 detrec

1960 5012 2192 5059 ctantem
2239 5013 2293 5059 et
2344 5013 2681 5068 renuentem,
2730 5003 2909 5058 statim
2955 5002 3268 5060 desistimus
3299 5005 3385 5060 :id
3414 5005 3557 5075 quod

1960 5095 2242 5166 contingit,
2297 5096 2419 5166 quia
2473 5096 2602 5151 citra
2669 5094 3000 5173 desiderium
3041 5107 3099 5150 et
3139 5095 3407 5151 fervorem
3448 5097 3551 5151 hoc

1960 5187 2188 5258 agimus,
2217 5195 2271 5242 et
2293 5187 2526 5242 maxime
2553 5186 2675 5257 quia
2705 5195 2953 5257 putamus
2983 5187 3234 5242 sufficere
3255 5190 3553 5242 excusatio.
3573 5220 3590 5229 ς

1958 5296 2106 5346 nem,
2125 5282 2168 5336 si
2191 5283 2371 5337 dicere
2393 5281 2663 5352 possimus
2690 5279 2884 5336 fecisse
2904 5297 3001 5335 nos
3025 5280 3258 5334 officium
3283 5287 3549 5335 nostrum.

2033 5375 2086 5428 5.
2115 5373 2251 5442 Quid
2281 5373 2383 5441 ais,
2414 5372 2651 5428 officium
2693 5379 2746 5427 te
2781 5381 2926 5426 tuum
2957 5369 3190 5424 fecisse?
3216 5370 3458 5427 Amisisti
3493 5373 3548 5428 in

1961 5467 2244 5523 venatione
2261 5463 2517 5536 przdam;
2540 5464 2800 5521 aberrasti
2817 5480 2845 5518 a
2866 5462 3138 5528 thesauro;
3161 5472 3215 5518 et
3231 5472 3325 5519 tuo
3339 5462 3552 5522 functus

1958 5575 2017 5615 es
2028 5558 2401 5613 officioiTunc
2413 5567 2504 5613 tuo
2520 5556 2734 5611 functus
2749 5569 2897 5611 esses
2917 5553 3115 5621 officio,
3134 5555 3176 5609 si
3196 5571 3300 5611 non
3318 5555 3551 5626 abiecis-

1955 5667 2092 5708 sese
2115 5652 2358 5707 manibus
2389 5648 2783 5713 thesaurum,si
2812 5662 2919 5701 non
2947 5647 3281 5718 praeterisses
3305 5649 3360 5703 in
3390 5665 3542 5705 vena-

1960 5747 2105 5803 tione
2117 5744 2372 5817 przedam,
2391 5742 2435 5798 si
2465 5755 2573 5796 non
2590 5737 2956 5810 perfunctorie
2983 5749 3038 5797 et
3062 5739 3228 5796 verbo
3255 5750 3406 5796 tenus
3439 5750 3553 5798 tan—

1963 5849 2073 5898 tum
2101 5836 2519 5912 hospitalitatem
2546 5833 2862 5891 iudicasses.
2887 5836 2954 5892 At
2987 5849 3095 5891 non
3125 5833 3302 5908 justus
3329 5832 3419 5891 ille
3435 5834 3550 5893 sic:
