4078 6442
555 336 664 390 ῖῖίὶθ

563 456 658 510 sed
685 457 809 527 quid
829 459 851 510 ?
883 459 1105 518 Videbat
1125 463 1458 527 obluctantes
1474 472 1586 528 suis
1602 474 1871 546 precibus,
1891 482 1947 529 et
1963 473 2016 526 in
2045 470 2159 542 pla.

563 557 646 601 tea
673 565 890 608 manere
915 554 1178 612 volentes.
1205 559 1313 615 lloc
1345 571 1522 618 autem
1552 564 1815 621 faciebant
1839 565 2034 637 angeli,
2053 566 2161 619 vir-

565 650 733 695 tutem
743 642 871 712 justi
895 647 1067 714 palam
1091 648 1268 707 facere
1291 654 1552 722 volentes,
1569 667 1621 712 et
1643 672 1742 712 nos
1755 673 1943 713 omnes
1964 657 2160 712 docere

563 743 760 799 quanta
784 735 901 806 ejus
927 737 1087 794 fuerit
1113 740 1470 814 hospitalitas.
1502 747 1694 804 Postea
1720 760 1898 805 autem
1922 765 2029 806 non
2048 750 2159 819 jam

563 825 742 880 verbis
763 840 1043 888 contentus
1068 844 1152 889 est
1171 837 1469 906 exhortari,
1496 842 1592 897 sed
1631 853 1685 897 et
1712 843 1816 897 vim
1848 842 1992 897 facit.
2030 843 2161 897 Pro-

562 924 746 983 pterea
770 929 822 974 et
845 919 1087 980 Christus
1104 926 1342 983 diccbat:
1364 931 1579 987 l'ioleuti
1605 936 1809 1004 rapiunt
1831 951 2040 1006 regnum
2061 949 2161 988 ca:-

561 1006 726 1062 Iorum
767 1011 981 1082 (Matth.
1016 1018 1106 1071 Η.
1143 1019 1257 1090 12).
1289 1021 1390 1078 Ubi
1421 1023 1566 1079 enim
1597 1027 1872 1097 spirituale
1899 1025 2160 1082 all‘ulserit

561 1097 790 1168 lucrum,
817 1109 1128 1176 tempestiva
1166 1114 1325 1168 fuerit
1362 1114 1637 1184 violentia,
1660 1127 1714 1173 et
1751 1117 2031 1172 laudabilis
2069 1131 2161 1172 co-

559 1191 725 1246 actio.
759 1193 813 1248 '5.
830 1195 896 1249 Et
925 1202 1276 1272 compellebat,
1307 1206 1499 1277 inquit,
1518 1226 1622 1263 eos.
1653 1209 1777 1264 Mihi
1807 1219 1988 1266 autem
2011 1209 2160 1266 vide-

561 1290 651 1337 tur
685 1293 739 1340 et
775 1287 969 1345 invitos
997 1307 1093 1350 eos
1121 1299 1417 1356 attrahere.
1454 1301 1658 1358 Deinde
1683 1301 1774 1357 ubi
1798 1302 2050 1359 viderunt
2073 1302 2159 1372 ju-

558 1383 702 1431 stum
737 1377 807 1433 ita
849 1382 1166 1453 ferventem,
1197 1390 1577 1464 nolentemqne
1602 1393 1885 1460 desistere,
1914 1395 2020 1450 nisi
2047 1395 2157 1450 voti

557 1481 782 1539 compos
823 1472 993 1542 ﬁeret,
1041 1477 1450 1549 Declinaverunt,
1501 1487 1692 1557 inquit,
1731 1489 1800 1542 ad
1838 1506 1973 1555 eum,
2005 1497 2048 1542 et
2077 1489 2157 1542 iu-

558 1568 818 1617 trarerunt
843 1566 894 1620 in
911 1567 1120 1624 domum
1146 1574 1276 1641 ejus.
1299 1573 1368 1628 Et
1384 1577 1503 1645 fecit
1525 1579 1596 1632 eis
1625 1580 1927 1646 convivium,
1955 1589 2002 1633 et
2023 1579 2157 1634 coxit

557 1653 964 1728 iufermentatos,
999 1674 1047 1717 et
1075 1667 1418 1734 comederunt,
1459 1673 1509 1726 4.
1556 1683 1825 1743 antequam
1859 1675 1988 1726 irent
2013 1671 2153 1725 cubi—

559 1757 687 1801 tum.
728 1749 912 1808 Vidisti
943 1765 1000 1810 et
1030 1759 1116 1813 hic
1146 1776 1251 1815 non
1281 1761 1331 1815 in
1361 1773 1673 1834 sumptuosa
1702 1780 1884 1821 menSa
1911 1765 2152 1836 hospita-

557 1839 762 1897 litatem
815 1848 1048 1916 ostendi,
1102 1852 1197 1906 sed
1237 1854 1415 1923 potius
1470 1857 1521 1910 in
1561 1857 1878 1912 liberalitate
1907 1857 2156 1912 mentis?

553 1932 686 1988 Nam
715 1939 894 1992 statim
923 1951 978 1996 ut
1007 1957 1102 1998 eos
1129 1944 1383 2002 inducere
1422 1951 1594 2018 potuit
1633 1951 1684 2004 in
1722 1950 1938 2004 domum
1973 1964 2148 2012 suam,

553 2027 762 2082 nullum
811 2029 1190 2103 hospitalitatis
1239 2037 1477 2094 officium
1522 2043 1888 2110 prmtermisit.
1928 2041 1996 2095 Et
2041 2043 2156 2110 ipse

554 2118 770 2186 quidem
803 2122 854 2177 in
887 2125 1186 2183 ministerio
1216 2141 1510 2202 occupatus
1536 2143 1671 2199 erat,
1703 2143 1758 2189 et
1789 2135 1938 2190 cibos
1982 2148 2154 2204 appo-

555 2211 682 2276 suit,
722 2223 778 2267 et
813 2229 1027 2272 omnem
1052 2219 1314 2278 honorem
1346 2225 1655 2296 cultumque
1685 2227 1943 2298 impendit
1972 2227 2156 2297 hospi—

558 2300 720 2369 tibus,
757 2303 1004 2363 homines
1030 2325 1124 2366 eos
1151 2321 1206 2367 et
1240 2314 1474 2371 viatores
1497 2317 1759 2387 quosdam
1789 2334 1909 2374 esse
1936 2329 2150 2390 putans.

564 2392 676 2448 Viri
699 2407 866 2452 autem
907 2402 1123 2459 civitatis
1153 2406 1435 2464 Sodomita:
1473 2413 1910 2468 circumdederunt
1945 2413 2154 2468 domum

551 2501 584 2537 a
618 2487 807 2556 juvene
833 2506 989 2563 usque
1026 2495 1095 2547 ad
1132 2513 1320 2566 senem,
1358 2501 1522 2555 omnis
1561 2503 1781 2572 populus
1809 2503 1983 2568 simul,
2024 2505 2077 2562 5.
2105 2512 2154 2558 et

551 2592 879 2636 evocaverunt
903 2583 1020 2653 Lot,
1054 2597 1101 2640 et
1131 2590 1364 2645 dixerunt
1391 2595 1468 2648 ei:
1502 2590 1600 2648 Ubi
1629 2606 1746 2649 sunt
1771 2598 1885 2662 viri,
1915 2599 2002 2668 qui
2034 2606 2154 2651 sunt

553 2671 768 2741 ingressi
789 2676 857 2727 ad
889 2687 936 2730 te
965 2681 1149 2734 nocte?
1171 2681 1319 2736 Educ
1345 2700 1426 2738 eos
1451 2685 1519 2737 ad
1550 2702 1662 2752 nos,
1692 2697 1748 2740 ut
1783 2703 2018 2742 coeamus
2035 2704 2152 2742 cum

553 2763 645 2815 eis.
680 2765 754 2818 Ne
785 2767 1144 2835 perfunctorie
1176 2782 1510 2830 transeamus
1537 2792 1657 2846 qua:
1685 2778 1827 2833 dicta
1857 2787 2017 2844 sunt,
2063 2794 2153 2834 ca-

554 2854 775 2922 rissimi,
819 2869 874 2913 et
921 2875 1026 2915 non
1073 2864 1246 2919 solum
1300 2866 1524 2922 istorum
1568 2868 1841 2926 videamus
1885 2871 2150 2926 insaniam

557 2947 702 3001 nulla
733 2951 885 3007 venia
919 2950 1242 3025 dignandam
1279 2975 1294 3024 ;
1325 2959 1421 3014 sed
1452 2969 1507 3013 et
1531 2961 1848 3031 cogitemus,
1881 2961 2152 3032 quomodo

553 3039 727 3108 justus
771 3041 824 3097 in
871 3045 1051 3102 medio
1079 3058 1184 3102 tam
1218 3051 1640 3110 trnculentarum
1671 3053 1963 3110 bestiarum
1997 3055 2153 3109 babi-

556 3145 698 3203 tans,
725 3138 793 3192 ita
816 3142 1098 3197 excellenti
1124 3144 1316 3201 virtute
1345 3146 1574 3215 fulserit,
1601 3149 1874 3218 quomodo
1896 3150 2036 3206 ferre
2058 3164 2152 3220 po-

558 3230 717 3285 tuerit
751 3233 1081 3304 iniquitatem
1113 3253 1322 3306 eorum,
1365 3241 1638 3311 quomodo
1677 3259 1780 3297 non
1814 3243 2008 3314 fugerit
2051 3259 2150 3298 eo-

554 3337 670 3376 rum
695 3326 984 3393 civitatem,
1010 3331 1279 3398 quomodo
1304 3333 1383 3388 eis
1413 3333 1555 3404 loqui
1587 3335 2148 3404 potuerit.Quomodo,

551 3427 652 3482 ego
682 3414 879 3471 dicam.
913 3419 1156 3476 Universi
1193 3423 1449 3479 Dominus
1493 3426 1796 3494 praevidens
1831 3426 2149 3496 stnpendam

554 3506 766 3562 illorum
801 3511 1113 3580 nequitiam,
1145 3513 1496 3582 dispensavit,
1527 3524 1585 3570 ut
1614 3517 1792 3587 justus
1819 3532 1886 3573 eo
1917 3517 2021 3572 loci
2048 3517 2150 3572 do-

556 3599 816 3654 micilium
850 3602 1103 3666 haberet,
1133 3613 1193 3658 ut
1230 3606 1367 3661 sicut
1397 3607 1632 3675 optimus
1663 3609 1904 3664 medicus
1933 3609 2152 3664 morbos

553 3701 740 3742 eorum
784 3691 1116 3748 emendaret.
1152 3693 1348 3749 Verum
1390 3696 1579 3751 videns
1619 3713 1678 3752 se
1722 3713 1849 3752 cura
1881 3713 1975 3753 sua
2019 3698 2150 3754 nihil

555 3780 840 3846 prolicere,
889 3791 945 3836 et
988 3782 1107 3838 illos
1152 3784 1350 3838 nullam
1383 3785 1521 3840 velle
1559 3788 1822 3842 medelam
1850 3789 2147 3858 suscipere,

557 3882 663 3923 non
697 3883 979 3941 propterea
1004 3888 1032 3926 a
1064 3889 1193 3929 cura
1223 3875 1446 3932 destitit.
1494 3878 1664 3935 liabet
1689 3881 1832 3937 enim
1867 3881 2009 3936 hunc
2035 3897 2150 3936 mo.

555 3977 672 4015 rem
699 3963 971 4021 medicus:
999 3969 1244 4037 quamvis
1270 3971 1445 4026 videat
1485 3973 1702 4027 morbos
1729 3989 1850 4028 esse
1875 3975 2152 4044 graviores

467 4089 470 4094 η
555 4069 718 4121 quam
751 4065 806 4109 ut
837 4065 952 4112 arte
982 4062 1156 4119 curari
1199 4065 1424 4130 possint,
1461 4079 1566 4119 non
1598 4067 1795 4122 omittit
1819 4077 1996 4122 tamen
2025 4067 2150 4122 offi-

556 4144 699 4198 cium
729 4161 909 4214 suum,
933 4159 1011 4217 ut,
1039 4153 1084 4206 si
1117 4153 1252 4208 forte
1283 4157 1450 4224 possit
1479 4173 1680 4228 aegrum
1709 4160 1790 4213 vel
1823 4160 1981 4231 longo
2013 4170 2149 4215 tem-

557 4251 687 4306 pore
709 4254 982 4308 reparare,
1013 4247 1373 4312 praestantiam
1391 4249 1523 4302 artis
1539 4249 1814 4304 ostendat:
1835 4251 1976 4321 quod
2001 4252 2045 4306 si
2074 4253 2152 4306 ni-

557 4330 632 4383 hil
660 4333 890 4402 amplins
918 4337 1179 4404 protieiat,
1213 4339 1406 4395 habeat
1439 4343 1840 4398 excusationem
1867 4344 2148 4413 majorem,

554 4437 622 4477 eo
647 4425 791 4493 quod
821 4425 954 4480 nihil
979 4431 1386 4498 pratermiserit
1412 4432 1554 4502 quod
1580 4434 1648 4488 ad
1675 4449 1733 4490 se
1762 4435 2075 4504 pertineret.

629 4515 962 4574 Exsecranda
989 4521 1371 4578 Sodomitarum
1391 4525 1629 4595 nequitia.
1659 4556 1731 4567 —-
1759 4527 1812 4582 Id
1835 4543 1962 4583 sane
1981 4538 2036 4584 et
2067 4528 2152 4584 hic

557 4609 752 4663 factum
775 4620 880 4665 est.
907 4611 1094 4669 Justus
1123 4616 1266 4669 enim
1297 4615 1385 4670 hic
1421 4617 1512 4686 qui
1543 4618 1855 4674 versabatur
1879 4619 1930 4674 in
1973 4620 2150 4676 medio

559 4699 797 4766 illorum,
829 4703 989 4758 etiam
1020 4707 1098 4761 sic
1117 4709 1313 4763 mansit
1333 4708 1530 4778 justus,
1562 4711 1892 4782 multamque
1915 4712 2150 4781 philoso-

559 4789 744 4856 phiam
792 4793 1077 4849 exhibuit:
1111 4798 1188 4851 illi
1241 4808 1419 4854 autem
1469 4812 1751 4872 propterea
1803 4804 1951 4858 omni
1995 4805 2151 4859 venia

557 4891 683 4938 sunt
711 4884 971 4954 destituti,
1018 4889 1160 4958 quod
1201 4905 1306 4944 non
1355 4892 1526 4946 solum
1549 4908 1580 4947 a
1608 4895 1809 4950 malitia
1840 4910 1946 4951 non
1967 4910 2149 4951 cessa-

558 4976 684 5042 rint,
716 4975 810 5030 sed
837 4986 894 5033 et
915 4980 1084 5048 magis
1107 4995 1222 5034 eam
1249 4983 1512 5037 auxerint.
1547 4983 1680 5039 Vide
1705 4987 1848 5041 enim
1881 5004 1894 5038 :
1925 4985 2156 5040 Circum-

556 5071 828 5133 dederunt,
876 5068 1063 5139 inquit,
1106 5071 1314 5126 domum
1346 5089 1378 5126 a
1410 5075 1598 5145 juvene
1640 5092 1794 5142 usque
1845 5077 1912 5130 ad
1959 5094 2148 5144 senem,

556 5163 722 5217 omnis
749 5161 972 5232 populus
995 5164 1166 5218 simul.
1195 5164 1410 5219 Summa
1439 5162 2029 5238 malitim’ctmspiratio,
2055 5186 2152 5225 ve-

558 5254 781 5310 hemens
818 5255 961 5309 male
995 5256 1187 5325 agendi
1220 5258 1479 5321 studium.
1530 5260 1898 5318 inenarrabilis
1926 5277 2148 5332 perver-

560 5346 733 5400 sitatis
776 5347 1110 5417 magnitudo,
1161 5359 1385 5404 conatus
1413 5351 1558 5404 nulla
1575 5351 1730 5406 venia
1760 5352 1969 5420 dignus.
1997 5354 2037 5406 Α
2059 5356 2151 5424 ju-

560 5449 716 5498 vene,
756 5436 946 5506 inquit,
1003 5454 1161 5509 usque
1201 5439 1270 5492 ad
1304 5456 1493 5495 senem.
1535 5438 1652 5495 Non
1681 5442 1885 5509 solum;
1935 5444 2147 5514 inquit,

562 5526 812 5592 juventus
843 5528 956 5582 lucc
978 5532 1114 5584 mala
1142 5532 1446 5602 inquirebat
1472 5550 1484 5584 τ
1523 5533 1694 5589 sedet
1733 5546 1998 5604 provectae
2020 5547 2150 5590 aeta-

566 5625 636 5677 iis
685 5618 780 5672 viri
819 5619 1074 5686 aderant,
1133 5633 1191 5678 et
1240 5628 1416 5680 omnis
1467 5628 1695 5698 populus
1739 5629 1918 5683 simul.
1964 5626 2150 5696 Neque

564 5709 953 5764 erubescebant
975 5723 1080 5764 tam
1110 5725 1281 5782 turpe,
1308 5726 1520 5787 tamque
1548 5718 1830 5790 impudens
1868 5718 2146 5788 flagitium,

565 5815 739 5870 neque
770 5801 1066 5856 insomnem
1097 5805 1304 5859 oculum
1347 5809 1686 5878 cogitabant,
1726 5822 1901 5879 neque
1945 5807 2148 5876 justum

1281 353 1336 406 S.
1381 346 1657 407 JOANNlS
1695 341 2180 400 CliRYSOSTOMl
2224 339 2537 394 Al‘tClllEP.
2573 338 3102 396 CONSTANTINOP.

3775 342 3869 400 ἔνοο

2273 453 2675 516 reverebantur,
2703 469 2873 524 neque.
2901 455 2962 506 iis
2990 468 3123 523 quos
3153 452 3395 523 hospites
3417 453 3826 508 arbitrabantur
3853 493 3870 520 ,

2271 548 2468 618 quique
2523 547 2664 616 apud
2709 547 2914 617 justum
2947 547 3278 602 diverterant
3313 546 3696 617 hOSpitalitate
3748 548 3871 602 insi-

2269 653 2425 707 gnem
2452 679 2466 702 ,
2514 638 2802 706 parcebant
2835 657 2848 692 :
2883 638 2978 694 sed
3013 638 3215 708 absque
3237 638 3458 706 rubore,
3493 647 3552 693 et
3585 637 3770 702 nudo,
3817 648 3872 693 ut

2269 731 2451 794 aiunt,
2485 731 2680 798 capite,
2713 731 2948 785 libidinis
2975 746 3089 785 sua:
3127 731 3287 787 verba
3317 731 3589 798 dicentes,
3619 746 3868 788 accesse-

2269 833 2412 890 runt,
2441 834 2495 878 et
2544 834 2733 880 vocato
2759 825 2926 894 justo,
2959 824 3213 879 dixerunt
3234 824 3282 879 ci
3310 843 3323 879 :
3363 824 3462 879 Ubi
3489 834 3616 878 sunt
3644 825 3746 878 uiri
3791 827 3869 895 qui

2267 918 2480 988 ingressi
2505 927 2622 972 sunt
2667 921 2736 971 ad
2765 918 2890 971 vos?
2916 916 3061 970 Educ
3107 934 3191 971 eos
3212 958 3225 981 ,
3271 925 3322 970 ut
3349 933 3730 988 cognoscamus
3769 933 3866 972 eos.

2267 1010 2494 1080 Propter
2535 1010 2676 1066 hunc
2719 1025 2902 1065 eorum
2956 1011 3197 1065 illicitum
3223 1020 3510 1077 conatum,
3543 1021 3604 1065 et
3654 1011 3866 1080 impiam

2270 1102 2677 1169 perversitatem
2703 1143 2718 1167 ,
2774 1102 2964 1172 Opinor
3004 1102 3207 1171 justum
3244 1116 3416 1174 usque
3453 1101 3520 1158 ad
3581 1116 3864 1172 vesperam

2267 1192 2493 1258 sedisse,
2526 1201 2584 1246 ut
2609 1208 2674 1247 ne
2700 1192 2902 1248 sineret
2931 1194 3164 1248 viatores
3191 1193 3406 1264 ignaros
3433 1193 3685 1252 incidere
3716 1194 3770 1249 in
3795 1195 3865 1250 il-

2268 1284 2438 1338 lorum
2465 1285 2704 1354 laqueos.
2737 1284 2801 1339 Et
2821 1283 2997 1354 justus
3025 1284 3241 1355 quidem
3267 1300 3390 1340 cum
3412 1285 3788 1355 hospitalitate
3811 1295 3865 1342 et

2265 1390 2453 1445 magna
2483 1374 2730 1444 pudicitia
2760 1374 2894 1430 hanc
2921 1391 3134 1447 quoque
3161 1375 3405 1430 adhibuit
3425 1377 3792 1448 diligentiam,
3811 1387 3866 1431 ut

2263 1481 2452 1521 omnes
2478 1477 2862 1536 praetereuntes
2892 1469 3208 1538 susciperet,
3245 1468 3532 1540 nullusque
3575 1485 3705 1525 enm
3737 1470 3862 1526 latc-

2264 1569 2379 1627 rct,
2411 1561 2534 1616 licet
2562 1575 2655 1616 eos
2693 1569 2818 1616 tunc
2866 1577 2970 1616 non
3003 1561 3222 1632 angelos
3255 1603 3268 1627 ,
3312 1561 3405 1617 sed
3455 1561 3714 1617 homines
3749 1576 3862 1618 esse

2269 1663 2502 1724 putaret.
2538 1653 2687 1725 lmpii
2715 1663 2892 1709 autem
2921 1655 2995 1708 illi
3025 1665 3381 1726 praeterquam
3421 1656 3568 1726 quod
3597 1655 3731 1710 nihil
3766 1655 3862 1710 tale

2262 1749 2508 1816 agebant,
2541 1747 2697 1819 quale
2729 1747 2906 1818 justus
2934 1747 3042 1814 ille,
3073 1763 3134 1802 ea
3167 1748 3342 1802 solum
3390 1756 3718 1818 perpetrare
3747 1756 3857 1802 stu-

2261 1838 2461 1895 debant
2485 1881 2500 1904 ,
2541 1856 2660 1910 qua:
2687 1841 2977 1911 nequitiam
3001 1855 3214 1895 omnem
3247 1841 3408 1912 longo
3438 1841 3729 1896 intervallo
3776 1855 3860 1895 sn-

2263 1941 2534 2001 perarent.
2583 1933 2809 2002 Propter
2831 1933 2931 1987 hoc
2956 1949 3085 2004 ergo
3119 1934 3170 1987 in
3200 1935 3370 2003 platea
3400 1933 3659 1987 volebant
3684 1948 3860 1989 mane-

2262 2041 2339 2090 re,
2373 2035 2430 2080 ut
2461 2025 2653 2078 darent
2685 2025 2837 2095 justo
2862 2025 3204 2081 occasionem
3226 2025 3540 2080 declarandi
3577 2025 3857 2096 hospitali-

2264 2128 2425 2174 tatem
2454 2135 2576 2190 erga
2605 2120 2750 2188 ipsos
2772 2135 2862 2174 sua
2873 2135 2944 2184 m,
2966 2128 3020 2175 et
3045 2129 3407 2176 monstrarent
3434 2122 3484 2176 ei
3505 2123 3582 2177 rei
3592 2137 3685 2192 psa
3706 2136 3857 2192 quam

2259 2212 2416 2283 digne
2435 2211 2710 2281 suppliciis
2736 2212 2810 2265 illi
2835 2212 3193 2281 plecterentur
3221 2212 3316 2282 qni
3353 2213 3404 2267 in
3437 2222 3549 2268 tam
3594 2213 3854 2284 stupenda

2259 2303 2456 2374 ﬂagitia
2502 2311 2930 2373 prorumperent.

2330 2398 2384 2451 4.
2434 2396 2541 2451 Sed
2587 2396 2862 2452 videamus
2918 2396 2986 2452 de
3022 2405 3220 2452 caetero
3270 2397 3545 2467 ingentem
3588 2397 3719 2468 justi
3763 2396 3854 2451 viri

2261 2488 2531 2542 virtutem.
2565 2486 2617 2542 6.
2647 2487 2912 2558 Egressus,
2946 2487 3142 2557 inquit,
3176 2488 3244 2540 ad
3268 2503 3352 2541 eos
3396 2486 3467 2541 ad
3511 2489 3806 2543 vestibulum
3835 2527 3851 2554 ,

2250 2583 2469 2652 jmtuttm
2515 2581 2718 2652 quidem
2745 2581 2927 2635 clausit
2955 2592 3068 2651 post
3088 2597 3160 2646 se,
3192 2581 3419 2651 dixitque
3465 2582 3537 2635 ad
3567 2599 3676 2636 eos.
3729 2580 3855 2634 Vide

2256 2671 2531 2742 quomodo
2561 2673 2713 2726 timet
2737 2672 2934 2742 justus,
2967 2681 3021 2727 et
3053 2673 3231 2727 tremit
3257 2687 3354 2743 pro
3400 2673 3678 2742 hospitum
3709 2687 3854 2728 secn-

2257 2767 2431 2820 ritate.
2471 2764 2652 2834 Neque
2696 2765 2838 2819 enim
2870 2772 3074 2818 tantum
3101 2764 3318 2835 januam
3368 2764 3567 2819 clausit
3615 2772 3737 2836 post
3775 2777 3849 2826 se,

2257 2855 2351 2911 sed
2373 2855 2547 2911 sciens
2571 2869 2756 2910 eorum
2789 2855 3049 2909 insaniam
3077 2864 3132 2909 et
3161 2855 3466 2922 audaciam,
3497 2865 3555 2910 et
3581 2855 3850 2926 suspicans

2256 2964 2444 3004 eorum
2477 2949 2858 3014 temeritatem,
2886 2947 3082 3003 deinde
3133 2948 3305 3018 inquit
3352 2947 3420 3002 ad
3467 2963 3566 3003 eos
3595 2965 3610 3001 :
3645 2947 3851 3016 Nequa-

2260 3059 2433 3113 quam,
2468 3045 2673 3113 fratres.
2725 3041 2920 3109 Ojnsti
2966 3041 3068 3094 viri
3119 3039 3490 3094 tolerantiam!
3525 3056 3559 3094 ο
3589 3041 3849 3110 ingentem

2259 3135 2648 3189 humilitatem!
2687 3133 2810 3187 llmc
2848 3149 2978 3189 vera
3005 3132 3174 3187 virtus
3199 3141 3303 3197 est,
3342 3133 3414 3188 ita
3449 3141 3736 3188 mansuete
3776 3130 3851 3185 al-

2258 3229 2401 3300 loqui
2435 3229 2570 3284 tales
2604 3227 2872 3283 homines.
2905 3226 3092 3281 Nullus
3139 3227 3282 3282 enim
3313 3243 3518 3296 trgrum
3545 3228 3735 3281 volens
3761 3241 3850 3279 cu-

2257 3336 2398 3386 rare,
2426 3329 2478 3375 et
2520 3319 2871 3373 insanientem
2901 3319 3184 3388 castigare,
3215 3333 3337 3373 cum
3375 3319 3658 3373 iracundia
3688 3327 3741 3372 et
3765 3331 3855 3368 an-

2257 3412 2498 3467 stcritatc
2531 3409 2634 3464 hoc
2661 3407 2807 3464 facit.
2843 3409 2908 3462 Et
2932 3409 3300 3464 animadverte
3329 3409 3608 3480 quomodo
3630 3425 3743 3471 eos,
3766 3407 3852 3478 qni

2257 3510 2366 3558 tam
2405 3501 2634 3557 absurda
2691 3511 2904 3570 patrare
2949 3501 3228 3566 volebant,
3255 3501 3453 3557 fratres
3490 3513 3672 3564 vocat,
3707 3488 3855 3555 ut‘ct

2257 3610 2442 3651 eorum
2473 3594 2831 3650 conscientias
2864 3603 3124 3665 tangeret,
3150 3604 3204 3650 et
3229 3612 3260 3650 a
3279 3595 3482 3650 nefario
3503 3593 3710 3667 ﬂagitio
3737 3593 3854 3647 illos

2257 3687 2565 3744 abduceret.
2603 3684 2975 3758 Nequaquam,
3033 3687 3220 3757 inquit,
3259 3689 3476 3759 fratres;
3508 3688 3669 3741 nolite
3693 3686 3854 3756 inique

2258 3799 2425 3853 agere.
2480 3781 2622 3838 Nihil
2656 3782 2763 3836 tale
2792 3781 3038 3852 cogitetis
3064 3823 3079 3847 ,
3109 3796 3178 3835 ne
3204 3781 3504 3836 admittatis
3537 3789 3645 3836 tam
3695 3792 3855 3850 grave

2257 3876 2433 3933 scelus
2459 3875 2510 3930 in
2543 3883 2776 3930 mentem
2804 3885 3061 3937 vestram,
3093 3888 3161 3928 ne
3183 3881 3430 3928 naturam
3473 3874 3646 3942 ipsam
3673 3871 3852 3926 tradu-

2257 3972 2414 4036 catis,
2462 3985 2529 4025 ne
2554 3970 2772 4026 illicitos
2803 3968 3116 4038 excogitetis
3139 3968 3315 4022 coitus
3345 3983 3358 4020 :
3383 3965 3478 4022 sed
3506 3967 3552 4022 si
3583 3965 3854 4022 volueritis

2259 4062 2480 4117 insania:
2531 4069 2724 4117 vestra:
2773 4060 3009 4115 furorem
3057 4059 3401 4124 demulcere,
3445 4074 3547 4128 ego
3604 4057 3853 4128 quiddam

2257 4154 2528 4224 prtebebo,
2575 4168 2682 4222 quo
2729 4152 2988 4221 ﬂagitium
3014 4161 3253 4207 vestrum
3282 4152 3454 4206 levius
3484 4151 3596 4204 fiat.
3634 4151 3687 4206 8.
3725 4149 3854 4205 Sunt

2257 4245 2380 4298 mihi
2409 4245 2525 4298 duae
2552 4245 2694 4313 ﬁlite,
2715 4258 2827 4312 qua:
2855 4243 2988 4298 viros
3016 4259 3115 4297 non
3141 4251 3502 4313 cognoverunt.
3537 4242 3748 4307 Adhuc,
3777 4241 3856 4294 in-

2258 4338 2404 4410 quit,
2436 4321 2732 4408 inex-pertze
2785 4344 2912 4390 sunt
2965 4335 3218 4406 nuptialis
3244 4351 3597 4408 congressus,
3647 4337 3854 4390 intacta:

2259 4441 2404 4496 sunt,
2427 4431 2652 4501 juvenes
2678 4437 2822 4494 sunt,
2853 4436 2908 4483 et
2937 4428 3112 4482 adhuc
3142 4427 3194 4482 in
3225 4426 3357 4483 flore
3382 4427 3559 4482 aetatis
3590 4444 3604 4481 :
3637 4439 3854 4482 easom-

2260 4523 2415 4577 nibus
2445 4524 2715 4593 expositas
2745 4522 2839 4587 do,
2886 4530 2940 4576 et
2965 4521 3172 4576 utimini
3201 4521 3280 4575 eis
3303 4521 3443 4576 sicut
3473 4520 3632 4575 vobis
3661 4520 3850 4590 placet.

2260 4615 2512 4684 Acceptis
2561 4615 2668 4670 illis
2693 4657 2707 4681 ,
2740 4613 2928 4684 inquit,
2961 4613 3172 4683 explete
3204 4623 3437 4668 vestram
3469 4613 3521 4666 in
3567 4613 3647 4667 eis
3681 4609 3854 4666 libidi-

2260 4723 2423 4774 nem,
2472 4715 2528 4762 et
2597 4707 2864 4776 indulgete
2917 4717 3110 4760 vesme
3153 4705 3310 4760 malae
3361 4702 3851 4776 concupiscentia}:

2259 4800 2484 4855 Tantum
2522 4801 2574 4854 in
2596 4802 2728 4855 viros
2752 4799 2868 4853 illos
2898 4799 3026 4853 nihil
3056 4800 3276 4870 feceritis
3304 4799 3558 4870 iniquum,
3591 4806 3854 4869 propterea

2257 4896 2392 4966 quod
2417 4896 2726 4948 intraverunt
2753 4892 2845 4946 sub
2867 4901 2994 4945 tecta
3023 4893 3278 4963 tignorum
3301 4909 3546 4946 meorum.
3569 4889 3852 4960 Quoniam.

2261 4985 2451 5054 inquit,
2481 4985 2628 5055 coegi
2661 4999 2755 5040 eos
2778 4992 2833 5038 ct
2873 4982 3057 5037 induxi
3087 4983 3186 5038 sub
3219 4992 3416 5038 tectum
3455 4999 3655 5049 meum,
3689 4989 3747 5035 ut
3789 4992 3854 5032 ne

2261 5077 2389 5130 mihi
2431 5075 2771 5130 adscribatur
2822 5073 3073 5144 iniquitas
3105 5075 3157 5128 in
3185 5089 3280 5129 eos
3307 5083 3540 5144 patrata,
3569 5083 3624 5130 et
3649 5087 3750 5143 ego
3778 5070 3852 5125 eis

2259 5176 2445 5220 auctor
2466 5166 2564 5219 sim
2588 5165 2950 5229 contumeliae,
2984 5164 3184 5220 idcirco
3228 5180 3325 5234 pro
3352 5166 3433 5220 eis
3453 5166 3588 5220 duas
3615 5179 3763 5220 meas
3799 5156 3859 5209 li-

2259 5258 2357 5312 lias
2385 5257 2474 5318 do,
2509 5265 2566 5311 ut
2599 5257 2672 5311 illi
2719 5271 2749 5310 a
2779 5255 3026 5310 manibus
3053 5256 3250 5311 vestris
3295 5256 3619 5312 liberentur.
3646 5257 3854 5322 Quanta

2255 5350 2381 5420 justi
2413 5349 2624 5403 virtus?
2651 5364 2864 5404 omnem
2914 5350 3164 5406 virtutem
3221 5348 3607 5418 hospitalitatis
3635 5333 3851 5419 snpera-

2259 5443 2352 5495 vit.
2389 5441 2526 5509 Quid
2557 5443 2698 5495 enim
2749 5441 2868 5512 quis
2913 5440 3042 5512 justi
3103 5442 3260 5510 hujus
3291 5442 3622 5512 benignitate
3651 5450 3732 5498 sat
3768 5437 3850 5493 di-

2258 5547 2419 5603 gnum
2453 5532 2755 5602 protulerit,
2785 5532 2877 5602 qui
2928 5547 3101 5603 neque
3129 5532 3338 5588 filiabus
3382 5549 3608 5603 parcere
3638 5531 3802 5586 voluit
3828 5567 3845 5595 ,

2260 5634 2318 5678 ut
2342 5624 2621 5678 exhiberet
2649 5624 2944 5694 hospitibus
2974 5625 3256 5690 honorem,
3287 5634 3340 5680 et
3392 5627 3645 5681 liberaret
3689 5637 3782 5679 eos
3818 5636 3846 5673 a

2263 5717 2610 5784 perversitate
2636 5714 3076 5771 Sodomitarnm?
3107 5716 3171 5770 Et
3205 5717 3294 5772 ille
3327 5717 3548 5786 quidem
3581 5717 3713 5772 tilias
3730 5725 3847 5768 suas

2266 5807 2551 5878 prostituit,
2600 5816 2656 5862 ut
2704 5806 2942 5879 hospites
2973 5807 3204 5864 viatores
3233 5808 3454 5878 (iterum
3487 5811 3630 5866 enim
3661 5805 3844 5863 eadem
