4078 6440
277 362 387 417 399

269 476 676 541 ἀντιτείνοντας
706 477 800 531 καὶ
824 479 903 542 είς
931 479 1029 548 τὴν
1066 480 1321 534 πλατεῖαν
1356 482 1657 536 καταλῦσαι
1692 482 1952 553 βουλομέ-

274 580 404 627 νους
429 564 610 629 (τοῦτο
639 565 695 617 δέ
730 566 945 619 ἐποίουν
972 568 1020 619 οἱ
1048 567 1290 637 ἄγγελοι,
1338 570 1431 623 ἐπὶ
1458 569 1617 623 πλέον
1652 569 1957 639 ἐκκαλύψαι

270 650 375 721 τὴν
398 652 602 721 ἀρετὴν
628 651 939 723 βουλόμενοι
987 655 1079 708 τοῦ
1127 655 1359 720 δικαίου,
1388 657 1482 710 καὶ
1506 656 1791 711 παιδεῦσαι
1823 656 1959 710 πάν-

270 755 378 800 τας
401 741 571 808 ἡμᾶς,
609 740 706 811 ὅση
736 740 901 795 αὐτοῦ
928 744 960 813 ή
995 743 1308 813 φιλοξενία),
1344 744 1530 798 λοιπὸν
1559 746 1718 808 αὐτὸς
1747 745 1846 797 οὐκ
1877 744 1958 796 ἐτι

273 827 536 896 ἀνέχεται
564 828 650 881 διὰ
676 828 851 897 λόγων
880 830 978 899 τὴν
1008 831 1351 901 παράκλησιν
1374 833 1660 896 ποιεῖσθαι,
1693 830 1827 884 ἀλλά
1864 832 1958 884 καὶ

277 913 403 983 βίαν
433 914 730 986 ἐπιτίθησι.
755 916 852 970 Διά
882 917 1036 969 τοῦτο
1057 918 1149 970 καὶ
1175 920 1202 971 6
1231 918 1463 988 Χριστὸς
1502 917 1674 986 ἔλεγε·
1703 916 1954 971 Βιασταὶ

274 1002 611 1069 ὁρτάζουσι
658 1003 775 1071 τὴν
811 1005 1141 1068 ,ϐασιλείαν
1177 1004 1295 1058 τῶν
1327 1004 1613 1072 οὐρανῶν.
1650 1004 1815 1058 Ἔνθα
1845 1009 1953 1075 γὰρ

275 1090 349 1142 ἂν
384 1091 757 1160 πνευματικὸν
796 1090 1079 1162 πρόκειται
1124 1093 1335 1162 κέρδος.
1377 1090 1630 1163 εὔκαιρος
1673 1094 1706 1162 ἡ
1740 1092 1953 1162 ἀνάγκη

274 1178 375 1231 καὶ
403 1180 435 1247 ἡ
474 1177 563 1246 βία
597 1179 873 1250 ἐπαινετή.
905 1180 1014 1233 Καὶ
1042 1178 1424 1244 κατεϐιάζετο,
1473 1179 1658 1249 φησὶν,
1711 1180 1952 1245 αὐτούς.

289 1265 450 1333 Ἐμοὶ
481 1264 629 1317 δοκεῖ
652 1266 746 1318 καὶ
767 1264 996 1329 ἄκοντας
1019 1266 1213 1329 αὐτοὺς
1234 1266 1431 1319 ἐλκειν.
1463 1261 1595 1318 Εἶτα
1614 1265 1803 1337 ἐπειδὴ
1819 1260 1957 1319 εἶδον

272 1351 369 1403 τὸν
392 1352 601 1404 δίκαιον
620 1351 782 1422 ἔργον
819 1351 975 1405 τοῦτο
999 1352 1300 1421 τιθέμενον,
1331 1352 1426 1405 καὶ
1454 1352 1513 1405 οὐ
1540 1353 1806 1421 πρότερον
1852 1352 1958 1420 ἀφ-

275 1440 600 1510 ιστάμενον,
635 1441 682 1492 εἰ
712 1439 787 1510 μὴ
817 1438 877 1492 τὸ
904 1440 1333 1510 σπουδαζόμενον
1364 1438 1512 1509 αὐτῷ
1538 1442 1615 1502 είς
1635 1438 1794 1510 ἔργον
1822 1438 1959 1507 ἀγά-

271 1542 389 1593 γοι,
438 1523 804 1587 Ἐξέκλιναν,
840 1523 991 1592 φησὶ,
1017 1523 1163 1590 πρὸς
1191 1522 1396 1587 αὐτόν,
1431 1522 1529 1576 καὶ
1564 1522 1852 1589 εἰσῆλθον
1872 1524 1958 1587 είς

274 1614 385 1666 τὸν
417 1613 589 1665 οἶκον
607 1611 813 1667 αὐτοῦ.
861 1612 973 1665 Καὶ
1015 1612 1305 1677 ἐποίησεν
1334 1610 1537 1675 αὐτοῖς
1566 1608 1717 1682 [459]
1749 1610 1954 1673 πότον,

272 1700 379 1753 καί
411 1698 671 1768 ἀζύμους
721 1701 951 1768 ἕπεψεν
1011 1697 1237 1763 αὐτοῖς,
1273 1697 1373 1750 καὶ
1428 1697 1658 1766 ἔφαγον
1694 1696 1808 1766 πρὸ
1850 1697 1956 1752 τοῦ

274 1781 659 1853 κοιμηθῆναι.
715 1778 869 1845 Εἶδες
904 1781 997 1835 καὶ
1023 1781 1257 1835 ἐνταῦθα
1286 1782 1387 1835 οὐκ
1411 1783 1469 1835 ἐν
1510 1781 1576 1851 τῇ
1638 1780 1957 1851 πολυτελείᾳ

273 1872 377 1940 τῆς
410 1869 691 1942 τραπέζης
714 1869 812 1941 τὴν
832 1869 1135 1939 φιλοξενίαν
1157 1869 1623 1939 ἐπιδεικνυμένην,
1654 1868 1788 1922 ἀλλά
1803 1870 1859 1921 ἐν
1890 1869 1954 1940 τῇ

272 1958 534 2029 δαψιλείᾳ
559 1960 655 2028 τῆς
684 1956 938 2028 γνώμης;
980 1958 1196 2029 Ἐπειδὴ
1224 1958 1332 2029 γάρ
1352 1959 1574 2027 ἴσχυσεν
1602 1956 1799 2020 αὐτοὺς
1848 1958 1957 2010 εἱσ-

275 2049 511 2114 αγαγεῖν
545 2047 626 2108 είς
659 2046 748 2099 τὸν
779 2039 926 2098 οἷκον
956 2044 1141 2108 αὐτοῦ,
1166 2045 1367 2108 εὐθέως
1398 2045 1466 2098 τά
1510 2045 1610 2115 τῆς
1657 2043 1956 2112 φιλοξενίας

273 2134 645 2187 ἐπεδείκνυτο.
672 2133 782 2186 Καὶ
810 2134 1016 2196 ἐκεῖνος
1051 2133 1148 2203 μὲν
1181 2132 1317 2203 πρὸς
1346 2132 1443 2202 τὴν
1464 2132 1758 2203 θεραπείαν
1779 2131 1956 2184 αὐτῶν

274 2220 743 2293 παρεσκευάζετο,
778 2221 871 2272 καὶ
891 2219 958 2272 τὰ
996 2220 1094 2290 τῆς
1123 2219 1417 2283 ἑστιάσεως
1443 2220 1693 2290 παρεῖχε,
1725 2220 1819 2273 καὶ
1851 2220 1957 2273 πᾶ-

273 2328 377 2364 σαν
400 2310 741 2362 ἐπεδείκνυτο
765 2307 930 2379 τιμὴν
978 2308 1072 2361 καὶ
1106 2306 1400 2378 θεραπείαν
1458 2307 1595 2377 πρὸς
1626 2308 1752 2371 τοὺς
1779 2324 1958 2379 παρα-

272 2398 626 2467 γενομένους,
672 2394 990 2466 ἀνθρώπους
1030 2393 1229 2458 αὐτούς
1288 2410 1440 2457 τινας
1470 2394 1649 2458 ὁδίτας
1689 2391 1829 2447 εἶναι
1872 2410 1958 2446 νου

276 2485 473 2555 μίζων.
505 2486 569 2536 Οί
606 2482 675 2535 δὲ
713 2482 928 2550 ἄνδρες
956 2480 1067 2551 τῆς
1090 2482 1321 2546 πόλεως
1343 2482 1396 2533 οἱ
1430 2480 1738 2548 Σοδομῖται
1798 2494 1958 2547 περι-

271 2574 637 2627 εκύλιλωσαν
663 2570 780 2638 τὴν
814 2571 1010 2623 οὶκίαν
1054 2568 1173 2623 ἀπὸ
1214 2571 1541 2625 νεανίσκου
1568 2569 1678 2633 ἕως
1708 2570 1960 2637 πρεσϐυ-

272 2660 471 2727 τέρου,
507 2658 626 2724 πᾶς
655 2661 687 2712 ὁ
712 2658 862 2723 λαός
891 2656 1031 2726 ἅμα,
1063 2655 1159 2709 καὶ
1207 2655 1608 2720 ἐξεκαλοῦντο
1643 2655 1753 2708 τόν
1802 2655 1955 2723 Λὼτ,

273 2750 373 2802 καὶ
408 2749 623 2817 ἔλεγον
654 2749 805 2814 πρὸς
841 2748 1045 2800 αὐτόν’
1078 2744 1205 2800 Ποῦ
1242 2748 1399 2800 εἰσιν
1426 2748 1480 2799 οἱ
1508 2744 1721 2814 ἄνδρες
1749 2748 1801 2799 οὶ
1832 2748 1957 2799 εἰσ-

270 2837 555 2900 ελθόντες
638 2834 790 2902 πρὸς
842 2834 917 2887 σὲ
966 2832 1083 2901 τὴν
1114 2834 1305 2888 νύκτα
1320 2850 1337 2896 ;
1408 2832 1690 2902 Ἐξάγαγε
1735 2832 1960 2899 αὐτοὺς

272 2925 428 2992 πρὸς
452 2921 631 2992 ἡμᾶς,
667 2924 768 2976 ἵνα
804 2921 1226 2991 συγγενώμεθα
1244 2920 1465 2985 αὐτοῖς.
1504 2919 1595 2990 Μὴ
1627 2918 1812 2983 ἁπλῶς
1858 2937 1959 2973 πα-

277 3011 673 3082 ραδράμωμεν,
709 3010 1005 3079 ἀγαπητοὶ,
1037 3007 1108 3061 τά
1136 3008 1418 3079 εἰρημένα,
1454 3007 1588 3079 μηδὲ
1625 3007 1782 3077 μόνον
1836 3005 1960 3059 τούο

274 3115 387 3151 των
415 3097 614 3167 ἴδωμεν
641 3096 738 3166 τὴν
775 3096 972 3166 μανίαν
999 3094 1095 3166 τὴν
1149 3096 1330 3165 πάσης
1353 3093 1681 3165 συγγνώμης
1728 3096 1960 3149 ἀπεστε-

278 3186 575 3257 ρημένηνυ,
604 3184 719 3236 ἀλλ’
778 3185 1161 3255 ἐννοήσωμεν,
1208 3183 1325 3245 πῶς
1376 3184 1403 3235 6
1450 3181 1656 3244 δίκαιος
1712 3184 1768 3235 ἐν
1810 3183 1959 3254 μέσῳ

272 3274 538 3327 τοιούτων
570 3271 777 3344 θηρίων
799 3271 969 3335 οὕτως
1003 3271 1304 3324 ἀλλοκότων
1327 3268 1510 3332 οἰκῶν,
1528 3268 1669 3322 οὕτω
1698 3269 1958 3341 διέλαμψε

276 3366 373 3418 καὶ
400 3361 667 3433 τοσαύτης
688 3362 888 3433 ἀρετῆς
910 3360 1213 3432 ὑπερϐολὴν
1239 3360 1564 3426 ἐπεδείξατο,
1582 3359 1699 3423 πῶς
1719 3361 1959 3427 ἐνεγκεῖν

276 3450 518 3523 ἠδυνήθη
546 3450 646 3520 τὴν
669 3448 899 3519 ἀνομίαν
933 3449 1132 3513 αὐτῶν,
1175 3447 1291 3511 πῶς
1312 3449 1412 3500 οὐκ
1449 3447 1618 3517 ἐφυγε
1644 3448 1741 3519 τὴν
1775 3448 1960 3501 αὐτόθι

276 3540 517 3609 οἴκησιν,
550 3538 668 3600 πῶς
688 3538 786 3607 τῆς
816 3537 953 3607 πρὸς
973 3536 1169 3599 αὐτοὺς
1196 3534 1480 3599 διαλέξεως
1525 3536 1786 3607 ἠνείχετο.
1817 3535 1958 3599 Πῶς,

279 3626 393 3695 ἐγὼ
409 3626 574 3695 λέγω.
608 3624 881 3697 Προειδὼς
914 3626 943 3677 6
960 3626 1068 3677 τῶν
1093 3624 1231 3676 ὅλων
1264 3622 1541 3694 Δεσπότης
1562 3624 1658 3695 τὴν
1689 3624 1964 3694 ὐπερϐἀλο

278 3715 480 3767 λουσαν
522 3712 701 3766 αὐτῶν
729 3712 1012 3784 πονηρίαν,
1066 3710 1383 3782 ᾠκονόμησε
1417 3711 1507 3763 τὸν
1533 3710 1740 3763 δίκαιον
1776 3711 1962 3764 τοῦτον

280 3801 473 3855 αὐτόθι
499 3800 845 3870 κατοικῆσαι,
871 3799 958 3851 ἵνα
985 3798 1237 3868 καθάπερ
1273 3798 1454 3868 ἰατρὸς
1479 3798 1701 3867 ἀριστος
1738 3798 1845 3850 τῶν
1860 3800 1963 3869 ἀῤ·

283 3889 663 3959 ρωστημάτων
718 3886 897 3940 αὐτῶν
938 3885 1318 3956 περιγενέσθαι
1360 3885 1584 3956 δυνηθῇ.
1645 3885 1783 3937 Ἀλλ’
1821 3884 1964 3955 ὁρῶν

282 3978 483 4038 αὐτοὺς
515 3976 708 4028 ἀνίατα
750 3973 1062 4038 νοσοῦντας,
1093 3972 1188 4025 καὶ
1228 3972 1494 4043 μηδεμίαν
1525 3971 1819 4043 θεραπείαν
1846 3974 1965 4024 ἐπι.

280 4062 541 4129 δέξασθαι
575 4060 959 4131 βουλομένους,
988 4059 1108 4112 οὐδέ
1132 4058 1305 4121 οὕτως
1350 4058 1663 4128 ἀφίσταται.
1717 4059 1759 4111 Τ
1762 4057 1966 4112 οιοῦτον

283 4147 395 4217 γὰρ
424 4147 452 4197 ὁ
489 4145 690 4215 ίατρόςο
732 4144 837 4197 κᾶν
867 4144 949 4213 ἴδῃ
984 4143 1051 4196 τά
1080 4142 1227 4213 πάθη
1263 4141 1500 4195 νικῶντα
1524 4142 1623 4212 τὴν
1654 4142 1869 4213 τέχνην,
1903 4142 1964 4194 οὐ

285 4230 526 4281 παύεται
552 4228 620 4281 τά
648 4229 778 4298 παρ’
824 4227 1019 4280 ἐαυτοῦ
1049 4225 1293 4297 πληρῶν,
1320 4225 1429 4293 ἵνα,
1464 4224 1529 4278 ἂν
1563 4226 1661 4295 μὲν
1692 4226 1769 4294 τῷ
1793 4226 1967 4296 χρόνῳ

283 4311 697 4383 ἀνακτήσασθαι
715 4323 739 4351 ε
781 4310 980 4382 δυνηθῇ
1002 4310 1094 4363 τὸν
1126 4310 1423 4381 κάμνοντα,
1447 4310 1595 4381 δείξῃ
1620 4311 1717 4380 τὴν
1744 4326 1965 4381 περιου-

287 4396 412 4447 σίαν
443 4395 541 4463 τῆς
562 4394 778 4462 τέχνης·
819 4395 866 4445 εί
918 4393 976 4445 δὲ
1005 4392 1173 4463 μηδὲν
1203 4391 1363 4444 πλέον
1394 4390 1566 4453 ἀνύει,
1609 4390 1705 4460 ἔχῃ
1739 4391 1839 4460 τὴν
1869 4408 1967 4459 μευ

284 4478 480 4546 γίστην
515 4475 929 4543 ἀπο).ογίαν,ὃτι
957 4475 1108 4527 οὐδὲν
1140 4473 1249 4526 τῶν
1282 4472 1667 4543 προσηκόντων
1699 4475 1777 4535 εἰς
1808 4470 1967 4524 αὐτὸν

286 4558 607 4631 παρέλιπεν·
641 4557 669 4609 ὃ
690 4558 755 4627 δὴ
782 4557 872 4609 καὶ
903 4556 1137 4609 ἐνταῦθα
1176 4554 1485 4625 γεγένηται.
1528 4554 1585 4606 Ὀ
1634 4554 1730 4624 μὲν
1755 4553 1863 4624 γάρ
1886 4551 1965 4604 δί-

285 4657 443 4702 καιος
466 4634 621 4702 οὗτος
655 4640 749 4692 καὶ
793 4637 999 4692 τούτων
1033 4640 1089 4690 ἐν
1143 4639 1294 4709 μέσῳ
1346 4637 1837 4707 ἀναστρεφόμενος,
1876 4636 1967 4689 καὶ

284 4724 461 4787 οὕτως
495 4724 652 4795 ἔμενε
694 4723 902 4786 δίκαιος
938 4722 1139 4793 πολλὴν
1187 4722 1287 4792 τὴν
1336 4720 1652 4788 φιλοσοφίαν
1693 4718 1967 4774 ἐκδεικνύ-

288 4824 472 4878 μενος·
514 4806 789 4861 ἐκεῖνοιδέ
830 4807 923 4860 καὶ
955 4806 1043 4859 διὰ
1067 4805 1225 4859 τοῦτο
1252 4801 1393 4875 ἦσαν
1420 4803 1600 4874 πάσης
1640 4802 1967 4874 συγγνώμης

287 4890 750 4961 ἀπεστερημένοι,
798 4890 880 4943 ὅτι
909 4889 970 4943 οὐ
1026 4888 1186 4960 μόνον
1219 4887 1318 4940 οὐκ
1350 4885 1544 4956 ἔληξαν
1599 4887 1698 4957 τῆς
1747 4887 1964 4953 κακίας,

288 4972 425 5026 ἀλλά
445 4972 537 5024 καὶ
569 4972 769 5041 μᾶλλον
803 4970 972 5042 αὐτὴν
1004 4970 1304 5024 ἐπέτειναν.
1344 4970 1486 5038 Ὅρα
1535 4969 1664 5039 γάρ’
1695 4971 1968 5036 Περιεκνύ-

291 5064 556 5123 κλωσαν,
578 5058 733 5128 φησὶ,
748 5057 863 5124 τὴν
878 5058 1074 5111 οὶκίαν
1101 5057 1218 5110 ἀπὸ
1234 5056 1560 5109 νεανίσκου
1582 5055 1688 5121 ἕως
1714 5058 1970 5123 πρεσϐύ-

288 5164 421 5205 του.
457 5149 489 5199 ὀ
516 5145 667 5211 λαὸς
705 5145 844 5213 ἅμα.
899 5145 1144 5216 Μεγίστη
1178 5144 1277 5213 τῆς
1314 5143 1631 5213 πονηρίαςή
1658 5144 1965 5212 συμφωνία,

288 5228 463 5299 πολλὴ
506 5231 604 5299 τῆς
634 5228 837 5291 κακίας
886 5230 919 5298 ή
952 5228 1113 5297 φορὰ,
1155 5228 1359 5295 άφατος
1388 5227 1486 5294 τῆς
1535 5225 1881 5296 παρανομίας
1936 5229 1969 5297 ή

288 5315 588 5387 ὑπερϐολὴ,
639 5315 1023 5383 ἀσύγγνωστος
1071 5316 1104 5383 ἡ
1156 5314 1515 5384 ἐπιχείρησις.
1582 5312 1724 5366 Ἀπὸ
1775 5314 1970 5365 νεανί-

290 5417 478 5465 σκου,
511 5401 697 5470 φησὶν,
728 5399 839 5465 ἕως
878 5398 1236 5466 πρεσϐύτου.
1272 5397 1347 5448 Οὐ
1382 5396 1542 5465 μόνον
1569 5397 1601 5465 ἠ
1634 5395 1842 5462 νεότης,
1864 5412 1964 5464 φη.
2005 5424 2017 5441 .

292 5485 401 5546 σὶν,
432 5479 500 5553 ἦν
535 5484 569 5553 ή
607 5482 677 5535 τά
702 5483 991 5553 παράνομα
1020 5480 1193 5534 ταῦτα
1226 5478 1577 5549 ἐπιζητοῦσα,
1638 5475 1774 5531 ἀλλά
1802 5476 1894 5529 καὶ
1920 5478 1969 5529 οἱ

290 5565 599 5636 πρεσϐῦται
634 5565 735 5635 τὴν
757 5564 999 5636 ἡλικίαν,
1043 5564 1139 5616 καὶ
1175 5564 1330 5624 πᾶςὸ
1373 5560 1501 5623 λαὸς
1534 5560 1669 5629 ἅμα.
1706 5559 1817 5613 Καὶ
1847 5558 1970 5613 οὐτε

289 5649 392 5719 τὴν
419 5648 625 5718 τόλμαν
656 5648 755 5717 τὴν
784 5647 974 5716 ἀναιδῆ
1004 5647 1099 5699 καὶ
1121 5645 1474 5715 ἀναίσχυντον
1495 5641 1696 5712 ταύτην
1724 5641 1968 5712 ᾐδοῦντο,

292 5730 415 5785 οὔτε
437 5731 527 5786 τὸν
554 5730 854 5801 ἀκοίμητον
878 5729 1153 5801 ὀφθαλμὸν
1170 5730 1250 5791 είς
1274 5726 1483 5779 ἐννοιαν
1504 5723 1826 5793 ἐλάμϐανον,
1845 5725 1969 5780 οὕτε

360 5868 383 5895 ⁸
428 5866 679 5927 δανίιχθι
700 5864 892 5927 quidam
922 5876 1035 5927 mss.
1059 5864 1127 5924 τῷ
1152 5863 1307 5927 χρόνῳ
1336 5858 1654 5927 περιγένηται,
1696 5856 1969 5927 ἀνακτήσαο

294 5927 420 5988 σθαι,
441 5936 544 5977 elc.
580 5926 642 5988 Et
668 5919 814 5987 pa'ulo
837 5934 947 5986 post
982 5919 1130 5973 iidem
1152 5919 1363 5985 ’Eliqijol
1384 5919 1664 5970 discrimina
1706 5919 1841 5980 parvi
1864 5932 1969 5967 mo-

292 5986 445 6042 meu’li
472 5986 736 6039 exhihcm.
1156 6028 1195 6043 ο

694 6067 969 6125 ΡΑτιιοι.
1016 6066 1132 6127 Gn.
1184 6065 1341 6125 LIV.

1405 367 1470 422 IN
1513 368 1665 425 CAP.
1706 366 1827 422 XIX
1865 365 2110 423 GENES.
2154 366 2386 424 IIOMIL.
2430 368 2606 424 XLIII.

3623 368 3727 425 I00

2063 483 2152 537 τὸν
2180 484 2384 537 δίκαιον
2413 486 2724 557 ᾐσχύνοντο,
2777 484 2900 539 οὔτε
2932 484 3038 538 τῶν
3066 483 3229 549 ξένων
3250 482 3615 554 νομιζομένων
3638 485 3732 536 καὶ

2060 570 2153 621 ἐπὶ
2200 568 2299 641 τὴν
2352 571 2446 624 τοῦ
2503 572 2711 625 δικαίου
2746 571 3050 641 φιλοξενίαν
3102 570 3285 624 αὐτόθι
3316 568 3733 622 καταλυσάντων

2058 655 2368 724 ἐφείδοντο,
2412 659 2539 711 ἀλλ’
2590 658 3123 731 ἀπηρυθριασμένως
3168 658 3262 711 καὶ
3299 659 3502 728 γυμνῇ,
3534 655 3609 718 ὡς
3651 655 3731 707 εί-

2058 746 2198 807 πεῖν,
2250 747 2316 815 τῇ
2349 745 2553 816 κεφαλῇ
2587 747 2654 800 τὰ
2706 747 2805 816 τῆς
2851 745 3135 812 ἀσελγείας
3174 747 3356 798 ἐκεῖνα
3399 748 3617 815 ῥήματα
3643 740 3733 793 λέ-

2058 846 2245 898 γοντες
2274 831 2423 904 [MO]
2452 834 2726 905 προσίασι,
2768 834 2861 886 καὶ
2889 833 3217 895 καλέσαντες
3248 833 3340 885 τὸν
3372 832 3599 886 δίκαιον.
3624 828 3732 882 ἐλε-

2058 933 2153 985 γον
2190 919 2327 988 πρὸς
2354 920 2538 973 αὐτόν’
2570 921 2692 974 Ποῦ
2734 922 2890 974 εἰσιν
2928 923 2979 973 οὶ
3024 919 3238 987 ἄνδρες
3264 921 3318 972 οἱ
3350 918 3732 981 εἰσελθόντες

2058 1006 2209 1073 πρὸς
2228 1006 2383 1075 ὑμᾶς
2408 1026 2425 1073 ;
2468 1007 2756 1078 Ἐξάγαγε
2786 1008 3028 1072 αὐτοὺς,
3055 1009 3155 1061 ἵνα
3184 1005 3604 1075 συγγενώμεθα
3624 1005 3733 1056 αὺ-

2057 1094 2200 1160 τοῖς.
2228 1095 2328 1148 Διά
2358 1096 2561 1168 ταύτην
2592 1096 2772 1151 αὐτῶν
2794 1092 2946 1168 οἶμαι
2969 1097 3067 1167 τὴν
3111 1095 3473 1166 ἐπιχείρησιν,
3500 1094 3595 1147 καὶ
3631 1091 3731 1162 τὴν

2058 1184 2372 1253 παράνομον
2405 1184 2689 1256 πονηρίαν,
2726 1184 2935 1238 καὶτὸν
2965 1184 3170 1237 δίκαιον
3208 1182 3368 1253 μέχρι
3430 1182 3527 1251 τῆς
3568 1178 3732 1232 ἐσπέ-

2061 1286 2160 1340 ρας
2197 1271 2644 1341 παρακαθῆσθαι,
2693 1270 2833 1324 ὥστε
2874 1272 3065 1342 μηδενὶ
3101 1270 3456 1340 συγχωρῆσαι
3483 1267 3591 1319 τῶν
3624 1266 3734 1319 ὁδι‹

2056 1357 2164 1412 τῶν
2194 1358 2472 1425 ἀγνοοῦντι
2503 1362 2820 1429 περιπεσεῖν
2872 1361 2990 1422 ταῖς
3023 1358 3248 1409 ἐκείνων
3280 1356 3505 1423 πάγαις.
3557 1354 3666 1407 Καὶ
3703 1354 3733 1405 6

2061 1443 2159 1514 μὲν
2196 1444 2399 1508 δίκαιος
2431 1446 2567 1516 μετὰ
2594 1446 2693 1514 τῆς
2746 1445 3070 1514 φιλοξενίας,
3129 1442 3222 1496 καὶ
3248 1443 3348 1512 τῆς
3378 1438 3732 1511 σωφροσύνης

2055 1531 2154 1602 τῆς
2218 1532 2423 1595 οίκείας
2473 1532 2913 1602 ἐπιδεικνύμενος
2973 1532 3069 1602 τὴν
3119 1530 3464 1601 ὑπερϐολὴν,
3523 1526 3730 1595 ταύτην

2056 1619 2291 1671 ἐποιεῖτο
2323 1619 2421 1688 τὴν
2454 1619 2685 1690 σπουδὴν
2727 1618 2868 1672 ὥστε
2922 1619 3131 1681 πάντας
3161 1619 3286 1679 τοὺς
3337 1614 3731 1686 παροδεύοντας

2056 1704 2431 1775 ὑποδέχεσθαι,
2465 1706 2561 1759 καὶ
2613 1707 2804 1776 μηδεὶς
2830 1706 2992 1760 αὐτὸν
3049 1704 3222 1761 λάθοι.
3259 1703 3308 1755 εἰ
3337 1702 3432 1755 καὶ
3473 1700 3607 1762 τέως
3631 1700 3733 1752 οὐκ

2056 1790 2340 1859 ἀγγέλους,
2374 1792 2488 1844 ἀλλ’
2523 1792 2846 1862 ἀνθρώπους
2874 1788 3011 1844 εἶναι
3048 1790 3319 1860 ἐνόμιζεν.
3353 1789 3417 1841 Οί
3449 1787 3506 1840 δὲ
3556 1786 3734 1855 παρά-

2056 1894 2210 1946 νομοι
2232 1879 2427 1931 ἐκεῖνοι
2450 1878 2589 1949 μετά
2615 1878 2710 1931 τοῦ
2739 1878 2904 1947 μηδὲν
2925 1876 3165 1931 τοιοῦτον
3189 1872 3593 1928 ἐπιδείκνυσθαι
3619 1867 3732 1925 οἷον

2055 1963 2083 2014 ὁ
2121 1964 2348 2027 δίκαιος,
2372 1964 2443 2016 τὰ
2469 1964 2647 2017 πᾶσαν
2673 1964 2871 2017 κακίαν
2898 1962 3321 2031 ἀποκρύπτοντα
3359 1961 3495 2030 μόνα
3527 1958 3732 2028 τολμᾷν

2056 2051 2396 2120 ἐπετήδευον.
2440 2050 2538 2103 Διά
2579 2050 2736 2103 τοῦτο
2776 2048 2869 2103 οὖν
2908 2052 2986 2113 εἰς
3026 2050 3125 2119 τὴν
3157 2048 3415 2100 πλατεῖαν
3448 2044 3730 2099 ἐϐούλοντο

2057 2137 2374 2201 καταλῦσαι,
2399 2139 2485 2191 ἵνα
2520 2139 2844 2208 παράσχωσι
2865 2136 2942 2206 τῷ
2962 2136 3156 2205 δικαίῳ
3178 2133 3430 2205 ἀφορμὴν
3463 2131 3731 2195 ἐπιδείξα-

2059 2224 2181 2277 σθαι
2209 2226 2306 2296 τὴν
2334 2228 2463 2295 περὶ
2491 2226 2687 2288 αὐτοὺς
2712 2223 3038 2293 φιλοξενίαν,
3069 2222 3165 2275 καὶ
3201 2221 3448 2287 δείξωσιν
3475 2218 3621 2288 αὐτῷ
3644 2218 3735 2270 διὰ

2056 2312 2164 2365 τῶν
2195 2313 2370 2384 ἐργων
2389 2313 2464 2377 ὡς
2491 2313 2647 2379 ἀξίαν
2675 2312 2958 2382 μέλλουσιν
2982 2308 3310 2377 ὑφίστασθαι
3325 2307 3423 2377 τὴν
3442 2304 3731 2377 τιμωρίαν,

2055 2398 2322 2468 οὐτωτὴν
2357 2398 2698 2468 παρανομίαν
2729 2397 2846 2468 μεθ’
2873 2395 3176 2467 ὑπερϐολῆς
3211 2392 3660 2463 ἐπιδεικνύμενοι.

2126 2485 2186 2539 δ’.
2242 2484 2380 2538 Ἀλλ’
2416 2486 2613 2555 ἴδωμεν
2665 2483 2848 2537 λοιπὸν
2892 2481 2986 2535 τοῦ
3027 2480 3234 2534 δικαίου
3281 2482 3380 2549 τῆς
3424 2480 3628 2549 ἀρετῆς
3672 2475 3735 2528 τὸ

2061 2571 2306 2642 μέγεθος.
2326 2571 2639 2635 Ἐξελθὼν,
2655 2570 2807 2641 φησὶ,
2828 2568 2977 2637 πρός
3006 2566 3228 2632 αὐτοὺς
3257 2565 3405 2633 πρὸς
3432 2563 3499 2617 τὸ
3517 2562 3735 2631 πρόθυ-

2050 2675 2183 2725 ρον,
2204 2658 2319 2725 τὴν
2340 2657 2456 2727 μὲν
2484 2659 2672 2724 θύραν
2698 2650 3209 2724 προσέῳξεν,εἶπε
3237 2651 3304 2705 δὲ
3319 2651 3469 2719 πρὸς
3488 2648 3734 2713 αὐτούς.

2061 2745 2201 2816 Ὅρα
2249 2745 2365 2808 πῶς
2393 2744 2632 2797 δέδοικεν
2675 2745 2703 2796 ό
2730 2744 2934 2806 δίκαιος
2962 2743 3056 2795 καὶ
3092 2740 3284 2811 τρέμει
3308 2738 3448 2808 ὑπὲρ
3479 2737 3579 2806 τῆς
3623 2735 3735 2788 τῶν

2059 2832 2225 2897 ξένων
2267 2831 2585 2902 ἀσφαλείας.
2630 2831 2762 2885 Οὐδὲ
2810 2830 2916 2900 γὰρ
2968 2829 3153 2891 ἁπλῶς
3204 2826 3303 2897 τὴν
3359 2825 3529 2896 θύραν
3570 2840 3736 2894 προσ-

2058 2920 2222 2991 έῳξεν
2255 2920 2429 2973 ὀπίσω
2466 2918 2655 2983 αὐτοῦ,
2683 2917 2796 2972 ἀλλ’
2828 2916 2988 2980 εἰδὼς
3033 2914 3212 2969 αὐτῶν
3259 2913 3355 2985 τὴν
3398 2911 3595 2982 μανίαν
3642 2910 3738 2963 καὶ

2056 3008 2117 3061 τὸ
2139 3009 2427 3080 τολμηρὸν,
2465 3010 2560 3062 καὶ
2592 3006 2941 3079 ὑφορώμενος
2983 3005 3161 3060 αὐτῶν
3212 3002 3311 3073 τὴν
3369 3001 3733 3072 προπέτειαν,

2058 3092 2178 3150 εἶτά
2206 3113 2338 3167 φησι
2370 3096 2506 3167 πρὸς
2532 3094 2731 3158 αὐτούς
2755 3110 2768 3124 ⁸
2801 3092 3115 3162 Μηδαμῶς,
3139 3089 3409 3159 ἀδελφοί.
3435 3090 3498 3141 Ὢ
3519 3089 3617 3158 τῆς
3637 3087 3732 3140 τοῦ

2056 3184 2264 3237 δικαίου
2319 3183 2727 3254 μακροθυμίας,
2768 3180 2813 3234 ὣ
2863 3178 3368 3249 ταπεινοφροσύνης
3428 3176 3728 3247 ὑπερϐολή.

2063 3269 2236 3322 Τοῦτο
2269 3270 2484 3338 ἀληθῶς
2515 3268 2716 3338 ἀρετὴ,
2738 3268 2798 3320 τὸ
2840 3267 2956 3337 μετ’
2989 3266 3290 3328 ἐπιεικείας
3332 3265 3448 3325 τοῖς
3476 3261 3739 3325 τοιούτοις

2064 3354 2493 3427 προσφέρεσθαι.
2552 3355 2740 3417 Οὐδεὶς
2791 3354 2902 3422 γὰρ
2948 3352 3038 3405 τὸν
3103 3350 3363 3404 νοσοῦντα
3403 3349 3738 3419 θεραπεῦσαι

2062 3442 2403 3513 βουλόμενος,
2432 3442 2525 3494 καὶ
2555 3440 2646 3493 τὸν
2678 3440 2997 3511 μαινόμενον
3024 3437 3377 3509 σωφρονίσαι,
3401 3438 3538 3506 μετά
3562 3434 3736 3505 θυμοῦ

2060 3532 2155 3584 καὶ
2189 3531 2486 3601 αὐστηρίας
2531 3528 2687 3582 τοῦτο
2734 3530 2875 3581 ποεῖ.
2930 3527 3131 3580 Σκόπει
3187 3524 3314 3595 γάρ,
3358 3522 3475 3586 πῶς
3507 3520 3635 3583 τοὺς
3669 3522 3740 3573 τά

2060 3616 2284 3671 τοιαῦτα
2329 3620 2666 3688 παρανομεῖν
2720 3614 3076 3685 βουλομένους
3117 3612 3380 3681 ἀδελφοὺς
3428 3609 3619 3674 καλεῖ,
3648 3608 3740 3661 ἐν·

2059 3705 2256 3777 τρέψαι
2284 3704 2479 3768 αὐτοὺς
2511 3703 2850 3774 βουλόμενος,
2907 3702 3003 3754 καὶ
3046 3699 3368 3755 καθικέσθαι
3416 3696 3596 3751 αὐτῶν
3633 3695 3735 3764 τῆς

2065 3792 2440 3862 συνειδήσεως,
2472 3791 2566 3844 καὶ
2619 3789 2925 3860 ἀποστῆσαι
2963 3787 3159 3851 αὐτοὺς
3202 3787 3299 3857 τῆς
3343 3784 3739 3855 ἐπιχειρήσεως

2061 3880 2158 3949 τῆς
2194 3879 2411 3949 μιαρᾶς.
2442 3876 2756 3946 Μηδαμῶς,
2794 3876 2976 3947 φησὶν,
3002 3874 3254 3943 ἀδελφοί
3289 3890 3302 3903 ·
3326 3871 3412 3942 μὴ
3442 3870 3742 3937 πονηρεύο
3810 3928 3819 3935 ,

2062 3968 2277 4033 σησθε.
2302 3965 2506 4034 Μηδὲν,
2542 3964 2695 4035 φησὶ,
2724 3963 2962 4016 τοιοῦτον
2994 3960 3304 4032 λογίσησθε,
3337 3959 3410 4029 μὴ
3439 3958 3539 4028 τὴν
3573 3973 3743 4023 πονη-

2069 4055 2167 4125 ράν
2205 4054 2410 4124 ταύτην
2440 4052 2639 4123 πρᾶξιν
2666 4052 2988 4122 ἐννοήσητε,
3034 4050 3167 4121 μηδὲ
3214 4047 3312 4118 τὴν
3365 4044 3526 4116 φύσιν
3572 4043 3745 4111 αὐτὴν

2068 4140 2627 4211 παραδειγματίσητε,
2667 4138 2798 4210 μηδέ
2850 4138 3121 4207 ἀθέσμους
3163 4136 3486 4204 ἐπινοήσητε
3516 4132 3689 4203 μίξεις
3726 4144 3741 4160 ⁶

2069 4230 2183 4283 ἀλλ’
2221 4230 2268 4281 εἰ
2294 4229 2387 4283 καὶ
2422 4226 2677 4296 βούλεσθε
2706 4227 2806 4297 τῆς
2837 4226 3033 4297 μανίας
3072 4224 3226 4295 ὐμῶν
3266 4222 3356 4275 τὸν
3387 4220 3600 4291 οἶστρον
3641 4235 3744 4271 πα·-

2074 4316 2513 4388 ραμυθήσασθαι,
2553 4314 2663 4383 ἐγὼ
2703 4314 2860 4367 τοῦτο
2920 4312 3179 4384 παρέξω,
3231 4310 3372 4363 ὥστε
3416 4307 3746 4376 κουφότερον

2069 4406 2223 4474 ὐμῶν
2255 4403 2507 4471 γενέσθαι
2536 4403 2596 4455 τὸ
2624 4402 2899 4473 τόλμημα.
2923 4401 3057 4453 Εὶσί
3069 4417 3165 4469 μοι
3187 4398 3296 4451 δύο
3325 4391 3747 4465 θυγατέρες-,ατ

2069 4492 2180 4544 οὐκ
2205 4490 2479 4558 ἔγνωσαν
2509 4488 2756 4556 ἄνδρας.
2806 4488 2947 4552 Ἔτι,
3004 4487 3191 4552 φησὶν,
3233 4481 3449 4553 ἄπειροί
3495 4483 3600 4532 είσι
3634 4495 3749 4546 γα-

2073 4578 2236 4648 μικῆς
2269 4576 2589 4638 συνουσίας,
2644 4575 2913 4643 ἀνέπαφοι
2953 4573 3342 4641 τυγχάνουσιν,
3392 4570 3449 4621 ἐν
3495 4568 3631 4637 αὐτῇ
3681 4568 3747 4637 τῇ

2069 4665 2221 4733 ἀκμῇ
2250 4663 2350 4732 τῆς
2384 4662 2597 4733 ήλικίας
2615 4661 2741 4724 εἰσὶ,
2769 4661 3081 4730 λάμπουσαι
3103 4660 3167 4727 τῇ
3189 4656 3329 4728 ὥρᾳ·
3366 4654 3564 4718 ταύτας
3583 4655 3748 4707 πᾶσιν

2070 4750 2318 4812 ἐκδότους
2362 4749 2573 4818 δίδωμι,
2602 4748 2697 4800 καὶ
2746 4745 2946 4817 χρᾶσθε
2984 4746 3173 4807 αὐταῖς
3210 4743 3284 4806 ὼς
3319 4743 3539 4814 ἀρέσκει
3599 4742 3748 4812 ὑμῖν.

2071 4837 2340 4900 Λαϐόντες
2368 4836 2556 4898 αὐτὰς,
2594 4836 2746 4905 φησὶ,
2775 4833 3099 4904 πληρώσατε
3144 4831 3298 4902 ὑμῶν
3333 4832 3413 4894 είς
3456 4829 3627 4891 αὐτάς
3652 4828 3750 4898 τὴν

2070 4925 2376 4993 ἀσέλγειαν,
2399 4926 2490 4977 καὶ
2520 4923 2869 4995 ἐμφορήθητε
2906 4922 3007 4992 τῆς
3033 4919 3326 4991 ἐπιθυμίας
3355 4918 3507 4989 ὐμῶν
3533 4918 3630 4987 τῆς
3655 4934 3751 4969 πο-

2075 5014 2265 5085 νηρᾶς.
2308 5013 2512 5067 Μόνον
2540 5014 2627 5076 εις
2656 5011 2795 5081 τοὺς
2835 5009 3064 5079 ἄνδρας
3091 5009 3344 5072 τούτους
3359 5005 3553 5073 μηδὲν
3589 5003 3753 5067 ποιή-

2074 5116 2224 5167 σητε
2250 5099 2479 5165 ἄδικον,
2517 5093 2588 5154 οὗ
2624 5098 2857 5167 εἵνεκεν
2912 5094 3208 5161 εἰσῆλθον
3230 5094 3347 5148 ὑπὸ
3367 5091 3483 5159 τὴν
3508 5090 3750 5157 σκέπην

2072 5189 2190 5241 τῶν
2210 5184 2567 5256 δοκῶνομου.
2605 5184 2825 5256 Ἐπειδὴ
2854 5184 3180 5253 ἐϐιασάμην,
3201 5180 3384 5250 φησὶν,
3403 5178 3623 5241 αὐτοὺς,
3652 5178 3747 5230 καὶ

2072 5277 2361 5345 εἰσήγαγον
2395 5274 2500 5326 ὐπδ
2524 5273 2622 5336 τὰς
2642 5272 2831 5335 δοκούς
2873 5289 2993 5342 μου,
3014 5271 3100 5323 ἴνα
3136 5269 3210 5337 μὴ
3250 5266 3371 5333 ἐμοὶ
3397 5266 3673 5336 ἐπιγραφῇ
3714 5268 3749 5337 ή

2075 5362 2156 5425 είς
2188 5360 2387 5423 αὐτοὺς
2420 5360 2680 5429 γινομένη
2712 5356 3024 5430 παρανομία
3044 5395 3059 5417 ,
3091 5354 3184 5406 καὶ
3214 5349 3326 5419 ἐγὼ
3365 5351 3546 5411 αὐτοῖς
3580 5351 3751 5414 αἴτιος

2073 5448 2173 5518 τῆς
2221 5448 2431 5519 ὐϐρεως
2463 5448 2667 5518 ταύτης
2716 5447 2990 5515 γένωμαι,
3038 5441 3126 5496 διὰ
3186 5438 3344 5492 τοῦτο
3396 5438 3537 5510 ὑπὲρ
3570 5439 3751 5493 αὐτῶν

2074 5534 2171 5596 τὰς
2202 5534 2296 5587 δύο
2320 5552 2422 5605 μου
2438 5534 2740 5604 θυγατέρας
2762 5532 2973 5601 δίδωμι,
2995 5529 3134 5582 ὥστε
3146 5527 3368 5590 τούτους
3392 5525 3750 5597 ἐλευθερῶσαι

2074 5622 2181 5675 τῶν
2211 5623 2493 5692 ὑμετέρων
2508 5621 2722 5691 χειρῶν.
2749 5619 2897 5690 Πόση
2923 5617 3016 5672 τοῦ
3041 5616 3248 5671 δικαίου
3285 5617 3318 5685 ἡ
3337 5615 3534 5686 ἀρετή;
3569 5615 3749 5668 πᾶσαν

2078 5710 2283 5784 ἀρετὴν
2313 5709 2620 5777 φιλοξενίας
2648 5708 2887 5778 ἐνίκησε.
2924 5707 2988 5760 Τί
3040 5706 3150 5777 γὰρ
3204 5706 3268 5759 ἄν
3316 5722 3399 5767 τις
3444 5703 3589 5755 εἴποι
3628 5705 3748 5756 κατ’

2082 5797 2239 5862 ἀξίαν
2265 5797 2361 5866 τῆς
2390 5797 2481 5849 τοῦ
2512 5796 2720 5850 δικαίου
2745 5795 2935 5849 τούτου
2966 5791 3382 5865 φιλοφροσύνης,
3412 5790 3467 5853 ὃς
3498 5790 3619 5843 οὐδέ
3640 5790 3749 5843 τῶν

2083 5882 2396 5955 θυγατέρων
2423 5883 2710 5953 φείσασθαι
2742 5884 3021 5953 ὴνέσχετο,
3060 5882 3148 5934 ἵνα
3182 5880 3278 5951 τὴν
3308 5881 3387 5941 εἰς
3412 5879 3537 5940 τοὺς
3567 5877 3747 5942 ξένους

2080 5971 2248 6042 τιμὴν
2272 5970 2626 6045 ἐπιδείξηται,
2654 5973 2747 6027 καὶ
2770 5971 3109 6043 ἐλευθερώσῃ
3145 5968 3243 6038 τῆς
3270 5965 3617 6035 παρανομίας
3638 5965 3741 6019 τῶν

3244 6058 3283 6115 2
