2039 3211
166 166 217 194 MM

166 222 317 258 Σοδομιτῶν
330 231 337 256 ;
351 222 427 260 [Ml]
438 224 493 252 Καὶ
507 220 584 256 οὗτος
597 225 647 260 μὲν
660 226 707 252 καὶ
720 224 769 257 τὰς
785 225 939 261 θυγατέρας
953 227 1002 258 τὰς

163 266 262 294 ἑαυτοῦ
282 268 432 300 ἐκδίδωσιν,
452 269 497 295 ἵνα
517 269 579 300 τοὺς
599 268 702 302 ξένους,
723 270 786 301 τοὺς
799 269 890 302 ὸδίτας
905 270 1003 305 (πάλιν

164 311 218 346 γὰρ
239 311 272 338 τά
293 311 364 339 αὐτὰ
381 312 483 347 λέγω),
495 313 559 345 τοὺς
581 313 739 349 μηδαμόθεν
760 313 834 349 αὐτῷ
849 314 1004 350 γνωρίμους

164 354 308 392 ἑξαρπάσῃ
324 356 374 392 τῆς
386 357 441 383 τῶν
455 357 625 392 παρανόμων
638 356 745 392 ὕϐρεως
755 365 762 372 ·
782 358 863 393 ἡμεῖς
879 358 907 385 δὲ
920 358 1004 395 ὀρῶν-

163 407 210 430 τες
234 399 364 432 πολλάκις
379 400 443 432 τοὺς
467 400 598 435 ἀδελφοὺς
618 402 682 433 τοὺς
703 401 854 437 ἡμετέρους
873 403 914 434 είς
937 402 1004 429 αὐτὸ

162 441 213 476 σῆς
232 442 358 473 ἀσεϐείας
373 442 404 469 τὸ
421 442 574 479 βάραθρον,
591 444 638 470 καὶ
661 444 753 479 σχεδὸν
772 444 869 476 εἰπεῖν,
887 444 939 471 ὑπὸ
954 444 1003 480 τὴν

164 485 295 519 φάρυγγα
310 485 357 512 τοῦ
377 486 502 513 διαϐόλου
529 486 703 522 γινομένους,
730 487 790 514 ούδέ
815 487 895 522 λόγου
920 496 1003 522 μετα·

162 528 256 555 δοῦναι
275 529 448 565 ἀνεχόμεθα,
475 530 537 557 ούδέ
570 530 788 566 συμϐουλεῦσαι,
808 531 856 558 καὶ
880 530 930 566 τὴν
957 531 1003 558 διὰ

165 570 218 597 τῶν
238 571 326 605 λόγων
339 573 501 607 παραίνεσιν
519 574 695 608 είσενεγκεῖν,
722 575 771 601 καὶ
789 574 942 609 ἐξαρπάσαι
954 574 1004 610 τῆς

161 614 273 647 κακίας,
284 616 333 642 καὶ
351 616 420 651 πρὸς
438 616 487 652 τὴν
504 617 605 653 ἀρετὴν
619 617 839 653 χειραγωγῆσαι.
860 619 944 646 Ποίαν
956 616 1003 646 οὖν

165 656 297 691 σχοίημεν
309 657 467 692 ἀπολογίαν,
484 658 531 685 τοῦ
549 659 598 694 μὲν
614 659 720 686 δικαίου
734 660 802 696 μηδέ
814 660 869 686 τῶν
888 660 1004 695 θυγατέο

165 707 221 733 ρων
244 701 410 736 φεισαμένου
434 701 480 729 διὰ
491 702 541 738 τὴν
565 704 605 734 είς
627 703 692 735 τοὺς
713 703 805 736 ξένους
821 704 1001 739 κηδεμονίαν·

164 743 243 778 ἡμῶν
263 743 290 770 δέ
307 744 394 777 οὕτως
409 746 530 781 ἀνηλεῶς
545 747 608 782 περὶ
624 747 687 779 τοὺς
699 747 852 783 ἡμετέρους
864 747 1003 784 διακειμέ-

165 795 229 818 νων,
241 788 289 814 καὶ
300 789 431 821 πολλάκις
449 790 484 817 τὰ
495 790 587 826 ψυχρά
598 792 689 818 ἐκεῖνα
706 792 752 818 καὶ
762 791 872 826 ἀλογίας
882 792 1003 827 γέμοντα

165 831 276 866 ῥήματα
295 834 484 869 προῖεμένων;
502 835 536 861 Τί
564 835 618 871 γάρ
644 836 733 863 κοινὸν
756 835 820 871 ἐχω,
839 836 916 871 φησὶ,
934 837 1004 872 πρὸς

167 875 268 909 αὑτόν;
284 877 360 905 οὐδέν
375 886 420 913 μοι
436 878 522 913 μέλει,
537 879 613 906 οὐδὲν
627 880 745 916 πρᾶγμα
763 879 817 915 ἐχω
830 881 889 916 μετ’
907 880 1002 908 αὑτοῦ.

164 920 197 946 Τί
209 920 308 955 λέγεις,
325 922 471 958 ἀνθρωπε;
495 924 578 951 Οὐδὲν
601 925 690 952 κοινὸν
717 925 790 961 ἐχιις
812 926 881 961 πρὸς
903 926 1002 960 αὺτόν;

170 964 295 999 ’Δδελφός
313 966 359 992 σού
374 966 445 999 ἐστι,
459 968 510 1003 τῆς
529 968 615 1004 αὐτῆς
628 968 670 996 σοὶ
690 970 798 1006 μετέχει
819 969 938 1005 φύσεως,
950 970 1004 998 ὑπὸ

162 1007 209 1034 τὸν
226 1008 309 1036 αὐτόν
321 1010 384 1037 ἐστε
400 1011 549 1047 Δεσπότην,
581 1012 712 1045 πολλάκις
743 1014 771 1040 δέ
791 1015 837 1041 καὶ
850 1015 900 1050 τῆς
918 1015 1003 1051 αὐτῆς

165 1051 293 1086 μετέχετε
311 1053 461 1089 τραπέζης,
472 1054 522 1089 τῆς
536 1056 725 1091 πνευματικῆς
738 1056 809 1090 λέγω
819 1057 866 1084 καὶ
873 1060 1002 1094 φρικτῆς,

163 1095 211 1121 καὶ
230 1094 330 1130 λέγεις,
347 1095 433 1124 Οὐδὲν
446 1098 535 1125 κοινὸν
550 1098 605 1134 έχω
630 1099 699 1136 πρὸς
713 1100 805 1133 αὑτὸν,
817 1101 866 1128 καὶ
880 1102 1004 1138 ἀνηλεῶς

163 1140 358 1175 παρατρέχεις.
391 1142 439 1168 καὶ
467 1141 518 1169 οὐκ
543 1142 652 1178 όρέγεις
679 1145 757 1180 χεῖρα
783 1145 920 1180 κειμένῳ;
948 1146 1003 1173 Καὶ

170 1181 308 1215 Ἰουδαίοις
323 1184 374 1219 μὲν
385 1185 400 1210 ὁ
411 1184 494 1220 νόμος
506 1186 683 1221 προσέταττε,
704 1188 772 1223 μηδέ
784 1188 838 1215 τῶν
851 1189 956 1225 ἐχθρῶν
968 1190 1002 1217 τά

163 1225 298 1269 ὑποζύγια
317 1229 439 1263 παρορᾷν
454 1230 618 1257 πεπωκότα
631 1238 640 1246 '
656 1232 689 1258 σὺ
711 1231 739 1258 δὲ
761 1232 808 1259 τὸν
819 1233 934 1269 ἀδελφὸν
950 1234 1002 1261 ὑπὸ

163 1268 210 1313 106
224 1269 347 1297 διαϐόλου
366 1272 496 1304 πολλάκις
510 1274 683 1310 τετρωμένον
699 1276 746 1302 καὶ
759 1276 886 1312 κείμενον
911 1278 982 1313 ὁρῶν
992 1298 1000 1311 ,

162 1312 213 1339 ούκ
227 1314 273 1340 ἐπὶ
285 1314 335 1350 τῆς
354 1315 415 1350 γῆς,
431 1316 489 1343 ἀλλ’
516 1317 556 1349 είς
574 1317 604 1344 τὸ
616 1318 667 1353 τῆς
681 1319 822 1355 ἁμαρτίας
846 1312 983 1356 βάραθρον
993 1341 1001 1354 ,

162 1356 214 1383 οὐκ
238 1357 363 1393 ἀνασπᾷς
391 1358 436 1386 διὰ
462 1360 512 1395 τῆς
536 1361 745 1397 παραινέσεως,
773 1363 834 1390 οὺδέ
858 1365 1003 1392 νουθεσίαν

163 1400 284 1444 εἰσάγεις
298 1401 347 1437 τὴν
366 1402 442 1438 παρὰ
453 1404 566 1436 σαυτοῦ,
579 1404 639 1432 οὐδὲ
651 1405 812 1439 σπουδάζεις
824 1407 870 1434 καὶ
880 1408 1001 1444 ἐτέρους,

163 1444 189 1470 ιι
208 1441 263 1471 οἷον
281 1453 321 1477 τε,
333 1447 373 1478 είς
393 1447 552 1483 συμμαχίαν
564 1448 718 1481 λαϐεῖν,ῖνα
733 1450 784 1485 τῆς
801 1441 942 1487 φάρυγγος
954 1441 1002 1480 106

164 1487 260 1535 Θηρίου
271 1489 302 1515 τὸ
313 1489 393 1525 μέλος
401 1491 431 1517 τὸ
443 1491 488 1518 σὺν
499 1492 870 1530 ἐλευθερῶσαιδυνηθῇς,καὶ
879 1496 946 1533 πρὸς
953 1498 1003 1535 τὴν

163 1533 268 1561 οίκείαν
287 1535 472 1570 ἐπαναγαγεῖν
489 1537 638 1571 εὐγένειαν,
658 1537 703 1565 ἶνα
729 1540 777 1566 καὶ
793 1540 884 1574 αὐτὸς,
900 1542 926 1568 εῖ
937 1533 1002 1570 ποτε

164 1578 328 1622 περιπέσῃς.
351 1579 365 1605 ὂ
393 1581 430 1616 μὴ
457 1581 573 1615 γένοιτο,
598 1583 655 1614 τοῖς
674 1583 793 1615 δικτύοις
811 1584 859 1611 106
883 1587 1002 1622 πονηροῦ

164 1620 291 1656 δαίμονος
306 1623 422 1666 ἐκείνου,
440 1624 557 1661 δυνηθῇς
582 1626 654 1661 ἔχειν
674 1628 738 1659 τοὺς
759 1628 862 1664 ἀμῦναι
886 1620 1003 1666 δυναμέ-

164 1672 236 1696 νους,
255 1665 303 1692 καὶ
316 1665 498 1703 ἐλευθερῶσαι
519 1669 574 1695 τῶν
595 1669 642 1697 τοῦ
661 1670 785 1698 διαϐόλου
795 1673 908 1708 χειρῶν;
925 1665 1003 1701 Οὕτω

164 1707 213 1735 καὶ
230 1709 333 1742 Παῦλος
350 1711 484 1747 διεγεῖραι
511 1712 675 1749 βουλόμενος
693 1707 816 1748 Γαλάτας
832 1717 872 1748 είς
886 1718 937 1753 τὴν
947 1718 1003 1745 τῶν

163 1752 273 1797 οἰκείων
291 1754 380 1788 μελῶν
396 1755 537 1790 πρόνοιαν,
555 1757 622 1792 φησί
635 1766 642 1773 ·
661 1759 788 1786 Σκοπῶν
803 1752 945 1793 σεαυτὸν,
958 1763 1001 1797 μὴ

165 1796 213 1823 καὶ
224 1797 266 1823 σὺ
284 1798 465 1832 πειρασθῇς¹
482 1801 624 1836 μονονουχὶ
634 1801 732 1836 λέγων,
751 1802 814 1830 Ἐὰν
832 1796 1003 1840 ἀσυμπαθῶς

165 1841 214 1867 καὶ
226 1840 348 1875 ἀνηλεῶς
363 1842 546 1879 παραδράμῃς
563 1844 608 1871 τὸν
624 1845 749 1880 ἀδελφὸν,
770 1846 835 1879 ἴσως
849 1849 896 1874 καὶ
910 1848 941 1875 σὲ
954 1858 1002 1876 πε-

166 1885 359 1918 ριπεπτωκότα
387 1886 481 1920 ἕτερος
504 1886 578 1914 οὕτω
605 1888 836 1924 παραδραμεῖται.
856 1891 888 1919 El
913 1893 1003 1920 τοίνυν

166 1927 256 1962 βούλει
269 1928 306 1963 μὴ
324 1929 508 1965 παροφθῆναι,
530 1932 622 1959 εἴποτε
646 1933 816 1969 περιπέσοις,
838 1935 910 1971 μήτε
923 1936 1004 1969 αὐτὸς

165 1971 301 2006 παρίδοις,
321 1972 390 1999 ἀλλά
405 1973 507 2009 πολλὴν
518 1974 651 2007 ἐπίδειξαι
670 1977 719 2011 τὴν
733 1976 937 2014 φιλοστοργίαν,
956 1981 1005 2007 καὶ

165 2013 302 2050 θησαυρὸν
311 2015 380 2051 ἡγοῦ
391 2017 520 2052 μέγιστον
532 2018 563 2045 τὸ
573 2018 720 2055 δυνηθῆναι
732 2020 861 2048 διασῶσαι
873 2022 918 2049 τὸν
926 2023 1003 2050 ἀδελ-

165 2058 316 2092 φόνηοὺδέν
330 2060 385 2095 γὰρ
391 2060 488 2088 τούτου
503 2062 559 2089 ἴσον
567 2063 665 2097 γένοιτ’
674 2064 707 2091 ἀν
722 2072 787 2091 ποτε
798 2066 838 2097 εἰς
852 2066 954 2102 ἀρετῆς
962 2067 1005 2094 λό’

164 2109 223 2135 γον.
234 2103 296 2132 Ὲάν
312 2105 367 2140 γὰρ
382 2105 513 2142 ἐννοήσῃς
527 2107 617 2142 μόνον,
630 2108 671 2135 ότι
681 2104 772 2141 οὗτος,
782 2109 812 2135 ὃν
826 2112 949 2146 παρορᾷς
957 2113 1005 2139 καὶ

166 2147 360 2182 παρατρέχεις,
385 2149 437 2175 ὑπὸ
459 2150 505 2176 τοῦ
527 2151 664 2178 Δεσπότου
694 2160 741 2178 σου
768 2154 901 2189 τοσαύτης
923 2155 1005 2190 ἠξίω-

164 2198 210 2232 ται
224 2191 274 2227 τῆς
289 2193 381 2227 τιμῆς,
396 2193 434 2224 ὼς
451 2193 485 2220 δι’
500 2194 582 2221 αὐτὸν
604 2195 641 2231 μὴ
663 2196 887 2232 παραιτήσασθαι
908 2200 956 2226 καὶ
972 2199 1005 2227 τὸ

165 2231 236 2269 αἷμα
246 2236 353 2271 ἐκχέειν
367 2236 397 2263 τὺ
420 2238 517 2264 ἐαυτοῦ
532 2238 634 2274 (καθὼς
651 2240 698 2266 καὶ
725 2239 831 2272 Ηαῦλός
850 2250 932 2277 φησι·
949 2244 1004 2270 Kal

164 2278 319 2307 duch-"tm
342 2282 359 2308 ὁ
377 2281 515 2309 ἀσθενῶν
535 2282 668 2318 ἀδελφὸς
691 2284 740 2311 ἐπὶ
766 2284 804 2319 τῇ
825 2285 868 2320 σῇ
885 2286 1003 2322 γνώσει,

165 2322 202 2349 δι’
216 2323 252 2350 ὃν
265 2324 392 2357 Χριστὸς
401 2325 554 2361 ἀπέθανεν
568 2328 628 2359 πῶς
640 2328 701 2364 οὐχὶ
709 2330 742 2364 τῇ
761 2330 796 2365 γῇ
810 2330 922 2357 σεαυτὸν
936 2341 1004 2359 κατ-

165 2367 289 2404 ορύξεις;
304 2368 335 2394 Εἰ
351 2369 439 2396 τοίνυν
453 2369 486 2395 δι’
505 2370 587 2397 αὑτὸν
609 2372 623 2398 ὁ
638 2372 756 2407 Χριστὸς
769 2374 815 2400 καὶ
829 2375 858 2401 τὸ
878 2371 948 2410 αἷμα
965 2376 1004 2409 ἐξ

166 2414 237 2450 έχεε,
251 2414 276 2440 τί
292 2414 364 2449 μέγα
382 2414 517 2448 ποιήσεις,
533 2414 580 2440 ἐὰν
594 2414 644 2449 τὴν
659 2416 733 2451 παρὰ
749 2417 848 2444 σαυτοῦ
861 2418 1004 2455 φιλοστορ-

165 2459 230 2491 γίαν
243 2457 374 2493 ἐπιδείξῃ,
391 2458 438 2483 καὶ
463 2458 497 2492 τῇ
517 2457 561 2484 διὰ
587 2457 662 2493 [442]
677 2458 731 2484 τῶν
755 2459 842 2494 λόγων
862 2464 1004 2499 προτροπῇ

165 2503 346 2538 διαναστήσῃς
360 2501 496 2536 κείμενον,
507 2501 611 2536 καὶτὴν
622 2502 703 2529 αὐτοῦ
716 2503 804 2539 ψυχὴν
818 2504 1005 2542 βεϐαπτισμέ-

166 2557 214 2583 νην
227 2549 291 2579 ἴσως
308 2547 355 2574 καὶ
367 2546 533 2582 ὑποϐρύχιον
550 2548 735 2583 γεγενημένην
751 2549 901 2585 ἀνενέγκῃς
915 2551 946 2577 ὲκ
956 2552 1004 2579 τοῦ

165 2593 214 2627 τῆς
234 2592 331 2623 κακίας
346 2590 438 2626 βυθοῦ,
453 2591 499 2617 καὶ
509 2591 721 2628 παρασκευάσῃς
731 2592 794 2618 ἰδεῖν
804 2590 853 2628 τ’ἤς
861 2595 962 2631 ἀρετῆς
973 2596 1004 2622 τὸ

166 2636 235 2670 φῶς,
253 2636 300 2662 καὶ
320 2636 357 2671 μὴ
374 2634 590 2670 παλινδρομῆσαι
607 2634 653 2660 ἐπὶ
666 2635 711 2661 τὸν
725 2635 775 2671 τῆς
794 2636 892 2669 κακίας
905 2636 1003 2672 ζόφον;

201 2684 231 2706 ε’.
242 2679 434 2714 Μιμησώμεθα
448 2679 549 2711 τοίνυν,
560 2679 773 2714 παρακαλῶ,τὸν
784 2679 887 2707 δίκαιον
899 2682 1003 2716 τοῦτον,

166 2725 214 2752 καὶ
227 2725 251 2750 εἰ
263 2724 317 2751 δέοι
339 2724 385 2750 καὶ
400 2724 522 2751 κίνδυνόν
539 2732 600 2751 τινα
624 2723 770 2759 ὑπομένειν
788 2724 858 2760 ὑπὲρ
881 2726 927 2752 τοῦ
953 2727 1004 2763 τὴν

167 2766 304 2801 σωτηρίαν
330 2764 377 2791 τοῦ
402 2765 515 2800 πλησίον
544 2765 813 2802 πραγματεύσασθαι,
835 2767 902 2801 μηδὲ
925 2767 1004 2795 τοῦτο

170 2808 410 2845 παραιτησώμεθα.
444 2810 474 2835 ’0
490 2809 545 2845 γὰρ
570 2810 690 2841 τοιοῦτος
714 2809 836 2841 κίνδυνος
867 2812 1004 2846 σωτηρίας

167 2854 232 2889 ἡμῖν
251 2852 379 2883 ὑπόθεσις
392 2851 508 2884 γίνεται,
523 2853 570 2879 καὶ
582 2853 679 2887 πολλῆς
693 2854 850 2889 παρρησίας
859 2854 1001 2889 πρόξενος.

172 2896 315 2930 Ἐννόησον
328 2896 382 2930 γάρ
399 2904 443 2931 μοι
457 2895 503 2923 τὸν
512 2896 616 2923 δίκαιον
626 2896 731 2927 τοῦτον,
748 2898 822 2929 ὅπως
834 2898 903 2933 πρὸς
916 2898 1001 2934 δῆμον

166 2939 313 2974 ὀλόκληρον
329 2939 463 2974 τοσαύτην
484 2939 549 2974 περὶ
571 2940 621 2975 τὴν
645 2940 745 2967 κακίαν
770 2941 818 2976 τὴν
846 2942 1004 2977 συμφωνίαν

170 2983 373 3019 ἐπιδειξάμενον
384 2982 567 3018 παρετάξατο,
589 2983 636 3010 καὶ
660 2984 719 3018 μετ’
736 2984 886 3017 ἐπιεικείας
905 2985 1005 3021 πολλῆς

573 167 602 195 S.
623 166 765 195 JOANNIS
780 167 1024 195 CIIR'YSUSTOMI
1041 168 1200 197 ARCIIIEP.
1220 168 1496 198 CONSTANTINUP.

1844 169 1899 197 μη

1056 228 1103 254 καὶ
1114 228 1164 262 τὴν
1181 226 1308 263 ἀνδρείαν
1332 226 1435 261 ἄφατον
1450 226 1634 257 ἐπεδείκνυτο,
1650 227 1674 253 εί
1687 226 1733 254 καὶ
1747 226 1808 253 οὐδὲ
1825 227 1899 254 οὕτω

1056 267 1217 294 καθικέσθαι
1228 266 1346 302 ἠδυνήθη
1361 267 1412 301 τῆς
1427 266 1580 293 άκαθέκτου
1595 266 1685 293 αὐτῶν
1701 267 1897 301 μανίας.Μετὰ

1055 306 1108 341 γὰρ
1127 305 1164 332 τὰ
1180 306 1292 341 ῥήματα
1318 306 1419 337 ἐκεῖνα,
1435 305 1482 332 καὶ
1504 305 1554 340 τὴν
1568 305 1719 331 ἐπιείκειαν
1738 305 1788 340 τὴν
1809 306 1897 341 ὑπερ-

1055 345 1218 378 ϐάλλουσαν,
1237 345 1284 372 καὶ
1305 345 1336 373 τὸ
1356 346 1497 380 μονονουχὶ
1516 346 1577 376 ταῖς
1595 346 1689 380 χερσὶν
1705 345 1830 372 ἐκδοῦναι
1852 345 1897 372 διὰ

1053 385 1109 411 τῶν
1124 385 1212 419 λόγων
1221 385 1271 417 τὰς
1288 385 1488 420 θυγατέρας,τί
1499 394 1565 420 φασι
1581 385 1649 420 πρὸς
1659 385 1755 417 αὐτόν;
1765 385 1898 413 Ἀπόστα

1054 424 1125 451 ἐκεῖ.
1143 425 1175 451 Ὢ
1190 424 1275 460 μέθης
1300 424 1449 459 ὑπερϐολὴ,
1475 424 1498 450 ὢ
1523 424 1736 460 παραφροσύνης
1760 424 1895 457 ἐπίτασις.

1056 465 1182 492 Τοιοῦτον
1193 466 1274 502 γὰρὴ
1293 465 1399 500 πονηρὰ
1408 464 1480 500 αὕτη
1496 465 1543 491 καὶ
1556 465 1705 496 ἀκόλαστος
1720 471 1733 484 ι
1750 464 1895 500 ἐπιθυμίαθ

1056 505 1166 531 ἐπειδὰν
1183 505 1364 540 περιγένηται
1381 504 1429 531 τοῦ
1445 504 1589 540 λογισμοῦ,
1603 505 1654 531 οὐκ
1670 504 1767 539 ἀφίησι
1782 504 1898 531 συνιδεῖν

1054 545 1131 571 οὐδὲν
1143 544 1196 571 τῶν
1211 544 1336 576 δεόντων,
1352 543 1422 570 ἀλλά
1435 544 1562 578 καθάπερ
1584 544 1613 570 ἐν
1633 545 1721 578 σκότῳ
1735 544 1782 570 καὶ
1799 552 1897 570 νυκτο-

1056 584 1142 619 μαχίᾳ
1157 584 1220 615 τινὶ,
1232 582 1319 615 οὕτως
1329 583 1438 610 ἅπαντα
1450 583 1658 620 διαπράττεται.
1683 583 1825 614 ’Δπόστα,
1842 592 1897 618 φη-

1056 624 1108 656 σὶν,
1123 623 1194 650 ﬁxa?
1204 622 1346 656 εἶσῆλθες
1356 623 1520 657 παροικεῖν,
1529 623 1572 657 μὴ
1581 623 1631 650 καὶ
1646 623 1749 657 κρίσιν
1763 623 1897 656 κρίνειν-ς

1055 662 1120 689 [Vir
1140 660 1198 689 οὖν
1224 670 1261 689 σε
1282 661 1460 696 κακώσομεν
1477 662 1609 697 μᾶλλον,
1626 662 1645 696 ἢ
1663 662 1809 694 ἐκείνους.
1823 662 1897 697 ’Ὀρα

1055 702 1114 734 πῶς
1134 702 1184 737 μὲν
1199 703 1213 729 ὁ
1228 702 1333 734 δίκαιος
1354 702 1484 734 ἐπιεικῶς
1508 702 1601 734 αὺτοῖς
1629 702 1794 734 διαλέγεται,
1818 702 1844 727 οἱ
1866 701 1897 727 δέ

1055 741 1125 777 πόσῃ
1140 742 1289 777 κέχρηνται
1304 742 1338 777 τῇ
1354 740 1515 776 θρασύτητι.
1544 742 1650 776 ’Ὠσπερ
1666 740 1898 776 ἐκϐακχευθέντες

1054 780 1146 807 λοιπὸν
1161 781 1214 807 ὖπδ
1224 781 1272 807 τοῦ
1285 780 1421 814 διαϐόλου,
1440 781 1487 807 καὶ
1501 781 1538 813 ὡς
1552 781 1597 809 ὑπ’
1608 781 1712 807 ἐκείνω
1728 779 1898 816 στρατηγού-

1055 829 1142 856 μενοι,
1170 819 1244 847 οὖτω
1267 819 1509 853 κατεξανίστανται
1527 820 1574 847 τοῦ
1596 820 1713 851 δικαίου,
1738 820 1784 846 καί
1802 827 1895 854 φασιν·

1054 859 1205 895 Εἰσῆλθες
1214 859 1380 893 παροικεῖν,
1399 859 1444 893 μὴ
1460 860 1509 887 καὶ
1530 860 1633 894 κρίσιν
1647 860 1778 894 «ph-alr,-
1796 860 1897 895 Πάροι-

1054 901 1101 927 κόν
1119 909 1160 933 σε,
1185 900 1277 935 φησὶν,
1295 899 1462 934 ἐδεξάμεθα·
1482 901 1519 934 μὴ
1549 899 1604 935 γὰρ
1629 899 1676 926 καὶ
1699 899 1796 935 κριτὴς
1815 899 1896 934 ἡμῶν

1053 940 1204 975 κατέστης;
1219 940 1253 965 Ὢ
1263 939 1460 974 ἀγνωμοσύνης
1475 938 1621 974 ὑπερϐολή.
1637 939 1701 965 Δέον
1716 939 1896 974 ἐντραπῆναι,

1053 980 1112 1007 δέον
1129 979 1283 1014 αἰδεσθῆναι
1300 978 1349 1013 τὴν
1367 978 1520 1013 συμϐουλὴν
1529 978 1576 1004 τοῦ
1592 977 1709 1010 δικαίου,
1724 978 1795 1010 οίδέ,
1807 978 1894 1005 καθά-

1055 1019 1139 1054 περοί
1150 1018 1306 1054 μαινόμενοι
1324 1018 1424 1043 καὶτὸν
1438 1018 1527 1052 ἰατρὸν
1546 1017 1681 1052 συγκόψαι
1702 1016 1897 1053 ἐπιχειροῦσιν,

1053 1058 1126 1085 οὕτω
1141 1058 1188 1084 καὶ
1202 1054 1285 1084 οὗτοι·
1299 1057 1348 1089 Σὲ,
1364 1058 1442 1092 φησὶ,
1458 1058 1636 1091 κακώσομεν
1643 1056 1775 1092 μᾶλλον.
1785 1057 1805 1091 ἣ
1819 1057 1898 1084 ἐκεί-

1053 1106 1140 1131 νους.
1158 1097 1189 1124 Εἰ
1199 1097 1236 1133 μὴ
1250 1096 1351 1132 βούλει,
1369 1097 1462 1132 φησιν,
1477 1097 1623 1132 ήσυχάσαι,
1638 1096 1804 1132 μαθήοῃὼς
1818 1096 1896 1123 οὐδέν

1055 1147 1097 1165 σοι
1104 1137 1184 1165 πλέον
1193 1138 1269 1164 ἐσται
1279 1137 1330 1172 τῆς
1341 1138 1380 1169 εἰς
1389 1137 1511 1169 ἐκείνους
1526 1137 1705 1173 προστασίας,
1712 1139 1729 1174 ἢ
1737 1137 1767 1163 τὸ
1774 1136 1897 1168 ἐκείνους

1055 1178 1104 1213 μὲν
1118 1178 1260 1212 διαφυγεῖν
1273 1177 1318 1203 τὸν
1334 1176 1466 1208 κίνδυνον,
1484 1177 1513 1203 σὲ
1528 1177 1556 1203 δὲ
1574 1177 1662 1212 τούτῳ
1684 1175 1895 1211 περιϐληθῆναι.

1053 1216 1264 1253 Παρεὸιάζοντο
1275 1217 1308 1243 δὲ
1320 1217 1373 1243 τὸν
1381 1216 1445 1244 Λὼτ
1456 1217 1659 1253 σφόδρα.’¹ορα
1668 1216 1713 1243 τὸν
1723 1216 1826 1243 δίκαιον
1832 1214 1894 1242 τοῦ-

1053 1267 1098 1285 τον
1126 1257 1173 1283 καὶ
1196 1256 1320 1292 ἀνδρείαν
1343 1256 1575 1291 ἐπιδεικνύμενον,
1594 1257 1641 1283 καὶ
1656 1255 1775 1292 τοσούτῳ
1798 1255 1898 1291 πλήθει

1053 1295 1259 1324 ἀντιτάττεσθαι
1269 1295 1469 1330 ἐπιχειροῦντα.
1478 1296 1533 1322 Καὶ
1542 1296 1681 1331 ἤγγισαν,
1690 1294 1898 1331 φησ“ι,συντρῖ-

1051 1337 1109 1369 ψαι
1130 1335 1187 1368 τὴν
1209 1335 1313 1368 θύραν.
1334 1334 1443 1370 Ἐπειδὴ
1457 1335 1512 1370 γὰρ
1533 1335 1637 1370 μέλλων
1657 1335 1768 1367 ἐξιέναι,
1785 1335 1832 1361 καὶ
1847 1334 1898 1369 τὴν

1053 1374 1155 1401 τούτων
1175 1374 1275 1409 μανίαν
1295 1373 1421 1409 προορῶν
1445 1374 1602 1410 προσέῳξεν
1619 1374 1702 1401 αὑτοῦ
1720 1373 1833 1400 δπισθεν
1847 1374 1897 1409 τὴν

1054 1414 1149 1450 θύραν.
1165 1414 1215 1440 οὐκ
1230 1414 1411 1448 ἀνασχόμενοι
1429 1414 1454 1440 οι
1471 1414 1565 1450 μιαροὶ
1582 1410 1656 1440 οὗτοι
1676 1414 1724 1440 καὶ
1743 1414 1898 1450 παράνομοι

1052 1454 1102 1489 τῆς
1113 1453 1160 1480 τοῦ
1170 1453 1275 1480 δικαίου
1286 1453 1484 1488 παραινέσεως,
1496 1453 1577 1480 αὐτόν
1590 1462 1619 1480 τε
1631 1452 1771 1484 ἐϐιάζοντο
1786 1453 1832 1480 καὶ
1846 1453 1897 1488 τὴν

1053 1494 1140 1529 θύραν
1154 1493 1297 1528 συντρῖψαι
1308 1492 1479 1528 ἐπεχείρουν.
1502 1493 1571 1519 Ἀλλ’
1591 1493 1684 1528 ἐπειδὴ
1695 1492 1738 1519 διὰ
1754 1492 1808 1519 τῶν
1824 1500 1897 1527 πρα-

1053 1533 1167 1568 γμάτων
1185 1532 1322 1558 ἐδείκνυτο
1336 1532 1383 1558 καὶ
1402 1532 1417 1567 ἠ
1435 1531 1481 1558 τοῦ
1498 1531 1604 1559 δικαίου
1624 1532 1719 1568 ἀρετὴ,
1737 1532 1784 1558 καὶ
1797 1533 1813 1566 ἡ
1828 1531 1898 1565 πρὶς

1053 1574 1116 1604 τοὺς
1128 1572 1218 1604 ξένους
1234 1571 1430 1607 νομιζομένους
1460 1570 1618 1607 κηδεμονία,
1644 1572 1691 1598 καὶ
1708 1571 1755 1597 τοῦ
1778 1570 1897 1606 πλήθους

1053 1612 1157 1639 ἐκείνου
1171 1612 1270 1643 παντὸς
1280 1613 1297 1648 ὴ
1309 1611 1374 1647 περὶ
1387 1611 1438 1646 τὴν
1445 1612 1548 1638 κακίαν
1561 1611 1717 1646 συμφωνία,
1733 1611 1793 1637 τότε
1802 1610 1897 1637 λοιπὸν

1054 1651 1270 1679 ἐκκαλύπτουσιν
1278 1651 1392 1682 ἑαυτοὺς
1399 1651 1425 1676 οι
1433 1650 1717 1686 παραγεγονότες,Καὶ
1725 1650 1819 1686 ἐπειδὴ
1827 1648 1898 1676 εἶδον

1053 1692 1100 1718 τὸν
1113 1691 1216 1718 δίκαιον
1245 1690 1336 1717 πάντα
1355 1690 1389 1716 τὰ
1406 1690 1470 1725 παρ’
1499 1690 1596 1716 ἑαυτοῦ
1612 1689 1823 1726 πεπληρωκότα,
1845 1689 1898 1724 τὴν

1054 1730 1159 1757 οίκείαν
1186 1729 1403 1764 ἐπιδεικνύμενοι
1425 1728 1539 1765 δύναμιν
1565 1729 1737 1765 ἐπαμύνουσι
1749 1729 1788 1765 τῷ
1800 1729 1897 1764 δικαίῳ

1055 1768 1351 1804 καταδυναστευομένῳ
1376 1768 1429 1795 ὑπὸ
1451 1769 1502 1804 τῆς
1522 1770 1635 1797 ἐκείνων
1653 1769 1762 1805 μανίας.
1791 1769 1897 1795 Ἐκτεί-

1054 1818 1163 1842 ναντες
1185 1809 1250 1844 γὰρ,
1274 1809 1367 1844 φησὶν,
1393 1809 1422 1835 οἱ
1436 1808 1546 1843 ἄνδρες
1560 1808 1614 1842 τὰς
1626 1809 1728 1843 χεῖρας
1751 1808 1892 1835 είσεσπά-

1055 1857 1151 1876 carro
1166 1848 1220 1875 τὸν
1233 1847 1298 1875 Λὼτ
1314 1847 1390 1881 πρὸς
1401 1848 1528 1881 ἑαυτοὺς
1548 1850 1591 1881 είς
1603 1849 1656 1875 τὸν
1667 1846 1760 1880 οἷκον,
1773 1848 1824 1874 καὶ
1839 1847 1898 1881 τὴν

1055 1889 1150 1922 θύραν
1158 1887 1235 1924 [445]
1252 1887 1304 1914 τοῦ
1330 1887 1417 1914 οἴκου
1429 1886 1627 1914 ἀπέκλεισαν·
1648 1887 1721 1919 τοὺς
1736 1886 1771 1913 δὲ
1783 1886 1897 1920 ἄνδρας

1054 1928 1127 1962 τοὺς
1137 1928 1228 1960 ὄντας
1240 1927 1289 1954 ἐπὶ
1299 1926 1355 1961 τῆς
1373 1928 1466 1961 θύρας
1479 1928 1533 1955 τοῦ
1548 1928 1634 1955 οῖκου
1648 1927 1803 1959 ἐπάταξαν
1811 1927 1898 1961 ἀθρα-

1054 1968 1108 2002 σίᾳ
1122 1967 1182 1994 ἀπὸ
1194 1966 1304 2001 μικροῦ
1323 1967 1379 2000 ἕως
1392 1966 1538 2002 μεγνέλου,
1554 1967 1606 1994 καὶ
1619 1968 1837 2002 παρελύθησαν
1850 1966 1897 2001 ζη-

1055 2007 1179 2039 τοῦντες
1204 2006 1262 2040 τὴν
1288 2006 1391 2040 θύραν.
1419 2006 1499 2042 Ὁρᾷς
1524 2007 1583 2039 πῶς
1599 2007 1646 2034 καὶ
1662 2008 1676 2033 ὁ
1697 2006 1801 2038 δίκαιος
1819 2004 1898 2039 οὗτος

1056 2046 1229 2082 παραχρῆμα
1247 2045 1298 2080 τῆς
1314 2045 1466 2080 φιλοξενίας
1482 2047 1625 2081 κομίζεται
1641 2046 1689 2078 τὰς
1705 2046 1831 2081 ἀμοιϐάς,
1846 2047 1895 2072 καὶ

1056 2086 1081 2113 οἱ
1105 2086 1259 2119 παράνομοι
1280 2085 1379 2110 ἐκεῖνοι
1404 2083 1484 2116 ἀξίαν
1507 2084 1611 2112 τίνουσι
1631 2085 1725 2121 δίκην;
1743 2086 1896 2112 Είσεσπιὶ-

1055 2132 1150 2151 σαντο
1170 2124 1236 2159 γὰρ,
1256 2123 1334 2159 φησὶ,
1347 2123 1400 2149 τὸν
1417 2123 1482 2150 Λὼτ
1503 2125 1547 2157 είς
1571 2123 1626 2150 τὸν
1648 2122 1743 2157 οἶκον,
1771 2125 1821 2151 καὶ
1838 2124 1898 2158 τὴν

1055 2164 1150 2197 θύραν
1168 2163 1364 2190 ἀπέκλεισαν
1383 2162 1454 2196 τοὺς
1468 2163 1502 2190 δὲ
1509 2163 1622 2197 ἄνδρας
1640 2163 1795 2196 ἐπάταξαν
1809 2164 1897 2197 ἀομι-

1055 2203 1109 2237 σίᾳ
1118 2203 1178 2230 ἀπὸ
1191 2203 1301 2237 μικροῦ
1316 2202 1373 2236 ἕως
1384 2202 1531 2238 μεγάλου,
1547 2204 1596 2230 καί
1617 2204 1835 2238 παρελύθησαν
1852 2203 1897 2237 (ἰὴ-

1055 2243 1180 2275 τοῦντες
1198 2242 1256 2276 τὴν
1266 2243 1370 2277 θύραν.
1398 2242 1508 2278 Ἐπειδὴ
1534 2243 1564 2270 τδ
1591 2243 1640 2279 τῆς
1657 2243 1777 2275 διανοίας
1805 2243 1896 2271 αὐτῶν

1055 2282 1132 2318 ὄμμα
1150 2281 1359 2317 πεπήρωτο,διά
1371 2281 1450 2308 τοῦτο
1470 2283 1578 2318 καὶτῆς
1591 2284 1713 2318 ὁράσεως
1729 2284 1777 2318 τὴν
1792 2283 1897 2318 τύφλω-

1056 2331 1098 2350 σιν
1109 2322 1300 2357 ὑπομένουσιν,
1309 2322 1352 2348 ἵνα
1365 2322 1487 2357 μάθωσιν
1498 2322 1535 2354 ὡς
1546 2322 1621 2349 οὐδὲν
1633 2323 1724 2354 αὐτοῖς
1732 2323 1827 2357 ὄφελος
1840 2324 1896 2349 τῶν

1056 2360 1222 2397 σωματικῶν
1231 2361 1389 2396 ὀφθαλμῶν,
1399 2361 1453 2388 τῶν
1462 2361 1511 2396 τῆς
1520 2361 1639 2394 διανοίας
1651 2362 1783 2397 ὀμμάτων
1806 2371 1897 2398 πεπη-

1058 2401 1195 2437 ρωμένων.
1206 2401 1261 2428 Καὶ
1268 2401 1360 2437 ἐπειδὴ
1369 2400 1515 2437 σύμφωνον
1523 2402 1573 2437 τὴν
1583 2402 1681 2429 κακίαν
1693 2401 1894 2432 ἐπεδείκνυντο,

1056 2442 1103 2468 καὶ
1115 2440 1177 2467 οὔτε
1193 2441 1217 2467 οἱ
1228 2441 1292 2473 νέοι,
1308 2440 1370 2467 οὒτε
1385 2442 1409 2466 οί
1432 2441 1583 2476 πρεσϐῦται
1604 2442 1749 2477 ἀπείχοντο
1772 2442 1822 2477 τῆς
1845 2451 1896 2469 πο-

1056 2481 1141 2516 νηρᾶς
1155 2481 1365 2516 ἐπιχειρήσεως,
1375 2479 1418 2506 διὰ
1424 2480 1502 2506 τοῦτο
1511 2481 1596 2507 πάντε
1603 2490 1622 2514 7,
1632 2482 1723 2516 φησὶν,
1732 2481 1895 2515 ἀπετυφλώ-

1055 2521 1153 2556 θησαν,
1168 2521 1215 2548 καὶ
1228 2521 1258 2547 οὺ
1275 2520 1354 2556 μόνον
1362 2520 1411 2555 τὴν
1423 2521 1546 2555 πήρωσιν
1558 2521 1689 2556 ἐδέχοντο,
1709 2521 1776 2548 ἀλλά
1797 2522 1846 2547 καὶ
1858 2522 1895 2549 τὰ

1055 2562 1104 2597 τῆς
1121 2561 1211 2596 ίσχύος
1227 2561 1320 2592 αὺτοῖς
1332 2560 1380 2587 τοῦ
1400 2560 1526 2596 σώματος
1534 2560 1668 2594 διελύετο·
1684 2561 1777 2596 ἐπειδὴ
1793 2560 1847 2597 γὰρ
1861 2562 1894 2587 τὸ

1055 2600 1223 2637 κυριώτερον
1252 2601 1334 2635 μέρος
1355 2601 1405 2635 τὴν
1425 2600 1515 2636 ψυχὴν
1540 2598 1610 2636 ἦσαν
1636 2600 1892 2636 διαλελυμένοι,διά

1054 2641 1135 2668 τοῦτο
1158 2641 1205 2667 καὶ
1218 2640 1267 2666 τοῦ
1281 2640 1406 2675 σώματος
1420 2640 1468 2675 τὴν
1485 2640 1561 2675 ίσχὺν
1577 2640 1781 2675 παρελύθησαν·
1807 2642 1855 2668 καὶ
1867 2642 1893 2667 οι

1056 2681 1189 2715 πρότερον
1205 2680 1348 2715 συντρῖψαι
1369 2679 1418 2715 τὴν
1435 2679 1520 2713 θύραν
1533 2679 1746 2715 ἐπιχειροῦντες,
1762 2680 1808 2706 καὶ
1824 2682 1894 2715 μετᾶ

1055 2720 1156 2755 πολλῆς
1172 2720 1287 2756 ἀπειλῆς
1305 2720 1343 2755 τῷ
1356 2720 1452 2756 δικαίῳ
1471 2720 1669 2756 διαλεγόμενοι,
1689 2720 1787 2756 ἀθρόον
1800 2722 1876 2755 είστὴ
1887 2735 1894 2740 -

1055 2769 1151 2787 κεισαν
1170 2759 1399 2795 παραλελυμένοι,
1418 2760 1466 2787 καὶ
1486 2760 1540 2795 πρὸ
1559 2759 1614 2787 τῶν
1636 2760 1784 2796 ὀφθαλμῶν
1799 2761 1893 2795 κειμέ-

1055 2808 1104 2835 νην
1119 2800 1168 2835 τὴν
1183 2799 1267 2835 θύραν
1284 2800 1333 2835 οὐχ
1357 2800 1485 2836 ὁρῶντες.
1501 2799 1568 2826 Τότε
1586 2799 1680 2827 λοιπὸν
1699 2800 1863 2827 ἀνέπνευσεν
1877 2803 1892 2828 ὁ

1054 2840 1167 2873 δίκαιος,
1194 2840 1265 2875 όρῶν
1284 2840 1357 2871 τίνες
1374 2836 1445 2875 ἦσαν
1466 2840 1492 2866 οί
1507 2840 1723 2875 παραγενόμενοι
1738 2840 1751 2860 δ
1764 2860 1772 2872 ,
1788 2841 1835 2867 καὶ
1849 2841 1891 2868 ὅτι

1056 2880 1161 2915 μεγάλη
1176 2889 1216 2911 τις
1231 2879 1320 2907 αὐτῶν
1331 2881 1348 2915 ἠ
1360 2879 1475 2915 δύναμίς
1490 2881 1558 2907 ἐστι.
1571 2880 1627 2907 Καὶ
1637 2881 1691 2915 γὰρ
1703 2879 1801 2914 εἶπον,
1812 2882 1890 2917 φησὶ,

1084 2930 1097 2944 ⁸
1109 2929 1218 2959 Quatuor
1230 2937 1288 2954 mss.
1299 2930 1437 2958 ἀλλόκοτος.

1113 2962 1187 2996 Βανίί.
1199 2964 1225 2985 οι
1237 2961 1306 2996 :1qu
1325 2967 1382 2996 [οἷς.
1396 2963 1418 2996 οἱ
1428 2962 1621 2995 παραγεγονότες.
1634 2961 1698 2986 Infra
1715 2960 1739 2987 in
1751 2960 1839 2987 Bibliis
1850 2962 1887 2988 le-

1056 2991 1123 3022 gitur
1134 2991 1186 3025 εἰσί,
1193 2999 1231 3015 σοι
1245 2991 1291 3015 ὧδε
1301 2992 1411 3023 γαμϐροί.
