4078 6420
352 356 450 414 ιοι

360 564 425 618 lia
454 581 469 617 :
502 580 606 622 nos
632 577 810 624 autem
840 570 1084 630 videntes
1099 588 1243 645 saepe
1262 574 1459 634 fratres
1472 588 1687 635 nostros
1714 580 1766 636 in
1784 581 1959 652 ipsum

362 656 655 726 impietatis
685 662 1032 734 profundum,
1068 675 1124 722 et
1161 681 1328 739 prope
1381 670 1607 726 dixerim
1631 713 1647 738 ,
1680 672 1732 728 in
1778 672 1962 729 fauces

358 745 559 803 diaboli
598 750 815 819 cadere,
842 768 1019 824 neque
1045 771 1295 813 sermone
1334 774 1432 815 eos
1456 761 1759 832 dignamur,
1787 779 1962 834 neque

359 838 683 906 consulere,
701 857 879 913 neque
920 847 1099 903 verbis
1123 846 1444 914 admonere,
1470 860 1526 906 et
1549 854 1760 924 eripere
1784 870 1816 910 a
1842 872 1959 911 ma-

362 928 510 995 litia,
536 938 592 985 et
611 932 678 986 ad
707 933 963 992 virtutem
1000 939 1381 997 manuducere.
1411 942 1635 1011 Qualem
1664 946 1826 1016 igitur
1856 949 1956 1004 ba-

359 1019 604 1078 bebimus
633 1027 1039 1084 excusationem
1069 1070 1085 1095 ,
1132 1046 1254 1087 cum
1298 1033 1477 1104 justus
1519 1051 1691 1108 neque
1746 1038 1957 1096 filiabus

360 1122 564 1182 parcat,
588 1125 646 1169 ut
667 1115 936 1188 hospitum
968 1133 1148 1179 servet
1173 1140 1357 1181 curam
1383 1145 1395 1181 :
1421 1145 1520 1186 nos
1550 1140 1730 1188 autem
1761 1133 1832 1189 ita
1855 1135 1956 1190 im-

358 1202 786 1263 misericorditer
807 1224 931 1281 erga
950 1211 1145 1270 fratres
1171 1224 1382 1273 nostros
1405 1219 1721 1291 afficiamur,
1739 1233 1793 1280 et
1813 1239 1958 1296 sarpe

358 1291 551 1386 frigida
581 1297 669 1352 ilia
708 1308 763 1355 et
810 1301 1160 1362 absurditatis
1187 1309 1345 1378 plena
1392 1312 1552 1368 verba
1583 1291 1956 1386 proferamus?

356 1384 495 1454 Quid
524 1389 704 1459 enim,
762 1392 977 1465 inquit,
1032 1399 1163 1455 mibi
1207 1417 1329 1458 cum
1357 1419 1424 1460 eo
1463 1384 1786 1466 commune?
1822 1410 1954 1468 mihi

358 1493 467 1533 non
497 1488 581 1535 est
602 1497 767 1548 curae,
799 1485 931 1542 nihil
961 1489 1093 1544 mihi
1137 1494 1333 1565 negotii
1368 1511 1489 1552 cum
1510 1512 1594 1554 eo.
1621 1499 1759 1567 Quid
1778 1500 1912 1558 dicis
1932 1541 1951 1570 ,

359 1567 565 1624 homo?
592 1570 733 1628 Nihil
755 1577 848 1632 tibi
866 1592 1152 1638 commune
1178 1599 1302 1639 cum
1346 1588 1452 1642 eo?
1490 1589 1680 1646 Frater
1703 1600 1824 1648 tuus
1846 1567 1950 1662 est,

354 1660 598 1731 ejusdem
632 1673 809 1722 tecum
862 1662 1086 1738 naturai,
1145 1677 1246 1732 sub
1273 1678 1463 1735 eodem
1501 1683 1632 1739 estis
1684 1660 1947 1755 Domino,

360 1766 508 1824 saepe
533 1757 695 1813 etiam
723 1760 965 1830 ejusdem
996 1768 1285 1838 participes
1311 1786 1531 1838 mensae,
1567 1775 1859 1845 spiritualis
1878 1779 1945 1834 il-

358 1845 495 1916 lius,
536 1849 776 1923 inquam,
807 1863 863 1910 et
895 1859 1170 1929 terribilis,
1202 1872 1257 1918 et
1290 1862 1426 1920 dicis
1456 1883 1470 1920 :
1502 1865 1645 1923 Nihil
1662 1884 1948 1929 commune

358 1936 535 1996 habeo
567 1958 687 1999 cum
712 1961 807 2013 eo;
834 1957 889 2003 et
917 1950 1415 2012 immisericorditcr
1444 1961 1705 2028 prmteris,
1745 1970 1802 2019 et
1840 1979 1948 2020 non

355 2030 585 2125 porrigis
608 2034 810 2105 jacenti
841 2041 1098 2096 manum?
1118 2044 1184 2098 Et
1211 2043 1410 2102 Judzeis
1432 2049 1647 2119 quidem
1672 2053 1757 2107 lex
1781 2055 1950 2125 impe-

358 2121 534 2191 rabat,
596 2141 665 2182 ne
736 2129 1076 2188 inimicorum
1114 2135 1263 2205 lapsa
1310 2138 1554 2208 jumenta
1618 2121 1950 2216 negligerent

353 2212 554 2281 (Exod.
585 2218 676 2274 25.
701 2220 760 2290 5)
787 2239 800 2275 :
834 2230 889 2277 tu
910 2232 1088 2280 autem
1116 2225 1333 2284 fratrem
1350 2237 1497 2286 tuum
1524 2247 1553 2286 a
1571 2212 1786 2291 annon;
1804 2252 1948 2307 saepe

352 2307 648 2381 sauciatam
669 2319 725 2367 et
758 2313 1026 2384 jacentem
1071 2333 1178 2375 non
1225 2336 1387 2392 super
1418 2331 1637 2395 terram,
1662 2329 1757 2386 sed
1787 2345 1950 2402 super

352 2401 559 2468 peccati
581 2401 895 2463 barathrum
932 2408 1143 2478 videns,
1174 2421 1261 2469 tua
1290 2415 1666 2475 exhortatione
1706 2435 1812 2476 non
1857 2401 1946 2479 re-

354 2490 545 2557 trahis,
577 2509 682 2549 non
705 2495 1123 2557 admonitionem
1150 2512 1290 2559 tuam
1318 2506 1561 2575 adhibes,
1592 2524 1698 2565 non
1733 2512 1871 2568 alios
1892 2514 1945 2569 in

351 2584 612 2640 auxilium
656 2602 841 2657 vocas,
872 2598 934 2646 ut
958 2595 1001 2647 si
1034 2592 1148 2649 fieri
1183 2597 1371 2665 possit,
1406 2614 1435 2652 a
1471 2599 1712 2658 faucibus
1759 2603 1946 2661 bestia:

352 2676 654 2732 membrum
679 2686 827 2735 tuum
852 2698 1044 2740 eruere
1060 2686 1267 2753 valeas,
1297 2698 1351 2744 et
1377 2691 1445 2745 ad
1472 2706 1624 2747 suam
1671 2693 1935 2753 reducere

354 2766 688 2858 nobilitatem
719 2787 733 2825 :
762 2780 821 2827 ut
870 2782 927 2829 et
976 2775 1112 2847 ipse,
1164 2780 1207 2834 si
1235 2782 1450 2851 quando
1498 2784 1778 2850 cecideris,
1801 2789 1945 2858 quod

350 2857 531 2926 absit,
565 2860 617 2916 in
638 2863 859 2933 laqueos
886 2868 1010 2923 mali
1027 2869 1287 2927 daemonis
1316 2874 1461 2930 illius
1482 2917 1497 2942 ,
1543 2877 1720 2947 possis
1745 2857 1945 2937 habere

350 2948 567 3018 aliquos
597 2953 687 3023 qui
713 2963 764 3009 te
788 2953 1002 3025 juvent,
1036 2968 1091 3014 et
1119 2960 1348 3017 liberent
1373 2979 1402 3017 a
1428 2967 1675 3024 manibus
1709 2968 1945 3027 diaboli?

351 3038 447 3095 Sic
465 3050 520 3095 ct
545 3041 743 3101 Paulus
766 3049 1013 3107 excitare
1044 3053 1232 3110 volens
1273 3055 1508 3125 Galatas,
1536 3068 1594 3115 ut
1621 3062 1733 3117 suis
1760 3066 1944 3136 provi-

350 3128 516 3187 deant
535 3136 818 3203 membris,
848 3140 1020 3212 inquit
1052 3161 1065 3197 :
1099 3144 1441 3204 Cattsiderans
1475 3128 1790 3222 temetipsum
1820 3197 1836 3224 ,
1883 3173 1948 3213 ne

348 3231 398 3275 et
420 3231 475 3277 tu
500 3227 704 3281 tenteris
738 3228 933 3299 (Galat.
976 3233 1031 3288 6.
1088 3235 1143 3307 1)
1168 3253 1182 3289 :
1206 3238 1359 3308 quasi
1389 3239 1616 3309 diceret,
1651 3243 1709 3300 Si
1741 3246 1942 3318 absque

349 3316 826 3377 commiseratione
848 3332 906 3378 et
931 3324 1221 3384 inhumane
1248 3330 1468 3388 fratrem
1499 3337 1766 3406 praeteris,
1806 3316 1946 3399 forte

350 3414 406 3460 et
438 3416 510 3474 te,
542 3408 587 3463 si
603 3411 897 3479 cecideris,
925 3415 1063 3473 alius
1092 3418 1340 3477 similiter
1363 3426 1675 3493 praeteribit.
1708 3428 1762 3485 Si
1785 3430 1945 3501 igitur

353 3501 438 3554 vis
473 3517 578 3557 non
620 3503 822 3576 chpici
868 3510 1042 3566 sicubi
1086 3512 1319 3582 labaris,
1354 3532 1421 3572 ne
1470 3517 1586 3589 ipse
1629 3520 1944 3593 despexeris

349 3592 517 3647 alium
548 3595 675 3649 :sed
703 3612 950 3669 magnam
977 3616 1090 3671 prte
1123 3610 1176 3659 te
1196 3604 1278 3660 fer
1302 3605 1709 3681 benignitatem,
1732 3592 1792 3670 et
1826 3615 1944 3672 the-

350 3698 572 3741 saurum
594 3688 759 3745 crede
790 3694 1113 3763 maximum,
1142 3698 1187 3752 si
1223 3713 1443 3757 servare
1480 3705 1654 3772 possis
1698 3707 1938 3765 fratrem.

349 3775 491 3832 Nihil
522 3780 666 3835 enim
696 3781 821 3839 huic
859 3802 1111 3858 umquam
1153 3805 1248 3861 par
1287 3791 1402 3847 fieri
1455 3797 1672 3864 poterit,
1702 3802 1843 3870 quod
1872 3801 1942 3858 ad

350 3869 603 3926 virtutem
634 3874 845 3930 attinet.
874 3877 1006 3933 Nam
1048 3881 1092 3934 si
1140 3882 1316 3937 solum
1373 3884 1694 3956 cogitaveris
1729 3869 1936 3960 illum,

351 3975 511 4031 quem
535 3963 768 4034 despicis
793 3975 846 4023 et
883 3970 1149 4038 praeteris,
1172 3987 1202 4027 a
1226 3972 1453 4029 Domino
1485 3984 1575 4032 tuo
1598 3987 1744 4034 tanto
1762 3980 1814 4036 in
1837 3981 1939 4037 ho-

355 4067 489 4109 nore
534 4053 775 4112 habitum
821 4059 1006 4128 fuisse,
1042 4070 1101 4117 ut
1146 4073 1366 4134 prepter
1398 4066 1569 4137 ipsum
1597 4084 1704 4125 non
1732 4070 1942 4144 refuge-

350 4146 421 4200 rit
445 4157 499 4202 ct
521 4152 833 4220 sanguinem
857 4170 1016 4210 suum
1047 4156 1348 4226 effundere,
1376 4161 1516 4216 sicut
1541 4171 1598 4217 et
1619 4163 1815 4221 Paulus
1853 4167 1939 4222 di—

351 4237 429 4292 cit
455 4254 468 4291 :
504 4238 571 4293 Et
601 4242 780 4311 peribit
830 4246 1066 4314 inﬁrmus
1091 4249 1248 4317 frater
1292 4250 1345 4304 in
1375 4260 1460 4306 tua
1480 4254 1707 4319 scientia,
1737 4268 1943 4327 propter

348 4346 497 4402 quem
536 4330 767 4389 Christus
796 4346 1020 4392 mortuus
1045 4349 1117 4394 est
1164 4340 1241 4411 (l.
1274 4341 1393 4397 Cor.
1420 4344 1475 4399 8.
1511 4344 1641 4417 il):
1671 4351 1942 4416 quomodo

350 4442 459 4483 non
501 4445 611 4499 pra:
651 4427 857 4499 pudore
889 4428 992 4488 sub
1022 4439 1165 4489 terra
1221 4441 1274 4493 te
1306 4432 1650 4491 abscondes?
1678 4436 1736 4493 Si
1779 4439 1941 4510 igitur

348 4530 570 4589 propter
598 4522 748 4577 illum
795 4523 1037 4583 Christus
1081 4529 1394 4599 sanguinem
1433 4524 1638 4601 effudit,
1667 4529 1793 4605 quid
1834 4546 1941 4593 ma-

345 4623 511 4679 gnum
537 4608 725 4679 facies,
757 4613 801 4669 si
836 4624 978 4670 tuam
1009 4616 1061 4671 in
1086 4632 1207 4673 eum
1238 4618 1481 4676 declares
1510 4621 1938 4683 benevolentiam

244 4762 247 4765 δ
346 4710 403 4756 ct
428 4702 803 4762 exhortatione
821 4707 1105 4763 verborum
1130 4709 1398 4779 jacentcm
1423 4712 1618 4784 erigas,
1637 4719 1938 4775 etanimam

344 4808 579 4850 mersam
609 4796 746 4853 forte
781 4807 836 4853 et
864 4799 1196 4857 submersam
1226 4804 1427 4860 referas
1455 4821 1521 4862 ex
1547 4808 1811 4876 profundo
1827 4826 1942 4865 ma-

346 4889 498 4956 litiae,
531 4900 589 4946 et
618 4891 749 4947 illud
777 4902 989 4964 satagas
1009 4903 1068 4949 ut
1091 4895 1262 4952 videat
1293 4899 1504 4954 virtutis
1526 4898 1723 4970 lucem,
1752 4918 1814 4958 ac
1830 4920 1936 4959 non

345 4992 592 5036 recurrat
616 4982 686 5037 ad
717 4983 969 5039 vitiorum
1007 4986 1328 5057 caliginem?

416 5071 472 5126 5.
506 5072 790 5129 Imitemur
817 5075 997 5146 igitur,
1039 5078 1286 5143 obsecro.
1311 5079 1515 5150 justum
1548 5082 1736 5158 illum,
1787 5095 1843 5140 et
1893 5088 1938 5144 si

345 5162 763 5231 periclitandum
803 5166 962 5220 etiam
992 5166 1157 5223 fuerit
1186 5185 1284 5238 pro
1315 5174 1488 5227 salute
1528 5175 1778 5243 proximi,
1832 5192 1937 5233 non

344 5256 448 5311 hoc
476 5257 949 5328 subterfugiamus.
978 5259 1112 5315 Nam
1133 5262 1237 5317 tale
1263 5265 1556 5333 periculum
1582 5268 1737 5323 nobis
1752 5270 1940 5327 salutis

344 5347 505 5404 fuerit
524 5350 759 5419 occasio,
784 5353 1114 5423 multamque
1141 5356 1446 5413 conciliabit
1492 5359 1761 5416 ﬁduciam.
1790 5364 1937 5419 Con-

345 5442 523 5497 sidera
551 5444 718 5510 enim,
752 5445 1002 5510 obsecro,
1049 5447 1322 5517 quomodo
1342 5449 1518 5518 justus
1542 5453 1633 5509 ille
1654 5456 1751 5510 toti
1771 5470 1939 5527 popu-

346 5535 419 5602 lo,
461 5536 550 5607 qui
584 5537 656 5591 ita
682 5537 736 5592 in
761 5537 1021 5593 malitiam
1052 5539 1482 5609 eonspiraverat,
1513 5558 1572 5600 se
1591 5548 1937 5618 opposuerit,

342 5640 397 5685 et
424 5645 671 5701 magnam
702 5630 1045 5686 clementiam
1094 5632 1527 5705 ineffabilemque
1570 5638 1937 5696 fortitudinem

345 5738 459 5793 prce
486 5736 547 5778 se
576 5722 783 5785 tulerit,
806 5722 1050 5793 quamvis
1096 5737 1271 5795 neque
1316 5723 1395 5780 sic
1415 5728 1684 5797 corrigere
1705 5732 1940 5800 potuerit

345 5816 665 5873 indomitam
690 5815 899 5872 illorum
927 5815 1207 5871 insaniam.
1235 5816 1441 5888 Quippe
1467 5821 1589 5889 post
1618 5821 1780 5879 verba
1806 5822 1898 5878 illa
1917 5862 1933 5892 ,

1375 370 1444 428 IN
1481 372 1632 430 CAP.
1675 373 1820 431 XIX.
1860 373 2104 436 GENES.
2149 379 2381 439 llOMlL.
2423 382 2608 441 XLIII.

357 471 505 544 dico)
527 476 763 533 omnino
784 476 996 549 ignotos
1014 480 1247 552 eriperet
1265 483 1336 541 ab
1364 485 1650 557 impiorum
1678 498 1960 547 contume-
2012 504 2019 510 ‘

3556 402 3662 458 402

2071 500 2127 547 et
2158 501 2267 549 tam
2312 496 2562 551 eximiam
2614 501 3077 559 mansuetudinem
3104 546 3119 570 ,
3173 520 3295 563 cum
3346 509 3529 567 verbis
3558 518 3669 566 suis

2065 585 2217 653 quasi
2242 586 2489 643 manibus
2505 591 2868 657 prostituisset
2889 593 3045 663 filias,
3072 597 3199 667 quid
3225 599 3409 655 dicunt
3425 600 3493 655 ad
3510 605 3669 657 eum?

2066 675 2121 731 9.
2149 676 2348 732 Recede
2395 679 2537 735 illuc.
2569 681 2613 737 Ο
2654 698 2869 754 gravem
2915 688 3267 748 ebrietatem!
3306 708 3341 749 ο
3388 694 3665 765 ingentem

2066 764 2460 839 insipientiam!
2496 770 2551 827 In
2598 772 2739 829 hunc
2788 777 3003 832 modum
3033 795 3091 835 se
3140 781 3304 839 habet
3362 784 3583 841 efferata
3611 797 3665 842 rt

2067 858 2204 913 mala
2235 860 2403 916 bestia
2431 865 2864 934 concupiscentia
2889 887 2901 921 :
2929 871 3142 938 quando
3163 874 3426 930 rationem
3448 876 3661 942 vicerit,

2064 948 2197 1004 nihil
2224 950 2481 1009 decorum
2503 964 2557 1010 et
2584 956 2867 1013 honestum
2906 961 3089 1017 videre
3116 964 3265 1031 sinit,
3298 966 3395 1022 sed
3420 970 3572 1038 quasi
3608 969 3662 1024 in

2064 1041 2307 1097 t8nebris
2333 1054 2387 1098 et
2413 1059 2586 1116 pugna
2621 1058 2882 1104 nocturna
2909 1051 3085 1106 omnia
3112 1051 3256 1108 facit.
3295 1056 3487 1111 Recede
3511 1058 3657 1123 illuc,

2061 1131 2279 1189 dicunt:
2304 1137 2479 1191 uenisti
2505 1147 2558 1191 ut
2587 1154 2719 1193 esses
2738 1140 2957 1207 aduena,
2982 1146 3226 1215 numquid
3254 1147 3407 1201 etiam
3431 1157 3485 1201 ut
3503 1150 3657 1219 judi-

2057 1223 2195 1278 cium
2223 1226 2426 1297 judices
2446 1228 2472 1281 1’
2498 1227 2638 1300 Ergo
2664 1247 2798 1286 nunc
2821 1242 2867 1287 te
2887 1234 3162 1305 aﬂiigemus
3191 1239 3374 1308 magis,
3406 1256 3559 1307 quam
3588 1242 3657 1294 if-

2060 1314 2156 1371 los.
2187 1316 2323 1373 Vide
2352 1321 2622 1390 quomodo
2644 1323 2822 1392 justus
2843 1328 3121 1383 mansuete
3148 1343 3268 1383 cum
3286 1330 3365 1385 eis
3386 1331 3642 1402 loquitur,

2059 1406 2135 1462 illi
2173 1418 2352 1466 autem
2382 1424 2581 1481 quanta
2622 1414 2899 1473 ferocitate
2934 1419 3282 1488 respondeant.
3334 1422 3490 1478 Enim
3524 1438 3655 1480 vero

2056 1499 2209 1569 quasi
2234 1516 2265 1555 a
2290 1501 2507 1560 diabolo
2544 1507 2821 1577 exagitati,
2863 1516 3011 1565 eteo
3059 1511 3310 1568 ducatum
3338 1514 3648 1584 praebente,

2056 1590 2130 1647 ita
2152 1601 2338 1649 couitra
2362 1594 2568 1665 justum
2599 1599 2898 1671 insurgunt,
2931 1610 2987 1657 et
3010 1602 3195 1659 dicunt
3222 1621 3238 1658 :
3266 1603 3459 1660 Venisti
3480 1616 3535 1661 ut
3558 1608 3654 1660 ad-

2054 1696 2182 1737 uena
2210 1700 2361 1753 esses,
2391 1688 2638 1758 numquid
2662 1690 2813 1745 etiam
2833 1700 2888 1746 ut
2916 1692 3171 1763 judicium
3187 1696 3438 1767 judices?
3465 1698 3647 1753 Adve-

2055 1788 2178 1829 nam
2234 1784 2307 1844 te,
2339 1778 2601 1847 inquiunt,
2642 1783 2976 1852 suscepimus
3008 1802 3023 1837 :
3049 1801 3175 1840 num
3197 1794 3252 1842 et
3275 1787 3439 1858 judex
3467 1800 3654 1845 noster

2054 1878 2114 1919 es
2166 1864 2382 1921 factus?
2421 1867 2467 1924 0
2508 1879 2804 1926 extremam
2872 1873 3311 1944 improbitatem!
3354 1877 3651 1948 Oportebat

2052 1958 2391 2025 erubescere,
2421 1961 2703 2032 oportebat
2722 1964 2954 2020 revereri
2975 1967 3255 2023 consilium
3268 1968 3397 2039 justi
3422 1987 3437 2025 :
3460 1985 3646 2026 verum

2055 2047 2193 2104 sicut
2217 2051 2389 2106 insani
2412 2055 2571 2108 etiam
2596 2054 2861 2109 medicum
2906 2057 3167 2127 impetere
3188 2068 3470 2126 conantur,
3497 2062 3564 2115 ita
3593 2072 3651 2117 et

2055 2138 2132 2195 illi
2164 2157 2178 2194 :
2212 2139 2303 2207 Te,
2334 2144 2503 2209 aiunt,
2552 2146 2712 2216 magis
2739 2146 3033 2218 aﬁiigemus,
3063 2166 3217 2220 quant
3260 2151 3397 2206 illos.
3452 2152 3507 2207 Si
3539 2168 3645 2207 non

2054 2232 2155 2299 vis,
2178 2234 2347 2301 aiunt,
2375 2236 2538 2292 silere
2562 2246 2616 2293 et
2647 2240 2948 2308 quiescere,
2978 2241 3157 2298 disces
3175 2251 3225 2299 te
3243 2246 3538 2314 patrocinio
3556 2254 3647 2301 tuo

2052 2323 2186 2378 nihil
2214 2325 2359 2381 aliud
2383 2327 2721 2398 effecturum,
2750 2341 3107 2402 praeterquam
3154 2336 3297 2404 quod
3321 2336 3397 2391 illi
3428 2338 3644 2407 quidem

2051 2414 2348 2484 periculum
2371 2417 2650 2487 effugient,
2684 2428 2737 2474 tu
2759 2428 2936 2476 autem
2965 2422 3017 2476 in
3058 2423 3233 2492 ipsum
3263 2425 3489 2481 incides.
3532 2426 3644 2479 Fa-

2049 2506 2245 2562 ciebant
2271 2519 2437 2563 autem
2458 2512 2556 2565 vim
2586 2511 2681 2567 Lat
2712 2514 2874 2569 valde.
2901 2514 3034 2570 Vide
3054 2515 3253 2585 justum
3288 2518 3436 2573 illum
3465 2534 3640 2588 quan-

2050 2605 2159 2653 tam
2186 2600 2550 2656 fortitudinem
2585 2603 2855 2672 declarat,
2893 2614 2948 2660 et
2999 2615 3158 2660 tanta:
3184 2608 3507 2664 multitudini
3539 2624 3638 2680 0p-

2050 2704 2250 2760 ponere
2280 2707 2338 2747 se
2385 2700 2569 2749 tentat.
2608 2694 2672 2748 Et
2712 2697 3270 2768 apprapinquauerunt,
3320 2700 3526 2771 inquit,
3585 2710 3643 2755 ut

2054 2790 2365 2837 contererent
2383 2785 2623 2855 januam.
2652 2785 2785 2841 Nam
2812 2790 3064 2857 quoniam
3098 2804 3431 2860 egressurus,
3460 2802 3513 2847 et
3542 2791 3638 2846 hoc

2053 2888 2172 2929 rum
2202 2874 2461 2931 insaniam
2484 2878 2785 2947 praevidens
2811 2879 3003 2936 clausit
3030 2889 3149 2951 post
3176 2895 3237 2937 se
3261 2880 3503 2951 januam,
3534 2899 3640 2939 non

2050 2964 2283 3023 ferentes
2328 2967 2478 3038 impii
2515 2978 2571 3025 et
2616 2971 2832 3026 scelesti
2893 2972 2970 3027 illi
3022 2972 3441 3029 admonitionem
3485 2977 3638 3044 justi,

2050 3056 2222 3127 ipsum
2251 3060 2299 3115 vi
2326 3060 2663 3129 premebant,
2701 3071 2755 3116 et
2769 3062 2990 3133 januam
3034 3071 3316 3119 conterere
3345 3065 3642 3120 molieban-

2051 3156 2156 3203 tur.
2190 3149 2298 3206 Sed
2328 3152 2454 3222 quia
2480 3154 2737 3223 operibus
2763 3156 2894 3209 satis
2919 3155 3283 3211 demonstrata
3315 3155 3487 3212 fuerat
3506 3157 3636 3227 justi

2049 3240 2238 3308 virtus,
2282 3253 2338 3298 et
2375 3243 2710 3314 hospitalitas
2746 3262 2872 3316 erga
2924 3262 3021 3302 eos
3047 3248 3137 3317 qui
3190 3250 3454 3320 peregrini
3482 3260 3636 3321 puta-

2049 3330 2260 3395 bantur,
2288 3348 2387 3389 nec
2430 3350 2536 3390 non
2561 3345 2616 3390 et
2653 3337 2982 3405 conspiratio
3024 3338 3186 3393 totius
3214 3340 3396 3408 p0puli
3434 3341 3486 3395 in
3518 3356 3637 3394 nia-

2049 3421 2179 3489 lum,
2214 3431 2343 3479 tunc
2363 3433 2418 3480 et
2450 3425 2483 3479 ii
2514 3426 2604 3496 qui
2625 3426 2976 3493 advenerant,
3008 3427 3422 3483 manifestarunt
3459 3444 3538 3485 se.
3567 3431 3637 3485 Et

2048 3516 2174 3585 quia
2212 3517 2452 3572 viderant
2485 3517 2687 3587 justum
2714 3533 2877 3575 omne
2900 3518 3139 3575 officium
3163 3536 3316 3576 suum
3346 3522 3596 3593 implesse
3617 3564 3634 3588 ,

2048 3624 2199 3666 suam
2230 3610 2568 3667 declarantes
2618 3613 2929 3682 potentiam,
2952 3614 3225 3685 suppetias
3248 3612 3426 3670 ferunt
3449 3615 3597 3685 justo
3618 3656 3636 3681 ,

2047 3700 2134 3757 cui
2167 3700 2248 3755 vis
2278 3700 2441 3756 ﬁebat
2466 3701 2536 3756 ab
2569 3702 2781 3757 illorum
2832 3703 3057 3758 insania.
3090 3703 3177 3758 l0.
3212 3703 3414 3773 Itaque,
3444 3706 3636 3776 inquit,

2028 3793 2139 3865 qviri
2165 3793 2397 3848 manibus
2421 3795 2633 3849 extentis
2675 3804 2987 3851 attraxerant
3018 3796 3114 3851 Lot
3138 3797 3207 3851 ad
3226 3814 3281 3852 se
3308 3799 3359 3853 in
3385 3798 3590 3853 domum
3620 3841 3636 3867 ,

2045 3892 2093 3936 et
2108 3883 2329 3953 januam
2356 3884 2537 3939 domus
2566 3886 2855 3940 clauserunt
2876 3904 2897 3952 ;
2928 3887 3016 3943 ll.
3048 3887 3179 3943 viros
3199 3898 3368 3942 autem
3388 3890 3475 3960 qui
3498 3902 3642 3944 erant

2044 3974 2186 4045 apud
2211 3974 2431 4044 januam
2477 3984 2828 4044 percusserunt
2870 3977 3097 4032 ca'citate
3138 3994 3170 4030 a
3200 3995 3355 4049 parvo
3381 3995 3534 4049 usque
3572 3981 3642 4033 ad

2045 4082 2309 4137 magnum,
2335 4076 2383 4122 et
2406 4068 2638 4123 dissoluti
2656 4078 2774 4123 sunt
2790 4080 3068 4140 quwrentes
3086 4072 3325 4141 januam.
3353 4071 3513 4128 Vides
3534 4089 3640 4144 quo

2047 4168 2205 4227 pacto
2241 4157 2420 4229 justus
2462 4159 2555 4215 ille
2584 4160 2764 4214 statim
2797 4162 3177 4231 hospitalitatis
3215 4163 3409 4233 accipit
3435 4180 3643 4219 merce-

2045 4248 2168 4305 dem
2193 4289 2209 4315 ,
2246 4257 2302 4305 et
2342 4250 2490 4320 impii
2551 4251 2629 4305 illi
2672 4251 2830 4322 digna
2884 4252 3187 4322 plectuntur
3247 4255 3450 4325 pinna?
3494 4255 3635 4311 Dicit

2046 4339 2189 4395 enim
2222 4357 2235 4393 :
2266 4341 2592 4395 Attraxerunt
2618 4341 2716 4396 Lot
2742 4344 2793 4396 in
2821 4343 3051 4410 domum,
3104 4355 3151 4398 et
3194 4346 3404 4412 ianuam
3432 4347 3630 4401 clause-

2045 4442 2203 4498 Nfﬂf,’
2226 4434 2360 4487 υἱνοδ
2385 4444 2553 4487 autent
2600 4445 2955 4504 percusserunt
2984 4436 3209 4490 cwcitate
3248 4454 3280 4489 a
3307 4453 3458 4509 parvo
3480 4454 3637 4513 usque

2044 4525 2115 4585 ad
2135 4541 2397 4601 magnum,
2428 4534 2479 4586 et
2505 4524 2745 4585 dissoluti
2784 4541 2901 4585 sunt
2921 4542 3201 4601 quaerentes
3220 4535 3462 4603 januam.
3494 4533 3637 4602 Quo-

2047 4623 2188 4677 niam
2215 4622 2414 4677 mentis
2444 4636 2630 4677 eorum
2673 4620 2863 4675 oculus
2904 4631 3206 4677 excazcatus
3254 4632 3391 4688 erat,
3423 4635 3643 4694 propter

2047 4716 2152 4773 hoc
2177 4724 2230 4771 et
2247 4716 2360 4770 visu
2390 4715 2577 4785 privati
2605 4721 2729 4768 sunt
2756 4730 2770 4767 :
2793 4722 2850 4768 ut
2872 4714 3079 4782 discant
3098 4715 3227 4769 nihil
3257 4715 3356 4770 sibi
3386 4716 3642 4786 prodesse

2045 4807 2352 4879 corporales
2380 4806 2564 4861 oculos
2590 4846 2605 4873 ,
2637 4805 2682 4859 si
2708 4803 2851 4859 oculi
2902 4805 3098 4860 mentis
3140 4804 3339 4861 fuerint
3364 4810 3640 4862 excaecati.

2047 4899 2258 4969 thuia
2285 4897 2733 4967 conSpiraverant
2771 4897 2824 4951 in
2860 4896 3082 4963 malitia,
3114 4905 3171 4952 et
3216 4912 3244 4951 a
3276 4899 3420 4952 malo
3446 4908 3640 4954 conatu

2046 5007 2222 5063 neque
2244 5006 2402 5046 senes
2422 5004 2595 5059 neque
2625 4989 2852 5059 juvenes
2894 4988 3256 5054 abstinebant,
3296 4989 3423 5045 ideo
3450 5004 3641 5044 omnes

2047 5083 2297 5139 excatcati
2327 5091 2451 5136 sunt
2481 5089 2573 5134 :et
2598 5095 2703 5135 non
2730 5079 2902 5135 solum
2934 5081 3207 5143 exca'cati,
3240 5079 3333 5135 sed
3364 5089 3420 5134 et
3440 5080 3641 5134 viribus

2046 5175 2291 5245 corporis
2328 5172 2566 5228 destituti
2593 5179 2759 5227 sunt:
2792 5170 3223 5241 quandoquidem
3257 5170 3401 5225 enim
3432 5170 3640 5238 potiare

2048 5266 2281 5321 hominis
2310 5273 2465 5333 parte
2490 5263 2668 5318 anima
2703 5261 2969 5318 debilitati
2997 5270 3174 5324 erant,
3207 5260 3403 5316 idcirco
3437 5259 3640 5317 viribus

2048 5359 2209 5413 etiam
2257 5355 2502 5425 corporis
2531 5363 2655 5409 sunt
2695 5353 3050 5410 destituti:et
3099 5352 3189 5419 qui
3238 5349 3383 5418 prius
3419 5349 3637 5419 januam

2047 5459 2328 5504 conterere
2382 5446 2689 5502 nitebantur
2726 5442 3085 5511 adhibitisque
3135 5440 3294 5494 minis
3327 5455 3450 5495 cum
3492 5441 3640 5509 justo

2047 5541 2419 5612 loquebantur,
2445 5538 2621 5593 subito
2640 5542 2902 5590 steterunt
2927 5531 3121 5587 luxatis
3141 5530 3417 5599 membris,
3440 5543 3493 5587 et
3515 5542 3642 5588 ante

2047 5635 2234 5691 oculos
2253 5633 2409 5688 sitam
2437 5630 2653 5701 januam
2688 5642 2793 5681 non
2816 5625 3077 5681 videntes.
3104 5625 3255 5679 Tunc
3281 5624 3433 5695 quasi
3465 5627 3638 5695 respi-

2051 5729 2191 5785 ravit
2241 5726 2437 5796 justus,
2485 5722 2672 5776 videns
2731 5719 2923 5791 quales
2988 5717 3229 5788 hospites
3294 5726 3513 5782 essent,
3582 5727 3636 5769 et

2050 5836 2209 5893 quam
2238 5832 2444 5892 magna:
2483 5815 2713 5873 virtutis.
2747 5814 2834 5870 t2.
2879 5812 3089 5871 Etenim
3134 5811 3386 5868 Dixerunt
3426 5812 3493 5865 ad
3522 5822 3636 5865 eum
