  <div class='ocr_page' id='page_1' title='image "/cluster/home/n/w/nwhite01/storage/ocr_20150623/54:no.4:pt.2/coo.31924054869544/031.png"; bbox 0 0 4078 6426; ppageno 0'>
   <div class='ocr_carea' id='block_1_1' title="bbox 461 385 574 442">
    <p class='ocr_par' dir='ltr' id='par_1_1' title="bbox 461 385 574 442">
     <span class='ocr_line' id='line_1_1' title="bbox 461 385 574 442; baseline -0.018 0"><span class='ocrx_word' id='word_1_1' title='bbox 461 385 574 442; x_wconf 66' lang='grc'><strong><em>’405</em></strong></span> 
     </span>
    </p>
   </div>
   <div class='ocr_carea' id='block_1_2' title="bbox 446 476 2044 554">
    <p class='ocr_par' dir='ltr' id='par_1_2' title="bbox 446 476 2044 554">
     <span class='ocr_line' id='line_1_2' title="bbox 446 476 2044 554; baseline -0.008 -10"><span class='ocrx_word' id='word_1_2' title='bbox 446 490 555 545; x_wconf 67' lang='lat' dir='ltr'><strong><em>uiri</em></strong></span> <span class='ocrx_word' id='word_1_3' title='bbox 579 483 716 543; x_wconf 75' lang='lat' dir='ltr'><strong><em>:Est</em></strong></span> <span class='ocrx_word' id='word_1_4' title='bbox 745 484 858 554; x_wconf 90' lang='lat' dir='ltr'><strong><em>quis</em></strong></span> <span class='ocrx_word' id='word_1_5' title='bbox 885 483 991 537; x_wconf 62' lang='lat' dir='ltr'><strong><em>tibi</em></strong></span> <span class='ocrx_word' id='word_1_6' title='bbox 1038 482 1118 536; x_wconf 72' lang='lat' dir='ltr'><strong><em>hic</em></strong></span> <span class='ocrx_word' id='word_1_7' title='bbox 1172 497 1322 549; x_wconf 83' lang='lat' dir='ltr'><strong><em>gener</em></strong></span> <span class='ocrx_word' id='word_1_8' title='bbox 1373 480 1448 532; x_wconf 77' lang='lat' dir='ltr'><strong><em>vel</em></strong></span> <span class='ocrx_word' id='word_1_9' title='bbox 1498 477 1594 546; x_wconf 83' lang='lat' dir='ltr'><strong><em>ﬁlii</em></strong></span> <span class='ocrx_word' id='word_1_10' title='bbox 1616 478 1712 530; x_wconf 79' lang='grc' dir='ltr'>.υι›ι</span> <span class='ocrx_word' id='word_1_11' title='bbox 1745 476 1915 545; x_wconf 69' lang='lat' dir='ltr'><strong><em>.ﬁliw.</em></strong></span> <span class='ocrx_word' id='word_1_12' title='bbox 1967 477 2044 532; x_wconf 82' lang='lat' dir='ltr'><strong><em>rel</em></strong></span> 
     </span>
    </p>
   </div>
   <div class='ocr_carea' id='block_1_3' title="bbox 447 565 2049 648">
    <p class='ocr_par' dir='ltr' id='par_1_3' title="bbox 447 565 2049 648">
     <span class='ocr_line' id='line_1_3' title="bbox 447 565 2049 648; baseline -0.012 -13"><span class='ocrx_word' id='word_1_13' title='bbox 447 581 597 634; x_wconf 62' lang='lat' dir='ltr'><strong><em>&quot;alius</em></strong></span> <span class='ocrx_word' id='word_1_14' title='bbox 629 579 754 648; x_wconf 60' lang='lat' dir='ltr'><strong><em>:quis</em></strong></span> <span class='ocrx_word' id='word_1_15' title='bbox 779 577 852 630; x_wconf 86' lang='lat' dir='ltr'><strong><em>-iu</em></strong></span> <span class='ocrx_word' id='word_1_16' title='bbox 901 571 1141 628; x_wconf 74' lang='lat' dir='ltr'><strong><em>civitate?</em></strong></span> <span class='ocrx_word' id='word_1_17' title='bbox 1169 571 1301 625; x_wconf 73' lang='lat' dir='ltr'><strong><em>Vide</em></strong></span> <span class='ocrx_word' id='word_1_18' title='bbox 1332 569 1602 639; x_wconf 85' lang='lat' dir='ltr'><strong><em>quomodo</em></strong></span> <span class='ocrx_word' id='word_1_19' title='bbox 1627 565 1766 636; x_wconf 84' lang='lat' dir='ltr'><strong><em>justi</em></strong></span> <span class='ocrx_word' id='word_1_20' title='bbox 1811 566 2049 634; x_wconf 76' lang='lat' dir='ltr'><strong><em>hospita-</em></strong></span> 
     </span>
    </p>
   </div>
   <div class='ocr_carea' id='block_1_4' title="bbox 452 659 2048 734">
    <p class='ocr_par' dir='ltr' id='par_1_4' title="bbox 452 659 2048 734">
     <span class='ocr_line' id='line_1_4' title="bbox 452 659 2048 734; baseline -0.009 -7"><span class='ocrx_word' id='word_1_21' title='bbox 452 673 670 727; x_wconf 66' lang='lat' dir='ltr'><strong><em>litatem</em></strong></span> <span class='ocrx_word' id='word_1_22' title='bbox 712 677 1085 729; x_wconf 87' lang='lat' dir='ltr'><strong><em>remunerant,</em></strong></span> <span class='ocrx_word' id='word_1_23' title='bbox 1131 677 1190 720; x_wconf 90' lang='lat' dir='ltr'><strong><em>et</em></strong></span> <span class='ocrx_word' id='word_1_24' title='bbox 1225 663 1494 734; x_wconf 90' lang='lat' dir='ltr'><strong><em>quomodo</em></strong></span> <span class='ocrx_word' id='word_1_25' title='bbox 1541 663 1813 730; x_wconf 71' lang='lat' dir='ltr'><strong><em>eilargm</em></strong></span> <span class='ocrx_word' id='word_1_26' title='bbox 1864 659 2048 713; x_wconf 86' lang='lat' dir='ltr'><strong><em>volunt</em></strong></span> 
     </span>
    </p>
   </div>
   <div class='ocr_carea' id='block_1_5' title="bbox 465 751 2045 824">
    <p class='ocr_par' dir='ltr' id='par_1_5' title="bbox 465 751 2045 824">
     <span class='ocr_line' id='line_1_5' title="bbox 465 751 2045 824; baseline -0.011 -5"><span class='ocrx_word' id='word_1_27' title='bbox 465 764 703 819; x_wconf 82' lang='lat' dir='ltr'><strong><em>aﬂiuium</em></strong></span> <span class='ocrx_word' id='word_1_28' title='bbox 730 761 970 814; x_wconf 90' lang='lat' dir='ltr'><strong><em>omnium</em></strong></span> <span class='ocrx_word' id='word_1_29' title='bbox 1023 759 1269 818; x_wconf 76' lang='lat' dir='ltr'><strong><em>salutem.</em></strong></span> <span class='ocrx_word' id='word_1_30' title='bbox 1305 755 1360 810; x_wconf 90' lang='lat' dir='ltr'><strong><em>Si</em></strong></span> <span class='ocrx_word' id='word_1_31' title='bbox 1410 755 1528 824; x_wconf 90' lang='lat' dir='ltr'><strong><em>quis</em></strong></span> <span class='ocrx_word' id='word_1_32' title='bbox 1563 764 1649 807; x_wconf 88' lang='lat' dir='ltr'><strong><em>est</em></strong></span> <span class='ocrx_word' id='word_1_33' title='bbox 1691 755 1783 806; x_wconf 81' lang='lat' dir='ltr'><strong><em>tibi</em></strong></span> <span class='ocrx_word' id='word_1_34' title='bbox 1808 793 1825 814; x_wconf 90' lang='lat'><strong><em>,</em></strong></span> <span class='ocrx_word' id='word_1_35' title='bbox 1858 751 2045 820; x_wconf 93' lang='lat' dir='ltr'><strong><em>inquit,</em></strong></span> 
     </span>
    </p>
   </div>
   <div class='ocr_carea' id='block_1_6' title="bbox 467 844 2050 920">
    <p class='ocr_par' dir='ltr' id='par_1_6' title="bbox 467 844 2050 920">
     <span class='ocr_line' id='line_1_6' title="bbox 467 844 2050 920; baseline -0.008 -14"><span class='ocrx_word' id='word_1_36' title='bbox 467 853 524 908; x_wconf 88' lang='lat' dir='ltr'><strong><em>in</em></strong></span> <span class='ocrx_word' id='word_1_37' title='bbox 579 856 795 907; x_wconf 84' lang='lat' dir='ltr'><strong><em>civitate</em></strong></span> <span class='ocrx_word' id='word_1_38' title='bbox 823 893 838 915; x_wconf 97' lang='lat'><strong><em>,</em></strong></span> <span class='ocrx_word' id='word_1_39' title='bbox 892 854 936 904; x_wconf 97' lang='lat' dir='ltr'><strong><em>si</em></strong></span> <span class='ocrx_word' id='word_1_40' title='bbox 976 865 1134 920; x_wconf 90' lang='lat' dir='ltr'><strong><em>quem</em></strong></span> <span class='ocrx_word' id='word_1_41' title='bbox 1174 863 1388 902; x_wconf 85' lang='lat' dir='ltr'><strong><em>scrvare</em></strong></span> <span class='ocrx_word' id='word_1_42' title='bbox 1439 847 1609 915; x_wconf 85' lang='lat' dir='ltr'><strong><em>cupis,</em></strong></span> <span class='ocrx_word' id='word_1_43' title='bbox 1662 845 1706 898; x_wconf 91' lang='lat' dir='ltr'><strong><em>si</em></strong></span> <span class='ocrx_word' id='word_1_44' title='bbox 1735 859 1899 914; x_wconf 83' lang='lat' dir='ltr'><strong><em>quem</em></strong></span> <span class='ocrx_word' id='word_1_45' title='bbox 1944 844 2050 895; x_wconf 87' lang='lat' dir='ltr'><strong><em>scis</em></strong></span> 
     </span>
    </p>
   </div>
   <div class='ocr_carea' id='block_1_7' title="bbox 465 935 2053 1004">
    <p class='ocr_par' dir='ltr' id='par_1_7' title="bbox 465 935 2053 1004">
     <span class='ocr_line' id='line_1_7' title="bbox 465 935 2053 1004; baseline -0.009 -5"><span class='ocrx_word' id='word_1_46' title='bbox 465 946 536 999; x_wconf 87' lang='lat' dir='ltr'><strong><em>ab</em></strong></span> <span class='ocrx_word' id='word_1_47' title='bbox 567 946 788 999; x_wconf 87' lang='lat' dir='ltr'><strong><em>istorum</em></strong></span> <span class='ocrx_word' id='word_1_48' title='bbox 809 941 1034 996; x_wconf 83' lang='lat' dir='ltr'><strong><em>crimine</em></strong></span> <span class='ocrx_word' id='word_1_49' title='bbox 1061 941 1316 1004; x_wconf 88' lang='lat' dir='ltr'><strong><em>alienum,</em></strong></span> <span class='ocrx_word' id='word_1_50' title='bbox 1341 937 1492 990; x_wconf 83' lang='lat' dir='ltr'><strong><em>Educ</em></strong></span> <span class='ocrx_word' id='word_1_51' title='bbox 1539 953 1602 990; x_wconf 78' lang='lat' dir='ltr'><strong><em>ea:</em></strong></span> <span class='ocrx_word' id='word_1_52' title='bbox 1637 936 1750 988; x_wconf 78' lang='lat' dir='ltr'><strong><em>:hoc</em></strong></span> <span class='ocrx_word' id='word_1_53' title='bbox 1803 935 1911 988; x_wconf 71' lang='lat' dir='ltr'><strong><em>loco</em></strong></span> <span class='ocrx_word' id='word_1_54' title='bbox 1937 973 1954 1000; x_wconf 95' lang='lat'><strong><em>,</em></strong></span> <span class='ocrx_word' id='word_1_55' title='bbox 1998 943 2053 986; x_wconf 75' lang='lat' dir='ltr'><strong><em>tt</em></strong></span> 
     </span>
    </p>
   </div>
   <div class='ocr_carea' id='block_1_8' title="bbox 467 1024 2051 1099">
    <p class='ocr_par' dir='ltr' id='par_1_8' title="bbox 467 1024 2051 1099">
     <span class='ocr_line' id='line_1_8' title="bbox 467 1024 2051 1099; baseline -0.008 -10"><span class='ocrx_word' id='word_1_56' title='bbox 467 1035 537 1089; x_wconf 88' lang='lat' dir='ltr'><strong><em>de</em></strong></span> <span class='ocrx_word' id='word_1_57' title='bbox 591 1045 768 1097; x_wconf 78' lang='lat' dir='ltr'><strong><em>tera;</em></strong></span> <span class='ocrx_word' id='word_1_58' title='bbox 833 1045 1022 1085; x_wconf 90' lang='lat' dir='ltr'><strong><em>omnes</em></strong></span> <span class='ocrx_word' id='word_1_59' title='bbox 1073 1029 1167 1099; x_wconf 87' lang='lat' dir='ltr'><strong><em>qui</em></strong></span> <span class='ocrx_word' id='word_1_60' title='bbox 1212 1028 1304 1082; x_wconf 81' lang='lat' dir='ltr'><strong><em>tibi</em></strong></span> <span class='ocrx_word' id='word_1_61' title='bbox 1347 1027 1527 1096; x_wconf 83' lang='lat' dir='ltr'><strong><em>juncti</em></strong></span> <span class='ocrx_word' id='word_1_62' title='bbox 1582 1035 1706 1080; x_wconf 89' lang='lat' dir='ltr'><strong><em>sunt</em></strong></span> <span class='ocrx_word' id='word_1_63' title='bbox 1753 1025 1932 1080; x_wconf 82' lang='lat' dir='ltr'><strong><em>educ:</em></strong></span> <span class='ocrx_word' id='word_1_64' title='bbox 1967 1024 2051 1077; x_wconf 81' lang='grc'><strong>15.</strong></span> 
     </span>
    </p>
   </div>
   <div class='ocr_carea' id='block_1_9' title="bbox 468 1116 2053 1179">
    <p class='ocr_par' dir='ltr' id='par_1_9' title="bbox 468 1116 2053 1179">
     <span class='ocr_line' id='line_1_9' title="bbox 468 1116 2053 1179; baseline -0.006 -2"><span class='ocrx_word' id='word_1_65' title='bbox 468 1123 742 1179; x_wconf 85' lang='lat' dir='ltr'><strong><em>Perdintus</em></strong></span> <span class='ocrx_word' id='word_1_66' title='bbox 787 1121 923 1175; x_wconf 89' lang='lat' dir='ltr'><strong><em>enim</em></strong></span> <span class='ocrx_word' id='word_1_67' title='bbox 972 1137 1063 1173; x_wconf 87' lang='lat' dir='ltr'><strong><em>nos</em></strong></span> <span class='ocrx_word' id='word_1_68' title='bbox 1103 1119 1275 1172; x_wconf 79' lang='lat' dir='ltr'><strong><em>locum</em></strong></span> <span class='ocrx_word' id='word_1_69' title='bbox 1315 1116 1716 1172; x_wconf 74' lang='lat' dir='ltr'><strong><em>.ltunc.~Deiude</em></strong></span> <span class='ocrx_word' id='word_1_70' title='bbox 1741 1125 1794 1169; x_wconf 87' lang='lat' dir='ltr'><strong><em>et</em></strong></span> <span class='ocrx_word' id='word_1_71' title='bbox 1838 1129 2053 1169; x_wconf 81' lang='lat' dir='ltr'><strong><em>causam</em></strong></span> 
     </span>
    </p>
   </div>
   <div class='ocr_carea' id='block_1_10' title="bbox 464 1208 2057 1284">
    <p class='ocr_par' dir='ltr' id='par_1_10' title="bbox 464 1208 2057 1284">
     <span class='ocr_line' id='line_1_10' title="bbox 464 1208 2057 1284; baseline -0.006 -13"><span class='ocrx_word' id='word_1_72' title='bbox 464 1215 741 1280; x_wconf 74' lang='lat' dir='ltr'><strong><em>allen-unt,</em></strong></span> <span class='ocrx_word' id='word_1_73' title='bbox 775 1214 988 1284; x_wconf 84' lang='lat' dir='ltr'><strong><em>justum</em></strong></span> <span class='ocrx_word' id='word_1_74' title='bbox 1042 1213 1220 1267; x_wconf 83' lang='lat' dir='ltr'><strong><em>omnia</em></strong></span> <span class='ocrx_word' id='word_1_75' title='bbox 1269 1212 1556 1282; x_wconf 80' lang='lat' dir='ltr'><strong><em>diligenter</em></strong></span> <span class='ocrx_word' id='word_1_76' title='bbox 1579 1211 1860 1264; x_wconf 78' lang='lat' dir='ltr'><strong><em>docentes.</em></strong></span> <span class='ocrx_word' id='word_1_77' title='bbox 1921 1208 2057 1275; x_wconf 78' lang='lat' dir='ltr'><strong><em>Quia</em></strong></span> 
     </span>
    </p>
   </div>
   <div class='ocr_carea' id='block_1_11' title="bbox 465 1297 2059 1374">
    <p class='ocr_par' dir='ltr' id='par_1_11' title="bbox 465 1297 2059 1374">
     <span class='ocr_line' id='line_1_11' title="bbox 465 1297 2059 1374; baseline -0.006 -13"><span class='ocrx_word' id='word_1_78' title='bbox 465 1307 719 1361; x_wconf 74' lang='lat' dir='ltr'><strong><em>exultatus</em></strong></span> <span class='ocrx_word' id='word_1_79' title='bbox 792 1315 889 1372; x_wconf 88' lang='lat' dir='ltr'><strong><em>est,</em></strong></span> <span class='ocrx_word' id='word_1_80' title='bbox 967 1305 1168 1374; x_wconf 87' lang='lat' dir='ltr'><strong><em>inquit,</em></strong></span> <span class='ocrx_word' id='word_1_81' title='bbox 1212 1303 1407 1358; x_wconf 85' lang='lat' dir='ltr'><strong><em>clamor</em></strong></span> <span class='ocrx_word' id='word_1_82' title='bbox 1452 1318 1626 1355; x_wconf 83' lang='lat' dir='ltr'><strong><em>eorum</em></strong></span> <span class='ocrx_word' id='word_1_83' title='bbox 1671 1317 1841 1354; x_wconf 89' lang='lat' dir='ltr'><strong><em>coram</em></strong></span> <span class='ocrx_word' id='word_1_84' title='bbox 1869 1297 2059 1354; x_wconf 74' lang='lat' dir='ltr'><strong><em>Domi-</em></strong></span> 
     </span>
    </p>
   </div>
   <div class='ocr_carea' id='block_1_12' title="bbox 467 1391 2061 1462">
    <p class='ocr_par' dir='ltr' id='par_1_12' title="bbox 467 1391 2061 1462">
     <span class='ocr_line' id='line_1_12' title="bbox 467 1391 2061 1462; baseline -0.004 -9"><span class='ocrx_word' id='word_1_85' title='bbox 467 1415 537 1453; x_wconf 83' lang='lat' dir='ltr'><strong><em>no</em></strong></span> <span class='ocrx_word' id='word_1_86' title='bbox 557 1437 575 1462; x_wconf 89' lang='lat'><strong><em>,</em></strong></span> <span class='ocrx_word' id='word_1_87' title='bbox 631 1407 679 1451; x_wconf 87' lang='lat' dir='ltr'><strong><em>et</em></strong></span> <span class='ocrx_word' id='word_1_88' title='bbox 716 1397 849 1451; x_wconf 84' lang='lat' dir='ltr'><strong><em>misit</em></strong></span> <span class='ocrx_word' id='word_1_89' title='bbox 886 1413 979 1451; x_wconf 89' lang='lat' dir='ltr'><strong><em>nos</em></strong></span> <span class='ocrx_word' id='word_1_90' title='bbox 1038 1395 1289 1450; x_wconf 92' lang='lat' dir='ltr'><strong><em>Dominus</em></strong></span> <span class='ocrx_word' id='word_1_91' title='bbox 1322 1405 1378 1448; x_wconf 90' lang='lat' dir='ltr'><strong><em>ut</em></strong></span> <span class='ocrx_word' id='word_1_92' title='bbox 1420 1407 1755 1448; x_wconf 48' lang='lat' dir='ltr'><strong><em>extenuemus</em></strong></span> <span class='ocrx_word' id='word_1_93' title='bbox 1797 1408 1900 1446; x_wconf 88' lang='lat' dir='ltr'><strong><em>eos.</em></strong></span> <span class='ocrx_word' id='word_1_94' title='bbox 1948 1391 2061 1447; x_wconf 88' lang='lat' dir='ltr'><strong><em>Hoc</em></strong></span> 
     </span>
    </p>
   </div>
   <div class='ocr_carea' id='block_1_13' title="bbox 467 1485 2062 1560">
    <p class='ocr_par' dir='ltr' id='par_1_13' title="bbox 467 1485 2062 1560">
     <span class='ocr_line' id='line_1_13' title="bbox 467 1485 2062 1560; baseline -0.004 -15"><span class='ocrx_word' id='word_1_95' title='bbox 467 1499 587 1546; x_wconf 89' lang='lat' dir='ltr'><strong><em>erat</em></strong></span> <span class='ocrx_word' id='word_1_96' title='bbox 623 1489 766 1560; x_wconf 84' lang='lat' dir='ltr'><strong><em>quod</em></strong></span> <span class='ocrx_word' id='word_1_97' title='bbox 827 1489 1103 1545; x_wconf 84' lang='lat' dir='ltr'><strong><em>dicebatur</em></strong></span> <span class='ocrx_word' id='word_1_98' title='bbox 1144 1487 1462 1558; x_wconf 68' lang='lat' dir='ltr'><strong><em>patriarchae</em></strong></span> <span class='ocrx_word' id='word_1_99' title='bbox 1517 1486 1747 1542; x_wconf 76' lang='lat' dir='ltr'><strong><em>Abrahzn</em></strong></span> <span class='ocrx_word' id='word_1_100' title='bbox 1798 1503 1811 1540; x_wconf 92' lang='lat'><strong>:</strong></span> <span class='ocrx_word' id='word_1_101' title='bbox 1856 1485 2062 1541; x_wconf 88' lang='lat' dir='ltr'><strong><em>Clamor</em></strong></span> 
     </span>
    </p>
   </div>
   <div class='ocr_carea' id='block_1_14' title="bbox 469 1577 2058 1647">
    <p class='ocr_par' dir='ltr' id='par_1_14' title="bbox 469 1577 2058 1647">
     <span class='ocr_line' id='line_1_14' title="bbox 469 1577 2058 1647; baseline -0.003 -12"><span class='ocrx_word' id='word_1_102' title='bbox 469 1580 814 1635; x_wconf 79' lang='lat' dir='ltr'><strong><em>Sodomorum</em></strong></span> <span class='ocrx_word' id='word_1_103' title='bbox 857 1590 904 1634; x_wconf 88' lang='lat' dir='ltr'><strong><em>et</em></strong></span> <span class='ocrx_word' id='word_1_104' title='bbox 929 1577 1246 1634; x_wconf 76' lang='lat' dir='ltr'><strong><em>.Gontorrlue</em></strong></span> <span class='ocrx_word' id='word_1_105' title='bbox 1282 1577 1649 1647; x_wconf 81' lang='lat' dir='ltr'><strong><em>multiplicatus</em></strong></span> <span class='ocrx_word' id='word_1_106' title='bbox 1671 1586 1744 1630; x_wconf 89' lang='lat' dir='ltr'><strong><em>est</em></strong></span> <span class='ocrx_word' id='word_1_107' title='bbox 1777 1577 1918 1644; x_wconf 88' lang='lat' dir='ltr'><strong><em>apud</em></strong></span> <span class='ocrx_word' id='word_1_108' title='bbox 1960 1592 2058 1630; x_wconf 87' lang='lat' dir='ltr'><strong><em>me.</em></strong></span> 
     </span>
    </p>
   </div>
   <div class='ocr_carea' id='block_1_15' title="bbox 471 1668 2062 1742">
    <p class='ocr_par' dir='ltr' id='par_1_15' title="bbox 471 1668 2062 1742">
     <span class='ocr_line' id='line_1_15' title="bbox 471 1668 2062 1742; baseline -0.003 -16"><span class='ocrx_word' id='word_1_109' title='bbox 471 1671 746 1726; x_wconf 70' lang='lat' dir='ltr'><strong><em>Exaltatus</em></strong></span> <span class='ocrx_word' id='word_1_110' title='bbox 789 1681 883 1733; x_wconf 88' lang='lat' dir='ltr'><strong><em>est,</em></strong></span> <span class='ocrx_word' id='word_1_111' title='bbox 935 1670 1128 1742; x_wconf 90' lang='lat' dir='ltr'><strong><em>inquit,</em></strong></span> <span class='ocrx_word' id='word_1_112' title='bbox 1185 1671 1380 1724; x_wconf 86' lang='lat' dir='ltr'><strong><em>clamor</em></strong></span> <span class='ocrx_word' id='word_1_113' title='bbox 1407 1686 1582 1724; x_wconf 86' lang='lat' dir='ltr'><strong><em>eorum</em></strong></span> <span class='ocrx_word' id='word_1_114' title='bbox 1624 1685 1798 1724; x_wconf 85' lang='lat' dir='ltr'><strong><em>coram</em></strong></span> <span class='ocrx_word' id='word_1_115' title='bbox 1843 1668 2062 1722; x_wconf 77' lang='lat' dir='ltr'><strong><em>Domino</em></strong></span> 
     </span>
    </p>
   </div>
   <div class='ocr_carea' id='block_1_16' title="bbox 471 1761 892 1834">
    <p class='ocr_par' dir='ltr' id='par_1_16' title="bbox 471 1761 892 1834">
     <span class='ocr_line' id='line_1_16' title="bbox 471 1761 892 1834; baseline 0 -17"><span class='ocrx_word' id='word_1_116' title='bbox 471 1761 626 1832; x_wconf 80' lang='lat' dir='ltr'><strong><em>(Gen.</em></strong></span> <span class='ocrx_word' id='word_1_117' title='bbox 659 1763 892 1834; x_wconf 70' lang='lat'><strong><em>18.20).</em></strong></span> 
     </span>
    </p>
   </div>
   <div class='ocr_carea' id='block_1_17' title="bbox 541 1854 2059 1925">
    <p class='ocr_par' dir='ltr' id='par_1_17' title="bbox 541 1854 2059 1925">
     <span class='ocr_line' id='line_1_17' title="bbox 541 1854 2059 1925; baseline -0.002 -13"><span class='ocrx_word' id='word_1_118' title='bbox 541 1857 596 1912; x_wconf 85' lang='lat'><strong><em>6.</em></strong></span> <span class='ocrx_word' id='word_1_119' title='bbox 627 1857 856 1912; x_wconf 83' lang='lat' dir='ltr'><strong><em>Grandis</em></strong></span> <span class='ocrx_word' id='word_1_120' title='bbox 898 1854 1259 1925; x_wconf 83' lang='lat' dir='ltr'><strong><em>pervcrsitatis</em></strong></span> <span class='ocrx_word' id='word_1_121' title='bbox 1297 1870 1483 1911; x_wconf 88' lang='lat' dir='ltr'><strong><em>eorum</em></strong></span> <span class='ocrx_word' id='word_1_122' title='bbox 1515 1856 1844 1924; x_wconf 71' lang='lat' dir='ltr'><strong><em>magnitudo,</em></strong></span> <span class='ocrx_word' id='word_1_123' title='bbox 1889 1863 1945 1910; x_wconf 89' lang='lat' dir='ltr'><strong><em>et</em></strong></span> <span class='ocrx_word' id='word_1_124' title='bbox 1973 1855 2059 1910; x_wconf 79' lang='lat' dir='ltr'><strong><em>id-</em></strong></span> 
     </span>
    </p>
   </div>
   <div class='ocr_carea' id='block_1_18' title="bbox 469 1946 2064 2016">
    <p class='ocr_par' dir='ltr' id='par_1_18' title="bbox 469 1946 2064 2016">
     <span class='ocr_line' id='line_1_18' title="bbox 469 1946 2064 2016; baseline 0 -15"><span class='ocrx_word' id='word_1_125' title='bbox 469 1946 637 2013; x_wconf 88' lang='lat' dir='ltr'><strong><em>circo,</em></strong></span> <span class='ocrx_word' id='word_1_126' title='bbox 666 1947 789 2016; x_wconf 84' lang='lat' dir='ltr'><strong><em>quia</em></strong></span> <span class='ocrx_word' id='word_1_127' title='bbox 819 1946 1124 2002; x_wconf 83' lang='lat' dir='ltr'><strong><em>iucurabilis</em></strong></span> <span class='ocrx_word' id='word_1_128' title='bbox 1153 1949 1392 2008; x_wconf 81' lang='lat' dir='ltr'><strong><em>morbus.</em></strong></span> <span class='ocrx_word' id='word_1_129' title='bbox 1422 1958 1478 2002; x_wconf 88' lang='lat' dir='ltr'><strong><em>et</em></strong></span> <span class='ocrx_word' id='word_1_130' title='bbox 1507 1949 1699 2003; x_wconf 82' lang='lat' dir='ltr'><strong><em>vulnus</em></strong></span> <span class='ocrx_word' id='word_1_131' title='bbox 1723 1947 1833 2002; x_wconf 81' lang='lat' dir='ltr'><strong><em>hoc</em></strong></span> <span class='ocrx_word' id='word_1_132' title='bbox 1863 1947 2064 2001; x_wconf 88' lang='lat' dir='ltr'><strong><em>nullam</em></strong></span> 
     </span>
    </p>
   </div>
   <div class='ocr_carea' id='block_1_19' title="bbox 469 2036 2063 2106">
    <p class='ocr_par' dir='ltr' id='par_1_19' title="bbox 469 2036 2063 2106">
     <span class='ocr_line' id='line_1_19' title="bbox 469 2036 2063 2106; baseline 0.001 -17"><span class='ocrx_word' id='word_1_133' title='bbox 469 2051 656 2092; x_wconf 87' lang='lat' dir='ltr'><strong><em>curam</em></strong></span> <span class='ocrx_word' id='word_1_134' title='bbox 686 2036 895 2106; x_wconf 81' lang='lat' dir='ltr'><strong><em>recipit,</em></strong></span> <span class='ocrx_word' id='word_1_135' title='bbox 917 2036 1062 2090; x_wconf 89' lang='lat' dir='ltr'><strong><em>misit</em></strong></span> <span class='ocrx_word' id='word_1_136' title='bbox 1087 2051 1186 2090; x_wconf 89' lang='lat' dir='ltr'><strong><em>nos</em></strong></span> <span class='ocrx_word' id='word_1_137' title='bbox 1203 2037 1458 2092; x_wconf 60' lang='lat' dir='ltr'><strong><em>Dominus</em></strong></span> <span class='ocrx_word' id='word_1_138' title='bbox 1477 2048 1530 2090; x_wconf 92' lang='lat' dir='ltr'><strong><em>ut</em></strong></span> <span class='ocrx_word' id='word_1_139' title='bbox 1553 2048 1921 2092; x_wconf 79' lang='lat' dir='ltr'><strong><em>estcreremus</em></strong></span> <span class='ocrx_word' id='word_1_140' title='bbox 1948 2052 2063 2090; x_wconf 90' lang='lat' dir='ltr'><strong><em>eos.</em></strong></span> 
     </span>
    </p>
   </div>
   <div class='ocr_carea' id='block_1_20' title="bbox 472 2126 2066 2200">
    <p class='ocr_par' dir='ltr' id='par_1_20' title="bbox 472 2126 2066 2200">
     <span class='ocr_line' id='line_1_20' title="bbox 472 2126 2066 2200; baseline 0.001 -18"><span class='ocrx_word' id='word_1_141' title='bbox 472 2127 542 2182; x_wconf 87' lang='lat' dir='ltr'><strong><em>Et</em></strong></span> <span class='ocrx_word' id='word_1_142' title='bbox 569 2126 673 2182; x_wconf 81' lang='lat' dir='ltr'><strong><em>hoc</em></strong></span> <span class='ocrx_word' id='word_1_143' title='bbox 699 2138 782 2183; x_wconf 85' lang='lat' dir='ltr'><strong><em>est</em></strong></span> <span class='ocrx_word' id='word_1_144' title='bbox 805 2128 944 2197; x_wconf 89' lang='lat' dir='ltr'><strong><em>quod</em></strong></span> <span class='ocrx_word' id='word_1_145' title='bbox 968 2128 1180 2183; x_wconf 88' lang='lat' dir='ltr'><strong><em>dicebat</em></strong></span> <span class='ocrx_word' id='word_1_146' title='bbox 1206 2128 1368 2182; x_wconf 78' lang='lat' dir='ltr'><strong><em>David</em></strong></span> <span class='ocrx_word' id='word_1_147' title='bbox 1395 2146 1407 2182; x_wconf 91' lang='lat'><strong>:</strong></span> <span class='ocrx_word' id='word_1_148' title='bbox 1441 2129 1540 2195; x_wconf 81' lang='lat' dir='ltr'><strong><em>Qui</em></strong></span> <span class='ocrx_word' id='word_1_149' title='bbox 1570 2129 1692 2200; x_wconf 78' lang='lat' dir='ltr'><strong><em>facit</em></strong></span> <span class='ocrx_word' id='word_1_150' title='bbox 1717 2130 1925 2199; x_wconf 79' lang='lat' dir='ltr'><strong><em>angelos</em></strong></span> <span class='ocrx_word' id='word_1_151' title='bbox 1950 2146 2066 2183; x_wconf 85' lang='lat' dir='ltr'><strong><em>suos</em></strong></span> 
     </span>
    </p>
   </div>
   <div class='ocr_carea' id='block_1_21' title="bbox 472 2218 2066 2290">
    <p class='ocr_par' dir='ltr' id='par_1_21' title="bbox 472 2218 2066 2290">
     <span class='ocr_line' id='line_1_21' title="bbox 472 2218 2066 2290; baseline 0 -18"><span class='ocrx_word' id='word_1_152' title='bbox 472 2219 704 2288; x_wconf 75' lang='lat' dir='ltr'><strong><em>spiritus,</em></strong></span> <span class='ocrx_word' id='word_1_153' title='bbox 745 2229 791 2273; x_wconf 91' lang='lat' dir='ltr'><strong><em>et</em></strong></span> <span class='ocrx_word' id='word_1_154' title='bbox 819 2220 1075 2273; x_wconf 86' lang='lat' dir='ltr'><strong><em>ministros</em></strong></span> <span class='ocrx_word' id='word_1_155' title='bbox 1113 2235 1231 2274; x_wconf 92' lang='lat' dir='ltr'><strong><em>suos</em></strong></span> <span class='ocrx_word' id='word_1_156' title='bbox 1257 2220 1520 2289; x_wconf 83' lang='lat' dir='ltr'><strong><em>ﬂammam</em></strong></span> <span class='ocrx_word' id='word_1_157' title='bbox 1548 2221 1680 2290; x_wconf 79' lang='lat' dir='ltr'><strong><em>ignis</em></strong></span> <span class='ocrx_word' id='word_1_158' title='bbox 1716 2220 1734 2290; x_wconf 91' lang='lat'><strong>(</strong></span> <span class='ocrx_word' id='word_1_159' title='bbox 1763 2218 1908 2274; x_wconf 85' lang='lat' dir='ltr'><strong><em>Psal.</em></strong></span> <span class='ocrx_word' id='word_1_160' title='bbox 1943 2221 2066 2275; x_wconf 80' lang='lat' dir='ltr'><strong><em>l05.</em></strong></span> 
     </span>
    </p>
   </div>
   <div class='ocr_carea' id='block_1_22' title="bbox 472 2308 2071 2381">
    <p class='ocr_par' dir='ltr' id='par_1_22' title="bbox 472 2308 2071 2381">
     <span class='ocr_line' id='line_1_22' title="bbox 472 2308 2071 2381; baseline 0.001 -18"><span class='ocrx_word' id='word_1_161' title='bbox 472 2309 558 2378; x_wconf 79' lang='grc'><strong><em>4).</em></strong></span> <span class='ocrx_word' id='word_1_162' title='bbox 586 2308 742 2376; x_wconf 86' lang='lat' dir='ltr'><strong><em>Quia,</em></strong></span> <span class='ocrx_word' id='word_1_163' title='bbox 774 2310 963 2379; x_wconf 85' lang='lat' dir='ltr'><strong><em>inquit,</em></strong></span> <span class='ocrx_word' id='word_1_164' title='bbox 994 2309 1308 2366; x_wconf 83' lang='lat' dir='ltr'><strong><em>advenimus</em></strong></span> <span class='ocrx_word' id='word_1_165' title='bbox 1335 2310 1402 2364; x_wconf 91' lang='lat' dir='ltr'><strong><em>ad</em></strong></span> <span class='ocrx_word' id='word_1_166' title='bbox 1431 2310 1861 2381; x_wconf 71' lang='lat' dir='ltr'><strong><em>lmneregioncm</em></strong></span> <span class='ocrx_word' id='word_1_167' title='bbox 1883 2311 2071 2366; x_wconf 83' lang='lat' dir='ltr'><strong><em>delen-</em></strong></span> 
     </span>
    </p>
   </div>
   <div class='ocr_carea' id='block_1_23' title="bbox 473 2401 2070 2471">
    <p class='ocr_par' dir='ltr' id='par_1_23' title="bbox 473 2401 2070 2471">
     <span class='ocr_line' id='line_1_23' title="bbox 473 2401 2070 2471; baseline 0.003 -17"><span class='ocrx_word' id='word_1_168' title='bbox 473 2401 598 2454; x_wconf 85' lang='lat' dir='ltr'><strong><em>dam</em></strong></span> <span class='ocrx_word' id='word_1_169' title='bbox 651 2403 910 2471; x_wconf 89' lang='lat' dir='ltr'><strong><em>(propter</em></strong></span> <span class='ocrx_word' id='word_1_170' title='bbox 955 2402 1210 2456; x_wconf 85' lang='lat' dir='ltr'><strong><em>malitiam</em></strong></span> <span class='ocrx_word' id='word_1_171' title='bbox 1249 2402 1402 2457; x_wconf 89' lang='lat' dir='ltr'><strong><em>enim</em></strong></span> <span class='ocrx_word' id='word_1_172' title='bbox 1452 2402 1858 2458; x_wconf 81' lang='lat' dir='ltr'><strong><em>inhabitantium</em></strong></span> <span class='ocrx_word' id='word_1_173' title='bbox 1908 2404 2070 2458; x_wconf 80' lang='lat' dir='ltr'><strong><em>etiam</em></strong></span> 
     </span>
    </p>
   </div>
   <div class='ocr_carea' id='block_1_24' title="bbox 476 2493 2071 2566">
    <p class='ocr_par' dir='ltr' id='par_1_24' title="bbox 476 2493 2071 2566">
     <span class='ocr_line' id='line_1_24' title="bbox 476 2493 2071 2566; baseline 0 -18"><span class='ocrx_word' id='word_1_174' title='bbox 476 2502 616 2548; x_wconf 88' lang='lat' dir='ltr'><strong><em>terra</em></strong></span> <span class='ocrx_word' id='word_1_175' title='bbox 646 2509 858 2563; x_wconf 67' lang='lat' dir='ltr'><strong><em>pinnam</em></strong></span> <span class='ocrx_word' id='word_1_176' title='bbox 884 2494 1454 2566; x_wconf 29' lang='lat' dir='ltr'><strong><em>accipiet),tegredere</em></strong></span> <span class='ocrx_word' id='word_1_177' title='bbox 1479 2503 1534 2549; x_wconf 90' lang='lat' dir='ltr'><strong><em>tu</em></strong></span> <span class='ocrx_word' id='word_1_178' title='bbox 1568 2493 1712 2549; x_wconf 88' lang='lat' dir='ltr'><strong><em>hinc.</em></strong></span> <span class='ocrx_word' id='word_1_179' title='bbox 1744 2494 1869 2549; x_wconf 65' lang='lat' dir='ltr'><strong><em>Ha&#39;c</em></strong></span> <span class='ocrx_word' id='word_1_180' title='bbox 1894 2503 1952 2548; x_wconf 92' lang='lat' dir='ltr'><strong><em>ut</em></strong></span> <span class='ocrx_word' id='word_1_181' title='bbox 1976 2510 2071 2548; x_wconf 80' lang='lat' dir='ltr'><strong><em>au-</em></strong></span> 
     </span>
    </p>
   </div>
   <div class='ocr_carea' id='block_1_25' title="bbox 475 2582 2072 2658">
    <p class='ocr_par' dir='ltr' id='par_1_25' title="bbox 475 2582 2072 2658">
     <span class='ocr_line' id='line_1_25' title="bbox 475 2582 2072 2658; baseline 0.003 -20"><span class='ocrx_word' id='word_1_182' title='bbox 475 2582 614 2638; x_wconf 80' lang='lat' dir='ltr'><strong><em>divit</em></strong></span> <span class='ocrx_word' id='word_1_183' title='bbox 631 2583 828 2654; x_wconf 88' lang='lat' dir='ltr'><strong><em>justus,</em></strong></span> <span class='ocrx_word' id='word_1_184' title='bbox 852 2594 906 2639; x_wconf 89' lang='lat' dir='ltr'><strong><em>et</em></strong></span> <span class='ocrx_word' id='word_1_185' title='bbox 925 2585 1109 2642; x_wconf 85' lang='lat' dir='ltr'><strong><em>didicit</em></strong></span> <span class='ocrx_word' id='word_1_186' title='bbox 1133 2601 1348 2642; x_wconf 86' lang='lat' dir='ltr'><strong><em>causam</em></strong></span> <span class='ocrx_word' id='word_1_187' title='bbox 1377 2595 1594 2657; x_wconf 83' lang='lat' dir='ltr'><strong><em>propter</em></strong></span> <span class='ocrx_word' id='word_1_188' title='bbox 1617 2603 1777 2658; x_wconf 87' lang='lat' dir='ltr'><strong><em>quam</em></strong></span> <span class='ocrx_word' id='word_1_189' title='bbox 1807 2585 2072 2642; x_wconf 71' lang='lat' dir='ltr'><strong><em>aﬂuerunt</em></strong></span> 
     </span>
    </p>
   </div>
   <div class='ocr_carea' id='block_1_26' title="bbox 474 2674 2074 2748">
    <p class='ocr_par' dir='ltr' id='par_1_26' title="bbox 474 2674 2074 2748">
     <span class='ocr_line' id='line_1_26' title="bbox 474 2674 2074 2748; baseline 0.004 -21"><span class='ocrx_word' id='word_1_190' title='bbox 474 2674 578 2730; x_wconf 84' lang='lat' dir='ltr'><strong><em>viri</em></strong></span> <span class='ocrx_word' id='word_1_191' title='bbox 607 2675 841 2744; x_wconf 84' lang='lat' dir='ltr'><strong><em>quidem,</em></strong></span> <span class='ocrx_word' id='word_1_192' title='bbox 875 2686 932 2731; x_wconf 92' lang='lat' dir='ltr'><strong><em>ut</em></strong></span> <span class='ocrx_word' id='word_1_193' title='bbox 973 2678 1324 2746; x_wconf 79' lang='lat' dir='ltr'><strong><em>apparebant,</em></strong></span> <span class='ocrx_word' id='word_1_194' title='bbox 1367 2679 1541 2748; x_wconf 90' lang='lat' dir='ltr'><strong><em>angeli</em></strong></span> <span class='ocrx_word' id='word_1_195' title='bbox 1581 2689 1759 2733; x_wconf 90' lang='lat' dir='ltr'><strong><em>autem</em></strong></span> <span class='ocrx_word' id='word_1_196' title='bbox 1790 2693 1978 2733; x_wconf 85' lang='lat' dir='ltr'><strong><em>revera</em></strong></span> <span class='ocrx_word' id='word_1_197' title='bbox 2017 2688 2074 2733; x_wconf 87' lang='lat' dir='ltr'><strong><em>et</em></strong></span> 
     </span>
    </p>
   </div>
   <div class='ocr_carea' id='block_1_27' title="bbox 477 2765 2074 2840">
    <p class='ocr_par' dir='ltr' id='par_1_27' title="bbox 477 2765 2074 2840">
     <span class='ocr_line' id='line_1_27' title="bbox 477 2765 2074 2840; baseline 0.003 -21"><span class='ocrx_word' id='word_1_198' title='bbox 477 2765 706 2820; x_wconf 86' lang='lat' dir='ltr'><strong><em>ministri</em></strong></span> <span class='ocrx_word' id='word_1_199' title='bbox 729 2766 820 2821; x_wconf 89' lang='lat' dir='ltr'><strong><em>Dei</em></strong></span> <span class='ocrx_word' id='word_1_200' title='bbox 845 2767 1105 2831; x_wconf 89' lang='lat' dir='ltr'><strong><em>omnium,</em></strong></span> <span class='ocrx_word' id='word_1_201' title='bbox 1135 2769 1224 2822; x_wconf 70' lang='grc'><strong><em>14.</em></strong></span> <span class='ocrx_word' id='word_1_202' title='bbox 1247 2767 1499 2840; x_wconf 86' lang='lat' dir='ltr'><strong><em>Egressus</em></strong></span> <span class='ocrx_word' id='word_1_203' title='bbox 1525 2767 1620 2823; x_wconf 87' lang='lat' dir='ltr'><strong><em>Lat</em></strong></span> <span class='ocrx_word' id='word_1_204' title='bbox 1640 2769 1879 2836; x_wconf 78' lang='lat' dir='ltr'><strong><em>loquutus</em></strong></span> <span class='ocrx_word' id='word_1_205' title='bbox 1900 2778 1975 2824; x_wconf 85' lang='lat' dir='ltr'><strong><em>est</em></strong></span> <span class='ocrx_word' id='word_1_206' title='bbox 1993 2785 2074 2840; x_wconf 87' lang='lat' dir='ltr'><strong><em>ge-</em></strong></span> 
     </span>
    </p>
   </div>
   <div class='ocr_carea' id='block_1_28' title="bbox 477 2857 2070 2931">
    <p class='ocr_par' dir='ltr' id='par_1_28' title="bbox 477 2857 2070 2931">
     <span class='ocr_line' id='line_1_28' title="bbox 477 2857 2070 2931; baseline 0.005 -23"><span class='ocrx_word' id='word_1_207' title='bbox 477 2865 612 2909; x_wconf 82' lang='lat' dir='ltr'><strong><em>neris</em></strong></span> <span class='ocrx_word' id='word_1_208' title='bbox 638 2857 762 2920; x_wconf 85' lang='lat' dir='ltr'><strong><em>suis,</em></strong></span> <span class='ocrx_word' id='word_1_209' title='bbox 788 2858 877 2923; x_wconf 85' lang='lat' dir='ltr'><strong><em>qui</em></strong></span> <span class='ocrx_word' id='word_1_210' title='bbox 899 2869 1196 2927; x_wconf 90' lang='lat' dir='ltr'><strong><em>acceperant</em></strong></span> <span class='ocrx_word' id='word_1_211' title='bbox 1220 2861 1354 2928; x_wconf 73' lang='lat' dir='ltr'><strong><em>filius</em></strong></span> <span class='ocrx_word' id='word_1_212' title='bbox 1375 2877 1513 2931; x_wconf 74' lang='lat' dir='ltr'><strong><em>ejus.</em></strong></span> <span class='ocrx_word' id='word_1_213' title='bbox 1541 2862 1697 2930; x_wconf 80' lang='lat' dir='ltr'><strong><em>Atqui</em></strong></span> <span class='ocrx_word' id='word_1_214' title='bbox 1724 2876 1887 2930; x_wconf 88' lang='lat' dir='ltr'><strong><em>supra</em></strong></span> <span class='ocrx_word' id='word_1_215' title='bbox 1917 2861 2070 2916; x_wconf 89' lang='lat' dir='ltr'><strong><em>dice-</em></strong></span> 
     </span>
    </p>
   </div>
   <div class='ocr_carea' id='block_1_29' title="bbox 476 2947 2074 3023">
    <p class='ocr_par' dir='ltr' id='par_1_29' title="bbox 476 2947 2074 3023">
     <span class='ocr_line' id='line_1_29' title="bbox 476 2947 2074 3023; baseline 0.001 -19"><span class='ocrx_word' id='word_1_216' title='bbox 476 2947 573 3004; x_wconf 76' lang='lat' dir='ltr'><strong><em>bat</em></strong></span> <span class='ocrx_word' id='word_1_217' title='bbox 611 2948 788 3019; x_wconf 86' lang='lat' dir='ltr'><strong><em>impiis</em></strong></span> <span class='ocrx_word' id='word_1_218' title='bbox 833 2950 960 3018; x_wconf 87' lang='lat' dir='ltr'><strong><em>illis,</em></strong></span> <span class='ocrx_word' id='word_1_219' title='bbox 1002 2951 1133 3006; x_wconf 74' lang='lat' dir='ltr'><strong><em>Ecce</em></strong></span> <span class='ocrx_word' id='word_1_220' title='bbox 1164 2952 1294 3008; x_wconf 78' lang='lat' dir='ltr'><strong><em>duas</em></strong></span> <span class='ocrx_word' id='word_1_221' title='bbox 1327 2952 1674 3023; x_wconf 67' lang='lat' dir='ltr'><strong><em>ﬁlias/tabes,</em></strong></span> <span class='ocrx_word' id='word_1_222' title='bbox 1696 2970 1812 3023; x_wconf 77' lang='lat' dir='ltr'><strong><em>qua:</em></strong></span> <span class='ocrx_word' id='word_1_223' title='bbox 1849 2954 2074 3008; x_wconf 86' lang='lat' dir='ltr'><strong><em>nondum</em></strong></span> 
     </span>
    </p>
   </div>
   <div class='ocr_carea' id='block_1_30' title="bbox 483 3045 2074 3117">
    <p class='ocr_par' dir='ltr' id='par_1_30' title="bbox 483 3045 2074 3117">
     <span class='ocr_line' id='line_1_30' title="bbox 483 3045 2074 3117; baseline 0.005 -23"><span class='ocrx_word' id='word_1_224' title='bbox 483 3051 824 3111; x_wconf 80' lang='lat' dir='ltr'><strong><em>cognouerunt</em></strong></span> <span class='ocrx_word' id='word_1_225' title='bbox 853 3045 985 3098; x_wconf 83' lang='lat' dir='ltr'><strong><em>uiros</em></strong></span> <span class='ocrx_word' id='word_1_226' title='bbox 1009 3060 1028 3098; x_wconf 92' lang='lat'><strong><em>:</em></strong></span> <span class='ocrx_word' id='word_1_227' title='bbox 1049 3046 1322 3114; x_wconf 87' lang='lat' dir='ltr'><strong><em>quomodo</em></strong></span> <span class='ocrx_word' id='word_1_228' title='bbox 1363 3047 1524 3117; x_wconf 78' lang='lat' dir='ltr'><strong><em>igitur</em></strong></span> <span class='ocrx_word' id='word_1_229' title='bbox 1549 3047 1636 3102; x_wconf 85' lang='lat' dir='ltr'><strong><em>hic</em></strong></span> <span class='ocrx_word' id='word_1_230' title='bbox 1671 3048 1819 3112; x_wconf 87' lang='lat' dir='ltr'><strong><em>dicit,</em></strong></span> <span class='ocrx_word' id='word_1_231' title='bbox 1867 3047 2074 3102; x_wconf 68' lang='lat' dir='ltr'><strong><em>Generis</em></strong></span> 
     </span>
    </p>
   </div>
   <div class='ocr_carea' id='block_1_31' title="bbox 477 3133 2074 3208">
    <p class='ocr_par' dir='ltr' id='par_1_31' title="bbox 477 3133 2074 3208">
     <span class='ocr_line' id='line_1_31' title="bbox 477 3133 2074 3208; baseline 0.007 -24"><span class='ocrx_word' id='word_1_232' title='bbox 477 3133 605 3198; x_wconf 87' lang='lat' dir='ltr'><strong><em>suis,</em></strong></span> <span class='ocrx_word' id='word_1_233' title='bbox 629 3134 712 3201; x_wconf 85' lang='lat' dir='ltr'><strong><em>qui</em></strong></span> <span class='ocrx_word' id='word_1_234' title='bbox 741 3147 1034 3204; x_wconf 86' lang='lat' dir='ltr'><strong><em>acceperant</em></strong></span> <span class='ocrx_word' id='word_1_235' title='bbox 1054 3137 1189 3206; x_wconf 78' lang='lat' dir='ltr'><strong><em>ﬁlias</em></strong></span> <span class='ocrx_word' id='word_1_236' title='bbox 1215 3139 1362 3207; x_wconf 84' lang='lat' dir='ltr'><strong><em>ejus?</em></strong></span> <span class='ocrx_word' id='word_1_237' title='bbox 1384 3137 1463 3193; x_wconf 84' lang='lat' dir='ltr'><strong><em>Ne</em></strong></span> <span class='ocrx_word' id='word_1_238' title='bbox 1489 3149 1642 3208; x_wconf 87' lang='lat' dir='ltr'><strong><em>putes</em></strong></span> <span class='ocrx_word' id='word_1_239' title='bbox 1661 3141 1928 3195; x_wconf 86' lang='lat' dir='ltr'><strong><em>contraria</em></strong></span> <span class='ocrx_word' id='word_1_240' title='bbox 1953 3155 2074 3196; x_wconf 89' lang='lat' dir='ltr'><strong><em>esse</em></strong></span> 
     </span>
    </p>
   </div>
   <div class='ocr_carea' id='block_1_32' title="bbox 478 3223 2069 3299">
    <p class='ocr_par' dir='ltr' id='par_1_32' title="bbox 478 3223 2069 3299">
     <span class='ocr_line' id='line_1_32' title="bbox 478 3223 2069 3299; baseline 0.006 -23"><span class='ocrx_word' id='word_1_241' title='bbox 478 3223 600 3278; x_wconf 80' lang='lat' dir='ltr'><strong><em>luet:</em></strong></span> <span class='ocrx_word' id='word_1_242' title='bbox 631 3223 756 3288; x_wconf 89' lang='lat' dir='ltr'><strong><em>illis,</em></strong></span> <span class='ocrx_word' id='word_1_243' title='bbox 789 3240 909 3295; x_wconf 65' lang='lat' dir='ltr'><strong><em>quae</em></strong></span> <span class='ocrx_word' id='word_1_244' title='bbox 935 3229 1180 3296; x_wconf 86' lang='lat' dir='ltr'><strong><em>superius</em></strong></span> <span class='ocrx_word' id='word_1_245' title='bbox 1207 3245 1238 3283; x_wconf 90' lang='lat' dir='ltr'><strong><em>a</em></strong></span> <span class='ocrx_word' id='word_1_246' title='bbox 1273 3228 1418 3299; x_wconf 86' lang='lat' dir='ltr'><strong><em>justo</em></strong></span> <span class='ocrx_word' id='word_1_247' title='bbox 1447 3238 1573 3284; x_wconf 90' lang='lat' dir='ltr'><strong><em>sunt</em></strong></span> <span class='ocrx_word' id='word_1_248' title='bbox 1597 3229 1758 3285; x_wconf 90' lang='lat' dir='ltr'><strong><em>dicta.</em></strong></span> <span class='ocrx_word' id='word_1_249' title='bbox 1791 3231 1904 3286; x_wconf 86' lang='lat' dir='ltr'><strong><em>Mos</em></strong></span> <span class='ocrx_word' id='word_1_250' title='bbox 1928 3233 2069 3286; x_wconf 88' lang='lat' dir='ltr'><strong><em>enim</em></strong></span> 
     </span>
    </p>
   </div>
   <div class='ocr_carea' id='block_1_33' title="bbox 479 3315 2071 3394">
    <p class='ocr_par' dir='ltr' id='par_1_33' title="bbox 479 3315 2071 3394">
     <span class='ocr_line' id='line_1_33' title="bbox 479 3315 2071 3394; baseline 0.006 -25"><span class='ocrx_word' id='word_1_251' title='bbox 479 3315 572 3371; x_wconf 90' lang='lat' dir='ltr'><strong><em>ille</em></strong></span> <span class='ocrx_word' id='word_1_252' title='bbox 599 3317 868 3372; x_wconf 84' lang='lat' dir='ltr'><strong><em>veteribus</em></strong></span> <span class='ocrx_word' id='word_1_253' title='bbox 889 3329 1025 3384; x_wconf 87' lang='lat' dir='ltr'><strong><em>erat,</em></strong></span> <span class='ocrx_word' id='word_1_254' title='bbox 1054 3333 1179 3376; x_wconf 87' lang='lat' dir='ltr'><strong><em>ante</em></strong></span> <span class='ocrx_word' id='word_1_255' title='bbox 1203 3322 1428 3377; x_wconf 91' lang='lat' dir='ltr'><strong><em>multum</em></strong></span> <span class='ocrx_word' id='word_1_256' title='bbox 1459 3331 1670 3394; x_wconf 88' lang='lat' dir='ltr'><strong><em>tempus</em></strong></span> <span class='ocrx_word' id='word_1_257' title='bbox 1693 3325 1959 3393; x_wconf 86' lang='lat' dir='ltr'><strong><em>sponsalia</em></strong></span> <span class='ocrx_word' id='word_1_258' title='bbox 1991 3325 2071 3379; x_wconf 85' lang='lat' dir='ltr'><strong><em>la-</em></strong></span> 
     </span>
    </p>
   </div>
   <div class='ocr_carea' id='block_1_34' title="bbox 477 3410 2071 3486">
    <p class='ocr_par' dir='ltr' id='par_1_34' title="bbox 477 3410 2071 3486">
     <span class='ocr_line' id='line_1_34' title="bbox 477 3410 2071 3486; baseline 0.007 -25"><span class='ocrx_word' id='word_1_259' title='bbox 477 3423 638 3463; x_wconf 86' lang='lat' dir='ltr'><strong><em>cere:</em></strong></span> <span class='ocrx_word' id='word_1_260' title='bbox 669 3425 821 3481; x_wconf 71' lang='lat' dir='ltr'><strong><em>saepe</em></strong></span> <span class='ocrx_word' id='word_1_261' title='bbox 841 3410 969 3467; x_wconf 87' lang='lat' dir='ltr'><strong><em>item</em></strong></span> <span class='ocrx_word' id='word_1_262' title='bbox 995 3423 1052 3468; x_wconf 86' lang='lat' dir='ltr'><strong><em>et</em></strong></span> <span class='ocrx_word' id='word_1_263' title='bbox 1071 3414 1381 3470; x_wconf 83' lang='lat' dir='ltr'><strong><em>cohabitare</em></strong></span> <span class='ocrx_word' id='word_1_264' title='bbox 1408 3415 1744 3486; x_wconf 87' lang='lat' dir='ltr'><strong><em>desponsatis</em></strong></span> <span class='ocrx_word' id='word_1_265' title='bbox 1763 3458 1778 3482; x_wconf 98' lang='lat'><strong><em>,</em></strong></span> <span class='ocrx_word' id='word_1_266' title='bbox 1818 3427 1875 3473; x_wconf 92' lang='lat' dir='ltr'><strong><em>et</em></strong></span> <span class='ocrx_word' id='word_1_267' title='bbox 1914 3418 2071 3474; x_wconf 91' lang='lat' dir='ltr'><strong><em>simul</em></strong></span> 
     </span>
    </p>
   </div>
   <div class='ocr_carea' id='block_1_35' title="bbox 475 3503 2070 3576">
    <p class='ocr_par' dir='ltr' id='par_1_35' title="bbox 475 3503 2070 3576">
     <span class='ocr_line' id='line_1_35' title="bbox 475 3503 2070 3576; baseline 0.007 -23"><span class='ocrx_word' id='word_1_268' title='bbox 475 3515 600 3555; x_wconf 75' lang='lat' dir='ltr'><strong><em>cum</em></strong></span> <span class='ocrx_word' id='word_1_269' title='bbox 646 3503 955 3570; x_wconf 85' lang='lat' dir='ltr'><strong><em>parentibus</em></strong></span> <span class='ocrx_word' id='word_1_270' title='bbox 992 3506 1235 3560; x_wconf 88' lang='lat' dir='ltr'><strong><em>versari:</em></strong></span> <span class='ocrx_word' id='word_1_271' title='bbox 1266 3506 1317 3560; x_wconf 92' lang='lat' dir='ltr'><strong><em>id</em></strong></span> <span class='ocrx_word' id='word_1_272' title='bbox 1355 3507 1498 3576; x_wconf 87' lang='lat' dir='ltr'><strong><em>quod</em></strong></span> <span class='ocrx_word' id='word_1_273' title='bbox 1541 3518 1595 3563; x_wconf 91' lang='lat' dir='ltr'><strong><em>et</em></strong></span> <span class='ocrx_word' id='word_1_274' title='bbox 1625 3523 1766 3564; x_wconf 91' lang='lat' dir='ltr'><strong><em>nunc</em></strong></span> <span class='ocrx_word' id='word_1_275' title='bbox 1807 3509 1989 3564; x_wconf 89' lang='lat' dir='ltr'><strong><em>multis</em></strong></span> <span class='ocrx_word' id='word_1_276' title='bbox 2019 3509 2070 3564; x_wconf 91' lang='lat' dir='ltr'><strong><em>in</em></strong></span> 
     </span>
    </p>
   </div>
   <div class='ocr_carea' id='block_1_36' title="bbox 469 3588 2071 3668">
    <p class='ocr_par' dir='ltr' id='par_1_36' title="bbox 469 3588 2071 3668">
     <span class='ocr_line' id='line_1_36' title="bbox 469 3588 2071 3668; baseline 0.006 -22"><span class='ocrx_word' id='word_1_277' title='bbox 469 3588 612 3646; x_wconf 78' lang='lat' dir='ltr'><strong><em>locis</em></strong></span> <span class='ocrx_word' id='word_1_278' title='bbox 663 3589 778 3645; x_wconf 78' lang='lat' dir='ltr'><strong><em>ﬁeri</em></strong></span> <span class='ocrx_word' id='word_1_279' title='bbox 827 3592 986 3648; x_wconf 85' lang='lat' dir='ltr'><strong><em>solet.</em></strong></span> <span class='ocrx_word' id='word_1_280' title='bbox 1032 3593 1166 3660; x_wconf 87' lang='lat' dir='ltr'><strong><em>Quia</em></strong></span> <span class='ocrx_word' id='word_1_281' title='bbox 1205 3595 1365 3665; x_wconf 87' lang='lat' dir='ltr'><strong><em>igitur</em></strong></span> <span class='ocrx_word' id='word_1_282' title='bbox 1386 3597 1498 3666; x_wconf 89' lang='lat' dir='ltr'><strong><em>jam</em></strong></span> <span class='ocrx_word' id='word_1_283' title='bbox 1545 3597 1890 3668; x_wconf 86' lang='lat' dir='ltr'><strong><em>desponsatio</em></strong></span> <span class='ocrx_word' id='word_1_284' title='bbox 1934 3600 2071 3655; x_wconf 77' lang='lat' dir='ltr'><strong><em>facta</em></strong></span> 
     </span>
    </p>
   </div>
   <div class='ocr_carea' id='block_1_37' title="bbox 477 3679 2072 3760">
    <p class='ocr_par' dir='ltr' id='par_1_37' title="bbox 477 3679 2072 3760">
     <span class='ocr_line' id='line_1_37' title="bbox 477 3679 2072 3760; baseline 0.007 -28"><span class='ocrx_word' id='word_1_285' title='bbox 477 3687 617 3746; x_wconf 80' lang='lat' dir='ltr'><strong><em>erat,</em></strong></span> <span class='ocrx_word' id='word_1_286' title='bbox 651 3679 780 3735; x_wconf 84' lang='lat' dir='ltr'><strong><em>ideo</em></strong></span> <span class='ocrx_word' id='word_1_287' title='bbox 808 3691 1085 3738; x_wconf 75' lang='lat' dir='ltr'><strong><em>vocat-eos</em></strong></span> <span class='ocrx_word' id='word_1_288' title='bbox 1111 3699 1341 3754; x_wconf 82' lang='lat' dir='ltr'><strong><em>generos</em></strong></span> <span class='ocrx_word' id='word_1_289' title='bbox 1366 3697 1423 3741; x_wconf 87' lang='lat' dir='ltr'><strong><em>et</em></strong></span> <span class='ocrx_word' id='word_1_290' title='bbox 1451 3683 1604 3752; x_wconf 85' lang='lat' dir='ltr'><strong><em>dicit,</em></strong></span> <span class='ocrx_word' id='word_1_291' title='bbox 1635 3687 1736 3754; x_wconf 82' lang='lat' dir='ltr'><strong><em>Qui</em></strong></span> <span class='ocrx_word' id='word_1_292' title='bbox 1775 3699 2072 3760; x_wconf 83' lang='lat' dir='ltr'><strong><em>acceperant</em></strong></span> 
     </span>
    </p>
   </div>
   <div class='ocr_carea' id='block_1_38' title="bbox 472 3770 2073 3843">
    <p class='ocr_par' dir='ltr' id='par_1_38' title="bbox 472 3770 2073 3843">
     <span class='ocr_line' id='line_1_38' title="bbox 472 3770 2073 3843; baseline 0.009 -21"><span class='ocrx_word' id='word_1_293' title='bbox 472 3770 618 3838; x_wconf 72' lang='lat' dir='ltr'><strong><em>ﬁlias</em></strong></span> <span class='ocrx_word' id='word_1_294' title='bbox 642 3771 774 3841; x_wconf 85' lang='lat' dir='ltr'><strong><em>ejus,</em></strong></span> <span class='ocrx_word' id='word_1_295' title='bbox 810 3774 1083 3843; x_wconf 87' lang='lat' dir='ltr'><strong><em>proposito</em></strong></span> <span class='ocrx_word' id='word_1_296' title='bbox 1108 3775 1355 3832; x_wconf 90' lang='lat' dir='ltr'><strong><em>videlicet</em></strong></span> <span class='ocrx_word' id='word_1_297' title='bbox 1381 3793 1444 3832; x_wconf 86' lang='lat' dir='ltr'><strong><em>ac</em></strong></span> <span class='ocrx_word' id='word_1_298' title='bbox 1473 3788 1658 3834; x_wconf 87' lang='lat' dir='ltr'><strong><em>mutuo</em></strong></span> <span class='ocrx_word' id='word_1_299' title='bbox 1683 3795 1969 3836; x_wconf 78' lang='lat' dir='ltr'><strong><em>consensu.</em></strong></span> <span class='ocrx_word' id='word_1_300' title='bbox 2001 3780 2073 3837; x_wconf 85' lang='lat' dir='ltr'><strong><em>Et</em></strong></span> 
     </span>
    </p>
   </div>
   <div class='ocr_carea' id='block_1_39' title="bbox 469 3858 2073 3941">
    <p class='ocr_par' dir='ltr' id='par_1_39' title="bbox 469 3858 2073 3941">
     <span class='ocr_line' id='line_1_39' title="bbox 469 3858 2073 3941; baseline 0.012 -32"><span class='ocrx_word' id='word_1_301' title='bbox 469 3858 604 3914; x_wconf 85' lang='lat' dir='ltr'><strong><em>dicit</em></strong></span> <span class='ocrx_word' id='word_1_302' title='bbox 629 3877 649 3915; x_wconf 88' lang='lat'><strong><em>:</em></strong></span> <span class='ocrx_word' id='word_1_303' title='bbox 679 3861 904 3933; x_wconf 88' lang='lat' dir='ltr'><strong><em>Surgite,</em></strong></span> <span class='ocrx_word' id='word_1_304' title='bbox 926 3874 974 3918; x_wconf 91' lang='lat' dir='ltr'><strong><em>et</em></strong></span> <span class='ocrx_word' id='word_1_305' title='bbox 1003 3867 1132 3921; x_wconf 68' lang='lat' dir='ltr'><strong><em>exite</em></strong></span> <span class='ocrx_word' id='word_1_306' title='bbox 1155 3869 1216 3921; x_wconf 88' lang='lat' dir='ltr'><strong><em>de</em></strong></span> <span class='ocrx_word' id='word_1_307' title='bbox 1244 3868 1339 3922; x_wconf 81' lang='lat' dir='ltr'><strong><em>liae</em></strong></span> <span class='ocrx_word' id='word_1_308' title='bbox 1367 3871 1477 3924; x_wconf 88' lang='lat' dir='ltr'><strong><em>loco</em></strong></span> <span class='ocrx_word' id='word_1_309' title='bbox 1500 3887 1519 3926; x_wconf 90' lang='lat'><strong><em>:</em></strong></span> <span class='ocrx_word' id='word_1_310' title='bbox 1544 3872 1664 3941; x_wconf 89' lang='lat' dir='ltr'><strong><em>quia</em></strong></span> <span class='ocrx_word' id='word_1_311' title='bbox 1684 3873 1866 3928; x_wconf 67' lang='lat' dir='ltr'><strong><em>exterit</em></strong></span> <span class='ocrx_word' id='word_1_312' title='bbox 1891 3873 2073 3929; x_wconf 87' lang='lat' dir='ltr'><strong><em>Domi-</em></strong></span> 
     </span>
    </p>
   </div>
   <div class='ocr_carea' id='block_1_40' title="bbox 467 3953 2071 4038">
    <p class='ocr_par' dir='ltr' id='par_1_40' title="bbox 467 3953 2071 4038">
     <span class='ocr_line' id='line_1_40' title="bbox 467 3953 2071 4038; baseline 0.011 -34"><span class='ocrx_word' id='word_1_313' title='bbox 467 3969 590 4006; x_wconf 87' lang='lat' dir='ltr'><strong><em>-nus.</em></strong></span> <span class='ocrx_word' id='word_1_314' title='bbox 604 3953 874 4010; x_wconf 79' lang='lat' dir='ltr'><strong><em>civitatem.</em></strong></span> <span class='ocrx_word' id='word_1_315' title='bbox 895 3955 1062 4012; x_wconf 78' lang='lat' dir='ltr'><strong><em>Visus</em></strong></span> <span class='ocrx_word' id='word_1_316' title='bbox 1085 3967 1158 4012; x_wconf 89' lang='lat' dir='ltr'><strong><em>est</em></strong></span> <span class='ocrx_word' id='word_1_317' title='bbox 1181 3970 1348 4014; x_wconf 86' lang='lat' dir='ltr'><strong><em>autem</em></strong></span> <span class='ocrx_word' id='word_1_318' title='bbox 1376 3961 1767 4036; x_wconf 64' lang='lat' dir='ltr'><strong><em>ridiculahqui</em></strong></span> <span class='ocrx_word' id='word_1_319' title='bbox 1781 3982 1952 4022; x_wconf 88' lang='lat' dir='ltr'><strong><em>coram</em></strong></span> <span class='ocrx_word' id='word_1_320' title='bbox 1981 3984 2071 4038; x_wconf 89' lang='lat' dir='ltr'><strong><em>ge-</em></strong></span> 
     </span>
    </p>
   </div>
   <div class='ocr_carea' id='block_1_41' title="bbox 468 4042 2072 4117">
    <p class='ocr_par' dir='ltr' id='par_1_41' title="bbox 468 4042 2072 4117">
     <span class='ocr_line' id='line_1_41' title="bbox 468 4042 2072 4117; baseline 0.013 -24"><span class='ocrx_word' id='word_1_321' title='bbox 468 4042 618 4096; x_wconf 84' lang='lat' dir='ltr'><strong><em>.neris</em></strong></span> <span class='ocrx_word' id='word_1_322' title='bbox 645 4045 770 4098; x_wconf 85' lang='lat' dir='ltr'><strong><em>suis.</em></strong></span> <span class='ocrx_word' id='word_1_323' title='bbox 810 4046 938 4102; x_wconf 79' lang='lat' dir='ltr'><strong><em>Vide</em></strong></span> <span class='ocrx_word' id='word_1_324' title='bbox 966 4050 1235 4117; x_wconf 87' lang='lat' dir='ltr'><strong><em>quomodo</em></strong></span> <span class='ocrx_word' id='word_1_325' title='bbox 1262 4067 1294 4107; x_wconf 91' lang='lat' dir='ltr'><strong><em>e</em></strong></span> <span class='ocrx_word' id='word_1_326' title='bbox 1323 4053 1463 4108; x_wconf 91' lang='lat' dir='ltr'><strong><em>malo</em></strong></span> <span class='ocrx_word' id='word_1_327' title='bbox 1491 4054 1584 4108; x_wconf 93' lang='lat' dir='ltr'><strong><em>illo</em></strong></span> <span class='ocrx_word' id='word_1_328' title='bbox 1614 4053 1878 4110; x_wconf 75' lang='lat' dir='ltr'><strong><em>fermento</em></strong></span> <span class='ocrx_word' id='word_1_329' title='bbox 1918 4068 2072 4114; x_wconf 84' lang='lat' dir='ltr'><strong><em>erant</em></strong></span> 
     </span>
    </p>
   </div>
   <div class='ocr_carea' id='block_1_42' title="bbox 470 4134 2070 4219">
    <p class='ocr_par' dir='ltr' id='par_1_42' title="bbox 470 4134 2070 4219">
     <span class='ocr_line' id='line_1_42' title="bbox 470 4134 2070 4219; baseline 0.01 -31"><span class='ocrx_word' id='word_1_330' title='bbox 470 4143 538 4188; x_wconf 79' lang='lat' dir='ltr'><strong><em>et</em></strong></span> <span class='ocrx_word' id='word_1_331' title='bbox 568 4134 673 4188; x_wconf 88' lang='lat' dir='ltr'><strong><em>isti.</em></strong></span> <span class='ocrx_word' id='word_1_332' title='bbox 705 4135 769 4190; x_wconf 88' lang='lat' dir='ltr'><strong><em>Et</em></strong></span> <span class='ocrx_word' id='word_1_333' title='bbox 797 4149 1080 4207; x_wconf 89' lang='lat' dir='ltr'><strong><em>propterea</em></strong></span> <span class='ocrx_word' id='word_1_334' title='bbox 1106 4143 1290 4198; x_wconf 81' lang='lat' dir='ltr'><strong><em>volens</em></strong></span> <span class='ocrx_word' id='word_1_335' title='bbox 1318 4144 1466 4200; x_wconf 72' lang='lat' dir='ltr'><strong><em>Deus.</em></strong></span> <span class='ocrx_word' id='word_1_336' title='bbox 1483 4146 1590 4201; x_wconf 93' lang='lat' dir='ltr'><strong><em>cito</em></strong></span> <span class='ocrx_word' id='word_1_337' title='bbox 1617 4146 1846 4202; x_wconf 89' lang='lat' dir='ltr'><strong><em>liberare</em></strong></span> <span class='ocrx_word' id='word_1_338' title='bbox 1865 4147 2070 4219; x_wconf 80' lang='lat' dir='ltr'><strong><em>justum</em></strong></span> 
     </span>
    </p>
   </div>
   <div class='ocr_carea' id='block_1_43' title="bbox 480 4224 2074 4304">
    <p class='ocr_par' dir='ltr' id='par_1_43' title="bbox 480 4224 2074 4304">
     <span class='ocr_line' id='line_1_43' title="bbox 480 4224 2074 4304; baseline 0.013 -29"><span class='ocrx_word' id='word_1_339' title='bbox 480 4224 550 4278; x_wconf 88' lang='lat' dir='ltr'><strong><em>ab</em></strong></span> <span class='ocrx_word' id='word_1_340' title='bbox 568 4225 788 4282; x_wconf 82' lang='lat' dir='ltr'><strong><em>illorum</em></strong></span> <span class='ocrx_word' id='word_1_341' title='bbox 808 4228 1091 4297; x_wconf 77' lang='lat' dir='ltr'><strong><em>afﬁnitate,</em></strong></span> <span class='ocrx_word' id='word_1_342' title='bbox 1122 4249 1227 4288; x_wconf 88' lang='lat' dir='ltr'><strong><em>non</em></strong></span> <span class='ocrx_word' id='word_1_343' title='bbox 1256 4236 1500 4304; x_wconf 85' lang='lat' dir='ltr'><strong><em>permisit</em></strong></span> <span class='ocrx_word' id='word_1_344' title='bbox 1519 4247 1575 4292; x_wconf 92' lang='lat' dir='ltr'><strong><em>ut</em></strong></span> <span class='ocrx_word' id='word_1_345' title='bbox 1599 4239 2074 4296; x_wconf 88' lang='lat' dir='ltr'><strong><em>commiseerentur</em></strong></span> 
     </span>
    </p>
   </div>
   <div class='ocr_carea' id='block_1_44' title="bbox 465 4318 2071 4404">
    <p class='ocr_par' dir='ltr' id='par_1_44' title="bbox 465 4318 2071 4404">
     <span class='ocr_line' id='line_1_44' title="bbox 465 4318 2071 4404; baseline 0.012 -34"><span class='ocrx_word' id='word_1_346' title='bbox 465 4330 605 4370; x_wconf 77' lang='lat' dir='ltr'><strong><em>.cum</em></strong></span> <span class='ocrx_word' id='word_1_347' title='bbox 632 4318 841 4376; x_wconf 82' lang='lat' dir='ltr'><strong><em>ﬁliabus</em></strong></span> <span class='ocrx_word' id='word_1_348' title='bbox 861 4321 990 4391; x_wconf 86' lang='lat' dir='ltr'><strong><em>justi</em></strong></span> <span class='ocrx_word' id='word_1_349' title='bbox 1015 4341 1030 4377; x_wconf 90' lang='lat'><strong>:</strong></span> <span class='ocrx_word' id='word_1_350' title='bbox 1053 4326 1145 4380; x_wconf 90' lang='lat' dir='ltr'><strong><em>sed</em></strong></span> <span class='ocrx_word' id='word_1_351' title='bbox 1171 4343 1293 4380; x_wconf 87' lang='lat' dir='ltr'><strong><em>cum</em></strong></span> <span class='ocrx_word' id='word_1_352' title='bbox 1331 4329 1506 4397; x_wconf 90' lang='lat' dir='ltr'><strong><em>impiis</em></strong></span> <span class='ocrx_word' id='word_1_353' title='bbox 1531 4331 1694 4385; x_wconf 88' lang='lat' dir='ltr'><strong><em>etiam</em></strong></span> <span class='ocrx_word' id='word_1_354' title='bbox 1733 4331 1852 4387; x_wconf 91' lang='lat' dir='ltr'><strong><em>illos</em></strong></span> <span class='ocrx_word' id='word_1_355' title='bbox 1888 4334 2071 4404; x_wconf 82' lang='lat' dir='ltr'><strong><em>perdi-</em></strong></span> 
     </span>
    </p>
   </div>
   <div class='ocr_carea' id='block_1_45' title="bbox 471 4409 2073 4493">
    <p class='ocr_par' dir='ltr' id='par_1_45' title="bbox 471 4409 2073 4493">
     <span class='ocr_line' id='line_1_45' title="bbox 471 4409 2073 4493; baseline 0.012 -31"><span class='ocrx_word' id='word_1_356' title='bbox 471 4409 671 4474; x_wconf 82' lang='lat' dir='ltr'><strong><em>dit,.ut</em></strong></span> <span class='ocrx_word' id='word_1_357' title='bbox 707 4428 956 4483; x_wconf 77' lang='lat' dir='ltr'><strong><em>egressus</em></strong></span> <span class='ocrx_word' id='word_1_358' title='bbox 979 4415 1156 4486; x_wconf 85' lang='lat' dir='ltr'><strong><em>justus</em></strong></span> <span class='ocrx_word' id='word_1_359' title='bbox 1184 4421 1557 4476; x_wconf 60' lang='lat' dir='ltr'><strong><em>.cumtiliabus</em></strong></span> <span class='ocrx_word' id='word_1_360' title='bbox 1591 4423 2073 4493; x_wconf 66' lang='lat' dir='ltr'><strong><em>etleges-eteorum</em></strong></span> 
     </span>
    </p>
   </div>
   <div class='ocr_carea' id='block_1_46' title="bbox 470 4505 2073 4584">
    <p class='ocr_par' dir='ltr' id='par_1_46' title="bbox 470 4505 2073 4584">
     <span class='ocr_line' id='line_1_46' title="bbox 470 4505 2073 4584; baseline 0.014 -32"><span class='ocrx_word' id='word_1_361' title='bbox 470 4505 876 4572; x_wconf 79' lang='lat' dir='ltr'><strong><em>cognationem.</em></strong></span> <span class='ocrx_word' id='word_1_362' title='bbox 920 4505 1100 4578; x_wconf 88' lang='lat' dir='ltr'><strong><em>Itaque</em></strong></span> <span class='ocrx_word' id='word_1_363' title='bbox 1137 4526 1258 4566; x_wconf 90' lang='lat' dir='ltr'><strong><em>cum</em></strong></span> <span class='ocrx_word' id='word_1_364' title='bbox 1281 4513 1533 4568; x_wconf 84' lang='lat' dir='ltr'><strong><em>audirent</em></strong></span> <span class='ocrx_word' id='word_1_365' title='bbox 1559 4528 1590 4568; x_wconf 92' lang='lat' dir='ltr'><strong><em>a</em></strong></span> <span class='ocrx_word' id='word_1_366' title='bbox 1625 4515 1771 4584; x_wconf 75' lang='lat' dir='ltr'><strong><em>justo</em></strong></span> <span class='ocrx_word' id='word_1_367' title='bbox 1807 4518 2073 4574; x_wconf 89' lang='lat' dir='ltr'><strong><em>terribiles</em></strong></span> 
     </span>
    </p>
   </div>
   <div class='ocr_carea' id='block_1_47' title="bbox 483 4589 2069 4675">
    <p class='ocr_par' dir='ltr' id='par_1_47' title="bbox 483 4589 2069 4675">
     <span class='ocr_line' id='line_1_47' title="bbox 483 4589 2069 4675; baseline 0.012 -31"><span class='ocrx_word' id='word_1_368' title='bbox 483 4589 601 4646; x_wconf 75' lang='lat' dir='ltr'><strong><em>illus</em></strong></span> <span class='ocrx_word' id='word_1_369' title='bbox 627 4595 819 4663; x_wconf 86' lang='lat' dir='ltr'><strong><em>minas,</em></strong></span> <span class='ocrx_word' id='word_1_370' title='bbox 849 4599 998 4666; x_wconf 83' lang='lat' dir='ltr'><strong><em>quasi</em></strong></span> <span class='ocrx_word' id='word_1_371' title='bbox 1024 4601 1454 4670; x_wconf 86' lang='lat' dir='ltr'><strong><em>subsannabant,</em></strong></span> <span class='ocrx_word' id='word_1_372' title='bbox 1483 4615 1537 4659; x_wconf 91' lang='lat' dir='ltr'><strong><em>et</em></strong></span> <span class='ocrx_word' id='word_1_373' title='bbox 1567 4606 1822 4675; x_wconf 87' lang='lat' dir='ltr'><strong><em>putabant</em></strong></span> <span class='ocrx_word' id='word_1_374' title='bbox 1866 4607 2069 4664; x_wconf 85' lang='lat' dir='ltr'><strong><em>delira-</em></strong></span> 
     </span>
    </p>
   </div>
   <div class='ocr_carea' id='block_1_48' title="bbox 485 4689 2073 4769">
    <p class='ocr_par' dir='ltr' id='par_1_48' title="bbox 485 4689 2073 4769">
     <span class='ocr_line' id='line_1_48' title="bbox 485 4689 2073 4769; baseline 0.014 -37"><span class='ocrx_word' id='word_1_375' title='bbox 485 4696 585 4733; x_wconf 85' lang='lat' dir='ltr'><strong><em>me:</em></strong></span> <span class='ocrx_word' id='word_1_376' title='bbox 613 4692 663 4735; x_wconf 90' lang='lat' dir='ltr'><strong><em>ta</em></strong></span> <span class='ocrx_word' id='word_1_377' title='bbox 686 4699 806 4740; x_wconf 87' lang='lat' dir='ltr'><strong><em>esse</em></strong></span> <span class='ocrx_word' id='word_1_378' title='bbox 831 4689 1301 4754; x_wconf 72' lang='lat' dir='ltr'><strong><em>quzedicebantur.</em></strong></span> <span class='ocrx_word' id='word_1_379' title='bbox 1335 4694 1711 4751; x_wconf 86' lang='lat' dir='ltr'><strong><em>Verumtamen</em></strong></span> <span class='ocrx_word' id='word_1_380' title='bbox 1728 4697 1906 4767; x_wconf 87' lang='lat' dir='ltr'><strong><em>justus</em></strong></span> <span class='ocrx_word' id='word_1_381' title='bbox 1927 4699 2073 4769; x_wconf 88' lang='lat' dir='ltr'><strong><em>quod</em></strong></span> 
     </span>
    </p>
   </div>
   <div class='ocr_carea' id='block_1_49' title="bbox 483 4777 2074 4860">
    <p class='ocr_par' dir='ltr' id='par_1_49' title="bbox 483 4777 2074 4860">
     <span class='ocr_line' id='line_1_49' title="bbox 483 4777 2074 4860; baseline 0.014 -35"><span class='ocrx_word' id='word_1_382' title='bbox 483 4787 640 4828; x_wconf 88' lang='lat' dir='ltr'><strong><em>suum</em></strong></span> <span class='ocrx_word' id='word_1_383' title='bbox 667 4785 784 4831; x_wconf 82' lang='lat' dir='ltr'><strong><em>erat</em></strong></span> <span class='ocrx_word' id='word_1_384' title='bbox 803 4777 1046 4848; x_wconf 79' lang='lat' dir='ltr'><strong><em>faciebat,</em></strong></span> <span class='ocrx_word' id='word_1_385' title='bbox 1073 4793 1128 4838; x_wconf 91' lang='lat' dir='ltr'><strong><em>et</em></strong></span> <span class='ocrx_word' id='word_1_386' title='bbox 1151 4785 1271 4854; x_wconf 84' lang='lat' dir='ltr'><strong><em>quia</em></strong></span> <span class='ocrx_word' id='word_1_387' title='bbox 1295 4789 1463 4842; x_wconf 91' lang='lat' dir='ltr'><strong><em>semel</em></strong></span> <span class='ocrx_word' id='word_1_388' title='bbox 1492 4789 1595 4843; x_wconf 90' lang='lat' dir='ltr'><strong><em>illis</em></strong></span> <span class='ocrx_word' id='word_1_389' title='bbox 1623 4789 1757 4844; x_wconf 84' lang='lat' dir='ltr'><strong><em>tilias</em></strong></span> <span class='ocrx_word' id='word_1_390' title='bbox 1777 4790 2074 4860; x_wconf 79' lang='lat' dir='ltr'><strong><em>desponsa-</em></strong></span> 
     </span>
    </p>
   </div>
   <div class='ocr_carea' id='block_1_50' title="bbox 486 4867 2071 4953">
    <p class='ocr_par' dir='ltr' id='par_1_50' title="bbox 486 4867 2071 4953">
     <span class='ocr_line' id='line_1_50' title="bbox 486 4867 2071 4953; baseline 0.015 -36"><span class='ocrx_word' id='word_1_391' title='bbox 486 4873 587 4928; x_wconf 85' lang='lat' dir='ltr'><strong><em>rat,</em></strong></span> <span class='ocrx_word' id='word_1_392' title='bbox 618 4867 784 4923; x_wconf 89' lang='lat' dir='ltr'><strong><em>voluit</em></strong></span> <span class='ocrx_word' id='word_1_393' title='bbox 807 4871 1018 4939; x_wconf 89' lang='lat' dir='ltr'><strong><em>eripere</em></strong></span> <span class='ocrx_word' id='word_1_394' title='bbox 1041 4888 1135 4929; x_wconf 90' lang='lat' dir='ltr'><strong><em>eos</em></strong></span> <span class='ocrx_word' id='word_1_395' title='bbox 1167 4891 1196 4929; x_wconf 91' lang='lat' dir='ltr'><strong><em>a</em></strong></span> <span class='ocrx_word' id='word_1_396' title='bbox 1220 4879 1482 4946; x_wconf 91' lang='lat' dir='ltr'><strong><em>supplicio</em></strong></span> <span class='ocrx_word' id='word_1_397' title='bbox 1512 4898 1526 4934; x_wconf 88' lang='lat'>:</span> <span class='ocrx_word' id='word_1_398' title='bbox 1557 4888 1613 4934; x_wconf 91' lang='lat' dir='ltr'><strong><em>at</em></strong></span> <span class='ocrx_word' id='word_1_399' title='bbox 1643 4881 1716 4934; x_wconf 93' lang='lat' dir='ltr'><strong><em>illi</em></strong></span> <span class='ocrx_word' id='word_1_400' title='bbox 1748 4881 2028 4939; x_wconf 88' lang='lat' dir='ltr'><strong><em>uoluerunt</em></strong></span> <span class='ocrx_word' id='word_1_401' title='bbox 2053 4925 2071 4953; x_wconf 96' lang='lat'><strong><em>,</em></strong></span> 
     </span>
    </p>
   </div>
   <div class='ocr_carea' id='block_1_51' title="bbox 482 4959 2075 5045">
    <p class='ocr_par' dir='ltr' id='par_1_51' title="bbox 482 4959 2075 5045">
     <span class='ocr_line' id='line_1_51' title="bbox 482 4959 2075 5045; baseline 0.014 -32"><span class='ocrx_word' id='word_1_402' title='bbox 482 4959 578 5014; x_wconf 85' lang='lat' dir='ltr'><strong><em>scd</em></strong></span> <span class='ocrx_word' id='word_1_403' title='bbox 608 4961 660 5016; x_wconf 89' lang='lat' dir='ltr'><strong><em>in</em></strong></span> <span class='ocrx_word' id='word_1_404' title='bbox 688 4963 927 5020; x_wconf 88' lang='lat' dir='ltr'><strong><em>moribus</em></strong></span> <span class='ocrx_word' id='word_1_405' title='bbox 952 4968 1062 5020; x_wconf 88' lang='lat' dir='ltr'><strong><em>suis</em></strong></span> <span class='ocrx_word' id='word_1_406' title='bbox 1100 4981 1433 5038; x_wconf 83' lang='lat' dir='ltr'><strong><em>manserunt,</em></strong></span> <span class='ocrx_word' id='word_1_407' title='bbox 1476 4982 1532 5027; x_wconf 90' lang='lat' dir='ltr'><strong><em>et</em></strong></span> <span class='ocrx_word' id='word_1_408' title='bbox 1560 4975 1736 5045; x_wconf 83' lang='lat' dir='ltr'><strong><em>reipsa</em></strong></span> <span class='ocrx_word' id='word_1_409' title='bbox 1775 4977 2075 5036; x_wconf 88' lang='lat' dir='ltr'><strong><em>didicerunt</em></strong></span> 
     </span>
    </p>
   </div>
   <div class='ocr_carea' id='block_1_52' title="bbox 481 5057 2073 5138">
    <p class='ocr_par' dir='ltr' id='par_1_52' title="bbox 481 5057 2073 5138">
     <span class='ocr_line' id='line_1_52' title="bbox 481 5057 2073 5138; baseline 0.014 -34"><span class='ocrx_word' id='word_1_410' title='bbox 481 5067 544 5104; x_wconf 77' lang='lat' dir='ltr'><strong><em>se</em></strong></span> <span class='ocrx_word' id='word_1_411' title='bbox 588 5069 781 5123; x_wconf 81' lang='lat' dir='ltr'><strong><em>magno</em></strong></span> <span class='ocrx_word' id='word_1_412' title='bbox 818 5071 916 5112; x_wconf 87' lang='lat' dir='ltr'><strong><em>suo</em></strong></span> <span class='ocrx_word' id='word_1_413' title='bbox 957 5057 1154 5113; x_wconf 86' lang='lat' dir='ltr'><strong><em>damno</em></strong></span> <span class='ocrx_word' id='word_1_414' title='bbox 1189 5062 1468 5122; x_wconf 88' lang='lat' dir='ltr'><strong><em>consilium</em></strong></span> <span class='ocrx_word' id='word_1_415' title='bbox 1505 5063 1634 5134; x_wconf 90' lang='lat' dir='ltr'><strong><em>justi</em></strong></span> <span class='ocrx_word' id='word_1_416' title='bbox 1681 5068 1950 5138; x_wconf 87' lang='lat' dir='ltr'><strong><em>rejecisse.</em></strong></span> <span class='ocrx_word' id='word_1_417' title='bbox 1985 5073 2073 5127; x_wconf 84' lang='grc'><strong>15.</strong></span> 
     </span>
    </p>
   </div>
   <div class='ocr_carea' id='block_1_53' title="bbox 487 5142 2076 5223">
    <p class='ocr_par' dir='ltr' id='par_1_53' title="bbox 487 5142 2076 5223">
     <span class='ocr_line' id='line_1_53' title="bbox 487 5142 2076 5223; baseline 0.014 -28"><span class='ocrx_word' id='word_1_418' title='bbox 487 5142 529 5196; x_wconf 78' lang='grc' dir='ltr'>ι’</span> <span class='ocrx_word' id='word_1_419' title='bbox 541 5144 592 5197; x_wconf 84' lang='lat' dir='ltr'><strong><em>bi</em></strong></span> <span class='ocrx_word' id='word_1_420' title='bbox 613 5157 802 5213; x_wconf 85' lang='lat' dir='ltr'><strong><em>autem,</em></strong></span> <span class='ocrx_word' id='word_1_421' title='bbox 835 5148 1024 5218; x_wconf 87' lang='lat' dir='ltr'><strong><em>inquit,</em></strong></span> <span class='ocrx_word' id='word_1_422' title='bbox 1047 5167 1194 5206; x_wconf 87' lang='lat' dir='ltr'><strong><em>mane</em></strong></span> <span class='ocrx_word' id='word_1_423' title='bbox 1219 5153 1409 5221; x_wconf 80' lang='lat' dir='ltr'><strong><em>factum</em></strong></span> <span class='ocrx_word' id='word_1_424' title='bbox 1437 5166 1528 5223; x_wconf 83' lang='lat' dir='ltr'><strong><em>est,</em></strong></span> <span class='ocrx_word' id='word_1_425' title='bbox 1568 5161 1795 5216; x_wconf 85' lang='lat' dir='ltr'><strong><em>studiose</em></strong></span> <span class='ocrx_word' id='word_1_426' title='bbox 1817 5163 2076 5218; x_wconf 84' lang='lat' dir='ltr'><strong><em>adhortati</em></strong></span> 
     </span>
    </p>
   </div>
   <div class='ocr_carea' id='block_1_54' title="bbox 480 5237 2068 5322">
    <p class='ocr_par' dir='ltr' id='par_1_54' title="bbox 480 5237 2068 5322">
     <span class='ocr_line' id='line_1_54' title="bbox 480 5237 2068 5322; baseline 0.013 -33"><span class='ocrx_word' id='word_1_427' title='bbox 480 5245 602 5289; x_wconf 75' lang='lat' dir='ltr'><strong><em>sunt</em></strong></span> <span class='ocrx_word' id='word_1_428' title='bbox 623 5238 790 5308; x_wconf 83' lang='lat' dir='ltr'><strong><em>angeli</em></strong></span> <span class='ocrx_word' id='word_1_429' title='bbox 817 5237 912 5291; x_wconf 87' lang='lat' dir='ltr'><strong><em>Lat</em></strong></span> <span class='ocrx_word' id='word_1_430' title='bbox 929 5281 942 5302; x_wconf 91' lang='lat'><strong><em>,</em></strong></span> <span class='ocrx_word' id='word_1_431' title='bbox 971 5239 1191 5296; x_wconf 78' lang='lat' dir='ltr'><strong><em>dicentes</em></strong></span> <span class='ocrx_word' id='word_1_432' title='bbox 1219 5258 1238 5297; x_wconf 92' lang='lat'><strong><em>:</em></strong></span> <span class='ocrx_word' id='word_1_433' title='bbox 1263 5242 1448 5316; x_wconf 80' lang='lat' dir='ltr'><strong><em>Surge,</em></strong></span> <span class='ocrx_word' id='word_1_434' title='bbox 1475 5249 1648 5319; x_wconf 85' lang='lat' dir='ltr'><strong><em>accipe</em></strong></span> <span class='ocrx_word' id='word_1_435' title='bbox 1673 5268 1882 5306; x_wconf 72' lang='lat' dir='ltr'><strong><em>uxorem</em></strong></span> <span class='ocrx_word' id='word_1_436' title='bbox 1909 5263 2068 5322; x_wconf 83' lang='lat' dir='ltr'><strong><em>tuam,</em></strong></span> 
     </span>
    </p>
   </div>
   <div class='ocr_carea' id='block_1_55' title="bbox 481 5327 2076 5418">
    <p class='ocr_par' dir='ltr' id='par_1_55' title="bbox 481 5327 2076 5418">
     <span class='ocr_line' id='line_1_55' title="bbox 481 5327 2076 5418; baseline 0.014 -41"><span class='ocrx_word' id='word_1_437' title='bbox 481 5336 530 5378; x_wconf 85' lang='lat' dir='ltr'><strong><em>et</em></strong></span> <span class='ocrx_word' id='word_1_438' title='bbox 553 5327 686 5394; x_wconf 79' lang='lat' dir='ltr'><strong><em>[ilius</em></strong></span> <span class='ocrx_word' id='word_1_439' title='bbox 715 5331 865 5397; x_wconf 84' lang='lat' dir='ltr'><strong><em>duas,</em></strong></span> <span class='ocrx_word' id='word_1_440' title='bbox 896 5348 1022 5400; x_wconf 84' lang='lat' dir='ltr'><strong><em>quas</em></strong></span> <span class='ocrx_word' id='word_1_441' title='bbox 1046 5332 1218 5398; x_wconf 81' lang='lat' dir='ltr'><strong><em>habes,</em></strong></span> <span class='ocrx_word' id='word_1_442' title='bbox 1242 5345 1288 5389; x_wconf 91' lang='lat' dir='ltr'><strong><em>et</em></strong></span> <span class='ocrx_word' id='word_1_443' title='bbox 1315 5339 1414 5403; x_wconf 70' lang='lat' dir='ltr'><strong><em>exi,</em></strong></span> <span class='ocrx_word' id='word_1_444' title='bbox 1442 5349 1496 5391; x_wconf 88' lang='lat' dir='ltr'><strong><em>ut</em></strong></span> <span class='ocrx_word' id='word_1_445' title='bbox 1519 5356 1582 5395; x_wconf 90' lang='lat' dir='ltr'><strong><em>ne</em></strong></span> <span class='ocrx_word' id='word_1_446' title='bbox 1605 5351 1652 5395; x_wconf 88' lang='lat' dir='ltr'><strong><em>et</em></strong></span> <span class='ocrx_word' id='word_1_447' title='bbox 1667 5353 1734 5396; x_wconf 78' lang='lat' dir='ltr'><strong><em>tu</em></strong></span> <span class='ocrx_word' id='word_1_448' title='bbox 1753 5361 1866 5399; x_wconf 88' lang='lat' dir='ltr'><strong><em>cum</em></strong></span> <span class='ocrx_word' id='word_1_449' title='bbox 1888 5347 2076 5418; x_wconf 81' lang='lat' dir='ltr'><strong><em>iniqui-</em></strong></span> 
     </span>
    </p>
   </div>
   <div class='ocr_carea' id='block_1_56' title="bbox 481 5418 2072 5505">
    <p class='ocr_par' dir='ltr' id='par_1_56' title="bbox 481 5418 2072 5505">
     <span class='ocr_line' id='line_1_56' title="bbox 481 5418 2072 5505; baseline 0.015 -37"><span class='ocrx_word' id='word_1_450' title='bbox 481 5418 903 5478; x_wconf 81' lang='lat' dir='ltr'><strong><em>tatibus.civitatis</em></strong></span> <span class='ocrx_word' id='word_1_451' title='bbox 940 5441 1135 5494; x_wconf 87' lang='lat' dir='ltr'><strong><em>pereas.</em></strong></span> <span class='ocrx_word' id='word_1_452' title='bbox 1165 5427 1252 5483; x_wconf 79' lang='grc'><strong>16.</strong></span> <span class='ocrx_word' id='word_1_453' title='bbox 1286 5428 1354 5483; x_wconf 85' lang='lat' dir='ltr'><strong><em>Et</em></strong></span> <span class='ocrx_word' id='word_1_454' title='bbox 1395 5430 1583 5485; x_wconf 85' lang='lat' dir='ltr'><strong><em>turbati</em></strong></span> <span class='ocrx_word' id='word_1_455' title='bbox 1621 5444 1756 5489; x_wconf 89' lang='lat' dir='ltr'><strong><em>sunt.</em></strong></span> <span class='ocrx_word' id='word_1_456' title='bbox 1779 5435 1858 5492; x_wconf 78' lang='lat' dir='ltr'><strong><em>Ne</em></strong></span> <span class='ocrx_word' id='word_1_457' title='bbox 1898 5439 2072 5505; x_wconf 78' lang='lat' dir='ltr'><strong><em>diﬂ&#39;cr,</em></strong></span> 
     </span>
    </p>
   </div>
   <div class='ocr_carea' id='block_1_57' title="bbox 485 5508 2075 5597">
    <p class='ocr_par' dir='ltr' id='par_1_57' title="bbox 485 5508 2075 5597">
     <span class='ocr_line' id='line_1_57' title="bbox 485 5508 2075 5597; baseline 0.016 -37"><span class='ocrx_word' id='word_1_458' title='bbox 485 5508 655 5577; x_wconf 86' lang='lat' dir='ltr'><strong><em>inquit</em></strong></span> <span class='ocrx_word' id='word_1_459' title='bbox 678 5526 696 5566; x_wconf 72' lang='grc' dir='ltr'><strong><em>ς,</em></strong></span> <span class='ocrx_word' id='word_1_460' title='bbox 711 5510 820 5577; x_wconf 81' lang='lat' dir='ltr'><strong><em>jam</em></strong></span> <span class='ocrx_word' id='word_1_461' title='bbox 836 5515 976 5568; x_wconf 90' lang='lat' dir='ltr'><strong><em>enim</em></strong></span> <span class='ocrx_word' id='word_1_462' title='bbox 1002 5517 1106 5572; x_wconf 88' lang='lat' dir='ltr'><strong><em>illis</em></strong></span> <span class='ocrx_word' id='word_1_463' title='bbox 1122 5519 1384 5586; x_wconf 88' lang='lat' dir='ltr'><strong><em>pernicies</em></strong></span> <span class='ocrx_word' id='word_1_464' title='bbox 1407 5521 1689 5592; x_wconf 83' lang='lat' dir='ltr'><strong><em>inﬂigenda</em></strong></span> <span class='ocrx_word' id='word_1_465' title='bbox 1706 5535 1788 5581; x_wconf 88' lang='lat' dir='ltr'><strong><em>est</em></strong></span> <span class='ocrx_word' id='word_1_466' title='bbox 1809 5545 1824 5582; x_wconf 87' lang='lat'><strong>:</strong></span> <span class='ocrx_word' id='word_1_467' title='bbox 1849 5528 2075 5597; x_wconf 85' lang='lat' dir='ltr'><strong><em>teipsnm</em></strong></span> 
     </span>
    </p>
   </div>
   <div class='ocr_carea' id='block_1_58' title="bbox 487 5599 2078 5687">
    <p class='ocr_par' dir='ltr' id='par_1_58' title="bbox 487 5599 2078 5687">
     <span class='ocr_line' id='line_1_58' title="bbox 487 5599 2078 5687; baseline 0.016 -35"><span class='ocrx_word' id='word_1_468' title='bbox 487 5599 646 5668; x_wconf 84' lang='lat' dir='ltr'><strong><em>igitur</em></strong></span> <span class='ocrx_word' id='word_1_469' title='bbox 675 5609 740 5654; x_wconf 76' lang='lat' dir='ltr'><strong><em>et</em></strong></span> <span class='ocrx_word' id='word_1_470' title='bbox 768 5617 988 5660; x_wconf 64' lang='lat' dir='ltr'><strong><em>uiatorem</em></strong></span> <span class='ocrx_word' id='word_1_471' title='bbox 1033 5619 1088 5662; x_wconf 90' lang='lat' dir='ltr'><strong><em>et</em></strong></span> <span class='ocrx_word' id='word_1_472' title='bbox 1115 5609 1250 5665; x_wconf 86' lang='lat' dir='ltr'><strong><em>tilias</em></strong></span> <span class='ocrx_word' id='word_1_473' title='bbox 1277 5628 1452 5668; x_wconf 88' lang='lat' dir='ltr'><strong><em>serva.</em></strong></span> <span class='ocrx_word' id='word_1_474' title='bbox 1480 5613 1560 5670; x_wconf 84' lang='lat' dir='ltr'><strong><em>Illi</em></strong></span> <span class='ocrx_word' id='word_1_475' title='bbox 1597 5616 1742 5672; x_wconf 87' lang='lat' dir='ltr'><strong><em>enim</em></strong></span> <span class='ocrx_word' id='word_1_476' title='bbox 1769 5620 1858 5687; x_wconf 88' lang='lat' dir='ltr'><strong><em>qui</em></strong></span> <span class='ocrx_word' id='word_1_477' title='bbox 1888 5620 2078 5676; x_wconf 84' lang='lat' dir='ltr'><strong><em>uolue-</em></strong></span> 
     </span>
    </p>
   </div>
   <div class='ocr_carea' id='block_1_59' title="bbox 487 5691 2072 5779">
    <p class='ocr_par' dir='ltr' id='par_1_59' title="bbox 487 5691 2072 5779">
     <span class='ocr_line' id='line_1_59' title="bbox 487 5691 2072 5779; baseline 0.013 -35"><span class='ocrx_word' id='word_1_478' title='bbox 487 5700 614 5744; x_wconf 86' lang='lat' dir='ltr'><strong><em>runt</em></strong></span> <span class='ocrx_word' id='word_1_479' title='bbox 635 5691 984 5748; x_wconf 84' lang='lat' dir='ltr'><strong><em>admonitioni</em></strong></span> <span class='ocrx_word' id='word_1_480' title='bbox 1004 5706 1117 5755; x_wconf 67' lang='lat' dir='ltr'><strong><em>tua:</em></strong></span> <span class='ocrx_word' id='word_1_481' title='bbox 1145 5715 1355 5771; x_wconf 87' lang='lat' dir='ltr'><strong><em>parere,</em></strong></span> <span class='ocrx_word' id='word_1_482' title='bbox 1391 5721 1497 5760; x_wconf 89' lang='lat' dir='ltr'><strong><em>nou</em></strong></span> <span class='ocrx_word' id='word_1_483' title='bbox 1525 5706 1682 5778; x_wconf 82' lang='lat' dir='ltr'><strong><em>longe</em></strong></span> <span class='ocrx_word' id='word_1_484' title='bbox 1705 5717 1826 5778; x_wconf 83' lang='lat' dir='ltr'><strong><em>post</em></strong></span> <span class='ocrx_word' id='word_1_485' title='bbox 1853 5711 2072 5779; x_wconf 83' lang='lat' dir='ltr'><strong><em>partici-</em></strong></span> 
     </span>
    </p>
   </div>
   <div class='ocr_carea' id='block_1_60' title="bbox 476 5790 2067 5872">
    <p class='ocr_par' dir='ltr' id='par_1_60' title="bbox 476 5790 2067 5872">
     <span class='ocr_line' id='line_1_60' title="bbox 476 5790 2067 5872; baseline 0.018 -39"><span class='ocrx_word' id='word_1_486' title='bbox 476 5793 753 5859; x_wconf 59' lang='lat' dir='ltr'><strong><em>pes-erunt</em></strong></span> <span class='ocrx_word' id='word_1_487' title='bbox 766 5790 1065 5850; x_wconf 85' lang='lat' dir='ltr'><strong><em>communis</em></strong></span> <span class='ocrx_word' id='word_1_488' title='bbox 1095 5792 1359 5854; x_wconf 84' lang='lat' dir='ltr'><strong><em>interitus.</em></strong></span> <span class='ocrx_word' id='word_1_489' title='bbox 1381 5797 1456 5855; x_wconf 84' lang='lat' dir='ltr'><strong><em>Ne</em></strong></span> <span class='ocrx_word' id='word_1_490' title='bbox 1473 5799 1630 5872; x_wconf 84' lang='lat' dir='ltr'><strong><em>igitur</em></strong></span> <span class='ocrx_word' id='word_1_491' title='bbox 1644 5799 1820 5872; x_wconf 76' lang='lat' dir='ltr'><strong><em>dill‘er,</em></strong></span> <span class='ocrx_word' id='word_1_492' title='bbox 1841 5813 1898 5858; x_wconf 89' lang='lat' dir='ltr'><strong><em>ut</em></strong></span> <span class='ocrx_word' id='word_1_493' title='bbox 1921 5819 1990 5860; x_wconf 88' lang='lat' dir='ltr'><strong><em>ne</em></strong></span> <span class='ocrx_word' id='word_1_494' title='bbox 2013 5815 2067 5862; x_wconf 86' lang='lat' dir='ltr'><strong><em>et</em></strong></span> 
     </span>
    </p>
   </div>
   <div class='ocr_carea' id='block_1_61' title="bbox 1182 360 2990 426">
    <p class='ocr_par' dir='ltr' id='par_1_61' title="bbox 1182 360 2990 426">
     <span class='ocr_line' id='line_1_61' title="bbox 1182 360 2990 426; baseline -0.002 0"><span class='ocrx_word' id='word_1_495' title='bbox 1182 371 1236 426; x_wconf 87' lang='lat' dir='ltr'><strong><em>S.</em></strong></span> <span class='ocrx_word' id='word_1_496' title='bbox 1275 367 1550 426; x_wconf 80' lang='lat' dir='ltr'><strong><em>JO.\NNIS</em></strong></span> <span class='ocrx_word' id='word_1_497' title='bbox 1585 360 2066 422; x_wconf 64' lang='lat' dir='ltr'><strong><em>CHRYSOSFOMI</em></strong></span> <span class='ocrx_word' id='word_1_498' title='bbox 2105 360 2424 419; x_wconf 71' lang='lat' dir='ltr'><strong><em>ARCIIIE‘P.</em></strong></span> <span class='ocrx_word' id='word_1_499' title='bbox 2463 361 2990 425; x_wconf 65' lang='lat' dir='ltr'><strong><em>CONSTANTINOP.</em></strong></span> 
     </span>
    </p>
   </div>
   <div class='ocr_carea' id='block_1_62' title="bbox 3646 358 3755 416">
    <p class='ocr_par' dir='ltr' id='par_1_62' title="bbox 3646 358 3755 416">
     <span class='ocr_line' id='line_1_62' title="bbox 3646 358 3755 416; baseline 0.028 -4"><span class='ocrx_word' id='word_1_500' title='bbox 3646 358 3755 416; x_wconf 72' lang='grc'><strong><em>404</em></strong></span> 
     </span>
    </p>
   </div>
   <div class='ocr_carea' id='block_1_63' title="bbox 2158 477 3751 553">
    <p class='ocr_par' dir='ltr' id='par_1_63' title="bbox 2158 477 3751 553">
     <span class='ocr_line' id='line_1_63' title="bbox 2158 477 3751 553; baseline 0.005 -27"><span class='ocrx_word' id='word_1_501' title='bbox 2158 481 2271 544; x_wconf 83' lang='lat' dir='ltr'><strong><em>ipse</em></strong></span> <span class='ocrx_word' id='word_1_502' title='bbox 2295 477 2673 532; x_wconf 85' lang='lat' dir='ltr'><strong><em>internecionis</em></strong></span> <span class='ocrx_word' id='word_1_503' title='bbox 2695 480 2916 534; x_wconf 78' lang='lat' dir='ltr'><strong><em>iStorum</em></strong></span> <span class='ocrx_word' id='word_1_504' title='bbox 2943 480 3222 550; x_wconf 88' lang='lat' dir='ltr'><strong><em>impiorum</em></strong></span> <span class='ocrx_word' id='word_1_505' title='bbox 3241 482 3509 553; x_wconf 84' lang='lat' dir='ltr'><strong><em>particeps</em></strong></span> <span class='ocrx_word' id='word_1_506' title='bbox 3535 482 3649 538; x_wconf 81' lang='lat' dir='ltr'><strong><em>llas.</em></strong></span> <span class='ocrx_word' id='word_1_507' title='bbox 3685 482 3751 535; x_wconf 64' lang='lat' dir='ltr'><strong><em>lit</em></strong></span> 
     </span>
    </p>
   </div>
   <div class='ocr_carea' id='block_1_64' title="bbox 2158 567 3748 640">
    <p class='ocr_par' dir='ltr' id='par_1_64' title="bbox 2158 567 3748 640">
     <span class='ocr_line' id='line_1_64' title="bbox 2158 567 3748 640; baseline 0.007 -20"><span class='ocrx_word' id='word_1_508' title='bbox 2158 567 2342 620; x_wconf 85' lang='lat' dir='ltr'><strong><em>turbati</em></strong></span> <span class='ocrx_word' id='word_1_509' title='bbox 2371 579 2510 634; x_wconf 87' lang='lat' dir='ltr'><strong><em>sunt,</em></strong></span> <span class='ocrx_word' id='word_1_510' title='bbox 2544 581 2596 624; x_wconf 93' lang='lat' dir='ltr'><strong><em>ut</em></strong></span> <span class='ocrx_word' id='word_1_511' title='bbox 2630 570 2744 625; x_wconf 65' lang='lat' dir='ltr'><strong><em>hinc</em></strong></span> <span class='ocrx_word' id='word_1_512' title='bbox 2785 572 3069 627; x_wconf 89' lang='lat' dir='ltr'><strong><em>audierunt</em></strong></span> <span class='ocrx_word' id='word_1_513' title='bbox 3097 572 3196 628; x_wconf 87' lang='lat' dir='ltr'><strong><em>Lot</em></strong></span> <span class='ocrx_word' id='word_1_514' title='bbox 3234 585 3289 629; x_wconf 89' lang='lat' dir='ltr'><strong><em>et</em></strong></span> <span class='ocrx_word' id='word_1_515' title='bbox 3316 591 3450 629; x_wconf 77' lang='lat' dir='ltr'><strong><em>uxor</em></strong></span> <span class='ocrx_word' id='word_1_516' title='bbox 3490 585 3545 631; x_wconf 90' lang='lat' dir='ltr'><strong><em>et</em></strong></span> <span class='ocrx_word' id='word_1_517' title='bbox 3589 576 3748 640; x_wconf 85' lang='lat' dir='ltr'><strong><em>lili:e;</em></strong></span> 
     </span>
    </p>
   </div>
   <div class='ocr_carea' id='block_1_65' title="bbox 2149 656 3760 737">
    <p class='ocr_par' dir='ltr' id='par_1_65' title="bbox 2149 656 3760 737">
     <span class='ocr_line' id='line_1_65' title="bbox 2149 656 3760 737; baseline 0.007 -28"><span class='ocrx_word' id='word_1_518' title='bbox 2149 656 2368 712; x_wconf 72' lang='lat' dir='ltr'><strong><em>Turbati</em></strong></span> <span class='ocrx_word' id='word_1_519' title='bbox 2401 673 2536 726; x_wconf 88' lang='lat' dir='ltr'><strong><em>sunt,</em></strong></span> <span class='ocrx_word' id='word_1_520' title='bbox 2579 664 2767 732; x_wconf 90' lang='lat' dir='ltr'><strong><em>inquit,</em></strong></span> <span class='ocrx_word' id='word_1_521' title='bbox 2802 664 2901 717; x_wconf 85' lang='lat' dir='ltr'><strong><em>hoc</em></strong></span> <span class='ocrx_word' id='word_1_522' title='bbox 2931 674 3033 731; x_wconf 88' lang='lat' dir='ltr'><strong><em>est,</em></strong></span> <span class='ocrx_word' id='word_1_523' title='bbox 3064 666 3271 719; x_wconf 90' lang='lat' dir='ltr'><strong><em>attoniti</em></strong></span> <span class='ocrx_word' id='word_1_524' title='bbox 3319 665 3553 732; x_wconf 83' lang='lat' dir='ltr'><strong><em>luerunt,</em></strong></span> <span class='ocrx_word' id='word_1_525' title='bbox 3595 679 3760 737; x_wconf 79' lang='lat' dir='ltr'><strong><em>atque</em></strong></span> 
     </span>
    </p>
   </div>
   <div class='ocr_carea' id='block_1_66' title="bbox 2159 752 3759 830">
    <p class='ocr_par' dir='ltr' id='par_1_66' title="bbox 2159 752 3759 830">
     <span class='ocr_line' id='line_1_66' title="bbox 2159 752 3759 830; baseline 0.008 -26"><span class='ocrx_word' id='word_1_526' title='bbox 2159 752 2212 804; x_wconf 89' lang='lat' dir='ltr'><strong><em>iu</em></strong></span> <span class='ocrx_word' id='word_1_527' title='bbox 2259 753 2479 808; x_wconf 81' lang='lat' dir='ltr'><strong><em>nimium</em></strong></span> <span class='ocrx_word' id='word_1_528' title='bbox 2535 771 2784 825; x_wconf 76' lang='lat' dir='ltr'><strong><em>pavorem</em></strong></span> <span class='ocrx_word' id='word_1_529' title='bbox 2837 758 3174 824; x_wconf 89' lang='lat' dir='ltr'><strong><em>inciderunt,</em></strong></span> <span class='ocrx_word' id='word_1_530' title='bbox 3224 769 3280 814; x_wconf 91' lang='lat' dir='ltr'><strong><em>et</em></strong></span> <span class='ocrx_word' id='word_1_531' title='bbox 3321 771 3540 830; x_wconf 84' lang='lat' dir='ltr'><strong><em>propter</em></strong></span> <span class='ocrx_word' id='word_1_532' title='bbox 3583 763 3759 816; x_wconf 74' lang='lat' dir='ltr'><strong><em>minus</em></strong></span> 
     </span>
    </p>
   </div>
   <div class='ocr_carea' id='block_1_67' title="bbox 2157 845 3761 922">
    <p class='ocr_par' dir='ltr' id='par_1_67' title="bbox 2157 845 3761 922">
     <span class='ocr_line' id='line_1_67' title="bbox 2157 845 3761 922; baseline 0.002 -22"><span class='ocrx_word' id='word_1_533' title='bbox 2157 845 2502 901; x_wconf 64' lang='lat' dir='ltr'><strong><em>anxii-luere.</em></strong></span> <span class='ocrx_word' id='word_1_534' title='bbox 2549 847 2613 900; x_wconf 81' lang='lat' dir='ltr'><strong><em>Et</em></strong></span> <span class='ocrx_word' id='word_1_535' title='bbox 2642 847 2763 902; x_wconf 91' lang='lat' dir='ltr'><strong><em>ideo</em></strong></span> <span class='ocrx_word' id='word_1_536' title='bbox 2789 849 2989 919; x_wconf 83' lang='lat' dir='ltr'><strong><em>Angeli,</em></strong></span> <span class='ocrx_word' id='word_1_537' title='bbox 3019 865 3203 904; x_wconf 83' lang='lat' dir='ltr'><strong><em>curam</em></strong></span> <span class='ocrx_word' id='word_1_538' title='bbox 3225 861 3446 921; x_wconf 82' lang='lat' dir='ltr'><strong><em>agentes</em></strong></span> <span class='ocrx_word' id='word_1_539' title='bbox 3479 852 3634 922; x_wconf 87' lang='lat' dir='ltr'><strong><em>justi,</em></strong></span> <span class='ocrx_word' id='word_1_540' title='bbox 3663 870 3761 922; x_wconf 82' lang='lat' dir='ltr'><strong><em>ap-</em></strong></span> 
     </span>
    </p>
   </div>
   <div class='ocr_carea' id='block_1_68' title="bbox 2163 937 3760 1011">
    <p class='ocr_par' dir='ltr' id='par_1_68' title="bbox 2163 937 3760 1011">
     <span class='ocr_line' id='line_1_68' title="bbox 2163 937 3760 1011; baseline 0.004 -22"><span class='ocrx_word' id='word_1_541' title='bbox 2163 937 2553 1008; x_wconf 46' lang='lat' dir='ltr'><strong><em>prehendi-runt,</em></strong></span> <span class='ocrx_word' id='word_1_542' title='bbox 2579 937 2766 1007; x_wconf 91' lang='lat' dir='ltr'><strong><em>inquit,</em></strong></span> <span class='ocrx_word' id='word_1_543' title='bbox 2791 955 2997 993; x_wconf 85' lang='lat' dir='ltr'><strong><em>manum</em></strong></span> <span class='ocrx_word' id='word_1_544' title='bbox 3022 941 3150 1011; x_wconf 83' lang='lat' dir='ltr'><strong><em>ejus.</em></strong></span> <span class='ocrx_word' id='word_1_545' title='bbox 3173 939 3293 995; x_wconf 81' lang='lat' dir='ltr'><strong><em>Jam</em></strong></span> <span class='ocrx_word' id='word_1_546' title='bbox 3321 958 3426 995; x_wconf 92' lang='lat' dir='ltr'><strong><em>non</em></strong></span> <span class='ocrx_word' id='word_1_547' title='bbox 3450 952 3507 995; x_wconf 91' lang='lat' dir='ltr'><strong><em>ut</em></strong></span> <span class='ocrx_word' id='word_1_548' title='bbox 3532 941 3600 996; x_wconf 91' lang='lat' dir='ltr'><strong><em>de</em></strong></span> <span class='ocrx_word' id='word_1_549' title='bbox 3625 944 3760 996; x_wconf 85' lang='lat' dir='ltr'><strong><em>viris</em></strong></span> 
     </span>
    </p>
   </div>
   <div class='ocr_carea' id='block_1_69' title="bbox 2165 1029 3763 1104">
    <p class='ocr_par' dir='ltr' id='par_1_69' title="bbox 2165 1029 3763 1104">
     <span class='ocr_line' id='line_1_69' title="bbox 2165 1029 3763 1104; baseline 0.004 -23"><span class='ocrx_word' id='word_1_550' title='bbox 2165 1029 2399 1098; x_wconf 81' lang='lat' dir='ltr'><strong><em>loquitur</em></strong></span> <span class='ocrx_word' id='word_1_551' title='bbox 2436 1030 2503 1084; x_wconf 90' lang='lat' dir='ltr'><strong><em>de</em></strong></span> <span class='ocrx_word' id='word_1_552' title='bbox 2526 1031 2604 1083; x_wconf 92' lang='lat' dir='ltr'><strong><em>eis</em></strong></span> <span class='ocrx_word' id='word_1_553' title='bbox 2630 1030 2906 1101; x_wconf 84' lang='lat' dir='ltr'><strong><em>Scriptura</em></strong></span> <span class='ocrx_word' id='word_1_554' title='bbox 2936 1032 3137 1095; x_wconf 89' lang='lat' dir='ltr'><strong><em>divina,</em></strong></span> <span class='ocrx_word' id='word_1_555' title='bbox 3162 1033 3258 1087; x_wconf 90' lang='lat' dir='ltr'><strong><em>sed</em></strong></span> <span class='ocrx_word' id='word_1_556' title='bbox 3287 1034 3411 1103; x_wconf 91' lang='lat' dir='ltr'><strong><em>quia</em></strong></span> <span class='ocrx_word' id='word_1_557' title='bbox 3444 1035 3649 1104; x_wconf 85' lang='lat' dir='ltr'><strong><em>plagam</em></strong></span> <span class='ocrx_word' id='word_1_558' title='bbox 3682 1037 3763 1089; x_wconf 88' lang='lat' dir='ltr'><strong><em>in-</em></strong></span> 
     </span>
    </p>
   </div>
   <div class='ocr_carea' id='block_1_70' title="bbox 2159 1117 3766 1196">
    <p class='ocr_par' dir='ltr' id='par_1_70' title="bbox 2159 1117 3766 1196">
     <span class='ocr_line' id='line_1_70' title="bbox 2159 1117 3766 1196; baseline 0.004 -24"><span class='ocrx_word' id='word_1_559' title='bbox 2159 1117 2357 1173; x_wconf 74' lang='lat' dir='ltr'><strong><em>llicturi</em></strong></span> <span class='ocrx_word' id='word_1_560' title='bbox 2375 1130 2548 1186; x_wconf 80' lang='lat' dir='ltr'><strong><em>erant,</em></strong></span> <span class='ocrx_word' id='word_1_561' title='bbox 2571 1121 2791 1190; x_wconf 81' lang='lat' dir='ltr'><strong><em>angelos</em></strong></span> <span class='ocrx_word' id='word_1_562' title='bbox 2815 1137 2908 1176; x_wconf 88' lang='lat' dir='ltr'><strong><em>eos</em></strong></span> <span class='ocrx_word' id='word_1_563' title='bbox 2931 1123 3177 1176; x_wconf 84' lang='lat' dir='ltr'><strong><em>nominat</em></strong></span> <span class='ocrx_word' id='word_1_564' title='bbox 3196 1135 3249 1176; x_wconf 90' lang='lat' dir='ltr'><strong><em>et</em></strong></span> <span class='ocrx_word' id='word_1_565' title='bbox 3265 1123 3393 1178; x_wconf 89' lang='lat' dir='ltr'><strong><em>dicit</em></strong></span> <span class='ocrx_word' id='word_1_566' title='bbox 3415 1141 3428 1176; x_wconf 91' lang='lat'><strong>:</strong></span> <span class='ocrx_word' id='word_1_567' title='bbox 3460 1125 3766 1196; x_wconf 77' lang='lat' dir='ltr'><strong><em>Apprchrn-</em></strong></span> 
     </span>
    </p>
   </div>
   <div class='ocr_carea' id='block_1_71' title="bbox 2163 1212 3770 1282">
    <p class='ocr_par' dir='ltr' id='par_1_71' title="bbox 2163 1212 3770 1282">
     <span class='ocr_line' id='line_1_71' title="bbox 2163 1212 3770 1282; baseline 0.004 -19"><span class='ocrx_word' id='word_1_568' title='bbox 2163 1212 2340 1264; x_wconf 78' lang='lat' dir='ltr'><strong><em>derunt</em></strong></span> <span class='ocrx_word' id='word_1_569' title='bbox 2357 1228 2563 1265; x_wconf 88' lang='lat' dir='ltr'><strong><em>manum</em></strong></span> <span class='ocrx_word' id='word_1_570' title='bbox 2581 1214 2708 1282; x_wconf 87' lang='lat' dir='ltr'><strong><em>ejus,</em></strong></span> <span class='ocrx_word' id='word_1_571' title='bbox 2729 1223 2774 1266; x_wconf 85' lang='lat' dir='ltr'><strong><em>et</em></strong></span> <span class='ocrx_word' id='word_1_572' title='bbox 2787 1230 2992 1267; x_wconf 88' lang='lat' dir='ltr'><strong><em>manum</em></strong></span> <span class='ocrx_word' id='word_1_573' title='bbox 3009 1215 3180 1268; x_wconf 66' lang='lat' dir='ltr'><strong><em>uxoris</em></strong></span> <span class='ocrx_word' id='word_1_574' title='bbox 3191 1216 3324 1282; x_wconf 85' lang='lat' dir='ltr'><strong><em>ejus,</em></strong></span> <span class='ocrx_word' id='word_1_575' title='bbox 3343 1226 3389 1269; x_wconf 89' lang='lat' dir='ltr'><strong><em>et</em></strong></span> <span class='ocrx_word' id='word_1_576' title='bbox 3410 1233 3612 1270; x_wconf 87' lang='lat' dir='ltr'><strong><em>manum</em></strong></span> <span class='ocrx_word' id='word_1_577' title='bbox 3637 1219 3770 1276; x_wconf 81' lang='lat' dir='ltr'><strong><em>ﬁlia-</em></strong></span> 
     </span>
    </p>
   </div>
   <div class='ocr_carea' id='block_1_72' title="bbox 2163 1303 3772 1374">
    <p class='ocr_par' dir='ltr' id='par_1_72' title="bbox 2163 1303 3772 1374">
     <span class='ocr_line' id='line_1_72' title="bbox 2163 1303 3772 1374; baseline 0.004 -18"><span class='ocrx_word' id='word_1_578' title='bbox 2163 1319 2277 1356; x_wconf 87' lang='lat' dir='ltr'><strong><em>rum</em></strong></span> <span class='ocrx_word' id='word_1_579' title='bbox 2289 1303 2481 1372; x_wconf 89' lang='lat' dir='ltr'><strong><em>ejus,eo</em></strong></span> <span class='ocrx_word' id='word_1_580' title='bbox 2495 1304 2630 1373; x_wconf 85' lang='lat' dir='ltr'><strong><em>quod</em></strong></span> <span class='ocrx_word' id='word_1_581' title='bbox 2638 1314 2868 1374; x_wconf 75' lang='lat' dir='ltr'><strong><em>parceret</em></strong></span> <span class='ocrx_word' id='word_1_582' title='bbox 2881 1306 2927 1358; x_wconf 86' lang='lat' dir='ltr'><strong><em>ei</em></strong></span> <span class='ocrx_word' id='word_1_583' title='bbox 2945 1304 3486 1361; x_wconf 85' lang='lat' dir='ltr'><strong><em>Dominus.Fiduciam</em></strong></span> <span class='ocrx_word' id='word_1_584' title='bbox 3500 1308 3772 1362; x_wconf 86' lang='lat' dir='ltr'><strong><em>addebant</em></strong></span> 
     </span>
    </p>
   </div>
   <div class='ocr_carea' id='block_1_73' title="bbox 2165 1391 3772 1463">
    <p class='ocr_par' dir='ltr' id='par_1_73' title="bbox 2165 1391 3772 1463">
     <span class='ocr_line' id='line_1_73' title="bbox 2165 1391 3772 1463; baseline 0.004 -17"><span class='ocrx_word' id='word_1_585' title='bbox 2165 1391 2502 1446; x_wconf 84' lang='lat' dir='ltr'><strong><em>eismanuum</em></strong></span> <span class='ocrx_word' id='word_1_586' title='bbox 2518 1404 2763 1448; x_wconf 88' lang='lat' dir='ltr'><strong><em>contactu</em></strong></span> <span class='ocrx_word' id='word_1_587' title='bbox 2775 1404 2830 1448; x_wconf 90' lang='lat' dir='ltr'><strong><em>et</em></strong></span> <span class='ocrx_word' id='word_1_588' title='bbox 2843 1393 3420 1452; x_wconf 70' lang='lat' dir='ltr'><strong><em>roboraverunteorum</em></strong></span> <span class='ocrx_word' id='word_1_589' title='bbox 3437 1398 3694 1463; x_wconf 88' lang='lat' dir='ltr'><strong><em>animum,</em></strong></span> <span class='ocrx_word' id='word_1_590' title='bbox 3712 1408 3772 1452; x_wconf 83' lang='lat' dir='ltr'><strong><em>ut</em></strong></span> 
     </span>
    </p>
   </div>
   <div class='ocr_carea' id='block_1_74' title="bbox 2165 1485 3766 1558">
    <p class='ocr_par' dir='ltr' id='par_1_74' title="bbox 2165 1485 3766 1558">
     <span class='ocr_line' id='line_1_74' title="bbox 2165 1485 3766 1558; baseline 0.003 -20"><span class='ocrx_word' id='word_1_591' title='bbox 2165 1500 2236 1538; x_wconf 87' lang='lat' dir='ltr'><strong><em>ne</em></strong></span> <span class='ocrx_word' id='word_1_592' title='bbox 2273 1485 2433 1538; x_wconf 82' lang='lat' dir='ltr'><strong><em>timur</em></strong></span> <span class='ocrx_word' id='word_1_593' title='bbox 2455 1500 2639 1538; x_wconf 86' lang='lat' dir='ltr'><strong><em>eorum</em></strong></span> <span class='ocrx_word' id='word_1_594' title='bbox 2665 1487 2982 1542; x_wconf 85' lang='lat' dir='ltr'><strong><em>dissolveret</em></strong></span> <span class='ocrx_word' id='word_1_595' title='bbox 3014 1489 3211 1552; x_wconf 72' lang='lat' dir='ltr'><strong><em>robur;</em></strong></span> <span class='ocrx_word' id='word_1_596' title='bbox 3241 1500 3521 1558; x_wconf 83' lang='lat' dir='ltr'><strong><em>propterea</em></strong></span> <span class='ocrx_word' id='word_1_597' title='bbox 3549 1489 3766 1558; x_wconf 71' lang='lat' dir='ltr'><strong><em>adjecit,</em></strong></span> 
     </span>
    </p>
   </div>
   <div class='ocr_carea' id='block_1_75' title="bbox 2167 1573 3767 1662">
    <p class='ocr_par' dir='ltr' id='par_1_75' title="bbox 2167 1573 3767 1662">
     <span class='ocr_line' id='line_1_75' title="bbox 2167 1573 3767 1662; baseline 0.004 -34"><span class='ocrx_word' id='word_1_598' title='bbox 2167 1573 2248 1629; x_wconf 90' lang='lat' dir='ltr'><strong><em>Eo</em></strong></span> <span class='ocrx_word' id='word_1_599' title='bbox 2265 1576 2400 1646; x_wconf 84' lang='lat' dir='ltr'><strong><em>quod</em></strong></span> <span class='ocrx_word' id='word_1_600' title='bbox 2415 1587 2644 1646; x_wconf 79' lang='lat' dir='ltr'><strong><em>parceret</em></strong></span> <span class='ocrx_word' id='word_1_601' title='bbox 2671 1579 2716 1630; x_wconf 92' lang='lat' dir='ltr'><strong><em>ei</em></strong></span> <span class='ocrx_word' id='word_1_602' title='bbox 2733 1577 3002 1633; x_wconf 81' lang='lat' dir='ltr'><strong><em>Dominus.</em></strong></span> <span class='ocrx_word' id='word_1_603' title='bbox 3032 1579 3165 1662; x_wconf 72' lang='lat' dir='ltr'><strong><em>Quia</em></strong></span> <span class='ocrx_word' id='word_1_604' title='bbox 3180 1581 3322 1634; x_wconf 90' lang='lat' dir='ltr'><strong><em>enim</em></strong></span> <span class='ocrx_word' id='word_1_605' title='bbox 3345 1581 3596 1634; x_wconf 85' lang='lat' dir='ltr'><strong><em>Dominus</em></strong></span> <span class='ocrx_word' id='word_1_606' title='bbox 3621 1580 3767 1649; x_wconf 81' lang='lat' dir='ltr'><strong><em>judi-</em></strong></span> 
     </span>
    </p>
   </div>
   <div class='ocr_carea' id='block_1_76' title="bbox 2167 1668 3768 1742">
    <p class='ocr_par' dir='ltr' id='par_1_76' title="bbox 2167 1668 3768 1742">
     <span class='ocr_line' id='line_1_76' title="bbox 2167 1668 3768 1742; baseline 0.004 -21"><span class='ocrx_word' id='word_1_607' title='bbox 2167 1668 2458 1722; x_wconf 77' lang='lat' dir='ltr'><strong><em>caviteum</em></strong></span> <span class='ocrx_word' id='word_1_608' title='bbox 2484 1669 2667 1723; x_wconf 64' lang='lat' dir='ltr'><strong><em>salute</em></strong></span> <span class='ocrx_word' id='word_1_609' title='bbox 2693 1669 2936 1739; x_wconf 77' lang='lat' dir='ltr'><strong><em>dignum,</em></strong></span> <span class='ocrx_word' id='word_1_610' title='bbox 2979 1671 3180 1726; x_wconf 87' lang='lat' dir='ltr'><strong><em>idcirco</em></strong></span> <span class='ocrx_word' id='word_1_611' title='bbox 3203 1681 3256 1726; x_wconf 87' lang='lat' dir='ltr'><strong><em>et</em></strong></span> <span class='ocrx_word' id='word_1_612' title='bbox 3301 1673 3472 1742; x_wconf 77' lang='lat' dir='ltr'><strong><em>angeli</em></strong></span> <span class='ocrx_word' id='word_1_613' title='bbox 3520 1673 3768 1728; x_wconf 73' lang='lat' dir='ltr'><strong><em>volentes</em></strong></span> 
     </span>
    </p>
   </div>
   <div class='ocr_carea' id='block_1_77' title="bbox 2168 1761 3769 1833">
    <p class='ocr_par' dir='ltr' id='par_1_77' title="bbox 2168 1761 3769 1833">
     <span class='ocr_line' id='line_1_77' title="bbox 2168 1761 3769 1833; baseline 0.002 -19"><span class='ocrx_word' id='word_1_614' title='bbox 2168 1775 2356 1814; x_wconf 83' lang='lat' dir='ltr'><strong><em>eorum</em></strong></span> <span class='ocrx_word' id='word_1_615' title='bbox 2385 1761 2624 1815; x_wconf 88' lang='lat' dir='ltr'><strong><em>animum</em></strong></span> <span class='ocrx_word' id='word_1_616' title='bbox 2669 1763 2944 1828; x_wconf 70' lang='lat' dir='ltr'><strong><em>robor-are,</em></strong></span> <span class='ocrx_word' id='word_1_617' title='bbox 2979 1778 3194 1817; x_wconf 82' lang='lat' dir='ltr'><strong><em>manum</em></strong></span> <span class='ocrx_word' id='word_1_618' title='bbox 3225 1780 3410 1817; x_wconf 82' lang='lat' dir='ltr'><strong><em>eorum</em></strong></span> <span class='ocrx_word' id='word_1_619' title='bbox 3461 1763 3769 1833; x_wconf 76' lang='lat' dir='ltr'><strong><em>apprehen-</em></strong></span> 
     </span>
    </p>
   </div>
   <div class='ocr_carea' id='block_1_78' title="bbox 2167 1851 3763 1925">
    <p class='ocr_par' dir='ltr' id='par_1_78' title="bbox 2167 1851 3763 1925">
     <span class='ocr_line' id='line_1_78' title="bbox 2167 1851 3763 1925; baseline 0.003 -20"><span class='ocrx_word' id='word_1_620' title='bbox 2167 1851 2321 1917; x_wconf 90' lang='lat' dir='ltr'><strong><em>duut,</em></strong></span> <span class='ocrx_word' id='word_1_621' title='bbox 2356 1853 2444 1906; x_wconf 83' lang='grc'><strong>17.</strong></span> <span class='ocrx_word' id='word_1_622' title='bbox 2480 1852 2543 1906; x_wconf 85' lang='lat' dir='ltr'><strong><em>Et</em></strong></span> <span class='ocrx_word' id='word_1_623' title='bbox 2571 1853 2836 1908; x_wconf 85' lang='lat' dir='ltr'><strong><em>educentes</em></strong></span> <span class='ocrx_word' id='word_1_624' title='bbox 2859 1871 2942 1909; x_wconf 90' lang='lat' dir='ltr'><strong><em>eos</em></strong></span> <span class='ocrx_word' id='word_1_625' title='bbox 2968 1855 3129 1925; x_wconf 81' lang='lat' dir='ltr'><strong><em>foras,</em></strong></span> <span class='ocrx_word' id='word_1_626' title='bbox 3156 1857 3390 1910; x_wconf 73' lang='lat' dir='ltr'><strong><em>dixerunt</em></strong></span> <span class='ocrx_word' id='word_1_627' title='bbox 3417 1872 3435 1910; x_wconf 92' lang='lat'><strong><em>:</em></strong></span> <span class='ocrx_word' id='word_1_628' title='bbox 3465 1857 3624 1910; x_wconf 80' lang='lat' dir='ltr'><strong><em>Salva</em></strong></span> <span class='ocrx_word' id='word_1_629' title='bbox 3642 1858 3763 1910; x_wconf 89' lang='lat' dir='ltr'><strong><em>ani-</em></strong></span> 
     </span>
    </p>
   </div>
   <div class='ocr_carea' id='block_1_79' title="bbox 2171 1946 3770 2017">
    <p class='ocr_par' dir='ltr' id='par_1_79' title="bbox 2171 1946 3770 2017">
     <span class='ocr_line' id='line_1_79' title="bbox 2171 1946 3770 2017; baseline 0.004 -22"><span class='ocrx_word' id='word_1_630' title='bbox 2171 1959 2307 1996; x_wconf 87' lang='lat' dir='ltr'><strong><em>mam</em></strong></span> <span class='ocrx_word' id='word_1_631' title='bbox 2333 1955 2471 1996; x_wconf 86' lang='lat' dir='ltr'><strong><em>tuam</em></strong></span> <span class='ocrx_word' id='word_1_632' title='bbox 2495 1961 2514 1997; x_wconf 88' lang='lat'><strong><em>:</em></strong></span> <span class='ocrx_word' id='word_1_633' title='bbox 2540 1960 2604 1997; x_wconf 89' lang='lat' dir='ltr'><strong><em>ne</em></strong></span> <span class='ocrx_word' id='word_1_634' title='bbox 2622 1946 2864 2014; x_wconf 86' lang='lat' dir='ltr'><strong><em>respicias</em></strong></span> <span class='ocrx_word' id='word_1_635' title='bbox 2891 1957 3003 2015; x_wconf 88' lang='lat' dir='ltr'><strong><em>post</em></strong></span> <span class='ocrx_word' id='word_1_636' title='bbox 3031 1958 3224 2017; x_wconf 84' lang='lat' dir='ltr'><strong><em>tergunt</em></strong></span> <span class='ocrx_word' id='word_1_637' title='bbox 3257 1964 3272 2001; x_wconf 89' lang='lat'><strong><em>:</em></strong></span> <span class='ocrx_word' id='word_1_638' title='bbox 3303 1964 3365 2000; x_wconf 89' lang='lat' dir='ltr'><strong><em>ue</em></strong></span> <span class='ocrx_word' id='word_1_639' title='bbox 3391 1957 3488 2001; x_wconf 67' lang='lat' dir='ltr'><strong><em>stes</em></strong></span> <span class='ocrx_word' id='word_1_640' title='bbox 3528 1948 3580 2000; x_wconf 88' lang='lat' dir='ltr'><strong><em>in</em></strong></span> <span class='ocrx_word' id='word_1_641' title='bbox 3627 1949 3770 2001; x_wconf 87' lang='lat' dir='ltr'><strong><em>omni</em></strong></span> 
     </span>
    </p>
   </div>
   <div class='ocr_carea' id='block_1_80' title="bbox 2171 2034 3773 2110">
    <p class='ocr_par' dir='ltr' id='par_1_80' title="bbox 2171 2034 3773 2110">
     <span class='ocr_line' id='line_1_80' title="bbox 2171 2034 3773 2110; baseline 0.002 -22"><span class='ocrx_word' id='word_1_642' title='bbox 2171 2034 2284 2088; x_wconf 85' lang='lat' dir='ltr'><strong><em>loco</em></strong></span> <span class='ocrx_word' id='word_1_643' title='bbox 2307 2050 2397 2104; x_wconf 83' lang='lat' dir='ltr'><strong><em>per</em></strong></span> <span class='ocrx_word' id='word_1_644' title='bbox 2423 2035 2688 2089; x_wconf 86' lang='lat' dir='ltr'><strong><em>circuitum</em></strong></span> <span class='ocrx_word' id='word_1_645' title='bbox 2721 2054 2740 2090; x_wconf 91' lang='lat'><strong><em>:</em></strong></span> <span class='ocrx_word' id='word_1_646' title='bbox 2775 2038 2828 2090; x_wconf 91' lang='lat' dir='ltr'><strong><em>in</em></strong></span> <span class='ocrx_word' id='word_1_647' title='bbox 2856 2050 3073 2092; x_wconf 84' lang='lat' dir='ltr'><strong><em>montem</em></strong></span> <span class='ocrx_word' id='word_1_648' title='bbox 3105 2040 3299 2093; x_wconf 79' lang='lat' dir='ltr'><strong><em>sulcum</em></strong></span> <span class='ocrx_word' id='word_1_649' title='bbox 3329 2051 3377 2092; x_wconf 90' lang='lat' dir='ltr'><strong><em>te</em></strong></span> <span class='ocrx_word' id='word_1_650' title='bbox 3409 2043 3512 2110; x_wconf 78' lang='lat' dir='ltr'><strong><em>fac,</em></strong></span> <span class='ocrx_word' id='word_1_651' title='bbox 3542 2055 3605 2093; x_wconf 90' lang='lat' dir='ltr'><strong><em>ne</em></strong></span> <span class='ocrx_word' id='word_1_652' title='bbox 3637 2041 3773 2108; x_wconf 80' lang='lat' dir='ltr'><strong><em>forte</em></strong></span> 
     </span>
    </p>
   </div>
   <div class='ocr_carea' id='block_1_81' title="bbox 2171 2125 3769 2200">
    <p class='ocr_par' dir='ltr' id='par_1_81' title="bbox 2171 2125 3769 2200">
     <span class='ocr_line' id='line_1_81' title="bbox 2171 2125 3769 2200; baseline 0.004 -21"><span class='ocrx_word' id='word_1_653' title='bbox 2171 2125 2326 2180; x_wconf 89' lang='lat' dir='ltr'><strong><em>simul</em></strong></span> <span class='ocrx_word' id='word_1_654' title='bbox 2351 2127 2639 2199; x_wconf 86' lang='lat' dir='ltr'><strong><em>abripiaris.</em></strong></span> <span class='ocrx_word' id='word_1_655' title='bbox 2667 2127 2929 2194; x_wconf 87' lang='lat' dir='ltr'><strong><em>Quoniam</em></strong></span> <span class='ocrx_word' id='word_1_656' title='bbox 2957 2129 3243 2186; x_wconf 88' lang='lat' dir='ltr'><strong><em>liberamus</em></strong></span> <span class='ocrx_word' id='word_1_657' title='bbox 3272 2140 3324 2184; x_wconf 91' lang='lat' dir='ltr'><strong><em>te</em></strong></span> <span class='ocrx_word' id='word_1_658' title='bbox 3352 2131 3418 2184; x_wconf 86' lang='lat' dir='ltr'><strong><em>ab</em></strong></span> <span class='ocrx_word' id='word_1_659' title='bbox 3444 2131 3620 2200; x_wconf 83' lang='lat' dir='ltr'><strong><em>impiis</em></strong></span> <span class='ocrx_word' id='word_1_660' title='bbox 3640 2132 3769 2198; x_wconf 85' lang='lat' dir='ltr'><strong><em>illis,</em></strong></span> 
     </span>
    </p>
   </div>
   <div class='ocr_carea' id='block_1_82' title="bbox 2173 2219 3774 2294">
    <p class='ocr_par' dir='ltr' id='par_1_82' title="bbox 2173 2219 3774 2294">
     <span class='ocr_line' id='line_1_82' title="bbox 2173 2219 3774 2294; baseline 0.001 -20"><span class='ocrx_word' id='word_1_661' title='bbox 2173 2219 2366 2289; x_wconf 90' lang='lat' dir='ltr'><strong><em>inquit,</em></strong></span> <span class='ocrx_word' id='word_1_662' title='bbox 2403 2237 2470 2276; x_wconf 92' lang='lat' dir='ltr'><strong><em>ne</em></strong></span> <span class='ocrx_word' id='word_1_663' title='bbox 2515 2221 2650 2276; x_wconf 90' lang='lat' dir='ltr'><strong><em>ultra</em></strong></span> <span class='ocrx_word' id='word_1_664' title='bbox 2679 2224 3076 2293; x_wconf 88' lang='lat' dir='ltr'><strong><em>circumspicias</em></strong></span> <span class='ocrx_word' id='word_1_665' title='bbox 3117 2232 3243 2294; x_wconf 83' lang='lat' dir='ltr'><strong><em>post</em></strong></span> <span class='ocrx_word' id='word_1_666' title='bbox 3270 2233 3514 2292; x_wconf 80' lang='lat' dir='ltr'><strong><em>tergum,</em></strong></span> <span class='ocrx_word' id='word_1_667' title='bbox 3548 2239 3614 2278; x_wconf 89' lang='lat' dir='ltr'><strong><em>ne</em></strong></span> <span class='ocrx_word' id='word_1_668' title='bbox 3641 2223 3774 2278; x_wconf 73' lang='lat' dir='ltr'><strong><em>velis</em></strong></span> 
     </span>
    </p>
   </div>
   <div class='ocr_carea' id='block_1_83' title="bbox 2173 2314 3774 2385">
    <p class='ocr_par' dir='ltr' id='par_1_83' title="bbox 2173 2314 3774 2385">
     <span class='ocr_line' id='line_1_83' title="bbox 2173 2314 3774 2385; baseline 0.001 -17"><span class='ocrx_word' id='word_1_669' title='bbox 2173 2314 2356 2369; x_wconf 78' lang='lat' dir='ltr'><strong><em>videre</em></strong></span> <span class='ocrx_word' id='word_1_670' title='bbox 2383 2331 2504 2385; x_wconf 76' lang='lat' dir='ltr'><strong><em>qua:</em></strong></span> <span class='ocrx_word' id='word_1_671' title='bbox 2544 2315 2647 2371; x_wconf 89' lang='lat' dir='ltr'><strong><em>illis</em></strong></span> <span class='ocrx_word' id='word_1_672' title='bbox 2676 2325 2934 2372; x_wconf 85' lang='lat' dir='ltr'><strong><em>eventura</em></strong></span> <span class='ocrx_word' id='word_1_673' title='bbox 2973 2324 3116 2380; x_wconf 89' lang='lat' dir='ltr'><strong><em>sunt,</em></strong></span> <span class='ocrx_word' id='word_1_674' title='bbox 3143 2315 3237 2370; x_wconf 91' lang='lat' dir='ltr'><strong><em>scd</em></strong></span> <span class='ocrx_word' id='word_1_675' title='bbox 3283 2315 3471 2369; x_wconf 73' lang='lat' dir='ltr'><strong><em>festina</em></strong></span> <span class='ocrx_word' id='word_1_676' title='bbox 3499 2325 3554 2369; x_wconf 89' lang='lat' dir='ltr'><strong><em>et</em></strong></span> <span class='ocrx_word' id='word_1_677' title='bbox 3589 2316 3774 2385; x_wconf 85' lang='lat' dir='ltr'><strong><em>procul</em></strong></span> 
     </span>
    </p>
   </div>
   <div class='ocr_carea' id='block_1_84' title="bbox 2177 2403 3774 2476">
    <p class='ocr_par' dir='ltr' id='par_1_84' title="bbox 2177 2403 3774 2476">
     <span class='ocr_line' id='line_1_84' title="bbox 2177 2403 3774 2476; baseline 0.001 -18"><span class='ocrx_word' id='word_1_678' title='bbox 2177 2418 2353 2476; x_wconf 83' lang='lat' dir='ltr'><strong><em>perge,</em></strong></span> <span class='ocrx_word' id='word_1_679' title='bbox 2375 2414 2444 2459; x_wconf 83' lang='lat' dir='ltr'><strong><em>-ut</em></strong></span> <span class='ocrx_word' id='word_1_680' title='bbox 2462 2405 2695 2476; x_wconf 81' lang='lat' dir='ltr'><strong><em>eﬂ&#39;ngere</em></strong></span> <span class='ocrx_word' id='word_1_681' title='bbox 2722 2419 2888 2476; x_wconf 82' lang='lat' dir='ltr'><strong><em>queas</em></strong></span> <span class='ocrx_word' id='word_1_682' title='bbox 2909 2420 3122 2475; x_wconf 58' lang='lat' dir='ltr'><strong><em>pugnam</em></strong></span> <span class='ocrx_word' id='word_1_683' title='bbox 3146 2404 3225 2460; x_wconf 89' lang='lat' dir='ltr'><strong><em>eis</em></strong></span> <span class='ocrx_word' id='word_1_684' title='bbox 3249 2403 3774 2474; x_wconf 74' lang='lat' dir='ltr'><strong><em>inﬂigendatn.&#39;Exin</em></strong></span> 
     </span>
    </p>
   </div>
   <div class='ocr_carea' id='block_1_85' title="bbox 2170 2496 3776 2566">
    <p class='ocr_par' dir='ltr' id='par_1_85' title="bbox 2170 2496 3776 2566">
     <span class='ocr_line' id='line_1_85' title="bbox 2170 2496 3776 2566; baseline 0.001 -19"><span class='ocrx_word' id='word_1_685' title='bbox 2170 2496 2347 2565; x_wconf 59' lang='lat' dir='ltr'><strong><em>justus</em></strong></span> <span class='ocrx_word' id='word_1_686' title='bbox 2377 2497 2588 2552; x_wconf 88' lang='lat' dir='ltr'><strong><em>timens.</em></strong></span> <span class='ocrx_word' id='word_1_687' title='bbox 2615 2512 2682 2550; x_wconf 84' lang='lat' dir='ltr'><strong><em>ne</em></strong></span> <span class='ocrx_word' id='word_1_688' title='bbox 2714 2497 2860 2551; x_wconf 60' lang='lat' dir='ltr'><strong><em>forte</em></strong></span> <span class='ocrx_word' id='word_1_689' title='bbox 2888 2512 2994 2550; x_wconf 91' lang='lat' dir='ltr'><strong><em>non</em></strong></span> <span class='ocrx_word' id='word_1_690' title='bbox 3023 2505 3206 2566; x_wconf 88' lang='lat' dir='ltr'><strong><em>posset</em></strong></span> <span class='ocrx_word' id='word_1_691' title='bbox 3234 2496 3567 2566; x_wconf 83' lang='lat' dir='ltr'><strong><em>designatum</em></strong></span> <span class='ocrx_word' id='word_1_692' title='bbox 3598 2496 3667 2549; x_wconf 88' lang='lat' dir='ltr'><strong><em>ab</em></strong></span> <span class='ocrx_word' id='word_1_693' title='bbox 3693 2497 3776 2550; x_wconf 86' lang='lat' dir='ltr'><strong><em>eis</em></strong></span> 
     </span>
    </p>
   </div>
   <div class='ocr_carea' id='block_1_86' title="bbox 2164 2587 3773 2658">
    <p class='ocr_par' dir='ltr' id='par_1_86' title="bbox 2164 2587 3773 2658">
     <span class='ocr_line' id='line_1_86' title="bbox 2164 2587 3773 2658; baseline -0.002 -14"><span class='ocrx_word' id='word_1_694' title='bbox 2164 2589 2353 2644; x_wconf 74' lang='lat' dir='ltr'><strong><em>locum</em></strong></span> <span class='ocrx_word' id='word_1_695' title='bbox 2382 2588 2627 2658; x_wconf 82' lang='lat' dir='ltr'><strong><em>assequi,</em></strong></span> <span class='ocrx_word' id='word_1_696' title='bbox 2659 2595 2714 2642; x_wconf 87' lang='lat' dir='ltr'><strong><em>et</em></strong></span> <span class='ocrx_word' id='word_1_697' title='bbox 2741 2587 2791 2640; x_wconf 92' lang='lat' dir='ltr'><strong><em>in</em></strong></span> <span class='ocrx_word' id='word_1_698' title='bbox 2822 2597 3061 2642; x_wconf 79' lang='lat' dir='ltr'><strong><em>montem</em></strong></span> <span class='ocrx_word' id='word_1_699' title='bbox 3089 2587 3386 2656; x_wconf 88' lang='lat' dir='ltr'><strong><em>pervenire,</em></strong></span> <span class='ocrx_word' id='word_1_700' title='bbox 3430 2587 3602 2656; x_wconf 89' lang='lat' dir='ltr'><strong><em>inquit</em></strong></span> <span class='ocrx_word' id='word_1_701' title='bbox 3633 2604 3646 2640; x_wconf 91' lang='lat'>:</span> <span class='ocrx_word' id='word_1_702' title='bbox 3681 2588 3773 2641; x_wconf 82' lang='lat' dir='ltr'><strong><em>l8.</em></strong></span> 
     </span>
    </p>
   </div>
   <div class='ocr_carea' id='block_1_87' title="bbox 2179 2676 3776 2748">
    <p class='ocr_par' dir='ltr' id='par_1_87' title="bbox 2179 2676 3776 2748">
     <span class='ocr_line' id='line_1_87' title="bbox 2179 2676 3776 2748; baseline -0.001 -16"><span class='ocrx_word' id='word_1_703' title='bbox 2179 2676 2306 2742; x_wconf 86' lang='lat' dir='ltr'><strong><em>Oro,</em></strong></span> <span class='ocrx_word' id='word_1_704' title='bbox 2332 2677 2568 2742; x_wconf 84' lang='lat' dir='ltr'><strong><em>Domine,</em></strong></span> <span class='ocrx_word' id='word_1_705' title='bbox 2600 2679 2687 2734; x_wconf 88' lang='grc'><strong>19.</strong></span> <span class='ocrx_word' id='word_1_706' title='bbox 2715 2678 2833 2748; x_wconf 89' lang='lat' dir='ltr'><strong><em>quia</em></strong></span> <span class='ocrx_word' id='word_1_707' title='bbox 2861 2679 3046 2732; x_wconf 75' lang='lat' dir='ltr'><strong><em>invenit</em></strong></span> <span class='ocrx_word' id='word_1_708' title='bbox 3076 2695 3203 2748; x_wconf 85' lang='lat' dir='ltr'><strong><em>puer</em></strong></span> <span class='ocrx_word' id='word_1_709' title='bbox 3230 2687 3348 2731; x_wconf 90' lang='lat' dir='ltr'><strong><em>tuus</em></strong></span> <span class='ocrx_word' id='word_1_710' title='bbox 3375 2678 3776 2732; x_wconf 81' lang='lat' dir='ltr'><strong><em>misericordiam</em></strong></span> 
     </span>
    </p>
   </div>
   <div class='ocr_carea' id='block_1_88' title="bbox 2171 2771 3775 2841">
    <p class='ocr_par' dir='ltr' id='par_1_88' title="bbox 2171 2771 3775 2841">
     <span class='ocr_line' id='line_1_88' title="bbox 2171 2771 3775 2841; baseline 0.001 -17"><span class='ocrx_word' id='word_1_711' title='bbox 2171 2786 2349 2824; x_wconf 78' lang='lat' dir='ltr'><strong><em>coram</em></strong></span> <span class='ocrx_word' id='word_1_712' title='bbox 2388 2779 2454 2836; x_wconf 84' lang='lat' dir='ltr'><strong><em>te,</em></strong></span> <span class='ocrx_word' id='word_1_713' title='bbox 2501 2780 2548 2824; x_wconf 87' lang='lat' dir='ltr'><strong><em>et</em></strong></span> <span class='ocrx_word' id='word_1_714' title='bbox 2578 2771 2916 2840; x_wconf 81' lang='lat' dir='ltr'><strong><em>magniﬁcasti</em></strong></span> <span class='ocrx_word' id='word_1_715' title='bbox 2949 2771 3205 2840; x_wconf 87' lang='lat' dir='ltr'><strong><em>justitiam</em></strong></span> <span class='ocrx_word' id='word_1_716' title='bbox 3247 2780 3404 2836; x_wconf 85' lang='lat' dir='ltr'><strong><em>luant,</em></strong></span> <span class='ocrx_word' id='word_1_717' title='bbox 3447 2786 3598 2841; x_wconf 83' lang='lat' dir='ltr'><strong><em>quam</em></strong></span> <span class='ocrx_word' id='word_1_718' title='bbox 3645 2771 3775 2840; x_wconf 80' lang='lat' dir='ltr'><strong><em>facis</em></strong></span> 
     </span>
    </p>
   </div>
   <div class='ocr_carea' id='block_1_89' title="bbox 2176 2863 3776 2934">
    <p class='ocr_par' dir='ltr' id='par_1_89' title="bbox 2176 2863 3776 2934">
     <span class='ocr_line' id='line_1_89' title="bbox 2176 2863 3776 2934; baseline 0 -18"><span class='ocrx_word' id='word_1_719' title='bbox 2176 2879 2390 2929; x_wconf 72' lang='lat' dir='ltr'><strong><em>mecum,</em></strong></span> <span class='ocrx_word' id='word_1_720' title='bbox 2419 2874 2474 2916; x_wconf 89' lang='lat' dir='ltr'><strong><em>ut</em></strong></span> <span class='ocrx_word' id='word_1_721' title='bbox 2501 2865 2630 2917; x_wconf 76' lang='lat' dir='ltr'><strong><em>vivat</em></strong></span> <span class='ocrx_word' id='word_1_722' title='bbox 2653 2863 2826 2917; x_wconf 87' lang='lat' dir='ltr'><strong><em>anima</em></strong></span> <span class='ocrx_word' id='word_1_723' title='bbox 2852 2880 2963 2916; x_wconf 90' lang='lat' dir='ltr'><strong><em>mea</em></strong></span> <span class='ocrx_word' id='word_1_724' title='bbox 2984 2879 3004 2917; x_wconf 91' lang='lat'><strong><em>:</em></strong></span> <span class='ocrx_word' id='word_1_725' title='bbox 3031 2880 3124 2933; x_wconf 89' lang='lat' dir='ltr'><strong><em>ego</em></strong></span> <span class='ocrx_word' id='word_1_726' title='bbox 3147 2873 3314 2917; x_wconf 86' lang='lat' dir='ltr'><strong><em>autent</em></strong></span> <span class='ocrx_word' id='word_1_727' title='bbox 3342 2880 3440 2917; x_wconf 88' lang='lat' dir='ltr'><strong><em>non</em></strong></span> <span class='ocrx_word' id='word_1_728' title='bbox 3460 2875 3642 2934; x_wconf 56' lang='lat' dir='ltr'><strong><em>&#39;potero</em></strong></span> <span class='ocrx_word' id='word_1_729' title='bbox 3666 2865 3776 2917; x_wconf 82' lang='lat' dir='ltr'><strong><em>sal-</em></strong></span> 
     </span>
    </p>
   </div>
   <div class='ocr_carea' id='block_1_90' title="bbox 2177 2954 3774 3023">
    <p class='ocr_par' dir='ltr' id='par_1_90' title="bbox 2177 2954 3774 3023">
     <span class='ocr_line' id='line_1_90' title="bbox 2177 2954 3774 3023; baseline 0.001 -16"><span class='ocrx_word' id='word_1_730' title='bbox 2177 2956 2284 3007; x_wconf 80' lang='lat' dir='ltr'><strong><em>vari</em></strong></span> <span class='ocrx_word' id='word_1_731' title='bbox 2307 2955 2358 3007; x_wconf 89' lang='lat' dir='ltr'><strong><em>iu</em></strong></span> <span class='ocrx_word' id='word_1_732' title='bbox 2383 2967 2569 3018; x_wconf 90' lang='lat' dir='ltr'><strong><em>monte,</em></strong></span> <span class='ocrx_word' id='word_1_733' title='bbox 2593 2971 2656 3008; x_wconf 88' lang='lat' dir='ltr'><strong><em>ue</em></strong></span> <span class='ocrx_word' id='word_1_734' title='bbox 2676 2954 3056 3023; x_wconf 80' lang='lat' dir='ltr'><strong><em>apprchendant</em></strong></span> <span class='ocrx_word' id='word_1_735' title='bbox 3081 2971 3158 3007; x_wconf 86' lang='lat' dir='ltr'><strong><em>me</em></strong></span> <span class='ocrx_word' id='word_1_736' title='bbox 3186 2955 3342 3017; x_wconf 85' lang='lat' dir='ltr'><strong><em>mala,</em></strong></span> <span class='ocrx_word' id='word_1_737' title='bbox 3373 2966 3419 3008; x_wconf 88' lang='lat' dir='ltr'><strong><em>et</em></strong></span> <span class='ocrx_word' id='word_1_738' title='bbox 3442 2957 3650 3009; x_wconf 90' lang='lat' dir='ltr'><strong><em>moriar.</em></strong></span> <span class='ocrx_word' id='word_1_739' title='bbox 3678 2955 3774 3011; x_wconf 70' lang='lat'><strong><em>20.</em></strong></span> 
     </span>
    </p>
   </div>
   <div class='ocr_carea' id='block_1_91' title="bbox 2180 3044 3774 3119">
    <p class='ocr_par' dir='ltr' id='par_1_91' title="bbox 2180 3044 3774 3119">
     <span class='ocr_line' id='line_1_91' title="bbox 2180 3044 3774 3119; baseline 0.003 -21"><span class='ocrx_word' id='word_1_740' title='bbox 2180 3044 2314 3099; x_wconf 84' lang='lat' dir='ltr'><strong><em>Ecce</em></strong></span> <span class='ocrx_word' id='word_1_741' title='bbox 2336 3046 2511 3100; x_wconf 83' lang='lat' dir='ltr'><strong><em>civitas</em></strong></span> <span class='ocrx_word' id='word_1_742' title='bbox 2537 3047 2634 3100; x_wconf 90' lang='lat' dir='ltr'><strong><em>ista</em></strong></span> <span class='ocrx_word' id='word_1_743' title='bbox 2663 3063 2839 3117; x_wconf 88' lang='lat' dir='ltr'><strong><em>prope,</em></strong></span> <span class='ocrx_word' id='word_1_744' title='bbox 2869 3048 2938 3100; x_wconf 84' lang='lat' dir='ltr'><strong><em>ad</em></strong></span> <span class='ocrx_word' id='word_1_745' title='bbox 2966 3064 3117 3117; x_wconf 90' lang='lat' dir='ltr'><strong><em>quam</em></strong></span> <span class='ocrx_word' id='word_1_746' title='bbox 3147 3047 3440 3119; x_wconf 78' lang='lat' dir='ltr'><strong><em>confugiam</em></strong></span> <span class='ocrx_word' id='word_1_747' title='bbox 3471 3065 3583 3118; x_wconf 85' lang='lat' dir='ltr'><strong><em>ego,</em></strong></span> <span class='ocrx_word' id='word_1_748' title='bbox 3617 3065 3774 3118; x_wconf 77' lang='lat' dir='ltr'><strong><em>parva</em></strong></span> 
     </span>
    </p>
   </div>
   <div class='ocr_carea' id='block_1_92' title="bbox 2165 3138 3774 3210">
    <p class='ocr_par' dir='ltr' id='par_1_92' title="bbox 2165 3138 3774 3210">
     <span class='ocr_line' id='line_1_92' title="bbox 2165 3138 3774 3210; baseline 0.001 -18"><span class='ocrx_word' id='word_1_749' title='bbox 2165 3149 2248 3192; x_wconf 76' lang='lat' dir='ltr'><strong><em>est</em></strong></span> <span class='ocrx_word' id='word_1_750' title='bbox 2282 3139 2334 3204; x_wconf 78' lang='lat'><strong><em>‘;</em></strong></span> <span class='ocrx_word' id='word_1_751' title='bbox 2360 3139 2429 3191; x_wconf 90' lang='lat' dir='ltr'><strong><em>ibi</em></strong></span> <span class='ocrx_word' id='word_1_752' title='bbox 2456 3138 2709 3205; x_wconf 79' lang='lat' dir='ltr'><strong><em>seruabar,</em></strong></span> <span class='ocrx_word' id='word_1_753' title='bbox 2743 3149 2789 3194; x_wconf 90' lang='lat' dir='ltr'><strong><em>et</em></strong></span> <span class='ocrx_word' id='word_1_754' title='bbox 2806 3141 3135 3193; x_wconf 25' lang='lat' dir='ltr'><strong><em>eivet‘anima</em></strong></span> <span class='ocrx_word' id='word_1_755' title='bbox 3164 3155 3275 3193; x_wconf 80' lang='lat' dir='ltr'><strong><em>mea</em></strong></span> <span class='ocrx_word' id='word_1_756' title='bbox 3309 3151 3513 3210; x_wconf 81' lang='lat' dir='ltr'><strong><em>pmpter</em></strong></span> <span class='ocrx_word' id='word_1_757' title='bbox 3544 3152 3609 3194; x_wconf 87' lang='lat' dir='ltr'><strong><em>te.</em></strong></span> <span class='ocrx_word' id='word_1_758' title='bbox 3638 3142 3774 3208; x_wconf 87' lang='lat' dir='ltr'><strong><em>Quia</em></strong></span> 
     </span>
    </p>
   </div>
   <div class='ocr_carea' id='block_1_93' title="bbox 2168 3231 3775 3301">
    <p class='ocr_par' dir='ltr' id='par_1_93' title="bbox 2168 3231 3775 3301">
     <span class='ocr_line' id='line_1_93' title="bbox 2168 3231 3775 3301; baseline 0.002 -17"><span class='ocrx_word' id='word_1_759' title='bbox 2168 3231 2342 3296; x_wconf 82' lang='lat' dir='ltr'><strong><em>enim,</em></strong></span> <span class='ocrx_word' id='word_1_760' title='bbox 2390 3231 2582 3301; x_wconf 88' lang='lat' dir='ltr'><strong><em>inquit,</em></strong></span> <span class='ocrx_word' id='word_1_761' title='bbox 2623 3234 2790 3287; x_wconf 87' lang='lat' dir='ltr'><strong><em>semel</em></strong></span> <span class='ocrx_word' id='word_1_762' title='bbox 2834 3231 3148 3286; x_wconf 84' lang='lat' dir='ltr'><strong><em>decrevistis</em></strong></span> <span class='ocrx_word' id='word_1_763' title='bbox 3183 3231 3419 3286; x_wconf 84' lang='lat' dir='ltr'><strong><em>salutem</em></strong></span> <span class='ocrx_word' id='word_1_764' title='bbox 3463 3233 3594 3286; x_wconf 87' lang='lat' dir='ltr'><strong><em>mihi</em></strong></span> <span class='ocrx_word' id='word_1_765' title='bbox 3643 3249 3775 3287; x_wconf 84' lang='lat' dir='ltr'><strong><em>con-</em></strong></span> 
     </span>
    </p>
   </div>
   <div class='ocr_carea' id='block_1_94' title="bbox 2179 3323 3778 3388">
    <p class='ocr_par' dir='ltr' id='par_1_94' title="bbox 2179 3323 3778 3388">
     <span class='ocr_line' id='line_1_94' title="bbox 2179 3323 3778 3388; baseline 0.004 -10"><span class='ocrx_word' id='word_1_766' title='bbox 2179 3323 2341 3386; x_wconf 80' lang='lat' dir='ltr'><strong><em>ferre.</em></strong></span> <span class='ocrx_word' id='word_1_767' title='bbox 2373 3323 2679 3380; x_wconf 82' lang='lat' dir='ltr'><strong><em>ascendere</em></strong></span> <span class='ocrx_word' id='word_1_768' title='bbox 2704 3333 2885 3378; x_wconf 90' lang='lat' dir='ltr'><strong><em>autem</em></strong></span> <span class='ocrx_word' id='word_1_769' title='bbox 2923 3325 2977 3378; x_wconf 90' lang='lat' dir='ltr'><strong><em>in</em></strong></span> <span class='ocrx_word' id='word_1_770' title='bbox 3009 3326 3213 3380; x_wconf 84' lang='lat' dir='ltr'><strong><em>montis</em></strong></span> <span class='ocrx_word' id='word_1_771' title='bbox 3248 3328 3524 3388; x_wconf 82' lang='lat' dir='ltr'><strong><em>verticem,</em></strong></span> <span class='ocrx_word' id='word_1_772' title='bbox 3559 3327 3607 3380; x_wconf 91' lang='lat' dir='ltr'><strong><em>id</em></strong></span> <span class='ocrx_word' id='word_1_773' title='bbox 3636 3329 3778 3385; x_wconf 81' lang='lat' dir='ltr'><strong><em>vires</em></strong></span> 
     </span>
    </p>
   </div>
   <div class='ocr_carea' id='block_1_95' title="bbox 2176 3415 3779 3485">
    <p class='ocr_par' dir='ltr' id='par_1_95' title="bbox 2176 3415 3779 3485">
     <span class='ocr_line' id='line_1_95' title="bbox 2176 3415 3779 3485; baseline 0.002 -15"><span class='ocrx_word' id='word_1_774' title='bbox 2176 3431 2324 3470; x_wconf 87' lang='lat' dir='ltr'><strong><em>meas</em></strong></span> <span class='ocrx_word' id='word_1_775' title='bbox 2361 3425 2598 3485; x_wconf 85' lang='lat' dir='ltr'><strong><em>supcrat,</em></strong></span> <span class='ocrx_word' id='word_1_776' title='bbox 2630 3415 2945 3484; x_wconf 89' lang='lat' dir='ltr'><strong><em>ampliorem</em></strong></span> <span class='ocrx_word' id='word_1_777' title='bbox 2986 3416 3409 3471; x_wconf 83' lang='lat' dir='ltr'><strong><em>misericordiam</em></strong></span> <span class='ocrx_word' id='word_1_778' title='bbox 3452 3417 3581 3471; x_wconf 81' lang='lat' dir='ltr'><strong><em>mihi</em></strong></span> <span class='ocrx_word' id='word_1_779' title='bbox 3627 3419 3779 3474; x_wconf 80' lang='lat' dir='ltr'><strong><em>exhi-</em></strong></span> 
     </span>
    </p>
   </div>
   <div class='ocr_carea' id='block_1_96' title="bbox 2177 3507 3777 3581">
    <p class='ocr_par' dir='ltr' id='par_1_96' title="bbox 2177 3507 3777 3581">
     <span class='ocr_line' id='line_1_96' title="bbox 2177 3507 3777 3581; baseline 0.003 -19"><span class='ocrx_word' id='word_1_780' title='bbox 2177 3507 2319 3574; x_wconf 76' lang='lat' dir='ltr'><strong><em>bete,</em></strong></span> <span class='ocrx_word' id='word_1_781' title='bbox 2361 3517 2417 3562; x_wconf 89' lang='lat' dir='ltr'><strong><em>et</em></strong></span> <span class='ocrx_word' id='word_1_782' title='bbox 2445 3509 2679 3564; x_wconf 87' lang='lat' dir='ltr'><strong><em>laborem</em></strong></span> <span class='ocrx_word' id='word_1_783' title='bbox 2709 3523 2885 3563; x_wconf 89' lang='lat' dir='ltr'><strong><em>meum</em></strong></span> <span class='ocrx_word' id='word_1_784' title='bbox 2916 3507 3418 3567; x_wconf 71' lang='lat' dir='ltr'><strong><em>leviorem~redditc.</em></strong></span> <span class='ocrx_word' id='word_1_785' title='bbox 3459 3509 3534 3565; x_wconf 86' lang='lat' dir='ltr'><strong><em>Ne</em></strong></span> <span class='ocrx_word' id='word_1_786' title='bbox 3563 3512 3777 3581; x_wconf 83' lang='lat' dir='ltr'><strong><em>quando</em></strong></span> 
     </span>
    </p>
   </div>
   <div class='ocr_carea' id='block_1_97' title="bbox 2179 3600 3772 3674">
    <p class='ocr_par' dir='ltr' id='par_1_97' title="bbox 2179 3600 3772 3674">
     <span class='ocr_line' id='line_1_97' title="bbox 2179 3600 3772 3674; baseline 0.006 -20"><span class='ocrx_word' id='word_1_787' title='bbox 2179 3600 2340 3671; x_wconf 87' lang='lat' dir='ltr'><strong><em>igitur</em></strong></span> <span class='ocrx_word' id='word_1_788' title='bbox 2363 3601 2733 3671; x_wconf 84' lang='lat' dir='ltr'><strong><em>apprehendar</em></strong></span> <span class='ocrx_word' id='word_1_789' title='bbox 2757 3616 2788 3656; x_wconf 90' lang='lat' dir='ltr'><strong><em>a</em></strong></span> <span class='ocrx_word' id='word_1_790' title='bbox 2819 3617 2974 3672; x_wconf 69' lang='lat' dir='ltr'><strong><em>pinna</em></strong></span> <span class='ocrx_word' id='word_1_791' title='bbox 2999 3618 3119 3673; x_wconf 65' lang='lat' dir='ltr'><strong><em>quae</em></strong></span> <span class='ocrx_word' id='word_1_792' title='bbox 3145 3601 3398 3673; x_wconf 85' lang='lat' dir='ltr'><strong><em>inﬂigitur</em></strong></span> <span class='ocrx_word' id='word_1_793' title='bbox 3424 3605 3547 3671; x_wconf 89' lang='lat' dir='ltr'><strong><em>illis,</em></strong></span> <span class='ocrx_word' id='word_1_794' title='bbox 3575 3615 3628 3658; x_wconf 91' lang='lat' dir='ltr'><strong><em>et</em></strong></span> <span class='ocrx_word' id='word_1_795' title='bbox 3657 3621 3772 3674; x_wconf 84' lang='lat' dir='ltr'><strong><em>par-</em></strong></span> 
     </span>
    </p>
   </div>
   <div class='ocr_carea' id='block_1_98' title="bbox 2179 3692 3772 3762">
    <p class='ocr_par' dir='ltr' id='par_1_98' title="bbox 2179 3692 3772 3762">
     <span class='ocr_line' id='line_1_98' title="bbox 2179 3692 3772 3762; baseline 0.003 -16"><span class='ocrx_word' id='word_1_796' title='bbox 2179 3693 2348 3762; x_wconf 88' lang='lat' dir='ltr'><strong><em>ticeps</em></strong></span> <span class='ocrx_word' id='word_1_797' title='bbox 2388 3692 2513 3748; x_wconf 82' lang='lat' dir='ltr'><strong><em>tiam</em></strong></span> <span class='ocrx_word' id='word_1_798' title='bbox 2539 3693 2782 3750; x_wconf 90' lang='lat' dir='ltr'><strong><em>interitus</em></strong></span> <span class='ocrx_word' id='word_1_799' title='bbox 2809 3710 3017 3758; x_wconf 88' lang='lat' dir='ltr'><strong><em>eorum,</em></strong></span> <span class='ocrx_word' id='word_1_800' title='bbox 3063 3695 3332 3750; x_wconf 88' lang='lat' dir='ltr'><strong><em>civitatem</em></strong></span> <span class='ocrx_word' id='word_1_801' title='bbox 3365 3695 3503 3751; x_wconf 84' lang='lat' dir='ltr'><strong><em>hanc</em></strong></span> <span class='ocrx_word' id='word_1_802' title='bbox 3543 3698 3772 3753; x_wconf 82' lang='lat' dir='ltr'><strong><em>vicinum</em></strong></span> 
     </span>
    </p>
   </div>
   <div class='ocr_carea' id='block_1_99' title="bbox 2175 3785 3773 3858">
    <p class='ocr_par' dir='ltr' id='par_1_99' title="bbox 2175 3785 3773 3858">
     <span class='ocr_line' id='line_1_99' title="bbox 2175 3785 3773 3858; baseline 0.001 -18"><span class='ocrx_word' id='word_1_803' title='bbox 2175 3793 2232 3840; x_wconf 82' lang='lat' dir='ltr'><strong><em>et</em></strong></span> <span class='ocrx_word' id='word_1_804' title='bbox 2252 3800 2466 3854; x_wconf 88' lang='lat' dir='ltr'><strong><em>parvam</em></strong></span> <span class='ocrx_word' id='word_1_805' title='bbox 2493 3797 2768 3856; x_wconf 79' lang='lat' dir='ltr'><strong><em>segregate</em></strong></span> <span class='ocrx_word' id='word_1_806' title='bbox 2787 3785 2945 3843; x_wconf 82' lang='lat' dir='ltr'><strong><em>mihi.</em></strong></span> <span class='ocrx_word' id='word_1_807' title='bbox 2966 3785 3097 3841; x_wconf 85' lang='lat' dir='ltr'><strong><em>Nam</em></strong></span> <span class='ocrx_word' id='word_1_808' title='bbox 3123 3787 3245 3842; x_wconf 84' lang='lat' dir='ltr'><strong><em>licet</em></strong></span> <span class='ocrx_word' id='word_1_809' title='bbox 3273 3787 3393 3843; x_wconf 89' lang='lat' dir='ltr'><strong><em>vilis</em></strong></span> <span class='ocrx_word' id='word_1_810' title='bbox 3421 3788 3486 3842; x_wconf 88' lang='lat' dir='ltr'><strong><em>sit</em></strong></span> <span class='ocrx_word' id='word_1_811' title='bbox 3511 3798 3563 3842; x_wconf 90' lang='lat' dir='ltr'><strong><em>et</em></strong></span> <span class='ocrx_word' id='word_1_812' title='bbox 3592 3804 3773 3858; x_wconf 82' lang='lat' dir='ltr'><strong><em>parva,</em></strong></span> 
     </span>
    </p>
   </div>
   <div class='ocr_carea' id='block_1_100' title="bbox 2176 3879 3776 3950">
    <p class='ocr_par' dir='ltr' id='par_1_100' title="bbox 2176 3879 3776 3950">
     <span class='ocr_line' id='line_1_100' title="bbox 2176 3879 3776 3950; baseline 0.002 -18"><span class='ocrx_word' id='word_1_813' title='bbox 2176 3879 2560 3934; x_wconf 43' lang='lat' dir='ltr'><strong><em>attamcnv—illic</em></strong></span> <span class='ocrx_word' id='word_1_814' title='bbox 2587 3889 2850 3942; x_wconf 83' lang='lat' dir='ltr'><strong><em>servatus,</em></strong></span> <span class='ocrx_word' id='word_1_815' title='bbox 2895 3894 3084 3935; x_wconf 88' lang='lat' dir='ltr'><strong><em>secure</em></strong></span> <span class='ocrx_word' id='word_1_816' title='bbox 3125 3889 3312 3950; x_wconf 78' lang='lat' dir='ltr'><strong><em>postea</em></strong></span> <span class='ocrx_word' id='word_1_817' title='bbox 3363 3895 3523 3950; x_wconf 84' lang='lat' dir='ltr'><strong><em>agere</em></strong></span> <span class='ocrx_word' id='word_1_818' title='bbox 3567 3891 3776 3950; x_wconf 80' lang='lat' dir='ltr'><strong><em>potero.</em></strong></span> 
     </span>
    </p>
   </div>
   <div class='ocr_carea' id='block_1_101' title="bbox 2175 3969 3772 4042">
    <p class='ocr_par' dir='ltr' id='par_1_101' title="bbox 2175 3969 3772 4042">
     <span class='ocr_line' id='line_1_101' title="bbox 2175 3969 3772 4042; baseline 0.001 -19"><span class='ocrx_word' id='word_1_819' title='bbox 2175 3969 2265 4023; x_wconf 73' lang='grc'><strong>21.</strong></span> <span class='ocrx_word' id='word_1_820' title='bbox 2299 3969 2365 4024; x_wconf 84' lang='lat' dir='ltr'><strong><em>Et</em></strong></span> <span class='ocrx_word' id='word_1_821' title='bbox 2391 3971 2519 4024; x_wconf 75' lang='lat' dir='ltr'><strong><em>dixit</em></strong></span> <span class='ocrx_word' id='word_1_822' title='bbox 2544 3970 2631 4024; x_wconf 48' lang='lat' dir='ltr'><strong><em>ei“:</em></strong></span> <span class='ocrx_word' id='word_1_823' title='bbox 2661 3969 2793 4024; x_wconf 82' lang='lat' dir='ltr'><strong><em>Ecce</em></strong></span> <span class='ocrx_word' id='word_1_824' title='bbox 2817 3969 3100 4024; x_wconf 87' lang='lat' dir='ltr'><strong><em>admiratus</em></strong></span> <span class='ocrx_word' id='word_1_825' title='bbox 3128 3988 3240 4026; x_wconf 87' lang='lat' dir='ltr'><strong><em>sum</em></strong></span> <span class='ocrx_word' id='word_1_826' title='bbox 3266 3980 3406 4024; x_wconf 89' lang='lat' dir='ltr'><strong><em>tuam</em></strong></span> <span class='ocrx_word' id='word_1_827' title='bbox 3431 3971 3613 4042; x_wconf 74' lang='lat' dir='ltr'><strong><em>facient</em></strong></span> <span class='ocrx_word' id='word_1_828' title='bbox 3645 3984 3690 4025; x_wconf 89' lang='lat' dir='ltr'><strong><em>et</em></strong></span> <span class='ocrx_word' id='word_1_829' title='bbox 3719 3973 3772 4026; x_wconf 85' lang='lat' dir='ltr'><strong><em>in</em></strong></span> 
     </span>
    </p>
   </div>
   <div class='ocr_carea' id='block_1_102' title="bbox 2175 4061 3772 4136">
    <p class='ocr_par' dir='ltr' id='par_1_102' title="bbox 2175 4061 3772 4136">
     <span class='ocr_line' id='line_1_102' title="bbox 2175 4061 3772 4136; baseline 0.004 -22"><span class='ocrx_word' id='word_1_830' title='bbox 2175 4061 2322 4116; x_wconf 74' lang='lat' dir='ltr'><strong><em>verba</em></strong></span> <span class='ocrx_word' id='word_1_831' title='bbox 2347 4064 2462 4127; x_wconf 81' lang='lat' dir='ltr'><strong><em>lioc,</em></strong></span> <span class='ocrx_word' id='word_1_832' title='bbox 2494 4074 2548 4116; x_wconf 89' lang='lat' dir='ltr'><strong><em>ut</em></strong></span> <span class='ocrx_word' id='word_1_833' title='bbox 2573 4080 2634 4117; x_wconf 91' lang='lat' dir='ltr'><strong><em>ne</em></strong></span> <span class='ocrx_word' id='word_1_834' title='bbox 2655 4064 2936 4118; x_wconf 83' lang='lat' dir='ltr'><strong><em>subvertant</em></strong></span> <span class='ocrx_word' id='word_1_835' title='bbox 2955 4065 3203 4119; x_wconf 81' lang='lat' dir='ltr'><strong><em>civitatem</em></strong></span> <span class='ocrx_word' id='word_1_836' title='bbox 3229 4065 3293 4118; x_wconf 91' lang='lat' dir='ltr'><strong><em>de</em></strong></span> <span class='ocrx_word' id='word_1_837' title='bbox 3312 4082 3410 4135; x_wconf 91' lang='lat' dir='ltr'><strong><em>qua</em></strong></span> <span class='ocrx_word' id='word_1_838' title='bbox 3429 4066 3669 4136; x_wconf 82' lang='lat' dir='ltr'><strong><em>loquutus</em></strong></span> <span class='ocrx_word' id='word_1_839' title='bbox 3699 4083 3772 4121; x_wconf 88' lang='lat' dir='ltr'><strong><em>es.</em></strong></span> 
     </span>
    </p>
   </div>
   <div class='ocr_carea' id='block_1_103' title="bbox 2177 4155 3773 4227">
    <p class='ocr_par' dir='ltr' id='par_1_103' title="bbox 2177 4155 3773 4227">
     <span class='ocr_line' id='line_1_103' title="bbox 2177 4155 3773 4227; baseline 0.001 -17"><span class='ocrx_word' id='word_1_840' title='bbox 2177 4155 2371 4223; x_wconf 77' lang='lat' dir='ltr'><strong><em>Accepi</em></strong></span> <span class='ocrx_word' id='word_1_841' title='bbox 2401 4164 2518 4208; x_wconf 89' lang='lat' dir='ltr'><strong><em>tuas</em></strong></span> <span class='ocrx_word' id='word_1_842' title='bbox 2568 4169 2777 4223; x_wconf 85' lang='lat' dir='ltr'><strong><em>preces,</em></strong></span> <span class='ocrx_word' id='word_1_843' title='bbox 2825 4156 3014 4224; x_wconf 90' lang='lat' dir='ltr'><strong><em>inquit,</em></strong></span> <span class='ocrx_word' id='word_1_844' title='bbox 3049 4165 3104 4211; x_wconf 92' lang='lat' dir='ltr'><strong><em>et</em></strong></span> <span class='ocrx_word' id='word_1_845' title='bbox 3150 4157 3250 4210; x_wconf 86' lang='lat' dir='ltr'><strong><em>hoc</em></strong></span> <span class='ocrx_word' id='word_1_846' title='bbox 3295 4157 3503 4219; x_wconf 77' lang='lat' dir='ltr'><strong><em>iaciam,</em></strong></span> <span class='ocrx_word' id='word_1_847' title='bbox 3532 4173 3596 4211; x_wconf 89' lang='lat' dir='ltr'><strong><em>ac</em></strong></span> <span class='ocrx_word' id='word_1_848' title='bbox 3632 4158 3773 4227; x_wconf 89' lang='lat' dir='ltr'><strong><em>quod</em></strong></span> 
     </span>
    </p>
   </div>
   <div class='ocr_carea' id='block_1_104' title="bbox 2177 4246 3773 4321">
    <p class='ocr_par' dir='ltr' id='par_1_104' title="bbox 2177 4246 3773 4321">
     <span class='ocr_line' id='line_1_104' title="bbox 2177 4246 3773 4321; baseline 0.003 -21"><span class='ocrx_word' id='word_1_849' title='bbox 2177 4247 2355 4316; x_wconf 82' lang='lat' dir='ltr'><strong><em>petisti</em></strong></span> <span class='ocrx_word' id='word_1_850' title='bbox 2396 4246 2652 4308; x_wconf 81' lang='lat' dir='ltr'><strong><em>concedo,</em></strong></span> <span class='ocrx_word' id='word_1_851' title='bbox 2685 4255 3008 4316; x_wconf 78' lang='lat' dir='ltr'><strong><em>propterque</em></strong></span> <span class='ocrx_word' id='word_1_852' title='bbox 3035 4254 3088 4301; x_wconf 87' lang='lat' dir='ltr'><strong><em>te</em></strong></span> <span class='ocrx_word' id='word_1_853' title='bbox 3117 4247 3282 4301; x_wconf 89' lang='lat' dir='ltr'><strong><em>etiam</em></strong></span> <span class='ocrx_word' id='word_1_854' title='bbox 3306 4246 3506 4321; x_wconf 79' lang='lat' dir='ltr'><strong><em>civitati</em></strong></span> <span class='ocrx_word' id='word_1_855' title='bbox 3536 4263 3773 4318; x_wconf 83' lang='lat' dir='ltr'><strong><em>parcam.</em></strong></span> 
     </span>
    </p>
   </div>
   <div class='ocr_carea' id='block_1_105' title="bbox 2169 4338 3774 4410">
    <p class='ocr_par' dir='ltr' id='par_1_105' title="bbox 2169 4338 3774 4410">
     <span class='ocr_line' id='line_1_105' title="bbox 2169 4338 3774 4410; baseline 0.002 -16"><span class='ocrx_word' id='word_1_856' title='bbox 2169 4340 2265 4394; x_wconf 58' lang='grc' dir='ltr'><strong><em>εἳ.</em></strong></span> <span class='ocrx_word' id='word_1_857' title='bbox 2297 4338 2504 4393; x_wconf 84' lang='lat' dir='ltr'><strong><em>Festina</em></strong></span> <span class='ocrx_word' id='word_1_858' title='bbox 2530 4339 2704 4410; x_wconf 82' lang='lat' dir='ltr'><strong><em>igitur,</em></strong></span> <span class='ocrx_word' id='word_1_859' title='bbox 2738 4348 2784 4392; x_wconf 90' lang='lat' dir='ltr'><strong><em>et</em></strong></span> <span class='ocrx_word' id='word_1_860' title='bbox 2813 4355 3004 4409; x_wconf 87' lang='lat' dir='ltr'><strong><em>occupa</em></strong></span> <span class='ocrx_word' id='word_1_861' title='bbox 3029 4341 3216 4402; x_wconf 89' lang='lat' dir='ltr'><strong><em>locum,</em></strong></span> <span class='ocrx_word' id='word_1_862' title='bbox 3249 4356 3309 4393; x_wconf 89' lang='lat' dir='ltr'><strong><em>ac</em></strong></span> <span class='ocrx_word' id='word_1_863' title='bbox 3335 4340 3569 4395; x_wconf 75' lang='lat' dir='ltr'><strong><em>salvan:</em></strong></span> <span class='ocrx_word' id='word_1_864' title='bbox 3600 4357 3774 4410; x_wconf 88' lang='lat' dir='ltr'><strong><em>neque</em></strong></span> 
     </span>
    </p>
   </div>
   <div class='ocr_carea' id='block_1_106' title="bbox 2176 4430 3772 4501">
    <p class='ocr_par' dir='ltr' id='par_1_106' title="bbox 2176 4430 3772 4501">
     <span class='ocr_line' id='line_1_106' title="bbox 2176 4430 3772 4501; baseline -0.001 -15"><span class='ocrx_word' id='word_1_865' title='bbox 2176 4433 2321 4487; x_wconf 92' lang='lat' dir='ltr'><strong><em>enim</em></strong></span> <span class='ocrx_word' id='word_1_866' title='bbox 2353 4432 2542 4485; x_wconf 82' lang='lat' dir='ltr'><strong><em>faciam</em></strong></span> <span class='ocrx_word' id='word_1_867' title='bbox 2571 4431 2791 4499; x_wconf 87' lang='lat' dir='ltr'><strong><em>aliquid,</em></strong></span> <span class='ocrx_word' id='word_1_868' title='bbox 2825 4430 2997 4486; x_wconf 85' lang='lat' dir='ltr'><strong><em>donec</em></strong></span> <span class='ocrx_word' id='word_1_869' title='bbox 3028 4431 3152 4485; x_wconf 88' lang='lat' dir='ltr'><strong><em>illuc</em></strong></span> <span class='ocrx_word' id='word_1_870' title='bbox 3169 4431 3384 4486; x_wconf 58' lang='lat' dir='ltr'><strong><em>*venius.</em></strong></span> <span class='ocrx_word' id='word_1_871' title='bbox 3416 4430 3534 4484; x_wconf 80' lang='lat' dir='ltr'><strong><em>Non</em></strong></span> <span class='ocrx_word' id='word_1_872' title='bbox 3561 4443 3772 4501; x_wconf 78' lang='lat' dir='ltr'><strong><em>potero,</em></strong></span> 
     </span>
    </p>
   </div>
   <div class='ocr_carea' id='block_1_107' title="bbox 2179 4523 3772 4595">
    <p class='ocr_par' dir='ltr' id='par_1_107' title="bbox 2179 4523 3772 4595">
     <span class='ocr_line' id='line_1_107' title="bbox 2179 4523 3772 4595; baseline -0.002 -16"><span class='ocrx_word' id='word_1_873' title='bbox 2179 4525 2366 4595; x_wconf 83' lang='lat' dir='ltr'><strong><em>inquit,</em></strong></span> <span class='ocrx_word' id='word_1_874' title='bbox 2394 4530 2557 4595; x_wconf 79' lang='lat' dir='ltr'><strong><em>facere</em></strong></span> <span class='ocrx_word' id='word_1_875' title='bbox 2573 4523 2868 4593; x_wconf 85' lang='lat' dir='ltr'><strong><em>quidquam,</em></strong></span> <span class='ocrx_word' id='word_1_876' title='bbox 2893 4533 3160 4594; x_wconf 84' lang='lat' dir='ltr'><strong><em>antequam</em></strong></span> <span class='ocrx_word' id='word_1_877' title='bbox 3179 4533 3232 4576; x_wconf 86' lang='lat' dir='ltr'><strong><em>tu</em></strong></span> <span class='ocrx_word' id='word_1_878' title='bbox 3252 4523 3376 4576; x_wconf 85' lang='lat' dir='ltr'><strong><em>illuc</em></strong></span> <span class='ocrx_word' id='word_1_879' title='bbox 3391 4523 3697 4592; x_wconf 85' lang='lat' dir='ltr'><strong><em>ingrediaris</em></strong></span> <span class='ocrx_word' id='word_1_880' title='bbox 3711 4525 3733 4554; x_wconf 82' lang='lat'>&#39;</span> <span class='ocrx_word' id='word_1_881' title='bbox 3757 4543 3772 4587; x_wconf 89' lang='lat'><strong>;</strong></span> 
     </span>
    </p>
   </div>
   <div class='ocr_carea' id='block_1_108' title="bbox 2177 4614 3777 4686">
    <p class='ocr_par' dir='ltr' id='par_1_108' title="bbox 2177 4614 3777 4686">
     <span class='ocr_line' id='line_1_108' title="bbox 2177 4614 3777 4686; baseline 0.003 -19"><span class='ocrx_word' id='word_1_882' title='bbox 2177 4617 2299 4686; x_wconf 89' lang='lat' dir='ltr'><strong><em>quia</em></strong></span> <span class='ocrx_word' id='word_1_883' title='bbox 2329 4630 2508 4670; x_wconf 69' lang='lat' dir='ltr'><strong><em>curam</em></strong></span> <span class='ocrx_word' id='word_1_884' title='bbox 2538 4630 2638 4684; x_wconf 79' lang='lat' dir='ltr'><strong><em>ago</em></strong></span> <span class='ocrx_word' id='word_1_885' title='bbox 2677 4624 2784 4668; x_wconf 75' lang='lat' dir='ltr'><strong><em>tua:</em></strong></span> <span class='ocrx_word' id='word_1_886' title='bbox 2813 4615 3028 4679; x_wconf 81' lang='lat' dir='ltr'><strong><em>salutis,</em></strong></span> <span class='ocrx_word' id='word_1_887' title='bbox 3073 4614 3394 4683; x_wconf 77' lang='lat' dir='ltr'><strong><em>exspectabo</em></strong></span> <span class='ocrx_word' id='word_1_888' title='bbox 3437 4615 3606 4668; x_wconf 86' lang='lat' dir='ltr'><strong><em>donec</em></strong></span> <span class='ocrx_word' id='word_1_889' title='bbox 3647 4615 3777 4671; x_wconf 89' lang='lat' dir='ltr'><strong><em>illuc</em></strong></span> 
     </span>
    </p>
   </div>
   <div class='ocr_carea' id='block_1_109' title="bbox 2178 4704 3776 4776">
    <p class='ocr_par' dir='ltr' id='par_1_109' title="bbox 2178 4704 3776 4776">
     <span class='ocr_line' id='line_1_109' title="bbox 2178 4704 3776 4776; baseline -0.002 -15"><span class='ocrx_word' id='word_1_890' title='bbox 2178 4709 2360 4772; x_wconf 83' lang='lat' dir='ltr'><strong><em>abeas,</em></strong></span> <span class='ocrx_word' id='word_1_891' title='bbox 2411 4716 2466 4760; x_wconf 88' lang='lat' dir='ltr'><strong><em>et</em></strong></span> <span class='ocrx_word' id='word_1_892' title='bbox 2509 4718 2636 4760; x_wconf 89' lang='lat' dir='ltr'><strong><em>tunc</em></strong></span> <span class='ocrx_word' id='word_1_893' title='bbox 2677 4706 2757 4759; x_wconf 84' lang='lat' dir='ltr'><strong><em>eis</em></strong></span> <span class='ocrx_word' id='word_1_894' title='bbox 2802 4704 3034 4776; x_wconf 84' lang='lat' dir='ltr'><strong><em>iulligam</em></strong></span> <span class='ocrx_word' id='word_1_895' title='bbox 3083 4721 3319 4774; x_wconf 70' lang='lat' dir='ltr'><strong><em>poenam.</em></strong></span> <span class='ocrx_word' id='word_1_896' title='bbox 3350 4705 3442 4759; x_wconf 71' lang='lat'><strong><em>25.</em></strong></span> <span class='ocrx_word' id='word_1_897' title='bbox 3477 4705 3571 4760; x_wconf 88' lang='lat' dir='ltr'><strong><em>Sol</em></strong></span> <span class='ocrx_word' id='word_1_898' title='bbox 3619 4707 3776 4774; x_wconf 77' lang='lat' dir='ltr'><strong><em>igitur</em></strong></span> 
     </span>
    </p>
   </div>
   <div class='ocr_carea' id='block_1_110' title="bbox 2168 4797 3775 4871">
    <p class='ocr_par' dir='ltr' id='par_1_110' title="bbox 2168 4797 3775 4871">
     <span class='ocr_line' id='line_1_110' title="bbox 2168 4797 3775 4871; baseline 0 -17"><span class='ocrx_word' id='word_1_899' title='bbox 2168 4817 2407 4871; x_wconf 86' lang='lat' dir='ltr'><strong><em>egressus</em></strong></span> <span class='ocrx_word' id='word_1_900' title='bbox 2429 4810 2500 4853; x_wconf 88' lang='lat' dir='ltr'><strong><em>est</em></strong></span> <span class='ocrx_word' id='word_1_901' title='bbox 2522 4816 2673 4868; x_wconf 85' lang='lat' dir='ltr'><strong><em>super</em></strong></span> <span class='ocrx_word' id='word_1_902' title='bbox 2689 4809 2895 4864; x_wconf 85' lang='lat' dir='ltr'><strong><em>terram,</em></strong></span> <span class='ocrx_word' id='word_1_903' title='bbox 2919 4809 2964 4852; x_wconf 89' lang='lat' dir='ltr'><strong><em>et</em></strong></span> <span class='ocrx_word' id='word_1_904' title='bbox 2981 4797 3076 4852; x_wconf 86' lang='lat' dir='ltr'><strong><em>Lot</em></strong></span> <span class='ocrx_word' id='word_1_905' title='bbox 3095 4799 3297 4852; x_wconf 70' lang='lat' dir='ltr'><strong><em>intrauit</em></strong></span> <span class='ocrx_word' id='word_1_906' title='bbox 3326 4799 3378 4852; x_wconf 88' lang='lat' dir='ltr'><strong><em>in</em></strong></span> <span class='ocrx_word' id='word_1_907' title='bbox 3405 4798 3588 4869; x_wconf 72' lang='lat' dir='ltr'><strong><em>Srgor.</em></strong></span> <span class='ocrx_word' id='word_1_908' title='bbox 3619 4798 3775 4855; x_wconf 75' lang='lat' dir='ltr'><strong><em>Circa</em></strong></span> 
     </span>
    </p>
   </div>
   <div class='ocr_carea' id='block_1_111' title="bbox 2177 4892 3773 4962">
    <p class='ocr_par' dir='ltr' id='par_1_111' title="bbox 2177 4892 3773 4962">
     <span class='ocr_line' id='line_1_111' title="bbox 2177 4892 3773 4962; baseline 0.001 -15"><span class='ocrx_word' id='word_1_909' title='bbox 2177 4893 2309 4947; x_wconf 78' lang='lat' dir='ltr'><strong><em>solis</em></strong></span> <span class='ocrx_word' id='word_1_910' title='bbox 2335 4903 2533 4958; x_wconf 89' lang='lat' dir='ltr'><strong><em>ortum,</em></strong></span> <span class='ocrx_word' id='word_1_911' title='bbox 2559 4892 2746 4962; x_wconf 86' lang='lat' dir='ltr'><strong><em>inquit,</em></strong></span> <span class='ocrx_word' id='word_1_912' title='bbox 2776 4893 2923 4946; x_wconf 87' lang='lat' dir='ltr'><strong><em>venit</em></strong></span> <span class='ocrx_word' id='word_1_913' title='bbox 2947 4893 2999 4945; x_wconf 89' lang='lat' dir='ltr'><strong><em>in</em></strong></span> <span class='ocrx_word' id='word_1_914' title='bbox 3030 4893 3296 4947; x_wconf 88' lang='lat' dir='ltr'><strong><em>civitatem</em></strong></span> <span class='ocrx_word' id='word_1_915' title='bbox 3323 4908 3337 4956; x_wconf 91' lang='lat'><strong>;</strong></span> <span class='ocrx_word' id='word_1_916' title='bbox 3369 4903 3423 4948; x_wconf 91' lang='lat' dir='ltr'><strong><em>et</em></strong></span> <span class='ocrx_word' id='word_1_917' title='bbox 3445 4893 3621 4947; x_wconf 84' lang='lat' dir='ltr'><strong><em>statim</em></strong></span> <span class='ocrx_word' id='word_1_918' title='bbox 3647 4908 3773 4948; x_wconf 87' lang='lat' dir='ltr'><strong><em>cum</em></strong></span> 
     </span>
    </p>
   </div>
   <div class='ocr_carea' id='block_1_112' title="bbox 2181 4983 3772 5054">
    <p class='ocr_par' dir='ltr' id='par_1_112' title="bbox 2181 4983 3772 5054">
     <span class='ocr_line' id='line_1_112' title="bbox 2181 4983 3772 5054; baseline 0.002 -16"><span class='ocrx_word' id='word_1_919' title='bbox 2181 4985 2294 5053; x_wconf 88' lang='lat' dir='ltr'><strong><em>ipse</em></strong></span> <span class='ocrx_word' id='word_1_920' title='bbox 2319 4997 2457 5038; x_wconf 81' lang='lat' dir='ltr'><strong><em>esset</em></strong></span> <span class='ocrx_word' id='word_1_921' title='bbox 2488 4985 2624 5038; x_wconf 83' lang='lat' dir='ltr'><strong><em>intra</em></strong></span> <span class='ocrx_word' id='word_1_922' title='bbox 2655 4984 2945 5046; x_wconf 84' lang='lat' dir='ltr'><strong><em>civitatem,</em></strong></span> <span class='ocrx_word' id='word_1_923' title='bbox 2987 4983 3061 5037; x_wconf 92' lang='lat' dir='ltr'><strong><em>illi</em></strong></span> <span class='ocrx_word' id='word_1_924' title='bbox 3089 4984 3352 5054; x_wconf 68' lang='lat' dir='ltr'><strong><em>supplicio</em></strong></span> <span class='ocrx_word' id='word_1_925' title='bbox 3381 4983 3772 5052; x_wconf 86' lang='lat' dir='ltr'><strong><em>plectebantur.</em></strong></span> 
     </span>
    </p>
   </div>
   <div class='ocr_carea' id='block_1_113' title="bbox 2179 5073 3775 5144">
    <p class='ocr_par' dir='ltr' id='par_1_113' title="bbox 2179 5073 3775 5144">
     <span class='ocr_line' id='line_1_113' title="bbox 2179 5073 3775 5144; baseline 0 -16"><span class='ocrx_word' id='word_1_926' title='bbox 2179 5075 2270 5130; x_wconf 68' lang='grc'><strong><em>24.</em></strong></span> <span class='ocrx_word' id='word_1_927' title='bbox 2303 5074 2442 5129; x_wconf 77' lang='grc' dir='ltr'><strong><em>Ριυίι</em></strong></span> <span class='ocrx_word' id='word_1_928' title='bbox 2468 5075 2625 5138; x_wconf 82' lang='lat' dir='ltr'><strong><em>enim,</em></strong></span> <span class='ocrx_word' id='word_1_929' title='bbox 2655 5074 2845 5144; x_wconf 89' lang='lat' dir='ltr'><strong><em>inquit,</em></strong></span> <span class='ocrx_word' id='word_1_930' title='bbox 2879 5073 3128 5129; x_wconf 87' lang='lat' dir='ltr'><strong><em>Dominus</em></strong></span> <span class='ocrx_word' id='word_1_931' title='bbox 3156 5092 3308 5143; x_wconf 87' lang='lat' dir='ltr'><strong><em>super</em></strong></span> <span class='ocrx_word' id='word_1_932' title='bbox 3335 5076 3562 5130; x_wconf 82' lang='lat' dir='ltr'><strong><em>Sodoma</em></strong></span> <span class='ocrx_word' id='word_1_933' title='bbox 3591 5086 3636 5128; x_wconf 78' lang='lat' dir='ltr'><strong><em>ct</em></strong></span> <span class='ocrx_word' id='word_1_934' title='bbox 3670 5075 3775 5130; x_wconf 77' lang='lat' dir='ltr'><strong><em>Co-</em></strong></span> 
     </span>
    </p>
   </div>
   <div class='ocr_carea' id='block_1_114' title="bbox 2171 5165 3774 5236">
    <p class='ocr_par' dir='ltr' id='par_1_114' title="bbox 2171 5165 3774 5236">
     <span class='ocr_line' id='line_1_114' title="bbox 2171 5165 3774 5236; baseline 0 -14"><span class='ocrx_word' id='word_1_935' title='bbox 2171 5168 2386 5222; x_wconf 64' lang='lat' dir='ltr'><strong><em>rmorrlta</em></strong></span> <span class='ocrx_word' id='word_1_936' title='bbox 2422 5166 2638 5236; x_wconf 81' lang='lat' dir='ltr'><strong><em>sulphur</em></strong></span> <span class='ocrx_word' id='word_1_937' title='bbox 2666 5175 2714 5220; x_wconf 88' lang='lat' dir='ltr'><strong><em>et</em></strong></span> <span class='ocrx_word' id='word_1_938' title='bbox 2757 5166 2924 5236; x_wconf 91' lang='lat' dir='ltr'><strong><em>ignem</em></strong></span> <span class='ocrx_word' id='word_1_939' title='bbox 2968 5183 2999 5219; x_wconf 88' lang='lat' dir='ltr'><strong><em>a</em></strong></span> <span class='ocrx_word' id='word_1_940' title='bbox 3040 5165 3262 5220; x_wconf 86' lang='lat' dir='ltr'><strong><em>Domino</em></strong></span> <span class='ocrx_word' id='word_1_941' title='bbox 3294 5167 3357 5220; x_wconf 90' lang='lat' dir='ltr'><strong><em>de</em></strong></span> <span class='ocrx_word' id='word_1_942' title='bbox 3390 5165 3516 5221; x_wconf 64' lang='lat' dir='ltr'><strong><em>cado</em></strong></span> <span class='ocrx_word' id='word_1_943' title='bbox 3540 5183 3558 5221; x_wconf 90' lang='lat'><strong><em>:</em></strong></span> <span class='ocrx_word' id='word_1_944' title='bbox 3585 5166 3676 5221; x_wconf 73' lang='lat'><strong><em>25.</em></strong></span> <span class='ocrx_word' id='word_1_945' title='bbox 3723 5177 3774 5222; x_wconf 83' lang='lat' dir='ltr'><strong><em>et</em></strong></span> 
     </span>
    </p>
   </div>
   <div class='ocr_carea' id='block_1_115' title="bbox 2171 5258 3768 5329">
    <p class='ocr_par' dir='ltr' id='par_1_115' title="bbox 2171 5258 3768 5329">
     <span class='ocr_line' id='line_1_115' title="bbox 2171 5258 3768 5329; baseline -0.003 -11"><span class='ocrx_word' id='word_1_946' title='bbox 2171 5263 2413 5318; x_wconf 79' lang='lat' dir='ltr'><strong><em>subvertit</em></strong></span> <span class='ocrx_word' id='word_1_947' title='bbox 2438 5263 2658 5315; x_wconf 81' lang='lat' dir='ltr'><strong><em>ciuitates</em></strong></span> <span class='ocrx_word' id='word_1_948' title='bbox 2681 5259 2819 5324; x_wconf 80' lang='lat' dir='ltr'><strong><em>illas,</em></strong></span> <span class='ocrx_word' id='word_1_949' title='bbox 2843 5270 2888 5313; x_wconf 86' lang='lat' dir='ltr'><strong><em>et</em></strong></span> <span class='ocrx_word' id='word_1_950' title='bbox 2905 5258 3153 5329; x_wconf 84' lang='lat' dir='ltr'><strong><em>quidquid</em></strong></span> <span class='ocrx_word' id='word_1_951' title='bbox 3173 5261 3306 5312; x_wconf 84' lang='lat' dir='ltr'><strong><em>circa</em></strong></span> <span class='ocrx_word' id='word_1_952' title='bbox 3326 5276 3410 5313; x_wconf 87' lang='lat' dir='ltr'><strong><em>eas</em></strong></span> <span class='ocrx_word' id='word_1_953' title='bbox 3429 5260 3768 5326; x_wconf 83' lang='lat' dir='ltr'><strong><em>habitabatur,</em></strong></span> 
     </span>
    </p>
   </div>
   <div class='ocr_carea' id='block_1_116' title="bbox 2180 5351 3774 5423">
    <p class='ocr_par' dir='ltr' id='par_1_116' title="bbox 2180 5351 3774 5423">
     <span class='ocr_line' id='line_1_116' title="bbox 2180 5351 3774 5423; baseline -0.004 -12"><span class='ocrx_word' id='word_1_954' title='bbox 2180 5365 2418 5411; x_wconf 83' lang='lat' dir='ltr'><strong><em>etomnes</em></strong></span> <span class='ocrx_word' id='word_1_955' title='bbox 2458 5354 2542 5423; x_wconf 81' lang='lat' dir='ltr'><strong><em>qui</em></strong></span> <span class='ocrx_word' id='word_1_956' title='bbox 2586 5351 2878 5406; x_wconf 80' lang='lat' dir='ltr'><strong><em>habitabant</em></strong></span> <span class='ocrx_word' id='word_1_957' title='bbox 2922 5352 2974 5404; x_wconf 86' lang='lat' dir='ltr'><strong><em>in</em></strong></span> <span class='ocrx_word' id='word_1_958' title='bbox 3013 5351 3315 5416; x_wconf 82' lang='lat' dir='ltr'><strong><em>civitatibus,</em></strong></span> <span class='ocrx_word' id='word_1_959' title='bbox 3362 5362 3409 5405; x_wconf 89' lang='lat' dir='ltr'><strong><em>et</em></strong></span> <span class='ocrx_word' id='word_1_960' title='bbox 3455 5367 3601 5404; x_wconf 88' lang='lat' dir='ltr'><strong><em>onme</em></strong></span> <span class='ocrx_word' id='word_1_961' title='bbox 3635 5353 3774 5419; x_wconf 84' lang='lat' dir='ltr'><strong><em>quod</em></strong></span> 
     </span>
    </p>
   </div>
   <div class='ocr_carea' id='block_1_117' title="bbox 2175 5441 3773 5512">
    <p class='ocr_par' dir='ltr' id='par_1_117' title="bbox 2175 5441 3773 5512">
     <span class='ocr_line' id='line_1_117' title="bbox 2175 5441 3773 5512; baseline -0.004 -10"><span class='ocrx_word' id='word_1_962' title='bbox 2175 5446 2495 5502; x_wconf 77' lang='lat' dir='ltr'><strong><em>exoriebatur</em></strong></span> <span class='ocrx_word' id='word_1_963' title='bbox 2510 5444 2583 5499; x_wconf 81' lang='lat' dir='ltr'><strong><em>de</em></strong></span> <span class='ocrx_word' id='word_1_964' title='bbox 2607 5455 2761 5498; x_wconf 82' lang='lat' dir='ltr'><strong><em>terra.</em></strong></span> <span class='ocrx_word' id='word_1_965' title='bbox 2791 5443 2868 5498; x_wconf 82' lang='lat' dir='ltr'><strong><em>Ne</em></strong></span> <span class='ocrx_word' id='word_1_966' title='bbox 2895 5443 2966 5497; x_wconf 89' lang='lat' dir='ltr'><strong><em>ob</em></strong></span> <span class='ocrx_word' id='word_1_967' title='bbox 2991 5444 3133 5496; x_wconf 88' lang='lat' dir='ltr'><strong><em>hunc</em></strong></span> <span class='ocrx_word' id='word_1_968' title='bbox 3163 5442 3413 5512; x_wconf 89' lang='lat' dir='ltr'><strong><em>loquendi</em></strong></span> <span class='ocrx_word' id='word_1_969' title='bbox 3442 5441 3773 5496; x_wconf 81' lang='lat' dir='ltr'><strong><em>mndumad-</em></strong></span> 
     </span>
    </p>
   </div>
   <div class='ocr_carea' id='block_1_118' title="bbox 2173 5533 3775 5604">
    <p class='ocr_par' dir='ltr' id='par_1_118' title="bbox 2173 5533 3775 5604">
     <span class='ocr_line' id='line_1_118' title="bbox 2173 5533 3775 5604; baseline -0.003 -9"><span class='ocrx_word' id='word_1_970' title='bbox 2173 5537 2461 5595; x_wconf 71' lang='lat' dir='ltr'><strong><em>miratione</em></strong></span> <span class='ocrx_word' id='word_1_971' title='bbox 2485 5537 2737 5600; x_wconf 83' lang='lat' dir='ltr'><strong><em>tenearis,</em></strong></span> <span class='ocrx_word' id='word_1_972' title='bbox 2765 5533 2993 5596; x_wconf 84' lang='lat' dir='ltr'><strong><em>dilecte;</em></strong></span> <span class='ocrx_word' id='word_1_973' title='bbox 3026 5535 3325 5604; x_wconf 88' lang='lat' dir='ltr'><strong><em>proprietas</em></strong></span> <span class='ocrx_word' id='word_1_974' title='bbox 3349 5535 3490 5590; x_wconf 89' lang='lat' dir='ltr'><strong><em>enim</em></strong></span> <span class='ocrx_word' id='word_1_975' title='bbox 3517 5546 3597 5590; x_wconf 88' lang='lat' dir='ltr'><strong><em>est</em></strong></span> <span class='ocrx_word' id='word_1_976' title='bbox 3626 5535 3775 5590; x_wconf 83' lang='lat' dir='ltr'><strong><em>Scri-</em></strong></span> 
     </span>
    </p>
   </div>
   <div class='ocr_carea' id='block_1_119' title="bbox 2242 5633 3042 5691">
    <p class='ocr_par' dir='ltr' id='par_1_119' title="bbox 2242 5633 3042 5691">
     <span class='ocr_line' id='line_1_119' title="bbox 2242 5633 3042 5691; baseline -0.005 -12"><span class='ocrx_word' id='word_1_977' title='bbox 2242 5637 2258 5662; x_wconf 77' lang='grc' dir='ltr'>ι</span> <span class='ocrx_word' id='word_1_978' title='bbox 2294 5636 2505 5689; x_wconf 77' lang='lat' dir='ltr'><strong><em>Quatuor</em></strong></span> <span class='ocrx_word' id='word_1_979' title='bbox 2525 5635 2654 5686; x_wconf 58' lang='lat' dir='ltr'><strong><em>Mss,</em></strong></span> <span class='ocrx_word' id='word_1_980' title='bbox 2672 5641 2767 5691; x_wconf 81' lang='lat' dir='ltr'><strong><em>non</em></strong></span> <span class='ocrx_word' id='word_1_981' title='bbox 2788 5641 2938 5691; x_wconf 63' lang='lat' dir='ltr'><strong><em>parga</em></strong></span> <span class='ocrx_word' id='word_1_982' title='bbox 2955 5633 3042 5678; x_wconf 81' lang='lat' dir='ltr'><strong><em>est.</em></strong></span> 
     </span>
    </p>
   </div>
   <div class='ocr_carea' id='block_1_120' title="bbox 2241 5687 3769 5755">
    <p class='ocr_par' dir='ltr' id='par_1_120' title="bbox 2241 5687 3769 5755">
     <span class='ocr_line' id='line_1_120' title="bbox 2241 5687 3769 5755; baseline -0.002 -16"><span class='ocrx_word' id='word_1_983' title='bbox 2241 5693 2262 5723; x_wconf 76' lang='grc'><em>³</em></span> <span class='ocrx_word' id='word_1_984' title='bbox 2297 5687 2345 5740; x_wconf 83' lang='lat' dir='ltr'><strong><em>In</em></strong></span> <span class='ocrx_word' id='word_1_985' title='bbox 2367 5691 2715 5755; x_wconf 66' lang='lat' dir='ltr'><strong><em>Bibliisgraacis</em></strong></span> <span class='ocrx_word' id='word_1_986' title='bbox 2738 5687 2825 5755; x_wconf 66' lang='lat' dir='ltr'><strong><em>hic</em></strong></span> <span class='ocrx_word' id='word_1_987' title='bbox 2842 5689 3044 5739; x_wconf 78' lang='lat' dir='ltr'><strong><em>effertur</em></strong></span> <span class='ocrx_word' id='word_1_988' title='bbox 3054 5701 3239 5755; x_wconf 80' lang='lat' dir='ltr'><strong><em>sensus</em></strong></span> <span class='ocrx_word' id='word_1_989' title='bbox 3257 5702 3270 5737; x_wconf 93' lang='lat'>:</span> <span class='ocrx_word' id='word_1_990' title='bbox 3291 5688 3492 5755; x_wconf 58' lang='lat' dir='ltr'><strong><em>Festina</em></strong></span> <span class='ocrx_word' id='word_1_991' title='bbox 3501 5693 3556 5755; x_wconf 71' lang='lat' dir='ltr'><strong><em>ut</em></strong></span> <span class='ocrx_word' id='word_1_992' title='bbox 3577 5687 3644 5737; x_wconf 85' lang='lat' dir='ltr'><strong><em>ibi</em></strong></span> <span class='ocrx_word' id='word_1_993' title='bbox 3665 5687 3769 5738; x_wconf 81' lang='lat' dir='ltr'><strong><em>sal-</em></strong></span> 
     </span>
    </p>
   </div>
   <div class='ocr_carea' id='block_1_121' title="bbox 2176 5749 3770 5824">
    <p class='ocr_par' dir='ltr' id='par_1_121' title="bbox 2176 5749 3770 5824">
     <span class='ocr_line' id='line_1_121' title="bbox 2176 5749 3770 5824; baseline -0.001 -20"><span class='ocrx_word' id='word_1_994' title='bbox 2176 5767 2322 5824; x_wconf 65' lang='lat' dir='ltr'><strong><em>rerrs.</em></strong></span> <span class='ocrx_word' id='word_1_995' title='bbox 2346 5767 2439 5806; x_wconf 88' lang='lat' dir='ltr'><strong><em>non</em></strong></span> <span class='ocrx_word' id='word_1_996' title='bbox 2461 5749 2586 5805; x_wconf 74' lang='lat' dir='ltr'><strong><em>enim</em></strong></span> <span class='ocrx_word' id='word_1_997' title='bbox 2611 5758 2774 5816; x_wconf 85' lang='lat' dir='ltr'><strong><em>potero</em></strong></span> <span class='ocrx_word' id='word_1_998' title='bbox 2795 5751 2958 5814; x_wconf 81' lang='lat' dir='ltr'><strong><em>facere</em></strong></span> <span class='ocrx_word' id='word_1_999' title='bbox 2981 5750 3246 5816; x_wconf 77' lang='lat' dir='ltr'><strong><em>quidquam</em></strong></span> <span class='ocrx_word' id='word_1_1000' title='bbox 3283 5752 3433 5801; x_wconf 79' lang='lat' dir='ltr'><strong><em>donec</em></strong></span> <span class='ocrx_word' id='word_1_1001' title='bbox 3455 5749 3572 5801; x_wconf 77' lang='lat' dir='ltr'><strong><em>illuc</em></strong></span> <span class='ocrx_word' id='word_1_1002' title='bbox 3593 5762 3770 5812; x_wconf 77' lang='lat' dir='ltr'><strong><em>perve-</em></strong></span> 
     </span>
    </p>
   </div>
   <div class='ocr_carea' id='block_1_122' title="bbox 2176 5829 2726 5868">
    <p class='ocr_par' dir='ltr' id='par_1_122' title="bbox 2176 5829 2726 5868">
     <span class='ocr_line' id='line_1_122' title="bbox 2176 5829 2726 5868; baseline 0 -1"><span class='ocrx_word' id='word_1_1003' title='bbox 2176 5829 2326 5868; x_wconf 67' lang='grc' dir='ltr'><strong><em>ηεαδ.</em></strong></span> <span class='ocrx_word' id='word_1_1004' title='bbox 2721 5847 2726 5856; x_wconf 77' lang='grc' dir='ltr'><strong><em>ι</em></strong></span> 
     </span>
    </p>
   </div>
  </div>
