4078 6420
270 323 379 407 ιοε

268 466 425 534 πρός
463 466 654 522 αὑτὸν
671 471 724 522 οί
766 466 1003 536 ἄνδρες·
1047 471 1218 524 Ἔστι
1262 471 1351 537 τίς
1386 489 1486 526 σοι
1517 471 1632 527 ὦδε
1669 476 1947 544 γαμϐρὸς,

273 554 312 624 ἢ
337 553 526 623 υίοίή)
555 555 892 625 θυγατέρες,
925 557 964 626 ἣ
991 557 1048 611 ει
1076 561 1168 624 τίς
1199 575 1299 614 σοι
1323 560 1510 627 ἄλλος
1544 561 1716 616 ἐστίν
1761 563 1831 617 ἑν
1877 551 1952 634 τῇ

272 644 450 694 πόλει
468 656 491 700 ;
513 642 658 704 ’Ὁρα
689 643 804 706 πῶς
825 647 925 713 τῆς
952 642 1252 713 φιλοξενίας
1267 647 1587 717 ἀμείϐονται
1607 648 1700 703 τὸν
1726 648 1952 715 δίκαιον,

273 732 374 783 καὶ
403 729 520 792 πῶς
547 729 700 800 αύτῴ
720 730 1048 802 χαρίσασθαι
1078 732 1356 801 βούλονται
1381 733 1488 786 τῶν
1504 735 1718 788 οίκείων
1737 737 1953 789 πάντων

270 815 375 886 τὴν
415 817 826 888 σωτηρίαν.““Εί
871 818 956 881 τίς
980 836 1082 879 σοι,
1126 821 1312 890 φησὶν,
1347 820 1405 873 ἐν
1437 823 1502 892 τῇ
1540 821 1713 886 πόλει,
1743 824 1794 876 εί
1810 839 1953 886 τινος

273 903 502 975 ἀντέχῃ,
534 904 589 956 εί
611 922 734 957 τινα
762 899 908 968 οἶδας
937 905 1092 968 ἐκτὸς
1130 907 1388 974 γεγονότα
1419 907 1520 977 τῆς
1547 907 1750 962 τούτων
1777 927 1954 981 παρα-

272 992 490 1062 νομίας,
544 991 830 1062 Ἐ’ξάγαγε
866 993 934 1047 ἐκ
978 994 1083 1047 τοῦ
1123 995 1315 1049 τόπου
1365 997 1581 1050 τούτου
1621 999 1715 1050 καὶ
1762 999 1825 1051 ἐκ
1853 1001 1952 1069 τῆς

275 1080 404 1149 γῆς,
433 1080 526 1132 καὶ
550 1080 756 1143 πάντας
778 1079 904 1144 τούς
934 1097 1014 1133 σοι
1040 1082 1415 1152 προσήκοντας
1449 1083 1706 1151 ἐξάγαγε.
1755 1085 1955 1138 Ἁπόλ-

271 1172 477 1235 λινμεν
498 1167 609 1236 γὰρ
646 1166 816 1236 ἡμεῖς
845 1167 954 1220 τὸν
972 1169 1159 1221 τόπον
1186 1168 1417 1224 τοῦτον.
1449 1168 1580 1224 Είτα
1609 1172 1702 1225 καὶ¹
1746 1172 1845 1242 τὴν
1874 1172 1954 1225 αί-

269 1256 400 1308 τίαν
435 1255 724 1324 ἐπάγουσι,
775 1254 1114 1320 διδάσκοντες
1163 1256 1254 1309 τὸν
1299 1257 1507 1312 δίκαιον
1540 1257 1760 1312 ἅπαντα
1812 1260 1952 1328 μετὰ

272 1343 584 1414 ἀκριϐείας.
625 1343 754 1395 Ὀτι
781 1341 1010 1410 ὑψώθη,
1030 1343 1213 1412 φησὶν,
1241 1344 1279 1412 ἡ
1299 1345 1530 1414 κραυγὴ
1563 1346 1762 1399 αὐτῶν
1776 1347 1952 1399 ἐναν-

272 1433 409 1484 τιον
435 1429 679 1498 Κυρίου,
714 1429 812 1482 καί
849 1431 1209 1485 ἀπέστειλεν
1247 1433 1406 1502 ἡμᾶς
1437 1434 1652 1502 Κύριος
1673 1434 1960 1504 ἐκτρῖψαιτ

272 1519 523 1584 αὐτούς.
545 1517 714 1572 Τοῦτο
735 1514 803 1590 ἦν
839 1519 975 1589 ὅπερ
1007 1518 1157 1586 ἔλεγε
1185 1519 1266 1590 τῷ
1296 1522 1631 1593 πατριάρχῃ,
1663 1524 1943 1591 ὃτι-Κραυ-

271 1607 354 1676 τῆ
382 1607 662 1677 Σοδόμων
705 1608 804 1662 καὶ
844 1611 1152 1678 Γομόρρας
1199 1612 1614 1680 πεπλιίθυνται
1656 1615 1808 1681 πρός
1853 1630 1951 1683 με’

286 1693 553 1763 Τψὼθη,
597 1695 782 1766 φησὶν,
813 1695 863 1764 ’ἡ⁴
893 1697 1124 1766 κραυγὴ
1170 1697 1371 1752 αὐτῶν
1397 1699 1678 1753 ἐναντιον
1702 1699 1950 1768 Κυρίου.

351 1814 428 1872 ς’.
467 1807 616 1860 Πολὺ,
641 1809 740 1879 τῆς
771 1809 1117 1881 παρανομίας
1147 1811 1324 1864 αὐτῶν
1357 1812 1418 1864 τὸ
1451 1812 1708 1882 μέγεθος,
1739 1813 1834 1866 καί
1864 1811 1953 1864 διὰ

271 1895 458 1958 τοῦτο,
516 1895 706 1967 ἐπειδὴ
754 1895 973 1959 ἀνίατός
1015 1897 1165 1950 ἐστιν
1200 1898 1234 1968 ἡ
1265 1897 1440 1963 νόσος,
1490 1899 1584 1952 καὶ
1629 1899 1690 1952 τὸ
1731 1898 1952 1970 τραῦμα

274 1982 538 2052 οὐδεμίαν
569 1983 862 2054 θεραπείαν
890 1983 1219 2054 ἐπιδέχεται,
1244 1984 1532 2038 ἀπέστειλε
1570 1985 1774 2056 Κύριος
1802 1987 1951 2056 ἡμᾶς

276 2071 535 2142 ἐκτρῖψαι
597 2071 788 2141 αὑτήν.
858 2070 1028 2124 Τοῦτό
1079 2074 1227 2125 ἐστιν
1280 2072 1308 2124 ὃ
1356 2072 1542 2142 ἔλεγεν
1591 2074 1638 2126 όν
1684 2075 1954 2144 μακάριος

274 2158 462 2213 Δαυῖδο
523 2159 583 2212 Ὀ
623 2158 810 2212 ποιῶν
848 2159 988 2225 τοὺς
1033 2159 1330 2230 ἀγγέλους
1378 2161 1566 2215 αὺτοῦ
1616 2163 1945 2230 πνεύματα,

274 2247 378 2298 καί
421 2245 565 2310 τοὺς
630 2244 1013 2314 λειτουργοὺς
1072 2245 1259 2299 αὐτοῦ
1336 2245 1526 2314 πιφὸς
1581 2248 1800 2317 φλόγα.
1865 2247 1952 2300 Ἑ-

276 2332 438 2404 πειδὴ
487 2332 777 2402 άφανίσαν,
840 2331 994 2402 φησὶ,
1067 2333 1520 2404 παραγεγόναμεν
1583 2335 1760 2387 πᾶσαν
1817 2334 1950 2386 ταύ-

276 2439 382 2491 την
425 2419 521 2492 τὴν
571 2420 877 2490 περίχωρον
921 2419 1032 2488 (διὰ
1083 2419 1192 2490 γὰρ
1231 2420 1331 2491 τὴν
1384 2420 1647 2491 πονηρίαν
1679 2420 1788 2473 τῶν
1812 2423 1952 2474 ἐνοι-

277 2509 522 2564 κούντων
565 2508 658 2562 καὶ
709 2509 743 2579 ή
793 2508 864 2579 γῆ
915 2509 1012 2577 τὴν
1061 2509 1332 2580 τιμωρίαν
1389 2508 1639 2580 δέξεται),
1675 2509 1856 2574 ἔξελθε
1887 2511 1953 2564 σὺ

275 2597 552 2651 ἐντεῦθεν.
605 2594 791 2648 Ταῦτα
846 2593 1083 2658 ἀκούσας
1131 2596 1158 2648 6
1203 2596 1432 2661 δίκαιος,
1485 2596 1580 2650 καὶ
1634 2596 1821 2667 μαθὼν
1853 2597 1954 2667 τήν

276 2685 482 2746 αἰτίαν,
527 2683 594 2736 δι’
647 2683 715 2754 ἢν
753 2683 1196 2755 παραγεγόνασιν
1254 2681 1446 2754 ἄνδρες
1484 2684 1584 2753 μὲν
1608 2684 1669 2736 τὸ
1691 2683 1954 2754 φαινόμε-

278 2791 393 2838 νον,
435 2772 654 2840 ἄγγελοι
707 2772 765 2825 δέ
809 2772 1176 2842 τυγχάνοντες
1213 2771 1309 2825 καὶ
1364 2771 1634 2842 ὑπηρέται
1691 2770 1806 2824 τοῦ.
1845 2771 1956 2824 τῶν

275 2863 412 2915 ὅλων
447 2861 604 2926 Θεοῦ,
648 2861 944 2925 Ἔξελθῶν
968 2861 1237 2928 έλάεκδησε
1282 2860 1433 2928 πρὸς
1475 2859 1619 2927 τοὺς
1659 2859 1955 2930 γαμϐροὺς

278 2948 469 3002 αὑτοῦ
505 2947 648 3014 τοὺς
687 2947 1012 3016 εἰληφότας
1052 2949 1160 3012 τὰς
1217 2945 1539 3015 θυγατέρας
1594 2945 1800 3000 αὐτοῦ.
1845 2946 1956 2999 Καὶ

280 3035 533 3106 μ-ὴνιάνω
557 3035 709 3102 ἔλεγε
738 3037 850 3098 τοῖς
878 3035 1214 3105 παρανόμοις
1252 3034 1500 3098 ἐκείνοις,
1531 3034 1612 3086 ὄτι
1633 3033 1784 3104 [444]
1807 3033 1955 3087 Ἰδοὺ

277 3123 392 3177 δύο
415 3123 738 3192 θυγατέρας
768 3122 906 3192 ἔχω,
946 3123 1168 3187 αἳτινες
1219 3123 1334 3175 οὐκ·
1383 3120 1660 3190 ἔγνωσαν
1702 3121 1952 3190 civ-apag"

277 3209 401 3273 πῶς
432 3205 526 3262 οὖν
556 3209 790 3264 ἐνταῦθά
833 3225 988 3278 φησι,
1030 3207 1185 3276 Πρός
1239 3207 1382 3274 τοὺς
1431 3207 1729 3278 γαμϐροὺς
1771 3207 1957 3262 αὺτοῦ

278 3298 426 3364 τοὺς
458 3297 786 3365 εἰληφότας
813 3296 920 3363 τὰς
964 3295 1292 3365 θυγατέρας
1323 3294 1669 3366 αὺτοῦ;·Μὴ
1730 3295 1961 3366 νομίσῃς

280 3384 502 3438 ἐναντία
538 3380 678 3438 εἶναι
715 3383 887 3438 ταῦτα
938 3385 1050 3446 τοῖς
1105 3383 1368 3455 πρότερον
1399 3383 1551 3454 παρὰ
1607 3380 1703 3436 τοῦ
1743 3382 1956 3435 δικαίου

282 3472 549 3546 ῥηθεῖσιν.
589 3471 754 3535 Ἔθος
777 3470 1081 3541 γὰρ-τοῦτο
1103 3465 1171 3540 ἦν
1203 3473 1315 3529 τοῖς
1345 3470 1596 3531 παλαιοῖς
1627 3468 1734 3539 πρὸ
1763 3467 1959 3522 πολλοῦ

277 3560 378 3613 τοῦ
404 3559 598 3630 χρόνου
629 3559 729 3622 τὰς
757 3559 1051 3629 μνηστείας
1099 3557 1392 3622 ποιεῖσθαι,
1434 3557 1530 3612 καὶ
1558 3556 1819 3619 πολλάκις
1865 3556 1960 3608 καὶ

282 3647 556 3700 συνοικεῖν
577 3647 696 3708 ταίς
723 3645 1186 3717 μνηστευθείσαις,
1211 3647 1307 3699 καὶ
1327 3647 1444 3715 ἅμα
1469 3647 1582 3708 τοῖς
1607 3644 1824 3712 γονεῦσι
1845 3643 1962 3695 δια-

280 3735 494 3803 τρίϐειν
514 3749 528 3764 °
557 3733 595 3787 δι
616 3734 709 3788 καὶ
729 3732 823 3786 νῦν
848 3737 962 3786 ἐστι
995 3732 1263 3803 πολλαχοῦ
1313 3733 1632 3802 γινόμενον..
1691 3730 1842 3782 Ἐπεὶ
1869 3727 1962 3783 οὖν

281 3825 386 3893 ἢδη
417 3822 486 3874 τὰ
508 3821 612 3891 τῆς
638 3820 933 3894 μνηστείας
958 3821 1222 3889 ἐγεγόνει,
1243 3820 1329 3873 διά
1366 3818 1523 3872 τοῦτο
1557 3819 1652 3870 καὶ
1679 3817 1964 3888 γαμϐροὺς

284 3913 486 3973 αὐτοὺς
513 3908 780 3981 ὀνομάζει-
799 3913 893 3962 καί
925 3926 1081 3979 φησι,
1111 3908 1258 3973 Τοὺς
1286 3907 1609 3975 εἰληφότας
1642 3905 1750 3970 τὰς
1780 3910 1959 3974 θυγα-

285 3997 464 4064 τέρας
491 3995 678 4050 αὺτοῦ
700 4013 714 4027 ο
731 3999 802 4067 τῇ
822 3996 1017 4068 γνώμῃ
1050 3994 1159 4066 γὰρ
1187 3994 1282 4048 καὶ
1307 3996 1372 4065 τῇ
1404 3992 1799 4062 συγκαταθέσει
1819 3993 1964 4063 εἰλη-

289 4087 454 4154 φότες
490 4080 654 4155 ἦσαν.
689 4085 798 4137 Καί
824 4099 1015 4152 φησιν
1035 4098 1050 4114 ο
1093 4080 1442 4148 Ἀνάστητε,
1472 4081 1571 4134 καί
1602 4079 1875 4144 ἐξέλθετε
1895 4080 1964 4133 ἐκ

290 4172 397 4226 τοῦ
423 4173 613 4225 τόπου
661 4171 898 4236 τούτου,
931 4169 1021 4223 ὅτι
1059 4169 1312 4236 ἐκτρίϐει
1350 4168 1564 4236 Κύριος
1604 4165 1722 4246 τῂν
1761 4167 1960 4221 πόλιν.

291 4259 504 4324 Ἔδοξε
548 4257 617 4312 δὲ
648 4257 971 4328 γελοιάζειν
995 4257 1275 4310 ἐναντίον
1304 4254 1423 4309 τῶν
1453 4253 1725 4326 γαμϐρῶν
1753 4253 1964 4308 αὑτοῦ.

290 4349 437 4417 ἰιρα
460 4345 577 4409 πῶς
599 4347 663 4398 ἐκ
685 4345 784 4415 τῆς
808 4345 987 4415 ζύμης
1014 4337 1381 4412 ἐκείνηςῆσαν
1403 4341 1501 4411 τῆς
1532 4341 1774 4409 πονηρᾶς
1795 4331 1974 4393 οὗτοι..

289 4435 403 4489 Καὶ
435 4433 525 4486 διὰ
557 4431 716 4486 τοῦτο
749 4431 1069 4502 βουλόμενος
1097 4432 1125 4482 6
1170 4428 1557 4498 Θεὸς-ταχέως
1602 4426 1965 4498 ἐλευθερῶσαι

287 4525 382 4575 τὸν
413 4521 619 4575 δίκαιον
640 4523 741 4592 τῆς
776 4519 912 4591 πρὸς
939 4519 1180 4581 ἐκείνους
1215 4515 1572 4585 συγγενείας,
1605 4516 1668 4568 ού
1721 4514 1966 4585 συνεχώ-

293 4627 460 4683 ρησεν
489 4609 612 4663 οὐδὲ
649 4609 876 4680 μιγῆναι
916 4608 1102 4671 αὐτοῖς
1133 4606 1243 4668 τάς·
1273 4602 1580 4676 θυγατέρας
1607 4602 1700 4656 τοῦ
1733 4603 1965 4670 δικαίου,

289 4699 430 4752 ἀν.λά
455 4697 851 4769 πρσανήρπασε
890 4696 1024 4767 μετὰ
1055 4693 1163 4748 τῶν
1195 4691 1449 4763 πονηρῶν
1483 4692 1576 4744 καὶ
1607 4689 1851 4756 τούτους,
1881 4691 1985 4744 ἵνα

289 4783 527 4852 ἐξελθὼν
553 4786 582 4836 6
611 4783 821 4845 δίκαιος
863 4781 1013 4853 μετὰ·
1048 4779 1158 4834 τῶν
1209 4777 1527 4848 θυγατέρων
1579 4775 1817 4847 διαφύγῃ
1868 4775 1977 4846 τὴν

289 4875 431 4944 πρδς
457 4873 700 4935 ἐκείνους
730 4871 1070 4940 συγγένειαν.
1112 4866 1472 4929 Ἀκούσαντες
1492 4865 1674 4920 τοίνυν
1697 4865 1860 4935 παρὰ-
1873 4863 1969 4918 τοῦ

289 4956 504 5010 δικαίου
519 4954 618 5025 τὴν
639 4953 880 5025 φοϐερὰν
898 4952 1101 5022 ταύτην
1123 4950 1373 5021 ἀπειλὴν,
1396 4948 1679 5020 μονονουχὶ
1696 4948 1972 5018 διεχλεύα-

289 5044 409 5110 ζον,
441 5044 534 5096 καὶ
564 5042 814 5112 ἐνόμιζον
843 5040 1116 5112 ληρῳδίαν
1165 5034 1306 5092 εἶναι
1341 5037 1408 5090 τὰ
1442 5037 1570 5107 παρ’
1621 5035 1785 5089 αὐτοῦ
1816 5036 1974 5104 λεγό-

294 5148 456 5202 μενα.
505 5129 647 5182 Ἀλλ’
678 5129 830 5200 ὅμως
869 5130 898 5180 6
947 5126 1157 5188 δίκαιος
1197 5125 1265 5178 τὰ
1300 5123 1428 5195 παρ’
1460 5121 1653 5176 ἐαυτοῦ
1710 5123 1969 5193 ἐπλήρου,

290 5219 392 5273 καὶ
416 5218 606 5288 ἐπειδὴ
638 5215 785 5282 ἅπαξ
833 5213 1269 5286 ἐμνηστεύσαντο
1317 5210 1482 5266 αὑτοῦ
1510 5210 1610 5273 τὰς
1644 5209 1970 5279 θυγατέρας,

291 5305 565 5377 ἐϐουλήθη
596 5304 904 5378 ἐξαρπάσαι
935 5302 1132 5362 αὐτοὺς
1165 5299 1264 5368 τῆς
1293 5295 1743 5370 τιμωρίαςιὰλῖ
1773 5297 1972 5349 ἐκεῖνοι

288 5394 418 5448 οὐδέ
446 5393 620 5456 οὕτως
652 5392 967 5462 ἠνέσχοντο,
999 5388 1114 5442 ἀλλ’
1148 5386 1412 5456 ἐπέμενον
1441 5385 1519 5456 τῷ
1545 5383 1731 5454 οἰκείῳ
1760 5383 1968 5455 τρόπῳ,

291 5483 392 5536 καὶ
417 5479 718 5553 ἐμάνθανον
744 5478 930 5532 λοιπὸν
969 5477 1035 5529 δι’
1063 5473 1241 5529 αὐτῶν
1278 5473 1388 5527 τῶν
1416 5471 1612 5542 ἔργων,
1647 5471 1722 5534 ὡς
1741 5471 1803 5523 οὐ
1835 5487 1900 5522 συ
1910 5488 1976 5540 μ-

293 5568 574 5638 φερόντως
619 5568 806 5628 αὐτοῖς
848 5563 944 5618 τοῦ
986 5563 1196 5617 δικαίου
1255 5561 1356 5630 τὴν
1394 5557 1704 5628 συμϐουλὴν
1730 5556 1976 5627 ἀπεπέμ-

291 5655 488 5726 ψαντο.
521 5653 736 5708 Ἦνίκα
763 5651 850 5714 δὲ,
881 5651 1067 5721 φησὶν,
1093 5648 1299 5718 ὄρθρος
1316 5645 1573 5715 ἐγένετο,
1599 5642 1978 5696 ἐπεσπούδα-

293 5741 401 5803 ζον
429 5743 485 5794 οἱ
521 5740 764 5810 ἄγγελοι
801 5737 912 5792 τὸν
937 5737 1086 5800 Λὼτ,
1126 5734 1436 5803 λέγοντες⁸
1488 5729 1781 5794 Ἀναστὰς
1830 5727 1979 5782 λάϐε

294 5829 416 5894 τὴν
436 5825 702 5896 γυναῖκά
721 5839 860 5889 σου,
891 5823 992 5878 καί
1015 5823 1122 5888 τὰς
1149 5821 1258 5875 δύο
1290 5816 1638 5887 θυγατέρας,
1688 5813 1761 5881 ἂς
1793 5815 1972 5884 ἔχεις,

296 5915 402 5969 καί
424 5915 657 5980 ἔξελθε,
685 5913 786 5967 ἵνα
809 5910 896 5982 μὴ
927 5909 1025 5964 καί
1057 5907 1140 5963 σὺ
1177 5907 1510 5973 συναπόλῃ
1538 5901 1668 5968 ταῖς
1699 5901 1974 5971 ἁνομίαις

298 6001 412 6072 τῆς
439 6003 692 6069 πόλεως.
730 5999 835 6055 Καὶ
861 5995 1299 6067 ἐταράχθησαν.
1325 5991 1417 6063 Μὴ
1449 5990 1642 6063 μέλλε,
1683 5989 1818 6060 φησι
1837 6003 1852 6019 ·
1890 5989 1974 6045 δετ

1400 355 1468 410 ΙΝ
1500 357 1653 414 CAP.
1695 357 1817 414 XIX
1844 358 2090 417 GENES.
2136 353 2370 421 HOMIL.
2412 365 2594 423 XLIII.

3619 370 3722 424 6M

2055 477 2165 549 γὰρ
2201 480 2300 552 ήδη
2334 481 2424 536 τὸν
2450 482 2671 554 ὄλεθρον
2691 484 2900 549 τούτοις
2926 484 3233 554 ἐπιστῆναι.
3273 482 3476 536 Σαυτδν
3505 479 3595 538 οὖν
3631 482 3724 537 καὶ

2051 557 2150 628 τὴν
2167 561 2409 626 γυναῖκά
2431 577 2524 612 σου
2546 563 2646 614 καὶ-
2669 562 2768 625 τάς
2792 561 2894 615 δύο
2905 561 3210 633 θυγατέρας
3235 562 3524 615 διάσωσον.
3552 560 3732 613 Ἑκεί-

2052 653 2131 689 νοι
2156 636 2264 708 γὰρ
2298 639 2347 690 οἱ
2383 638 2457 709 μὴ
2487 639 2812 710 θελήσαντες
2851 641 3136 711 πεισθῆναί
3161 658 3254 693 σου
3282 643 3348 710 τῇ
3375 638 3724 710 παραινέσει,

2050 716 2150 768 οὐκ
2174 719 2254 780 είς
2279 718 2497 789 μακράν
2524 720 2622 789 τῆς
2653 720 2924 782 ἀπωλείας
2947 722 3333 790 κοινωνήσουσι
3361 722 3473 781 τοῖς
3497 718 3703 780 λοιποῖς

2050 793 2142 864 Μὴ
2171 795 2349 847 τοίνυν
2380 796 2566 867 μέλλε,
2602 798 2687 850 ἵνα
2720 798 2794 868 μὴ
2844 798 2938 850 καὶ
2990 797 3153 861 αὐτὸς
3211 801 3273 868 τῇ
3327 796 3573 866 ἀπωλείᾳ
3615 796 3728 849 τῶν

2053 873 2384 943 παρανόμων
2436 874 2639 928 τούτων
2711 877 3062 946 κοινωνήσῃς.
3147 875 3254 930 Καὶ
3309 873 3728 942 ἐταράχθησαν

2050 950 2224 1005 ταῦτα
2257 953 2590 1017 ἀκούσαντες
2613 955 2668 1007 of
2690 954 2819 1023 περὶ
2848 953 2940 1006 τὸν
2972 952 3095 1006 Λὼτ
3124 955 3216 1008 καὶ
3240 954 3340 1024 τὴν
3369 955 3604 1020 γυναῖκα
3633 957 3728 1007 καὶ

2051 1029 2152 1092 τὰς
2209 1029 2514 1102 θυγατέρας
2540 1048 2555 1063 ·
2603 1031 3096 1100 Ἐταράχθησαν,
3146 1033 3310 1103 φησί,
3365 1031 3510 1085 τοῦτ’
3556 1030 3726 1094 ἐστιν,

2052 1107 2281 1178 ἔμφοϐοι
2313 1109 2620 1178 γεγόνασιν,
2649 1113 2729 1174 είς
2754 1110 2954 1180 πολλὴν
2981 1109 3179 1164 δειλίαν
3201 1111 3563 1181 κατέστησαν,
3580 1113 3729 1180 ὴγωο

2051 1189 2242 1242 νίασαν
2263 1189 2363 1259 τὴν
2385 1189 2630 1260 ἀπειλήν.
2665 1191 2756 1243 Διὸ
2783 1189 3068 1260 κηδόμενοι
3101 1189 3196 1242 τοῦ
3230 1189 3439 1252 δικαίου
3467 1192 3528 1242 Ol
3553 1189 3727 1258 ἄγγε-

2049 1272 2146 1322 λοι
2178 1266 2540 1336 ἐκράτησαν,
2574 1270 2726 1337 φησι,
2759 1267 2869 1336 τῆς
2900 1268 3099 1337 χειρὸς
3122 1267 3332 1322 αὐτοῦ.
3365 1268 3479 1321 Ούκ
3511 1266 3592 1320 ἐτι
3619 1267 3730 1320 λοι-

2053 1346 2157 1400 πὸν
2181 1350 2257 1414 ὡς
2285 1350 2412 1421 περὶ
2445 1351 2654 1422 ἀνδρῶν
2703 1351 3014 1420 διαλέγεται
3051 1353 3085 1422 ή
3135 1349 3349 1422 Γραφὴ,
3395 1348 3510 1402 ἀλλ’
3540 1350 3729 1418 ἐπειδὴ

2055 1427 2338 1498 μέλλουσιν
2364 1429 2594 1498 ἐπάγειν
2631 1429 2732 1501 τὴν
2761 1429 3054 1500 τιμωρίαν,
3093 1428 3358 1498 ἀγγέλους
3384 1428 3583 1492 αὐτοὺς
3617 1428 3736 1483 ὅνο-

2055 1505 2220 1575 μάζει
2239 1506 2333 1559 καί
2357 1524 2523 1577 φησιν
2545 1523 2560 1536 ·
2600 1507 2977 1575 Ἐκράτησαν
3003 1505 3114 1575 τῆς
3160 1505 3360 1576 χειρὸς
3387 1505 3596 1571 αὐτοῦ,
3628 1505 3751 1558 καί.

2050 1584 2161 1652 τῆς
2189 1585 2388 1654 χειρὸς
2420 1585 2530 1654 τῆς
2549 1587 2836 1654 γυναικὸς
2863 1586 3069 1650 αὑτοῦ,
3101 1585 3199 1638 καὶ
3229 1584 3349 1638 τῶν
3371 1582 3586 1653 χειρῶν
3613 1580 3732 1635 τῶν

2052 1662 2390 1730 θυγατέρων
2434 1661 2642 1726 αὐτοῦ,
2699 1662 2768 1716 ἐν
2798 1662 2876 1728 τῷ
2905 1663 3233 1732 φείσασθαι
3269 1661 3457 1717 αὐτοῦ
3489 1662 3728 1728 Κύριον.

2053 1739 2478 1811 Παρεθάρρυναν
2499 1740 2694 1802 αὐτοὺς
2709 1740 2797 1792 διὰ
2825 1740 2922 1810 τῆς
2943 1740 3088 1809 ἁφῆς
3111 1739 3210 1809 τῆς
3231 1739 3438 1811 χειρὸς,
3469 1739 3566 1792 καλ⁵
3581 1736 3732 1791 ἐνεύσ-

2055 1834 2233 1886 ρωσαν
2282 1819 2460 1870 αὐτῶν
2499 1821 2597 1888 τὴν
2625 1818 2958 1888 προθυμίαν,
3008 1819 3094 1870 ἴνα
3146 1817 3220 1889 μὴ
3256 1821 3285 1872 6
3321 1818 3482 1886 φόϐος
3503 1817 3738 1887 διαλύσῃ

2051 1895 2229 1949 αὐτῶν
2261 1895 2359 1965 τὴν
2398 1894 2551 1964 ίσχύν
2571 1913 2584 1924 ·
2616 1895 2705 1947 διὰ
2740 1896 2901 1947 τοῦτο
2928 1895 3232 1964 ἐπήγαγεν,
3284 1897 3386 1948 Ἐν
3415 1895 3497 1960 τῷ
3521 1896 3732 1964 φείσαι-

2051 1978 2191 2026 σθαι
2219 1973 2406 2026 αὐτοῦ
2431 1975 2671 2041 Κύριον.
2721 1973 2936 2043 Ἐπειδὴ
2966 1972 3096 2043 γὰρ,
3133 1974 3303 2044 φησὶ,
3327 1975 3602 2045 σωτηρίας
3630 1972 3736 2025 cub-

2050 2053 2140 2105 τὸν
2174 2052 2323 2116 ἄξιον
2351 2052 2564 2123 ἔκρινεν
2593 2057 2622 2106 6
2675 2052 2900 2124 Κύριος,
2955 2052 3042 2105 διὰ
3075 2051 3253 2105 τοῦτο.¹
3282 2054 3377 2106 καὶ
3423 2055 3470 2106 οί
3509 2051 3743 2120 ἄγγελοι.

2053 2131 2366 2201 βουλόμενοι
2421 2131 2572 2204 [445]
2610 2132 2879 2203 νευρῶσαι
2929 2130 3109 2186 αὐτῶν
3149 2130 3271 2202 τὴνυ
3298 2130 3606 2202 προθυμίαν
3632 2131 3733 2200 τῆς

2053 2209 2234 2280 χειρὸς
2257 2208 2452 2263 αὐτῶν.
2467 2208 2751 2280 κρατοῦσι,
2786 2209 2896 2264 Καὶ
2922 2209 3324 2279 ἐξαγαγόντες
3351 2207 3576 2274 αὐτοὺς
3617 2208 3736 2272 ἔξω

2051 2283 2229 2339 εἶπαν
2250 2303 2262 2317 ’
2296 2285 2450 2347 Σῶζε
2474 2289 2588 2357 τὴν
2630 2288 2891 2342 σεαυτοῦ
2923 2288 3135 2358 ψυχήν
3154 2305 3168 2318 ·
3220 2288 3307 2358 μὴ
3365 2285 3735 2357 περιὸλέψῃς

2106 2303 2229 2339 παν
2250 2303 2262 2317 ⁸
2296 2303 2450 2342 Δωςε
2474 2303 2588 2342 την
2630 2303 2891 2342 σεαυτου
2923 2303 3135 2342 ψυγγιν
3154 2305 3168 2318 ⁸
3227 2303 3307 2342 ιιη
3365 2303 3635 2342 πεοιῦλευ

2051 2369 2136 2432 είς
2170 2365 2241 2419 τὰ
2264 2366 2476 2432 ὀπίσω,
2501 2366 2587 2436 μὴ
2611 2366 2768 2435 στῇς
2791 2369 2862 2421 ἐν
2879 2367 3044 2437 πάσῃ
3078 2366 3152 2436 τῇ
3183 2367 3512 2435 περιχώρῳ,
3547 2369 3633 2432 είς
3666 2363 3746 2418 τὸ⁸

2055 2445 2191 2514 ὄρος
2211 2443 2424 2509 σώζου,
2437 2445 2523 2513 μή
2555 2461 2700 2498 ποτε
2725 2444 3272 2515 συμπαραληφθῇς.
3307 2445 3545 2516 Ἐπειδὴ,
3576 2444 3760 2514 φησὶ,.

2052 2524 2237 2576 λοιπὸν
2272 2522 2662 2593 ἀπηλλάξαμέν
2697 2540 2756 2576 σε
2791 2523 2895 2576 τῶν
2925 2524 3263 2594 παρανόμων
3285 2522 3508 2587 τούτων,
3538 2521 3735 2593 μηκέτι

2054 2599 2353 2671 περιϐλέψῃ
2384 2601 2464 2663 είς
2500 2602 2568 2653 τὰ
2599 2600 2793 2663 όπίσω,
2823 2603 2959 2673 μήτε
2995 2601 3228 2672 θελήσῃς
3258 2601 3385 2654 ἰδεῖν
3417 2602 3487 2653 τὰ
3522 2599 3736 2662 τούτοις

2056 2680 2468 2752 συμϐησόμενα,
2499 2678 2636 2734 ἀλλὰ
2663 2679 2898 2734 σπεῦσον
2924 2683 3020 2733 καὶ
3045 2680 3261 2750 μακρὰν
3290 2679 3470 2747 γενοῦ,
3510 2679 3594 2730 ἵνα
3622 2677 3739 2752 διαο

2055 2761 2247 2827 φυγεῖν
2270 2758 2503 2828 δυνηθῇς
2550 2758 2650 2828 τὴν
2680 2758 3033 2828 ἐπαγομένην
3062 2756 3272 2820 τούτοις
3291 2751 3736 2828 τιμωρίαν.Είτα

2055 2835 2305 2898 δεδοικὼς
2338 2837 2367 2888 6
2401 2836 2628 2901 δίκαιος,
2669 2838 2877 2908 μήποτε
2911 2837 2972 2889 ού
3030 2836 3234 2907 δυνηθῇ
3271 2836 3597 2889 καταλαϐεῖν
3644 2833 3738 2886 τὸν

2057 2917 2148 2968 ὑπ’
2187 2915 2754 2986 αύτῶν.ἀφορισθέντα
2783 2915 2946 2986 τόπον
2971 2955 2985 2978 ,
3019 2915 3114 2986 καὶ
3152 2917 3234 2976 είς
3275 2915 3334 2967 τὸ
3356 2914 3482 2986 δρος
3511 2913 3736 2986 φθάσαι,

2058 2986 2192 3057 φησί
2216 3002 2230 3016 ο
2260 2981 2719 3053 Δέομαί,’Κύριε,
2749 2985 2958 3050 ἐπειδὴ
2989 2981 3168 3052 εὗρεν
3201 2987 3234 3038 ό
3259 2981 3402 3050 παῖς
3424 2981 3540 3037 σου
3566 2985 3739 3048 ἕλεος

2056 3065 2333 3118 ἐναντίον
2369 3077 2486 3117 σου
2513 3104 2528 3128 ,
2593 3065 2691 3117 καί
2753 3064 3130 3135 ἐμεγάλυνας
3189 3061 3306 3132 τὴν
3342 3064 3738 3127 δικαιοσύνην

2058 3161 2197 3207 σου,
2224 3144 2256 3197 6
2306 3143 2494 3209 ποιεῖς
2538 3145 2626 3208 εὶς
2661 3142 2766 3211 ἐμὲ
2789 3143 2895 3197 τοῦ
2921 3141 3028 3210 ζῇν
3060 3141 3174 3210 τὴν
3199 3140 3414 3210 ψυχήν
3439 3154 3588 3210 μου·
3625 3138 3739 3208 ἐγὼ

2059 3222 2128 3274 δὲ
2152 3225 2223 3275 οὺ
2257 3221 2596 3289 δυνήσομαι
2625 3220 2991 3289 διασωθῆναι
3017 3223 3105 3286 είς
3133 3220 3200 3274 τὸ
3231 3220 3390 3288 ὄρος,
3426 3221 3512 3289 μὴ
3559 3232 3740 3270 κατα-

2060 3301 2218 3368 λάϐῃ
2244 3317 2320 3369 με
2349 3305 2421 3353 τὰ
2451 3299 2626 3362 κακὰ,
2662 3301 2762 3352 καὶ
2790 3299 3092 3354 ἀποθάνω.
3128 3298 3283 3352 Ἰδοὺ
3311 3300 3354 3366 ἡ
3389 3301 3568 3363 πόλις
3587 3297 3754 3363 αὕτη,

2060 3381 2238 3452 ἐγγὺς
2267 3379 2372 3433 τοῦ
2401 3378 2767 3447 καταφυγεῖν
2795 3395 2871 3446 με
2916 3378 3056 3442 ἐκεῖ,
3089 3377 3477 3446 μικρὰέστιν
3513 3389 3572 3416 δ’
3618 3376 3745 3428 ἐκεῖ

2061 3459 2431 3527 σωθήσομαι,
2481 3457 2582 3510 καί
2633 3455 2871 3522 ζήσεται
2918 3457 2956 3524 ή
2997 3456 3167 3524 ψυχή
3213 3473 3332 3524 μου
3361 3455 3569 3508 ἕνεκεν
3597 3454 3738 3510 σοῦ.

2075 3539 2294 3607 Ἐπειδὴ
2320 3535 2486 3601 ἅπαξ,
2513 3536 2695 3605 φησὶν,
2717 3535 2969 3606 ἐκρίνατε
2990 3534 3087 3605 τὴν
3109 3534 3382 3604 σωτηρίαν
3409 3531 3742 3603 χαρίσασθαί

2067 3635 2176 3688 μοι,
2197 3614 2513 3687 ὑπερϐαίνει
2529 3615 2586 3667 δέ
2612 3630 2715 3683 μου
2730 3616 2830 3684 τὴν
2852 3615 3004 3683 ἰσχὺν
3027 3613 3096 3666 τὸ-
3113 3611 3316 3682 φθάσαι
3344 3611 3439 3681 τὴν
3465 3610 3560 3664 τοῦ
3583 3611 3743 3681 ϐρους

2066 3695 2331 3766 κορυφὴν,
2370 3693 2604 3746 πλείονα.
2625 3694 2754 3764 περὶ
2780 3693 2880 3763 ἐμὲ
2897 3694 2994 3764 τὴν
3034 3691 3445 3762 φιλανθρωπίαν
3475 3689 3743 3754 ἐπιδείξα-

2067 3779 2182 3842 σθε,
2213 3776 2306 3830 καὶ
2339 3774 2665 3844 κουφότερόν
2701 3790 2789 3844 μοι
2810 3773 2901 3827 τόν
2917 3773 3164 3843 κάματον
3200 3773 3488 3843 ποιήσατε.
3515 3771 3742 3840 Μήποτε

2065 3853 2157 3908 οὖν
2185 3852 2514 3923 καταληφθῶ
2544 3853 2646 3905 ὑπὸ
2678 3853 2778 3922 τῆς
2797 3851 3146 3922 ἐπαγομένης
3176 3849 3471 3921 τιμωρίας,
3501 3851 3596 3902 καὶ
3626 3865 3742 3901 κοι-

2064 3933 2290 4002 νωνήσω
2317 3933 2416 4001 τῆς
2451 3931 2605 4001 δίκης
2623 3929 2853 3995 τούτοις,
2881 3931 2980 4000 τὴν
3008 3927 3160 3982 πόλιν
3188 3927 3393 3998 ταύτην
3421 3928 3448 3967 b
3475 3929 3574 4000 τὴν
3607 3930 3744 3996 πλη-

2070 4015 2181 4066 σίον
2209 4010 2506 4079 άφορίσατέ
2540 4027 2650 4080 μοι.
2686 4009 2749 4060 Et
2775 4008 2882 4080 γὰρ
2915 4009 3011 4062 καὶ
3034 4007 3259 4077 εύτελής
3281 4008 3397 4058 ἐστι
3423 4006 3518 4060 καὶ
3546 4007 3742 4076 μικρὰ,

2069 4092 2182 4146 ἀλλ’
2216 4092 2334 4143 ἐκεῖ
2349 4088 2634 4151 διασωθεὶς
2653 4087 2952 4158 δυνήσομαι
2978 4088 3035 4139 ἐν
3068 4086 3338 4158 ἀσφαλείᾳ
3357 4081 3496 4141 εἶναι
3535 4084 3740 4138 λοιπόν.

2067 4171 2176 4225 Καὶ
2205 4166 2374 4222 εἶπεν
2401 4167 2557 4231 αὐτῴ
2575 4183 2590 4199 υ
2628 4165 2776 4221 Ἰδοὺ
2803 4163 3117 4235 ἐθαύμασα
3146 4181 3262 4218 σου
3293 4164 3360 4217 τό
3395 4165 3742 4230 πρόσωπον,

2068 4249 2184 4302 καί·
2215 4248 2313 4301 ἐπὶ
2370 4243 2451 4312 τῷ
2490 4243 2712 4314 ῥήματι
2769 4247 2956 4312 τούτῳ
2980 4283 2995 4310 ,
3057 4242 3163 4297 τοῦ
3203 4243 3290 4312 μὴ
3341 4238 3748 4310 καταστρέψαι

2070 4327 2187 4396 τὴν
2218 4329 2400 4380 πόλιν
2423 4365 2440 4391 ,
2487 4324 2622 4392 περὶ
2651 4321 2730 4394 ἧς
2776 4325 3112 4391 ἐλάλησας.
3166 4322 3463 4392 Ἐδεξάμην
3499 4337 3595 4372 σου
3645 4322 3747 4391 τὴν

2073 4407 2307 4470 ἱκεσίαν,
2342 4405 2496 4475 φησὶ,
2546 4406 2639 4456 καὶ
2679 4405 2890 4473 ποιήσω
2922 4405 3020 4456 καὶ
3049 4402 3229 4468 τοῦτο,
3278 4402 3374 4455 καὶ
3411 4399 3630 4471 παρέξω
3662 4417 3746 4453 σοι

2070 4487 2131 4540 τὸ
2152 4485 2345 4555 αἰτηθέ
2358 4502 2397 4550 ι,
2425 4488 2518 4538 καὶ
2544 4485 2634 4537 διὰ
2665 4483 2723 4536 σέ
2748 4485 2844 4536 καὶ
2868 4483 2965 4552 τῆς
2999 4482 3209 4546 πόλεως
3249 4482 3527 4552 φείσομαι.
3553 4482 3744 4536 Σπεῦ-

2073 4583 2189 4618 σον
2212 4562 2346 4628 οὗν,
2376 4565 2475 4616 καὶ
2507 4563 2804 4616 κατάλαϐε
2830 4562 2938 4615 τόν
2956 4561 3162 4625 τόπον,
3211 4560 3309 4612 καί
3355 4558 3573 4620 σώζουο
3607 4559 3751 4614 οὐδὲ

2073 4647 2182 4716 γὰρ
2211 4644 2446 4710 ποιήσω
2470 4659 2524 4696 τι
2550 4643 2725 4711 μέχρι
2746 4643 2852 4696 τοῦ
2877 4639 3323 4710 παραγενέσθαι
3353 4655 3428 4693 σε
3449 4639 3578 4694 ἐκεῖ
3601 4648 3643 4695 ο.
3671 4639 3746 4692 υύ

2075 4730 2182 4796 γάρ
2211 4725 2532 4794 δυνήσομαι,
2571 4724 2724 4792 φησὶ,
2757 4721 2852 4774 τοῦ
2892 4721 3116 4790 ποιῆσαι
3171 4721 3405 4790 πρᾶγμα
3437 4759 3460 4786 ,
3501 4720 3606 4783 ἕως
3654 4719 3747 4774 τοῦ

2076 4803 2337 4858 εἰσελθεῖν
2371 4819 2430 4854 σε
2467 4803 2604 4855 ἐκεῖ.
2643 4802 2858 4872 Ἐπειδὴ
2901 4801 3136 4872 κήδομαί
3190 4817 3286 4853 σου
3306 4800 3406 4869 τῆς
3451 4801 3748 4870 σωτηρίας,

2076 4883 2333 4954 ἀναμενῶ
2358 4883 2457 4952 τήν
2510 4885 2627 4936 ἐκεῖ
2655 4899 2750 4935 σου
2795 4883 3000 4952 ἄφιξιν,
3042 4885 3138 4937 καὶ
3173 4883 3296 4935 τότε
3322 4881 3533 4946 τούτοις
3560 4882 3750 4950 ἐπάγω

2077 4966 2176 5036 τὴν
2216 4965 2505 5034 τιμωρίαν.
2560 4963 2624 5015 Ὃ
2665 4962 2837 5030 ἣλιος
2875 4960 3135 5031 ἐξῆλθεν
3182 4962 3280 5014 ἐπὶ
3311 4960 3426 5028 τὴν
3457 4960 3595 5031 γῆν,
3651 4959 3753 5012 καί

2078 5046 2207 5099 Λὼτ
2228 5042 2514 5112 εἰσῆλθεν
2534 5045 2621 5107 είς
2645 5042 2868 5111 Σηγώρ.
2900 5043 2974 5094 Πε
2985 5044 3036 5112 ρὶ
3066 5042 3166 5112 τὴν
3192 5040 3284 5094 τοῦ
3306 5041 3457 5110 ἡλίου
3488 5039 3752 5109 ἀνατολὴν

2080 5125 2283 5196 ἔφθασε
2305 5125 2404 5195 τὴν
2437 5123 2592 5176 πόλιν
2617 5139 2631 5153 ο
2652 5123 2746 5176 καί
2779 5123 2979 5184 εὐθέως
3008 5123 3216 5176 ἐκείνου
3243 5122 3396 5184 ἐντὸς
3424 5121 3522 5190 τῆς
3544 5118 3753 5181 πόλεως

2079 5205 2397 5275 γενομένου,
2433 5198 2578 5256 οῶοι
2607 5201 2703 5273 τὴν
2735 5202 3006 5273 τιμωρίαν
3056 5201 3317 5272 ἐδέχοντο.
3352 5199 3594 5267 Ἐὄρεξε
3621 5198 3747 5272 γὰρ,

2080 5287 2236 5356 φησι,
2272 5287 2491 5354 Κύριος
2517 5283 2617 5336 ἐπί
2648 5282 2880 5352 Σόδομα
2903 5283 2998 5336 καί
3021 5283 3294 5351 Γόμορρα
3326 5281 3485 5333 θεῖον
3515 5280 3754 5347 καὶπῦρ

2082 5368 2240 5434 παρὰ
2267 5365 2484 5433 Κυρίου
2535 5365 2604 5416 ἐκ
2633 5363 2738 5417 τοῦ
2765 5362 3045 5430 οὐρανοῦ,
3085 5361 3181 5414 καί
3237 5359 3606 5429 κατέστρεψε
3649 5361 3756 5428 τὰς

2082 5451 2296 5514 πόλεις
2316 5449 2535 5513 ταύτας
2564 5447 2663 5500 καί
2685 5444 2894 5501 πᾶσαν
2913 5443 3028 5510 τὴν
3051 5443 3373 5512 περίοικον,
3398 5443 3498 5496 καί
3527 5441 3756 5508 πάντας

2079 5529 2222 5594 τοὺς
2248 5527 2678 5590 κατοικοῦντας
2701 5526 2771 5578 ἐν
2802 5521 2931 5589 ταῖς
2955 5523 3196 5586 πόλεσι,
3227 5522 3324 5576 καὶ
3350 5521 3475 5576 πᾶν
3507 5521 3756 5576 ἀνατέλ-

2082 5611 2195 5661 λον
2218 5608 2286 5660 ἐκ
2315 5606 2425 5675 τῆς
2443 5605 2555 5674 γῆς
2581 5601 2632 5656 ἀ.
2657 5602 2750 5674 Μὴ
2778 5602 3034 5668 ξενιζέτω
3067 5619 3150 5667 σε,
3187 5603 3438 5675 ἀγαπητέ
3462 5641 3479 5666 ,
3524 5601 3630 5656 τῶν
3655 5603 3755 5672 ρη-

2149 5695 2379 5769 ⁰·ξιὶοι·ει.
2403 5693 2546 5756 μικρά
2572 5693 2715 5741 ἐστιν.
2740 5690 2892 5741 Savil.
2922 5688 2953 5744 ἢ
2983 5691 3128 5754 μικρά
3151 5692 3296 5742 ἐστιν.
3323 5691 3542 5751 Quatuor
3559 5701 3675 5740 mss.
3699 5689 3756 5738 ού

2085 5759 2228 5820 μικρά
2250 5757 2394 5828 ἐστιν.
2441 5815 2452 5828 .
2799 5815 2809 5825 ¹

2147 5818 2176 5857 b
2200 5817 2347 5866 Sanl.
2376 5832 2457 5863 και
2479 5815 2563 5872 τήν
2589 5830 2640 5862 π.
2662 5830 2706 5862 τ.
2727 5812 2875 5864 COISI.
2901 5813 3091 5870 κᾶντῆν
3113 5812 3250 5861 πόλιν
3279 5830 3325 5862 τ.

2155 5885 2176 5912 ο
2194 5879 2256 5948 _ln
2283 5877 2873 5948 pib‘liis-Grmciglegiwll
2890 5889 2914 5923 ει
2949 5873 3370 5948 Σπεῦσον-οῦντρῦ
3403 5875 3610 5948 σωθῆναι
3631 5874 3752 5925 ἐκεῖ-

2082 5941 2139 5990 οὖ
2157 5942 2246 6010 γάρ
2279 5940 2541 6010 δυνήσομαι
2560 5935 2762 6010 ποιῆσαι
2779 5941 2974 6010 πρᾶγμα
2994 5936 3083 6010 ξως
3101 5935 3187 5983 τοῦ
3213 5936 3358 6010 ἐλθεῖν
3378 5951 3446 6010 σε
3456 5935 3570 5984 ἐκεῖ.

2146 5995 2178 6042 (Ϊ
2204 5995 2255 6050 lh
2279 5995 2658 6064 Bibliis'legitur
2685 5999 2766 6048 καὶ
2787 5995 2847 6047 τὰ
2872 5995 3186 6048 ἀνατέλλοντα
3207 5995 3261 6046 ἐκ
3281 6002 3365 6055 τῆς
3389 6001 3490 6058 γῆς.
