2039 3217
193 174 247 204 405

193 237 289 266 ptum,
303 239 362 266 qum
376 230 559 260 inditi‘ercnter
566 231 605 260 sic
615 239 686 267 saepe
696 233 861 268 partit-verba
872 242 878 260 :
889 233 914 261 id
924 234 995 268 quod

192 282 219 305 et
234 284 305 304 nunc
318 276 409 305 videre
421 277 493 305 licet.
512 276 583 304 Pluit
596 278 677 311 sirint,
691 278 787 313 inquit,
801 279 927 305 Dominus
940 278 996 305 rul-

193 324 260 358 plmr
281 328 304 350 et
318 323 401 358 ignem
421 331 437 349 a
452 322 562 350 Domino
576 323 608 350 de
618 322 702 350 ca-lo:
716 328 744 351 ut
756 324 837 357 dicat,
855 324 996 351 Dominum

194 378 302 405 pinnam
314 370 450 398 induxisse
461 378 468 396 :
484 375 511 397 et
527 378 579 398 non
589 371 677 398 solum
688 370 810 398 civitates
820 371 995 403 subvertisSc,

192 424 358 452 omnemque
377 416 448 444 circa
468 417 617 451 regionem,
633 421 660 444 et
680 424 775 444 omnes
797 416 995 449 inhabitantes,

193 463 242 491 sed
256 464 338 491 etiam
351 472 411 498 qua:
421 463 612 491 exoriebantur
623 463 657 491 de
669 469 741 491 terra
753 464 913 491 abolevissc.
929 464 996 498 Quia

192 510 266 538 enim
279 510 410 541 homines,
424 510 470 545 qui
480 518 541 538 eam
557 509 749 542 inhabitabant,
764 510 861 537 multos
876 510 997 545 impieta-

194 557 230 583 tis
254 556 356 583 fructus
381 556 567 591 protulerunt:
592 555 702 588 idcirco,
727 556 822 591 inquit,
839 560 868 583 et
889 555 997 584 inutiles

194 601 300 629 fructus
323 607 401 629 terrzc
416 601 495 634 facio,
512 606 541 629 ut
560 606 587 629 ct
600 602 653 629 illis
667 601 772 629 abolitis
788 607 944 637 perpetuum
962 601 995 630 sit

194 648 391 675 monimentum
405 647 581 682 nequeuntibus
595 648 811 683 generationibus
826 657 832 675 :
856 652 928 676 terra
951 655 997 682 per

196 702 275 722 suam
288 694 561 722 sterilitatenromnes
573 694 697 727 tticente,
712 698 810 730 quanta
826 694 905 722 fucrit
920 694 994 721 inha-

197 740 342 768 bitantium
364 740 476 768 malitia.
493 741 587 768 Vidisti
606 745 704 776 quanta
724 748 768 768 res
791 741 826 768 sit
849 740 950 774 virtus,
970 744 999 768 et

196 790 297 822 quanta
313 794 357 813 res
370 786 469 814 malitia
484 795 491 814 :
513 790 541 814 ct
556 786 691 821 quomodo
703 786 791 822 justus
809 791 930 814 servatus
942 787 997 820 sit,

196 833 245 860 alii
257 837 346 860 autem
359 833 465 867 dignam
480 840 527 860 sua
541 833 640 860 malitia
655 840 762 868 poenam
782 832 951 867 receperint?
965 832 999 860 Et

197 880 273 906 sicut
279 879 367 913 justus
381 886 428 913 per
438 886 513 909 suam
527 878 653 906 virtutem
667 883 695 905 et
706 878 773 906 filias
787 878 898 905 salvavit
919 883 945 905 et
961 878 1002 905 ci-

199 925 289 952 vitatis
310 924 383 952 illius
398 924 600 952 subversioncm
615 924 769 958 prohibuit:
786 924 821 951 ita
842 929 869 951 et
884 924 919 951 illi
935 931 998 959 pro-

199 977 260 1006 pter
280 972 413 1007 ingentem
428 978 503 998 suam
519 970 649 998 malitiam
662 977 715 997 non
736 970 823 997 solum
841 970 891 1005 ipsi
911 970 998 1005 perie-

199 1022 264 1046 runt
277 1018 397 1046 ot'dt‘leli
411 1022 491 1051 suntr
506 1016 553 1045 sed
565 1021 592 1045 et
603 1017 750 1044 elfecerunt
765 1022 862 1044 terram
878 1016 1010 1044 inutilem.

199 1065 227 1092 in
239 1064 366 1092 futurum.
379 1064 424 1092 26.
438 1063 471 1091 Et
482 1064 602 1099 respexit,
617 1064 711 1099 inquit,
732 1071 798 1090 uxor
808 1064 862 1098 ejus
881 1068 937 1098 post
949 1067 1000 1089 ter-

198 1119 271 1146 gunt,
285 1115 309 1137 et
323 1112 391 1146 facta
403 1114 439 1136 est
452 1109 571 1136 columna
581 1109 653 1136 satis.
670 1109 734 1136 Nam
748 1109 875 1144 quoniam
895 1107 1000 1136 audivit

199 1157 311 1192 angelos
324 1156 510 1191 prmcipientcs
520 1156 604 1192 justo,
620 1159 649 1182 ut
662 1164 694 1183 ne
707 1163 737 1183 se
751 1159 940 1184 converterent
954 1163 1000 1182 re—

200 1207 327 1234 trorsum,
340 1203 387 1230 scd
401 1210 462 1229 cum
473 1209 566 1236 magna
582 1201 751 1229 festinatione
766 1201 924 1229 secederent
935 1210 941 1227 :
953 1208 1002 1228 ne-

199 1248 281 1283 glexit
296 1248 387 1279 verba,
399 1253 426 1276 ot
446 1253 608 1283 praeceptum
622 1255 674 1275 non
690 1247 843 1281 custodivit,
859 1251 1000 1282 propterea

200 1302 257 1321 sua:
272 1294 439 1329 negligentia:
453 1293 526 1322 dedit
542 1301 660 1328 poenam.

238 1341 265 1368 7.
283 1340 391 1368 Horatia
416 1341 568 1368 exhortatio.
580 1355 615 1361 —
628 1340 760 1368 Cmtcrum
787 1347 837 1368 nos
861 1340 1001 1368 audientes

201 1388 256 1420 illa,
274 1392 373 1415 nostra:
382 1387 478 1415 salutis
492 1394 583 1414 curam
597 1386 791 1422 diligentiorem
803 1386 958 1418 habeamus,
974 1390 1010 1413 ct‘

200 1433 265 1460 vitia
285 1433 328 1460 illa
341 1440 375 1460 ne
387 1432 522 1460 imitemur
533 1439 685 1460 caveamus.
707 1432 843 1459 hnitemur
853 1432 916 1467 justi
928 1431 1000 1459 illius

201 1478 410 1513 boxpitalitatem
425 1478 529 1506 etzalias
543 1478 668 1511 virtutes,
677 1482 706 1505 ut
718 1477 852 1512 possimus
866 1481 894 1505 et
907 1484 1002 1512 super-

201 1530 264 1550 nam
278 1522 344 1550 iram
357 1522 505 1557 depellere.
517 1521 608 1557 Neque
619 1522 690 1549 enim
704 1521 833 1556 possibile
846 1525 897 1553 est,
914 1525 944 1548 ut
956 1520 1001 1556 qui

201 1570 327 1597 virtutem
344 1569 415 1597 bane
432 1576 529 1604 magno
550 1568 640 1596 studio
653 1572 791 1601 exerceat,
801 1575 855 1595 non
869 1569 1007 1603 grandem-

201 1615 265 1643 inde
284 1618 408 1650 reportet
422 1613 707 1642 thesaurum..Etenim
719 1613 785 1648 justi
804 1612 842 1640 illi
858 1613 898 1640 sic
909 1619 1002 1648 super-

202 1668 265 1688 nam
280 1660 396 1696 gratiam
414 1660 571 1695 consequuti
591 1664 663 1691 sunt,
677 1663 732 1686 tam
745 1658 906 1694 patriarcha,
921 1666 1002 1694 quam

201 1707 263 1740 tot,
278 1712 306 1735 et
318 1707 364 1742 qui
378 1706 501 1734 homines
518 1705 653 1741 suscipere
666 1713 695 1733 se
709 1709 880 1740 putaverunt.
893 1713 1002 1733 merue-

202 1757 266 1780 runt
279 1752 417 1787 suscipere
428 1752 549 1786 angelos,
570 1756 597 1779 et
612 1751 767 1786 angelorum
783 1750 934 1778 Dominum.
949 1750 1004 1778 No-

202 1798 244 1825 bis
264 1805 371 1833 quoque
389 1800 418 1824 et
437 1803 519 1829 nunc,
539 1796 561 1823 si
580 1796 755 1828 voluerimus,
774 1796 911 1830 suscipere
930 1796 1002 1823 licet.

203 1843 265 1878 Ipse
278 1842 350 1870 enim
363 1848 404 1870 est
423 1842 469 1877 qui
480 1841 547 1869 dixit
564 1850 571 1869 :
590 1841 640 1875 Qui
653 1841 759 1876 suscipit
773 1849 827 1874 uox,
846 1849 886 1868 me
897 1841 1005 1877 suscipit

203 1889 312 1926 (Matth.
328 1889 373 1917 l0.
394 1889 452 1925 40).
468 1888 514 1917 Sic
526 1888 607 1923 igitur
627 1888 746 1923 hospites
768 1888 960 1922 suscipiamus,
976 1892 1004 1916 et

203 1944 256 1963 non
271 1935 304 1963 ad
316 1939 454 1963 externam
469 1934 598 1962 vilitatem
613 1933 797 1968 respiciamus.
812 1933 967 1966 Enimvero,
978 1933 1012 1961 si.

203 1982 250 2010 tali
271 1986 361 2009 mente
383 1980 591 2016 hospitalitatem
614 1980 694 2007 etiam
716 1987 766 2007 nos
784 1980 1000 2013 exercuerimus,

203 2028 278 2063 digiti
291 2028 392 2055 erimus
404 2031 433 2054 ct
444 2034 493 2054 nos
505 2026 550 2061 qui
562 2025 629 2053 tales
640 2025 759 2060 hospites
769 2025 1003 2060 excipiamus,.qui

203 2074 329 2102 videntur
343 2072 452 2109 quidem
465 2073 525 2106 viri,
541 2071 696 2107 angelorum
711 2075 802 2099 autem
815 2070 925 2098 virtutes
939 2078 1007 2106 ope—

203 2124 318 2148 rantur:
336 2123 438 2147 tantum
456 2126 490 2146 ne
502 2118 600 2145 curiosi
619 2117 804 2152 exploratores
817 2121 844 2144 et
864 2117 1003 2152 inquisito-

205 2175 250 2195 res
260 2167 355 2199 simus,
367 2170 399 2192 ut
408 2173 442 2193 ne
451 2158 604 2192 thesaurum
615 2163 770 2199 perdamus.
783 2162 1011 2198 Quandoquidem

203 2219 231 2241 et
244 2214 337 2241 beatus
358 2211 458 2239 Paulus
471 2210 521 2238 bos
531 2210 619 2246 justos
638 2209 800 2243 subindicat,
816 2213 843 2237 et
856 2210 936 2237 docet
954 2217 1004 2238 nos

203 2258 339 2294 quomodo
353 2257 420 2285 tales
434 2257 554 2291 hospites
566 2256 729 2291 exceperint.
744 2254 945 2289 llospitulilatis,
963 2256 1003 2283 in-

203 2306 279 2341 quit,
297 2313 328 2333 ne
350 2304 532 2333 obliviscamini
550 2311 559 2330 .'
574 2308 677 2338 propter
695 2302 761 2329 hanc
778 2303 844 2329 enim
866 2304 1004 2330 nescientes

205 2353 312 2387 quidam
324 2352 436 2387 hospitio
446 2355 598 2385 exceperunt
612 2349 715 2385 angelos
726 2348 818 2383 (Hebr.
833 2350 874 2377 l5.
893 2350 931 2385 1).
947 2349 1004 2378 Hoc

203 2399 276 2427 enim
299 2405 346 2426 eos
368 2397 535 2432 potissimum
558 2395 621 2423 fecit
640 2395 827 2428 admirabiles,
849 2395 920 2430 quod
944 2403 1003 2429 eos,

203 2452 272 2480 quos
287 2451 340 2472 non
360 2447 501 2474 noverant,
521 2441 669 2470 ministerio
683 2448 733 2469 suo
754 2441 953 2469 honeraverint.
970 2441 1004 2469 Et

204 2499 255 2519 nos
270 2490 350 2525 igitur
364 2497 425 2517 cum
446 2488 498 2517 [ide
515 2496 548 2516 ac
567 2488 667 2523 pietate
687 2495 743 2515 rem
762 2487 901 2520 obeamus,
922 2491 952 2514 ut
965 2488 1004 2515 sie

205 2539 362 2566 thesaurum
384 2535 493 2572 assequi
511 2535 644 2570 possimus
662 2543 669 2561 :
684 2533 756 2569 quod
780 2533 858 2561 nobis
878 2533 1004 2561 omnibus

203 2584 377 2615 cuneedatur,
393 2582 478 2618 gratia
496 2586 524 2609 et
543 2580 707 2616 benignitate
726 2579 831 2607 Domini
843 2580 926 2607 nostri
940 2579 1007 2607 Iesu

204 2630 323 2662 Christi,
338 2629 382 2657 cui
400 2637 461 2656 cum
477 2628 555 2655 Patre
569 2631 598 2655 et
617 2629 711 2655 santto
732 2625 834 2660 Spiritu
853 2625 889 2653 sit
907 2626 1003 2662 gloria,

205 2684 278 2705 nunc
289 2682 317 2705 et
328 2682 448 2710 semper,
458 2678 488 2702 et
501 2674 527 2701 in
539 2674 635 2700 stccula
648 2673 820 2701 seculorum.
835 2673 930 2700 Amen.

480 2718 620 2747 IIOMILIA
638 2717 729 2746 XLIV.

205 2768 328 2795 Dilucide
349 2771 434 2793 autem
457 2765 522 2792 venit
541 2763 714 2791 Abrahmuad
738 2763 821 2791 locum
844 2764 886 2790 ubi
903 2768 1005 2791 steterat

384 2820 472 2839 coram
484 2810 594 2838 Domino
609 2809 691 2845 (Gen.
707 2809 750 2836 19.
762 2809 825 2844 27).

242 2860 267 2888 t.
285 2859 347 2887 lleri
359 2865 409 2885 nos
420 2860 608 2892 argumentum
618 2854 652 2882 de
662 2854 773 2882 muliere
783 2854 947 2881 Samaritana
962 2862 1005 2881 sa-

206 2905 239 2933 tis
260 2905 353 2934 docuit
366 2903 529 2933 incﬂ'abiltun
543 2901 648 2932 Domini
660 2899 900 2940 longanimitatcrn,
915 2905 942 2929 et
955 2908 1003 2928 ex-

709 175 743 204 ΙΝ
774 176 850 205 CAP.
871 176 942 204 XIX.
962 175 1085 205 GENES.
1106 176 1221 206 HOMIL.
1242 178 1333 206 XLIV.

1795 182 1847 210 £06

1052 234 1193 263 cellentcm
1216 244 1278 271 erga
1294 237 1367 264 illam
1380 237 1585 272 providentiam,
1606 244 1686 275 atque
1705 240 1775 268 illius
1788 247 1850 273 gra-

1050 284 1106 307 tum
1119 281 1247 308 animum.
1261 282 1372 310 Vidistis
1386 284 1530 318 quomodo,
1545 288 1578 312 υι
1585 293 1679 320 aquam
1692 287 1845 315 sensibilcm

1050 326 1180 359 hauriret,
1193 326 1302 355 advenit
1316 327 1366 364 (α),
1378 329 1594 365 etexspirituali
1608 331 1680 359 fonte
1693 332 1782 359 divina
1796 332 1847 360 llu-

1049 374 1121 400 rnina
1142 373 1240 407 hausit,
1255 382 1287 402 ac
1303 375 1413 402 domum
1428 376 1518 409 rediit,
1533 376 1652 412 impletis
1664 378 1735 413 quod
1746 379 1849 407 dictum

1049 424 1091 446 est
1111 426 1126 445 ει
1141 419 1255 447 Domino
1274 428 1280 446 :
1298 421 1368 455 Aqua
1378 441 1386 454 ,
1402 429 1478 456 quam
1497 430 1542 458 ego
1555 422 1631 456 dabo,
1643 424 1690 449 erit
1707 424 1733 450 in
1748 432 1777 451 eo
1791 426 1849 459 forte

1049 473 1123 501 aqua:
1135 465 1249 494 salienti;
1263 467 1289 493 in
1302 467 1378 494 vitam
1389 472 1510 495 internum
1523 468 1611 503 (Ioan.
1624 469 1651 497 4.
1668 469 1723 505 14).
1737 470 1849 505 lmplcla

1050 513 1122 540 enim
1135 513 1191 548 ipsa
1212 513 1304 541 divino
1318 514 1364 541 illo
1377 519 1404 542 et
1423 515 1554 550 spirituali
1568 515 1652 549 fonte,
1669 523 1723 543 non
1735 517 1849 544 detinuit

1050 561 1118 587 intra
1132 568 1161 588 se
1175 560 1285 588 ﬂumina
1306 569 1313 588 :
1335 561 1382 589 sed
1404 563 1641 597 superscaturicns,
1655 567 1683 590 ut
1698 562 1733 589 ita
1746 563 1846 595 dicam,

1049 606 1143 633 eﬂ'udit
1160 611 1187 634 et
1209 606 1236 633 in
1251 606 1413 634 habitatores
1434 608 1550 635 civitatis
1570 608 1691 635 concessi
1712 608 1762 635 sibi
1782 608 1847 636 doni

1049 652 1173 686 gratiam,
1186 657 1214 679 et
1224 653 1356 687 pneeonis
1370 653 1487 680 ofﬁcium
1502 654 1557 689 egit
1570 654 1666 681 mulier
1680 654 1848 681 Samaritana

1050 704 1077 726 ct
1087 699 1249 735 alienigena.
1260 699 1368 727 Vidistis
1378 705 1505 735 quantum
1516 700 1614 728 bonum
1625 701 1659 728 sit
1668 700 1749 727 animi
1760 704 1851 736 gratus

1051 746 1181 778 affectus;
1196 746 1299 774 vidistis
1315 747 1418 774 Domini
1429 747 1630 782 benignitatem,
1642 746 1776 782 quonde
1789 745 1851 773 nul»

1051 793 1107 822 lum
1127 796 1292 824 contemnat,
1308 793 1355 820 sed
1375 793 1457 820 etiam
1473 792 1499 820 in
1513 793 1635 825 muliere,
1649 792 1729 819 etiam
1744 793 1771 819 in
1787 799 1851 826 pau-

1052 843 1164 873 pertate,
1187 843 1216 867 et
1235 840 1396 874 ubicumque
1418 839 1549 866 invenerit
1563 839 1679 866 animam
1693 838 1797 873 vigilem
1820 845 1852 864 ac

1051 884 1198 918 fervidam,
1216 886 1305 912 statim
1327 886 1439 920 gratiam
1461 893 1536 913 suam
1550 885 1586 912 illi
1609 885 1747 920 largiatur.
1762 884 1852 912 Imite-

1051 938 1113 957 mur
1125 930 1215 965 igitur,
1230 930 1357 963 obsecro,
1378 935 1405 957 et
1421 938 1469 957 nos
1483 930 1553 958 hanc
1572 931 1721 963 mulierem,
1736 938 1852 964 eumque

1052 984 1147 1011 magna
1168 976 1316 1004 attentione
1339 976 1504 1011 accipiamus
1531 976 1680 1003 doctrinam
1705 984 1721 1002 ιι
1750 975 1857 1010 Spiritu

1053 1021 1209 1056 profectam.
1221 1021 1314 1057 Neque
1326 1022 1407 1049 enim.
1413 1026 1503 1049 nostra
1514 1027 1576 1050 sunt
1586 1030 1645 1057 qua;
1657 1022 1792 1054 dicuntur,
1804 1029 1851 1048 nc-

1052 1076 1105 1103 que
1122 1075 1159 1096 exe
1171 1069 1278 1103 propria
1293 1069 1380 1104 lingua
1403 1068 1535 1103 loquimur
1554 1076 1728 1104 quaecumque
1748 1068 1849 1095 dixeri-

1053 1123 1126 1148 mus,
1148 1114 1196 1142 sed
1211 1114 1315 1142 Domini
1338 1114 1502 1150 benignitate
1522 1115 1652 1151 diligente
1677 1119 1786 1149 propter
1807 1121 1854 1141 ve-

1053 1164 1137 1187 stram
1152 1160 1264 1188 salutem
1277 1164 1305 1187 et
1317 1159 1523 1188 aediﬁcationem
1537 1160 1665 1187 Ecclesiae
1678 1160 1734 1187 Dei.
1751 1160 1789 1187 Ne
1805 1160 1853 1194 igi-

1053 1208 1098 1233 tur
1114 1205 1149 1232 ad
1162 1213 1204 1232 me
1217 1205 1361 1237 dicentem,
1373 1205 1528 1238 carissime,
1545 1212 1632 1240 neque
1646 1205 1679 1232 ad
1696 1205 1852 1232 tenuitatem

1053 1258 1140 1279 meam
1155 1252 1283 1287 respicias
1301 1260 1308 1279 :
1331 1251 1380 1279 sed
1399 1251 1526 1287 quoniam
1538 1258 1569 1278 ea
1583 1258 1643 1286 qua:
1663 1251 1767 1278 Domini
1790 1255 1856 1278 sunt

1052 1297 1145 1331 ulli-ro,
1161 1297 1194 1324 ad
1204 1305 1266 1324 eum
1278 1297 1323 1331 qui
1334 1304 1380 1324 me
1388 1297 1461 1324 misit
1473 1301 1574 1324 attenta
1590 1301 1679 1324 mente
1693 1303 1852 1328 conversus,

1054 1344 1125 1379 vigili
1147 1343 1237 1371 animo
1251 1351 1314 1378 quae
1325 1343 1451 1371 dicuntur
1463 1343 1575 1377 πεῖρε-
1585 1342 1807 1377 Quandoquidem
1827 1346 1856 1371 et

1054 1390 1081 1419 in
1109 1390 1234 1417 humanis
1258 1390 1392 1425 negotiis,
1403 1389 1511 1424 quando
1535 1388 1680 1424 Imperator
1701 1389 1854 1416 diademate

1054 1440 1199 1464 coronatos
1211 1435 1305 1462 literas
1314 1435 1405 1467 mittit,
1421 1439 1485 1462 tunc
1499 1434 1591 1470 is,_qui
1604 1442 1651 1462 eas
1663 1434 1750 1467 all‘crt,
1765 1442 1812 1470 per
1825 1441 1855 1462 se

1054 1481 1153 1509 nullius
1167 1481 1296 1509 momenti
1311 1485 1363 1513 est,
1377 1480 1425 1508 sed
1438 1480 1479 1508 vir
1493 1489 1508 1508 e
1521 1480 1617 1514 trivio,
1627 1480 1671 1515 qui
1684 1488 1755 1515 saepe
1769 1487 1855 1515 neque

1055 1528 1240 1563 progenitores
1250 1535 1393 1555 numerare
1407 1526 1500 1561 possit,
1513 1526 1653 1558 obscurus,
1671 1530 1698 1554 ct
1712 1534 1744 1553 ex
1758 1526 1854 1553 obscu—

1054 1574 1111 1602 ris:
1127 1574 1174 1602 sed
1188 1581 1241 1602 non
1260 1573 1294 1601 ad
1307 1573 1382 1601 illum
1397 1577 1520 1608 spectant
1533 1573 1579 1608 qui
1600 1573 1691 1600 literas
1704 1572 1858 1607 suscepturi.

1055 1623 1130 1652 sunt,
1142 1619 1188 1647 sed
1201 1623 1310 1654 propter
1325 1619 1511 1653 imperatorias
1524 1618 1615 1645 literas
1625 1617 1662 1644 illi
1672 1625 1777 1652 quoque
1787 1617 1856 1644 muli-

1055 1670 1112 1693 tum
1134 1664 1262 1693 exhibent
1282 1664 1403 1696 honoris,
1427 1671 1459 1691 ac
1472 1663 1565 1691 literas
1586 1670 1681 1697 magna
1696 1670 1758 1689 curn
1778 1669 1856 1690 reve-

1056 1710 1141 1738 rentia
1162 1715 1189 1738 et
1205 1709 1313 1738 silentio
1336 1708 1479 1744 recipiunt.
1501 1708 1530 1735 Si
1546 1708 1626 1743 igitur
1639 1708 1663 1735 is
1680 1708 1725 1742 qui
1741 1707 1856 1735 hominis

1056 1755 1159 1787 literas,
1179 1759 1207 1783 et
1225 1754 1345 1782 chartam
1361 1757 1464 1781 tantum
1478 1752 1566 1785 affert,
1587 1752 1626 1779 sic
1640 1753 1764 1779 omnibus
1776 1759 1856 1780 acce-

1055 1807 1117 1838 ptus
1125 1806 1167 1830 est
1180 1801 1218 1836 (ό)
1235 1809 1242 1827 :
1254 1801 1340 1828 multo
1351 1800 1436 1835 magis
1448 1807 1497 1827 vos
1506 1799 1755 1834 cturvcniteloquia,
1771 1806 1830 1834 qua:
1840 1806 1866 1826 a.

1055 1848 1156 1884 Spiritu
1181 1847 1258 1875 vobis
1272 1854 1322 1881 per
1344 1853 1394 1874 nos
1414 1846 1569 1878 mittuntur,
1591 1853 1686 1880 magna
1709 1845 1857 1873 attentione

1056 1894 1203 1929 suscipere,
1218 1897 1249 1920 ut
1272 1899 1395 1928 magnam
1416 1892 1484 1927 grati
1498 1891 1584 1919 animi
1601 1891 1736 1926 recipiatis
1755 1898 1859 1920 merce;

1055 1940 1128 1968 dem.
1142 1940 1208 1967 Nam
1218 1940 1241 1967 si
1257 1939 1354 1966 viderit
1364 1939 1492 1967 Dominus
1505 1939 1694 1965 universorum
1704 1938 1855 1965 animarum

1056 1991 1207 2014 vestrarum
1231 1985 1417 2016 alacritatem,
1438 1988 1466 2011 et
1480 1983 1559 2011 nobis
1581 1982 1711 2017 largiores
1732 1986 1857 2017 sumptus

1056 2036 1167 2068 propter
1177 2034 1294 2059 vestram
1308 2029 1513 2058 mdiﬁeationem
1535 2028 1726 2063 suppeditabit,
1741 2033 1769 2056 et
1781 2028 1858 2055 vobis

1056 2079 1186 2114 majorem
1208 2077 1336 2113 praebebit
1359 2076 1534 2110 intellectum,
1550 2079 1580 2103 ut
1599 2083 1634 2103 ea
1649 2083 1709 2110 quae
1730 2075 1866 2103 dicuntur-

1057 2126 1208 2161 intclligere
1220 2124 1340 2152 valeatis.
1353 2123 1483 2151 Liberalis
1495 2123 1568 2150 enim
1580 2127 1622 2150 est
1635 2123 1750 2157 Spiritus
1760 2123 1856 2157 gratia,

1056 2178 1084 2200 et
1096 2172 1162 2199 sein
1175 2178 1270 2198 omnes
1282 2169 1433 2200 etl‘untlcns,
1449 2169 1549 2197 trullam
1560 2168 1718 2196 divisionem
1732 2168 1855 2199 sustinet,

1057 2218 1105 2246 sed
1120 2224 1181 2245 cum
1194 2215 1372 2247 distribuitur,
1389 2214 1476 2250 magis
1487 2214 1599 2247 creseil,
1610 2218 1637 2241 ct
1650 2218 1751 2248 quanto
1766 2214 1871 2248 plures

1056 2268 1120 2293 sunt
1131 2264 1189 2298 ejus
1204 2262 1356 2297 participes.
1370 2265 1445 2288 tanto
1458 2265 1484 2287 et
1495 2260 1653 2287 beneﬁcium
1665 2259 1750 2294 magis
1763 2263 1858 2286 extem

1056 2309 1139 2337 ditur.
1156 2309 1211 2343 Age
1223 2307 1303 2342 igitur
1312 2307 1334 2334 si
1349 2306 1463 2338 videtur,
1478 2309 1506 2332 et
1516 2304 1597 2332 hodie
1605 2304 1641 2331 ad
1652 2305 1748 2332 seriem
1762 2312 1871 2332 eorum.

1056 2364 1117 2392 quae
1143 2355 1217 2389 prius
1241 2353 1310 2381 dicta
1333 2355 1400 2379 sunt-
1420 2351 1571 2383 veniamus,
1594 2358 1627 2378 ae
1649 2351 1787 2378 videamus
1812 2350 1859 2378 ubi

1057 2401 1277 2432 scrmodcsicrit,
1292 2404 1316 2426 cl
1333 2399 1403 2426 unde
1413 2406 1474 2425 eum
1490 2402 1612 2432 repetere
1628 2397 1706 2424 hodie
1721 2403 1854 2432 oporteat.

1089 2472 1125 2502 (rt)
1143 2475 1176 2494 ne
1187 2476 1235 2500 qua
1246 2469 1285 2502 hic
1298 2467 1397 2491 Homilia
1410 2472 1550 2491 sermonem
1568 2465 1665 2493 habeat,
1679 2465 1785 2488 nondum
1797 2466 1856 2488 satis
1865 2483 1871 2488 .

1057 2500 1213 2534 perspectum
1225 2500 1296 2523 nobis
1311 2502 1357 2522 est.
1420 2529 1434 2534 ι.
1479 2528 1492 2534 υ
1589 2527 1593 2531 ,
1727 2526 1732 2534 ἔ

1090 2528 1127 2565 (ιὴ
1144 2535 1298 2565 Quantacum
1310 2529 1450 2565 reverentia
1463 2528 1520 2565 olim
1540 2528 1717 2565 exciperentur;
1727 2528 1846 2565 imperato

1057 2556 1200 2591 riaerlite‘rze,
1221 2562 1304 2586 videre
1325 2564 1363 2584 cst
1375 2560 1437 2590 apud
1449 2559 1582 2591 scriptores
1595 2556 1644 2581 tum
1667 2556 1856 2591 Ecclesiasticos,

1058 2586 1252 2626 iiiﬁi'iiﬁmiuos.
1266 2596 1351 2616 Locum
1364 2586 1484 2626 insignem
1497 2586 1615 2626 habemus
1627 2587 1692 2626 apud
1776 2586 1856 2626 ,

1056 2618 1122 2651 cibit
1135 2618 1148 2649 ἶ
1156 2626 1196 2649 ubi
1215 2627 1324 2648 narratur
1342 2628 1397 2646 cum
1411 2618 1438 2646 in
1457 2621 1610 2651 depositione
1628 2618 1750 2651 Qustathii.
1773 2618 1851 2646 episc.

1058 2634 1077 2651 c.
1091 2628 1140 2651 2t:
1156 2628 1196 2649 ubi
1215 2628 1324 2648 narratur
1342 2628 1397 2646 cum
1414 2629 1438 2646 ιιι
1457 2628 1489 2645 ue,
1499 2628 1610 2645 )OSllltllle
1628 2628 1750 2644 lntlblﬂtull,
1773 2628 1851 2646 quso.

1058 2657 1196 2685 Antiochiet,
1210 2659 1258 2679 tota
1276 2660 1340 2684 pene
1356 2653 1440 2685 civitas
1452 2628 1573 2685 seditione
1585 2649 1765 2685 conflagrasset,
1780 2652 1856 2685 atque

1057 2679 1287 2718 iiii'ihdué’irmau;
1308 2684 1429 2718 stantibus
1451 2683 1579 2718 factionum
1599 2679 1715 2718 partibus,

1058 2709 1330 2748 tililii-«3s.adjunxerant,
1339 2716 1388 2745 jam
1401 2720 1477 2748 prope
1489 2713 1575 2748 fuisset
1586 2709 1651 2748 ad
1661 2713 1733 2748 atrox
1745 2709 1855 2748 praelium

1057 2740 1195 2777 iéiiir'éuir':
1206 2740 1413 2778 supervemzentes
1423 2740 1590 2774 iinpcrat/Irias
1597 2740 1812 2778 literaspopulum
1824 2741 1855 2778 ti-

1058 2771 1126 2805 hin—r6
1133 2771 1287 2810 implevisse,
1302 2780 1327 2801 et
1336 2776 1448 2810 factiosos
1458 2771 1857 2810 'wmpesruis'se.'vidquassum:

1063 2802 1308 2840 tomoul'epistola'm
1320 2806 1415 2840 Honorii
1435 2802 1534 2840 sacrant
1546 2803 1661 2840 appellari
1680 2802 1856 2840 :diximttsqne

1058 2834 1145 2874 passim
1155 2834 1320 2874 imperatorias
1329 2836 1444 2868 epistolas
1452 2834 1857 2874 hac,univocffagiltmiellatas

1057 2867 1142 2899 luisse.
1159 2867 1222 2902 quod
1235 2868 1312 2902 solum
1329 2867 1417 2894 numen
1433 2867 1464 2893 ad
1479 2867 1646 2892 reverentiam
1666 2868 1741 2896 atque
1761 2870 1855 2892 metum

1056 2900 1174 2936 populum
1190 2900 1297 2927 vocabat.
