4078 6436
415 332 524 395 407

405 445 650 511 Quonam
705 441 864 514 igitur
901 459 1070 515 nuper
1106 447 1426 516 appulimus,
1458 462 1521 503 ac
1559 447 1787 504 docendi
1834 450 1995 503 linem

408 532 673 589 fecimus?
698 533 771 590 De
796 534 894 590 Lot
913 537 1064 592 vobis
1091 537 1457 605 narrabamus,
1479 548 1536 596 et
1559 540 1626 596 de
1645 540 2001 596 Sodomorum

405 623 675 691 incendio,
706 625 813 682 illic
837 641 866 680 a
891 642 1142 684 sermone
1169 629 1492 698 destitimtts,
1515 631 1604 686 ubi
1627 634 1803 702 justus
1823 633 1876 688 in
1905 631 2004 689 Se-

405 731 507 786 gor
533 727 775 774 servatus
799 729 903 775 est.
936 721 1034 776 Sol
1069 723 1212 776 enim
1236 739 1466 794 egressus
1494 735 1569 780 est
1598 743 1750 796 super
1775 737 2003 791 terram;

404 816 453 862 et
483 807 581 862 Lot
599 810 804 865 intravit
827 813 880 866 in
901 812 1086 883 Segor,
1115 823 1171 869 et
1195 823 1320 870 tunc
1348 816 1424 870 ira
1449 832 1480 871 a
1511 817 1621 873 Deo
1643 818 1879 873 immissa
1901 817 2003 873 So-

403 897 636 958 domitas
661 902 1033 972 apprehendit,
1057 916 1112 962 et
1129 915 1325 962 terram
1353 910 1496 964 illam
1518 911 1770 979 abolevit,
1787 913 2002 983 quando

399 1001 457 1046 et
488 1006 622 1046 uxor
643 993 774 1064 justi
799 1010 986 1052 eorum
1015 1013 1135 1068 qua:
1159 999 1228 1054 ab
1251 1003 1458 1070 angelis
1493 1002 1633 1058 dicta
1665 1003 1876 1058 fuerant
1903 1005 2004 1060 im-

402 1098 632 1150 memor,
659 1089 919 1155 spectavit
945 1099 1256 1154 retrorsum,
1282 1101 1338 1147 et
1367 1091 1501 1148 facta
1529 1102 1611 1150 est
1639 1094 1888 1150 columna
1917 1111 2002 1150 sa-

401 1176 485 1241 lis,
546 1189 862 1249 perpetunm
923 1183 1308 1240 monimentum
1357 1188 1744 1256 posterioribus
1790 1191 2001 1246 sarculis

400 1283 512 1324 suae
544 1272 878 1342 negligentia:
917 1276 1179 1345 pratbens.
1210 1278 1400 1348 Opera:
1441 1283 1669 1351 pretium
1717 1301 1856 1342 nunc
1883 1285 1999 1343 fue-

402 1357 472 1412 rit
514 1360 832 1418 intcrmissze
859 1366 1017 1421 seriei
1059 1368 1324 1437 insistere,
1367 1381 1420 1426 et
1467 1388 1630 1440 pauca
1675 1385 1872 1431 vestra:
1910 1393 2000 1433 ca-

401 1447 547 1503 ritati
578 1450 744 1522 loqui,
777 1463 835 1508 ut
861 1454 1053 1511 iterum
1081 1459 1302 1514 videatis
1330 1463 1606 1518 caritatem
1633 1474 1688 1520 et
1712 1469 1998 1526 commise-

402 1541 666 1598 rationem
697 1548 1030 1615 patriarchae.
1062 1563 1115 1606 et
1145 1553 1237 1610 Dei
1277 1556 1329 1610 in
1371 1556 1519 1612 illum
1549 1559 1997 1620 benevolentiam.

405 1629 539 1686 Nam
573 1633 682 1701 ubi,
715 1648 834 1690 orto
861 1644 995 1707 sole,
1020 1642 1196 1710 justus
1221 1644 1323 1700 Lot
1350 1648 1404 1702 in
1435 1648 1605 1720 Segor
1627 1664 1868 1710 servatus
1892 1667 1996 1724 est,

405 1723 494 1790 qui
521 1734 697 1780 autem
725 1727 974 1785 Sodomis
1000 1745 1173 1801 erant,
1201 1753 1411 1802 pa-nam
1440 1741 1668 1806 luerunt,
1698 1723 1997 1814 patriarcha

402 1815 560 1868 simul
601 1826 655 1871 et
701 1820 910 1878 illorum
949 1824 1221 1882 interitum
1262 1830 1542 1895 miserans,
1582 1850 1742 1904 quem
1780 1848 2000 1908 propter

401 1919 557 1961 suum
590 1921 860 1978 peccatum
899 1919 1284 1986 sustinuerunt,
1321 1933 1376 1978 et
1397 1925 1468 1980 de
1485 1926 1632 1995 justo
1656 1929 1811 1987 valde
1843 1933 1998 1988 solli-

399 1997 559 2066 citus,
589 2017 744 2059 mane
769 2008 992 2064 veniens
1020 2015 1295 2081 spectabat
1321 2033 1442 2087 qua:
1480 2020 1550 2074 ibi
1590 2020 1728 2077 facta
1759 2023 1993 2082 fuerant.

399 2090 490 2144 27.
523 2092 764 2151 Diluculo
789 2110 958 2154 autem
978 2106 1130 2168 venit,
1155 2106 1347 2177 inquit,
1374 2109 1633 2166 Abraham
1657 2130 1806 2170 mane
1826 2119 1896 2170 ad
1915 2119 1966 2172 to
1982 2151 1996 2160 -

400 2197 536 2245 cum,
561 2186 644 2239 ubi
677 2197 883 2244 steterat
909 2209 1081 2248 coram
1116 2195 1248 2264 Deo,
1272 2199 1364 2255 28.
1390 2211 1438 2256 et
1465 2208 1686 2274 respexit
1719 2209 1774 2262 in
1813 2209 1997 2278 facient

403 2275 749 2336 Sodomorum
788 2297 836 2338 et
867 2285 1183 2356 Gomorrlue,
1219 2304 1264 2347 et
1293 2295 1346 2348 in
1375 2297 1558 2366 facient
1595 2275 1998 2372 cireunijocentis

399 2367 641 2438 regionis,
671 2383 718 2427 et
759 2376 901 2431 uidit.
933 2377 1000 2433 Et
1024 2397 1139 2437 ecce
1175 2386 1475 2441 ascendebat
1502 2389 1715 2459 ﬂamma
1749 2367 1813 2447 de
1835 2404 1993 2463 terra,

400 2459 548 2525 quasi
574 2464 745 2531 fumus
769 2469 976 2524 contini.
1012 2469 1067 2527 lu
1096 2487 1182 2538 eo,
1210 2475 1398 2545 inquit,
1434 2479 1573 2546 loco,
1605 2481 1658 2536 in
1687 2499 1794 2553 quo
1821 2459 1994 2542 collo;

399 2559 596 2647 quutns
619 2565 700 2610 est
719 2571 839 2613 eum
867 2561 1112 2629 Domino,
1142 2575 1197 2621 et
1221 2582 1318 2637 pro
1340 2569 1632 2628 Sodomitis
1654 2577 1880 2647 rogavit,
1915 2581 1996 2635 vi-

399 2641 562 2699 debat
592 2648 842 2739 terribilis
886 2653 1029 2712 illius
1065 2672 1240 2726 pana:
1265 2662 1504 2733 vestigia,
1544 2674 1600 2721 et
1632 2666 1701 2724 de
1719 2641 1878 2739 justo
1909 2673 1994 2728 di-

400 2749 552 2829 scere
589 2737 787 2809 aliquid
823 2744 1052 2802 volebat.
1079 2748 1129 2804 Is
1154 2751 1298 2808 enim
1328 2766 1636 2812 Sanctorum
1665 2737 1782 2817 mos
1806 2771 1908 2829 est,
1939 2775 1998 2820 ut

401 2824 688 2920 plurimum
724 2833 916 2890 all'ectu
944 2851 1280 2910 moveantur,
1321 2854 1376 2900 et
1401 2852 1808 2920 compatiantur.
1939 2867 1998 2912 ut

401 2914 592 3013 doceat
616 2935 727 3013 nos
766 2924 947 2982 divina
977 2928 1249 3002 Scriptura
1287 2914 1780 3013 Spiritus-gratiam
1817 2949 1994 3004 statim

403 3007 502 3077 ipsi
534 3009 693 3082 hujus
731 3019 806 3071 rei
835 3020 1077 3078 notitiam
1114 3030 1468 3100 concessisse,
1514 3007 1582 3089 et
1601 3035 1805 3105 justum
1843 3055 1993 3110 cura,

399 3113 559 3168 quam
608 3119 705 3173 pro
747 3106 845 3163 Lot
885 3113 1124 3180 gerebat,
1170 3117 1462 3191 liberasse,
1495 3124 1706 3196 inquit:
1733 3128 1828 3186 29.
1868 3106 1995 3187 Cum

399 3203 674 3286 contereret
703 3198 953 3259 Dominus
982 3207 1209 3264 civitates
1235 3214 1454 3284 regionis
1491 3218 1653 3286 illius,
1697 3223 1995 3280 recordatus

399 3293 476 3337 est
509 3284 654 3344 Deus
679 3291 918 3364 Abralta,
965 3307 1012 3352 et
1049 3302 1212 3357 emisit
1247 3303 1348 3359 Lot
1384 3324 1412 3362 e
1457 3311 1622 3365 media
1640 3284 1989 3372 tsubversione.

398 3377 537 3480 Quid
567 3390 669 3446 est,
695 3383 1009 3446 Recordatus
1029 3403 1103 3446 est
1129 3393 1272 3452 Deus
1301 3398 1562 3457 Abrahae?
1588 3404 1702 3460 Hoc
1726 3417 1829 3474 est,
1858 3419 1993 3480 peti-

398 3471 577 3570 tionis-
599 3492 757 3570 quam
798 3480 950 3570 fecit,
1002 3484 1232 3542 dicens:
1263 3487 1350 3545 Ne
1385 3494 1540 3548 simul
1581 3497 1766 3566 perdas
1795 3471 1995 3570 ill-“um

397 3579 514 3618 cum
558 3566 716 3637 impio
753 3569 906 3664 (cett.
945 3575 1036 3630 ts.
1062 3577 1181 3650 se).
1209 3579 1318 3636 Cur
1339 3583 1517 3652 igitur,
1563 3586 1758 3644 dixerit
1781 3566 1992 3664 aliquis,

400 3664 618 3725 propter
632 3661 926 3718 cntionem
945 3667 1258 3734 patriarcha:
1269 3671 1446 3742 justus
1461 3687 1715 3736 servatus
1722 3692 1806 3736 est
1819 3661 1994 3741 etnon

401 3757 622 3843 propter
645 3765 796 3806 suam
821 3755 1120 3824 justitiam?
1149 3761 1222 3816 Ita
1248 3774 1415 3832 certe,
1444 3767 1602 3824 etiam
1635 3783 1852 3843 prepter
1869 3788 1995 3830 ora-

402 3838 601 3894 tionem
632 3844 949 3912 patriarcha:
980 3867 994 3904 ε
1022 3851 1237 3920 quando
1276 3855 1421 3910 enim
1461 3859 1604 3928 quod
1724 3838 1884 3921 nobis
1915 3878 1999 3922 est

398 3929 560 3986 simul
607 3934 913 4006 all'erimus,
965 3940 1080 4012 ipsa
1121 3944 1284 4000 etiam
1332 3947 1647 4009 intercessio
1683 3966 1993 4015 sanctorum

402 4022 685 4115 plurimum
709 4027 865 4085 nobis
884 4033 1110 4088 conlert.
1139 4035 1290 4104 Quod
1319 4039 1364 4093 si
1392 4039 1491 4110 ipsi
1522 4043 1851 4115 negligentes
1878 4048 1994 4106 fue-

400 4111 591 4180 rimus,
621 4125 675 4170 et
699 4131 854 4186 spem
880 4123 930 4176 in
959 4123 1068 4179 illis
1090 4127 1219 4181 solis
1247 4138 1447 4185 nostrie
1473 4111 1996 4195 salutis'collocave-

403 4205 592 4271 rimus,
623 4209 752 4264 nihil
782 4215 1012 4283 amplius
1038 4217 1194 4274 nobis
1223 4221 1439 4288 prodest
1465 4239 1479 4276 :
1514 4239 1619 4280 non
1651 4230 1792 4297 quod
1818 4232 1997 4288 minus

400 4297 613 4353 valeant
641 4300 792 4369 justi,
819 4305 914 4361 sed
941 4307 1063 4377 quia
1095 4319 1312 4380 propter
1345 4323 1580 4371 nostram
1609 4317 1870 4376 desidiam
1896 4338 1996 4380 nos

399 4388 544 4456 ipsos
567 4391 862 4461 prodimus.

468 4481 524 4536 9..
559 4482 628 4539 Et
656 4495 713 4540 nt
739 4485 916 4544 discas
941 4493 1210 4559 quomodo
1227 4535 1248 4562 ,
1270 4510 1393 4552 eum
1420 4499 1750 4570 negligentes
1778 4517 1994 4575 sumus,

399 4572 610 4630 etiamsi
645 4575 774 4647 justi
819 4580 928 4636 sint
963 4584 1055 4653 qui
1095 4600 1193 4655 pro
1229 4587 1384 4644 nobis
1409 4601 1603 4658 orant,
1631 4593 1842 4650 etiamsi
1869 4572 1996 4667 pro;

403 4665 618 4733 pheta),
660 4671 805 4726 nulla
845 4675 1000 4730 nobis
1043 4678 1168 4734 inde
1210 4680 1280 4735 sit
1320 4681 1523 4739 utilitas
1548 4683 1650 4755 (illi
1676 4685 1820 4741 enim
1845 4665 1998 4744 suam

401 4758 659 4814 virtutem
699 4777 794 4828 per
837 4765 940 4820 hoe
974 4769 1380 4838 demonstrant,
1410 4774 1565 4829 nobis
1589 4785 1770 4832 autem
1797 4777 1868 4832 ob
1894 4779 1996 4834 im-

401 4848 601 4917 probos
635 4865 816 4907 mores
853 4855 994 4910 nulla
1020 4859 1126 4912 erit
1144 4861 1366 4933 utilitas)
1393 4902 1410 4927 ,
1441 4864 1564 4920 audi
1594 4866 1761 4922 Deum
1781 4869 1996 4925 univer-

399 4955 600 5008 sorum,
635 4941 705 4998 ad
729 4959 876 5012 eum,
901 4948 990 5018 qui
1020 4949 1089 5005 de
1113 4961 1266 5007 utero
1291 4956 1476 5012 matris
1499 4960 1859 5016 sanetilicatus
1885 4973 1995 5030 est,

399 5031 693 5090 Jeremiam
721 5037 1039 5108 prophetam
1059 5041 1363 5111 loquentem
1387 5063 1402 5100 :
1433 5046 1515 5102 Ne
1533 5065 1647 5103 om
1667 5068 1759 5120 pro
1808 5053 2003 5122 popqu

399 5126 521 5193 hoc,
569 5129 689 5199 quia
725 5146 829 5185 non
873 5133 1143 5186 exaudiam
1185 5144 1233 5190 te
1261 5135 1393 5205 (λεν.
1419 5139 1506 5194 l6.
1533 5140 1611 5210 7).
1635 5141 1770 5198 Vide
1791 5140 1998 5200 Domini

403 5221 785 5294 benignitatem
833 5241 849 5280 :
896 5226 1136 5294 praedicit
1177 5233 1488 5300 prophetae,
1539 5243 1597 5289 ut
1642 5251 1708 5290 ne
1733 5251 1855 5292 cum
1879 5250 1999 5308 post

400 5315 700 5371 orationem
731 5332 835 5374 non
863 5319 1210 5386 exaudiatur,
1240 5321 1343 5378 hoc
1361 5323 1474 5379 suis
1499 5327 1732 5395 peccatis
1760 5329 1954 5385 tribuat
1980 5348 1995 5398 ;

402 5415 459 5459 ct
483 5405 606 5460 ideo
629 5407 740 5476 jam
767 5413 1088 5479 praenuntiat
1107 5414 1156 5468 ei
1183 5415 1363 5485 populi
1392 5418 1702 5488 nequitiam,
1733 5430 1787 5475 et
1812 5423 1996 5491 prohi-

407 5493 500 5550 bet
533 5511 601 5551 ne
633 5510 876 5565 precetur
895 5544 910 5569 ,
941 5513 998 5559 ut
1025 5513 1081 5560 et
1109 5507 1224 5576 ipse
1249 5507 1391 5564 scire
1417 5517 1578 5580 queat
1605 5510 1872 5582 ingentem
1898 5511 1998 5568 Ju-

403 5587 642 5641 dazorum
664 5595 1062 5657 perversitatem
1084 5614 1100 5653 :
1122 5607 1179 5655 et
1204 5600 1278 5656 illi
1306 5603 1477 5658 sciant
1505 5602 1634 5658 nihil
1656 5605 1736 5660 eis
1749 5604 2002 5675 prodesse

410 5679 727 5750 prophetam
749 5723 764 5747 ,
799 5685 898 5741 nisi
926 5697 981 5742 et
1009 5689 1110 5758 ipsi
1137 5707 1255 5762 quae
1279 5709 1375 5749 sua
1396 5704 1523 5751 sunt
1545 5695 1788 5767 proferre
1810 5697 1997 5754 velint.

482 5767 746 5827 Inroeatio
788 5785 834 5830 et
875 5777 1164 5838 intercessio
1203 5797 1515 5847 sanctorum.
1541 5817 1612 5831 —
1642 5789 1700 5848 Id
1724 5792 1953 5849 scientes
1976 5834 1992 5861 ,

1151 329 1207 388 S.
1248 331 1526 389 JOANNIS
1563 323 2036 389 CllRYSOSTUMI
2074 324 2389 383 ARCIIIEP.
2431 324 2964 384 CONSTANTINOP.

3599 322 3706 380 £08

2110 443 2322 510 dilecti,
2350 444 2718 515 confugiamus
2745 445 2810 499 ad
2833 455 3138 500 sanctorum
3159 460 3346 516 preces
3369 487 3382 509 ,
3413 457 3466 501 et
3485 462 3705 502 oremus

2111 545 2166 590 ut
2209 551 2306 606 pro
2354 537 2507 592 nobis
2549 537 2881 592 intercedant
2921 555 2935 591 :
2969 537 3061 592 sed
3090 553 3194 591 non
3224 538 3434 593 illorum
3459 542 3707 608 precibus

2107 635 2314 682 tantum
2354 628 2686 683 confidamus
2707 671 2721 695 ,
2759 629 2855 684 sed
2884 639 2938 683 et
2968 629 3066 698 ipsi
3097 640 3275 684 nostra
3298 670 3315 695 ,
3345 639 3404 684 ut
3449 642 3666 699 oportet
3686 674 3702 692 .

2107 717 2477 785 dispensemns
2522 729 2699 786 recte,
2745 729 2800 775 et
2841 721 2906 774 ad
2946 722 3168 775 meliora
3210 737 3424 790 semper
3461 726 3702 778 converti

2107 809 2374 875 nitamur,
2423 818 2481 864 ut
2522 810 2700 866 locum
2745 811 2937 866 demus
2982 812 3209 868 orationi
3255 829 3374 882 qua:
3415 828 3514 884 pro
3551 813 3708 869 nubis

2107 899 2364 956 funditur.
2407 903 2522 959 Hoc
2558 913 2611 958 et
2637 905 2703 958 ad
2730 906 2894 959 alium
2919 907 3235 974 prophetam
3257 905 3334 978 (tt)
3361 907 3489 961 dicit
3521 907 3706 960 Domi-

2105 1007 2206 1048 nats
2251 995 2623 1052 universorum
2667 1015 2680 1051 :
2727 996 2848 1050 Non
2879 999 3016 1052 vides
3050 999 3172 1067 quid
3214 1000 3315 1069 ipsi
3340 1001 3580 1070 faciunt?
3608 997 3704 1052 in-

2106 1088 2322 1140 tendunt
2351 1088 2576 1157 adipem,
2599 1099 2646 1142 et
2672 1089 2928 1158 placentas
2954 1091 3152 1161 faciunt
3180 1092 3420 1144 exercitui
3439 1092 3551 1146 εαξιί
3567 1091 3704 1162 (Ιει.

2105 1177 2158 1230 7.
2206 1178 2292 1232 l7.
2344 1179 2432 1249 l8)
2466 1197 2478 1232 :
2507 1195 2573 1234 ac
2601 1180 2646 1234 si
2675 1181 2884 1236 diceret
2913 1199 2925 1234 :
2961 1181 3063 1236 Pro
3090 1181 3196 1236 illis
3223 1198 3309 1236 me
3334 1197 3521 1252 rogas,
3552 1183 3639 1252 qui
3671 1199 3702 1236 a

2106 1281 2327 1338 peccato
2369 1286 2474 1326 non
2514 1271 2813 1336 desistunt,
2856 1274 2944 1343 qui
2979 1285 3164 1328 carent
3189 1289 3350 1328 sensu
3379 1274 3708 1330 inﬁrmitatis

2104 1375 2214 1415 sua:
2250 1377 2354 1430 qua
2399 1363 2643 1418 laborant
2663 1406 2680 1428 ,
2725 1364 2821 1420 sed
2846 1366 2926 1419 sic
2957 1365 3104 1420 nullo
3124 1365 3314 1421 dolore
3339 1377 3464 1421 sunt
3483 1366 3704 1420 allecti?

2103 1449 2220 1506 Non
2248 1452 2399 1508 vides
2441 1470 2712 1510 summum
2751 1470 2938 1510 eorum
2977 1459 3392 1526 contemptum?
3422 1475 3524 1512 non
3552 1457 3704 1514 vidt-s

2104 1556 2288 1598 eorum
2325 1559 2572 1613 magnam
2612 1546 2910 1602 insaniam?
2945 1549 3216 1619 quomodo
3238 1549 3472 1604 nondum
3504 1552 3707 1605 satien—

2105 1643 2191 1687 tur
2233 1635 2539 1715 impietate,
2586 1638 2682 1694 sed
2720 1640 2871 1708 quasi
2907 1655 3002 1696 sus
3042 1641 3093 1694 in
3134 1640 3345 1706 luto,sc
3375 1643 3612 1696 volntcnt
3649 1643 3703 1696 in

2102 1725 2472 1792 iniquitatibus
2515 1731 2664 1785 suis?
2695 1733 2892 1787 Annon
2929 1733 2973 1787 si
3015 1733 3217 1789 v‘e-llent
3243 1736 3480 1790 converti
3505 1775 3526 1803 ,
3552 1735 3705 1792 audi-

2101 1830 2221 1874 rent
2250 1821 2636 1878 cohortantes?
2660 1823 2851 1880 Nonne
2875 1841 2976 1896 ego
3000 1841 3119 1881 sum
3152 1842 3247 1896 per
3275 1828 3563 1898 prophetas
3589 1830 3699 1882 cla-

2101 1927 2255 1966 mans
2275 1954 2289 1974 ,
2321 1923 2377 1968 et
2414 1914 2600 1972 dicens
2627 1934 2639 1967 :
2674 1915 2739 1970 Et
2765 1917 2876 1971 dixi
2903 1929 3169 1988 postquam
3195 1920 3308 1987 ipsa
3332 1929 3552 1973 scortata
3584 1932 3659 1973 cst
3683 1936 3705 1975 :

2109 2001 2232 2057 Post
2271 2007 2380 2059 [nec
2418 2008 2590 2060 omnia
2628 2008 2698 2061 ad
2723 2025 2801 2062 me
2824 2020 3111 2064 convertere
3127 2050 3148 2077 ,
3167 2021 3215 2065 et
3236 2028 3335 2065 non
3363 2022 3436 2064 est
3461 2028 3705 2066 conversa

2103 2095 2214 2166 (Id.
2245 2097 2299 2151 5.
2345 2098 2444 2168 7)?
2483 2098 2619 2154 Num
2659 2101 2802 2156 aliud
2847 2117 3032 2172 quzero
3051 2145 3066 2166 ,
3095 2119 3255 2173 quam
3283 2112 3337 2157 ut
3364 2104 3642 2173 quiescant
3671 2119 3703 2158 a

2102 2196 2320 2256 pceeito
2351 2197 2590 2258 tantum,
2619 2200 2675 2246 et
2702 2191 2896 2246 sistant
2925 2193 3109 2248 mala?
3136 2210 3266 2248 num
3293 2211 3390 2264 pro
3416 2195 3706 2264 pra-teritis

2100 2277 2363 2334 rationem
2407 2281 2604 2352 exigo,
2650 2282 2696 2337 si
2733 2282 2944 2339 videam
2991 2284 3112 2339 illos
3153 2285 3291 2340 velle
3339 2285 3654 2355 resi,.iseere
3678 2288 3704 2340 ?

2101 2385 2280 2427 nonne
2321 2375 2563 2443 quotidie
2603 2376 2813 2445 clamo,
2847 2376 3034 2433 dicens
3079 2396 3096 2433 :
3146 2377 3413 2448 Numquid
3450 2379 3705 2433 voluntate

2099 2461 2214 2517 volo
2255 2475 2466 2519 mortem
2512 2469 2821 2536 peccatoris,
2864 2469 2996 2524 sicut
3037 2471 3256 2524 converti
3293 2487 3409 2524 eum
3450 2480 3498 2524 et
3538 2471 3706 2525 rit-ere

2105 2554 2317 2627 (Ezech.
2353 2559 2438 2614 18.
2463 2559 2556 2630 23)
2577 2561 2600 2613 ’ἶ
2623 2560 2810 2615 Nonne
2841 2570 3121 2631 pr0pterea
3150 2563 3328 2616 omnia
3360 2562 3528 2627 facio,
3550 2572 3607 2616 ut
3632 2564 3704 2616 ab

2101 2648 2320 2705 interitu
2358 2653 2582 2722 eripiam
2611 2668 2708 2709 eos
2729 2655 2820 2724 qui
2851 2655 2920 2709 ab
2948 2670 3132 2710 errore
3163 2661 3520 2726 praeoccupati
3538 2668 3656 2712 sunt
3681 2657 3705 2710 ἓ

2101 2741 2295 2796 Annon
2322 2743 2368 2796 si
2393 2743 2602 2800 videant
2629 2761 2920 2802 conversos
2943 2788 2959 2813 ,
2991 2748 3181 2803 dill'ero
3198 2748 3222 2802 ’ἒ
3246 2748 3434 2804 Nonne
3459 2764 3559 2819 ego
3581 2767 3702 2805 sum

2100 2832 2192 2901 qui
2218 2831 2342 2888 dico
2373 2851 2388 2888 :
2422 2835 2606 2890 Adhuc
2635 2847 2682 2890 te
2702 2837 2937 2908 loquente
2963 2838 3131 2892 dicam
3161 2855 3180 2894 :
3208 2857 3320 2894 ecce
3343 2841 3528 2894 adsum
3562 2840 3700 2912 (Isa.

2101 2927 2190 2983 58.
2215 2928 2274 2998 9)
2297 2929 2319 2982 ?
2339 2929 2478 2984 Num
2498 2931 2577 2986 sic
2597 2931 2697 3001 ipsi
2723 2945 2834 2987 sua:
2855 2933 3042 2987 salutis
3069 2934 3209 2988 avidi
3239 2943 3385 3001 sunt,
3411 2945 3468 2990 ut
3493 2936 3620 2990 mihi
3647 2937 3700 2990 in

2105 3022 2307 3092 optatis
2334 3033 2417 3079 est
2446 3039 2634 3079 omnes
2662 3025 2905 3081 homines
2931 3027 3112 3083 salvos
3141 3027 3284 3094 lieri,
3312 3037 3366 3082 et
3384 3028 3452 3083 ad
3473 3029 3704 3098 agnitio-

2102 3129 2224 3169 nem
2249 3117 2490 3172 veritatis
2509 3117 2694 3174 venire
2720 3119 2798 3187 (l.
2824 3116 3012 3171 Tim.2.
3043 3119 3143 3189 4)?
3168 3118 3305 3173 Nmn
3335 3120 3479 3175 enim
3509 3135 3606 3174 vos
3633 3136 3700 3176 ex

2102 3206 2270 3263 nihilo
2308 3209 2572 3279 produxi,
2604 3220 2664 3268 ut
2692 3210 2956 3280 perdant?
2983 3227 3110 3265 nmn
3139 3211 3256 3266 sine
3285 3227 3444 3266 causa
3477 3227 3700 3284 regnum

2100 3296 2335 3354 futurutn
2384 3309 2440 3355 et
2477 3301 2758 3356 innumera
2805 3301 2940 3355 bona
2984 3303 3319 3371 praeparari?
3357 3305 3550 3359 Annon
3581 3320 3706 3373 prn-

2102 3400 2223 3460 ptcr
2253 3391 2356 3446 hoc
2393 3401 2447 3446 et
2473 3393 2774 3462 gehennam
2811 3393 3042 3448 minatus
3079 3409 3234 3458 sum,
3267 3403 3325 3449 ut
3361 3395 3518 3462 hujus
3557 3405 3702 3451 metu

2101 3482 2348 3538 homines
2387 3483 2439 3538 in
2472 3500 2697 3555 regnum
2722 3487 2974 3540 caelorum
3003 3484 3380 3541 introducam?
3405 3486 3482 3542 Ne
3510 3487 3701 3555 igitur,

2099 3589 2134 3628 o
2165 3574 2318 3629 beate
2346 3575 2608 3645 propheta
2629 3617 2645 3643 ,
2679 3577 2802 3632 illos
2832 3578 3138 3649 relinquens
3161 3621 3176 3645 ,
3204 3578 3333 3632 mihi
3359 3574 3555 3634 allcras
3576 3592 3704 3632 ora-

2103 3667 2301 3722 tionem
2350 3685 2364 3722 :
2408 3667 2504 3723 sed
2548 3668 2674 3724 illud
2721 3685 2886 3726 unum
2941 3671 3036 3726 tibi
3085 3687 3228 3727 cura:
3261 3671 3368 3733 sit,
3399 3682 3453 3724 ut
3489 3670 3703 3724 illorum

2103 3759 2322 3814 morbus
2355 3770 2610 3830 sant-tur,
2640 3771 2696 3818 et
2727 3762 2779 3818 in
2806 3778 3024 3819 Sensum
3055 3761 3381 3818 infirmitatis
3406 3779 3518 3818 sum
3542 3773 3707 3833 atque

2101 3851 2168 3906 ad
2204 3851 2562 3909 valetudinem
2601 3855 2700 3925 ipsi
2740 3856 3103 3922 reducantur;
3148 3866 3202 3910 et
3228 3871 3343 3910 mea
3371 3856 3591 3911 omnino
3618 3871 3706 3910 se-

2101 3953 2350 4013 quentur.
2399 3945 2583 4016 Neque
2633 3947 2779 4002 enim
2826 3964 3045 4015 moror,
3096 3949 3180 4005 vel
3225 3946 3450 4016 differo,
3491 3948 3707 4019 quando

2097 4038 2258 4093 video
2296 4040 2532 4094 anintam
2556 4049 2764 4110 gratam
2796 4057 2808 4094 :
2844 4057 3006 4096 unum
3033 4043 3176 4097 enim
3202 4051 3406 4096 tantutn
3435 4042 3652 4114 requiro
3677 4085 3693 4110 ,

2104 4146 2294 4200 nempe
2324 4142 2380 4186 ιιι
2408 4133 2770 4188 confiteantur
2796 4143 3009 4203 peccata
3028 4177 3044 4203 ,
3075 4146 3130 4189 ct
3154 4136 3223 4189 ab
3250 4136 3330 4191 eis
3357 4135 3698 4203 abstineant,

2102 4231 2158 4276 et
2200 4238 2306 4276 non
2355 4224 2491 4278 ultra
2533 4223 2708 4279 infero
2753 4240 2966 4294 pmnam
3006 4230 3262 4297 peccatis.
3299 4227 3434 4282 Num
3460 4243 3624 4298 grave
3650 4238 3707 4284 ct

2101 4315 2390 4371 molestum
2437 4325 2523 4371 est
2567 4317 2712 4388 quod
2763 4333 2793 4371 a
2843 4335 2929 4373 me
2974 4320 3326 4388 proponitur?
3367 4320 3481 4375 Nisi
3509 4321 3703 4376 scirem

2102 4407 2400 4465 deteriores
2433 4410 2546 4465 fieri
2565 4451 2580 4476 ,
2613 4409 2828 4481 quando
2855 4412 3033 4482 priora
3064 4421 3276 4482 peccata
3303 4427 3410 4467 non
3440 4412 3707 4468 confiten-

2103 4510 2219 4568 tur,
2249 4517 2423 4573 neqne
2444 4502 2672 4573 idipsum
2701 4503 3050 4573 requirerem.
3081 4503 3280 4559 Verum
3305 4505 3428 4574 quia
3451 4505 3567 4559 scio
3592 4504 3693 4559 lto-

2104 4593 2308 4648 ntinum
2344 4609 2512 4664 genus
2543 4594 2711 4664 magis
2740 4594 2806 4650 ad
2839 4605 3114 4664 peccatum
3143 4611 3385 4666 vergere,
3419 4606 3702 4668 propterea

2104 4685 2230 4739 volo
2273 4695 2331 4740 ut
2378 4685 2736 4742 confiteantur
2779 4687 2956 4756 priora
2996 4697 3247 4758 peccata,
3288 4697 3343 4744 et
3367 4689 3708 4748 confessione

2107 4775 2490 4847 prohibeantur
2518 4792 2585 4833 ne
2613 4777 2665 4832 in
2688 4777 2877 4834 eadem
2905 4778 3167 4834 recidant.

2176 4868 2230 4922 5.
2269 4867 2395 4923 Hinc
2421 4868 2581 4938 igitur
2609 4870 2906 4939 cogitantes
2925 4911 2941 4934 ,
2974 4870 3192 4938 dilecti,
3222 4887 3287 4926 ac
3318 4873 3526 4927 Domini
3548 4873 3707 4929 beni-

2103 4958 2358 5030 gnitatem
2388 4959 2441 5014 in
2466 4960 2646 5014 animo
2672 4971 2950 5016 versantes
2971 5002 2986 5026 ,
3019 4976 3088 5018 ne
3115 4963 3284 5018 simus
3311 4963 3528 5020 desides
3562 4982 3577 5020 :
3609 4966 3706 5020 sed

2107 5065 2350 5121 magnam
2380 5051 2548 5105 nostri
2571 5051 2807 5121 ipsorum
2828 5066 3077 5122 geramus
3106 5067 3289 5108 curam
3315 5095 3328 5118 ,
3359 5065 3414 5109 et
3441 5064 3696 5124 peccato-

2107 5157 2227 5197 rum
2275 5143 2514 5196 maculas
2537 5157 2824 5212 purgemus
2846 5183 2862 5206 ,
2893 5151 3054 5211 atque
3082 5145 3165 5200 sic
3183 5145 3252 5199 ad
3277 5155 3585 5200 sanctorum
3616 5147 3707 5202 in-

2109 5233 2495 5290 tercessionem
2542 5248 2910 5304 propemnns.
2950 5233 3083 5290 Nam
3129 5236 3174 5290 si
3211 5235 3378 5291 sobrii
3423 5247 3478 5292 et
3517 5237 3706 5303 vigiles

2105 5341 2228 5382 esse
2257 5325 2600 5381 voluerimus
2618 5366 2634 5391 ,
2671 5325 2833 5379 etiam
2874 5340 2970 5395 per
2999 5343 3100 5382 nos
3129 5328 3272 5396 ipsos
3295 5337 3512 5384 orantes
3535 5328 3705 5398 pluri-

2107 5435 2254 5474 mum
2298 5419 2452 5474 nobis
2485 5418 2840 5488 proderimus.
2883 5419 3014 5474 Nam
3056 5422 3308 5489 quoniam
3347 5422 3586 5477 clemens
3620 5433 3702 5479 est

2113 5511 2370 5565 Dominus
2395 5519 2579 5565 noster
2603 5551 2618 5576 ,
2643 5525 2748 5564 non
2779 5511 2858 5565 sic
2885 5511 3073 5565 annuit
3095 5527 3216 5565 cum
3246 5511 3317 5566 ab
3342 5513 3462 5568 aliis
3484 5529 3581 5582 pro
3607 5529 3705 5567 no-

2109 5603 2191 5659 bis
2217 5612 2430 5671 oratur,
2459 5610 2518 5658 ut
2544 5618 2665 5658 cum
2693 5619 2726 5658 a
2752 5602 2906 5658 nobis
2935 5601 3086 5672 ipsis.
3115 5602 3247 5658 Vide
3271 5603 3562 5659 bonitatem
3586 5605 3700 5660 exi-

2173 5739 2248 5800 (α)
2283 5739 2416 5806 Atqui
2443 5737 2571 5806 idem
2590 5739 2695 5806 ipse
2720 5735 2958 5799 prOpheta
2983 5742 3060 5784 est
3079 5737 3120 5806 is
3147 5736 3229 5797 qui
3245 5735 3332 5806 hic
3354 5749 3708 5790 commemora-

2112 5808 2210 5866 tur,
2230 5799 2438 5866 'etcujus
2464 5801 2598 5854 locus
2621 5799 2843 5863 alfertur,
2867 5810 3048 5862 nempe
3078 5799 3329 5849 Jeretnias.
3418 5823 3421 5826 -
