  <div class='ocr_page' id='page_1' title='image "/cluster/home/n/w/nwhite01/storage/ocr_20150623/54:no.4:pt.2/coo.31924054869544/036.png"; bbox 0 0 4078 6428; ppageno 0'>
   <div class='ocr_carea' id='block_1_1' title="bbox 235 333 345 390">
    <p class='ocr_par' dir='ltr' id='par_1_1' title="bbox 235 333 345 390">
     <span class='ocr_line' id='line_1_1' title="bbox 235 333 345 390; baseline -0.009 0"><span class='ocrx_word' id='word_1_1' title='bbox 235 333 345 390; x_wconf 78' lang='lat'>607</span> 
     </span>
    </p>
   </div>
   <div class='ocr_carea' id='block_1_2' title="bbox 235 445 1910 520">
    <p class='ocr_par' dir='ltr' id='par_1_2' title="bbox 235 445 1910 520">
     <span class='ocr_line' id='line_1_2' title="bbox 235 445 1910 520; baseline -0.001 -19"><span class='ocrx_word' id='word_1_2' title='bbox 235 448 371 518; x_wconf 77' lang='grc' dir='ltr'>ὑμῖν</span> <span class='ocrx_word' id='word_1_3' title='bbox 421 445 792 517; x_wconf 84' lang='grc' dir='ltr'>διηγούμενοι,</span> <span class='ocrx_word' id='word_1_4' title='bbox 850 446 945 500; x_wconf 70' lang='grc' dir='ltr'>καὶ</span> <span class='ocrx_word' id='word_1_5' title='bbox 976 445 1068 500; x_wconf 82' lang='grc' dir='ltr'>τδν</span> <span class='ocrx_word' id='word_1_6' title='bbox 1096 445 1206 501; x_wconf 89' lang='grc' dir='ltr'>τῶν</span> <span class='ocrx_word' id='word_1_7' title='bbox 1249 447 1499 518; x_wconf 82' lang='grc' dir='ltr'>Σοδόμων</span> <span class='ocrx_word' id='word_1_8' title='bbox 1555 448 1910 520; x_wconf 77' lang='grc' dir='ltr'>ἐμπρησμὸν,</span> 
     </span>
    </p>
   </div>
   <div class='ocr_carea' id='block_1_3' title="bbox 234 532 1918 604">
    <p class='ocr_par' dir='ltr' id='par_1_3' title="bbox 234 532 1918 604">
     <span class='ocr_line' id='line_1_3' title="bbox 234 532 1918 604; baseline -0.001 -17"><span class='ocrx_word' id='word_1_9' title='bbox 234 534 358 587; x_wconf 84' lang='grc' dir='ltr'>ἐκεῖ</span> <span class='ocrx_word' id='word_1_10' title='bbox 375 533 465 586; x_wconf 79' lang='grc' dir='ltr'>τὸν</span> <span class='ocrx_word' id='word_1_11' title='bbox 499 532 657 602; x_wconf 88' lang='grc' dir='ltr'>λόγον</span> <span class='ocrx_word' id='word_1_12' title='bbox 678 535 1009 604; x_wconf 83' lang='grc' dir='ltr'>ἐστήσαμεν,</span> <span class='ocrx_word' id='word_1_13' title='bbox 1037 535 1172 588; x_wconf 82' lang='grc' dir='ltr'>ὅπου</span> <span class='ocrx_word' id='word_1_14' title='bbox 1205 535 1233 586; x_wconf 80' lang='grc' dir='ltr'>ὁ</span> <span class='ocrx_word' id='word_1_15' title='bbox 1255 534 1464 597; x_wconf 85' lang='grc' dir='ltr'>δίκαιος</span> <span class='ocrx_word' id='word_1_16' title='bbox 1492 537 1572 598; x_wconf 90' lang='grc' dir='ltr'>εἰς</span> <span class='ocrx_word' id='word_1_17' title='bbox 1600 535 1698 604; x_wconf 76' lang='grc' dir='ltr'>τὴν</span> <span class='ocrx_word' id='word_1_18' title='bbox 1721 533 1918 604; x_wconf 84' lang='grc' dir='ltr'>Σηγὼρ</span> 
     </span>
    </p>
   </div>
   <div class='ocr_carea' id='block_1_4' title="bbox 239 622 1914 694">
    <p class='ocr_par' dir='ltr' id='par_1_4' title="bbox 239 622 1914 694">
     <span class='ocr_line' id='line_1_4' title="bbox 239 622 1914 694; baseline -0.003 -17"><span class='ocrx_word' id='word_1_19' title='bbox 239 622 500 693; x_wconf 87' lang='grc' dir='ltr'>διεσώθη.</span> <span class='ocrx_word' id='word_1_20' title='bbox 546 623 608 676; x_wconf 87' lang='grc'>’0</span> <span class='ocrx_word' id='word_1_21' title='bbox 643 623 816 690; x_wconf 78' lang='grc' dir='ltr'>ἣλιος</span> <span class='ocrx_word' id='word_1_22' title='bbox 840 624 948 694; x_wconf 73' lang='grc' dir='ltr'>γὰρ</span> <span class='ocrx_word' id='word_1_23' title='bbox 985 623 1246 691; x_wconf 79' lang='grc' dir='ltr'>ἐξῆλθεν</span> <span class='ocrx_word' id='word_1_24' title='bbox 1283 623 1382 677; x_wconf 78' lang='grc' dir='ltr'>ἐπὶ</span> <span class='ocrx_word' id='word_1_25' title='bbox 1421 622 1532 692; x_wconf 76' lang='grc' dir='ltr'>τῆς</span> <span class='ocrx_word' id='word_1_26' title='bbox 1576 623 1689 691; x_wconf 74' lang='grc' dir='ltr'>γῆς</span> <span class='ocrx_word' id='word_1_27' title='bbox 1713 663 1727 686; x_wconf 97' lang='grc'>,</span> <span class='ocrx_word' id='word_1_28' title='bbox 1761 624 1914 692; x_wconf 77' lang='grc' dir='ltr'>φησὶ,</span> 
     </span>
    </p>
   </div>
   <div class='ocr_carea' id='block_1_5' title="bbox 237 709 1917 782">
    <p class='ocr_par' dir='ltr' id='par_1_5' title="bbox 237 709 1917 782">
     <span class='ocr_line' id='line_1_5' title="bbox 237 709 1917 782; baseline -0.002 -16"><span class='ocrx_word' id='word_1_29' title='bbox 237 714 340 766; x_wconf 76' lang='grc' dir='ltr'>καὶ</span> <span class='ocrx_word' id='word_1_30' title='bbox 386 711 517 766; x_wconf 85' lang='grc' dir='ltr'>Λὼτ</span> <span class='ocrx_word' id='word_1_31' title='bbox 567 709 854 778; x_wconf 85' lang='grc' dir='ltr'>εἰσῆλθεν</span> <span class='ocrx_word' id='word_1_32' title='bbox 889 714 977 778; x_wconf 88' lang='grc' dir='ltr'>εἰς</span> <span class='ocrx_word' id='word_1_33' title='bbox 1027 710 1266 782; x_wconf 79' lang='grc' dir='ltr'>Σηγὼρ,</span> <span class='ocrx_word' id='word_1_34' title='bbox 1298 713 1392 766; x_wconf 77' lang='grc' dir='ltr'>καὶ</span> <span class='ocrx_word' id='word_1_35' title='bbox 1439 712 1560 765; x_wconf 90' lang='grc' dir='ltr'>τότε</span> <span class='ocrx_word' id='word_1_36' title='bbox 1591 714 1624 782; x_wconf 88' lang='grc' dir='ltr'>ή</span> <span class='ocrx_word' id='word_1_37' title='bbox 1659 711 1917 781; x_wconf 80' lang='grc' dir='ltr'>θεήλατος</span> 
     </span>
    </p>
   </div>
   <div class='ocr_carea' id='block_1_6' title="bbox 235 793 1914 870">
    <p class='ocr_par' dir='ltr' id='par_1_6' title="bbox 235 793 1914 870">
     <span class='ocr_line' id='line_1_6' title="bbox 235 793 1914 870; baseline 0.007 -26"><span class='ocrx_word' id='word_1_38' title='bbox 235 799 426 869; x_wconf 64' lang='grc' dir='ltr'>ἐκείνη</span> <span class='ocrx_word' id='word_1_39' title='bbox 460 798 597 869; x_wconf 79' lang='grc' dir='ltr'>ὀργὴ</span> <span class='ocrx_word' id='word_1_40' title='bbox 633 793 761 862; x_wconf 81' lang='grc' dir='ltr'>τούς</span> <span class='ocrx_word' id='word_1_41' title='bbox 784 816 842 852; x_wconf 90' lang='grc' dir='ltr'>τε</span> <span class='ocrx_word' id='word_1_42' title='bbox 876 799 934 853; x_wconf 82' lang='grc' dir='ltr'>ἐν</span> <span class='ocrx_word' id='word_1_43' title='bbox 961 800 1214 870; x_wconf 83' lang='grc' dir='ltr'>Σοδόμοις</span> <span class='ocrx_word' id='word_1_44' title='bbox 1247 799 1533 862; x_wconf 89' lang='grc' dir='ltr'>κατέλαϐε,</span> <span class='ocrx_word' id='word_1_45' title='bbox 1572 799 1787 868; x_wconf 79' lang='grc' dir='ltr'>καὶτῆς</span> <span class='ocrx_word' id='word_1_46' title='bbox 1811 799 1914 867; x_wconf 83' lang='grc' dir='ltr'>γῆς</span> 
     </span>
    </p>
   </div>
   <div class='ocr_carea' id='block_1_7' title="bbox 232 885 1914 958">
    <p class='ocr_par' dir='ltr' id='par_1_7' title="bbox 232 885 1914 958">
     <span class='ocr_line' id='line_1_7' title="bbox 232 885 1914 958; baseline 0.001 -20"><span class='ocrx_word' id='word_1_47' title='bbox 232 887 330 940; x_wconf 73' lang='grc' dir='ltr'>τὸν</span> <span class='ocrx_word' id='word_1_48' title='bbox 376 885 684 956; x_wconf 74' lang='grc' dir='ltr'>ἀφανισμὸν</span> <span class='ocrx_word' id='word_1_49' title='bbox 730 886 1045 956; x_wconf 79' lang='grc' dir='ltr'>εἰργάσατο,</span> <span class='ocrx_word' id='word_1_50' title='bbox 1080 887 1169 940; x_wconf 85' lang='grc' dir='ltr'>ὅτε</span> <span class='ocrx_word' id='word_1_51' title='bbox 1197 887 1293 940; x_wconf 78' lang='grc' dir='ltr'>καὶ</span> <span class='ocrx_word' id='word_1_52' title='bbox 1327 887 1360 958; x_wconf 89' lang='grc' dir='ltr'>ή</span> <span class='ocrx_word' id='word_1_53' title='bbox 1392 887 1528 958; x_wconf 87' lang='grc' dir='ltr'>γυνὴ</span> <span class='ocrx_word' id='word_1_54' title='bbox 1576 886 1668 940; x_wconf 91' lang='grc' dir='ltr'>τοῦ</span> <span class='ocrx_word' id='word_1_55' title='bbox 1704 885 1914 940; x_wconf 77' lang='grc' dir='ltr'>δικαίου</span> 
     </span>
    </p>
   </div>
   <div class='ocr_carea' id='block_1_8' title="bbox 235 972 1916 1045">
    <p class='ocr_par' dir='ltr' id='par_1_8' title="bbox 235 972 1916 1045">
     <span class='ocr_line' id='line_1_8' title="bbox 235 972 1916 1045; baseline 0.001 -19"><span class='ocrx_word' id='word_1_56' title='bbox 235 973 610 1044; x_wconf 79' lang='grc' dir='ltr'>ἐπιλαϐομένη</span> <span class='ocrx_word' id='word_1_57' title='bbox 645 972 751 1025; x_wconf 88' lang='grc' dir='ltr'>τῶν</span> <span class='ocrx_word' id='word_1_58' title='bbox 787 974 1060 1044; x_wconf 78' lang='grc' dir='ltr'>ῥηθέντων</span> <span class='ocrx_word' id='word_1_59' title='bbox 1091 974 1243 1045; x_wconf 85' lang='grc' dir='ltr'>παρὰ</span> <span class='ocrx_word' id='word_1_60' title='bbox 1267 974 1376 1027; x_wconf 86' lang='grc' dir='ltr'>τῶν</span> <span class='ocrx_word' id='word_1_61' title='bbox 1408 974 1677 1044; x_wconf 88' lang='grc' dir='ltr'>ἀγγέλων,</span> <span class='ocrx_word' id='word_1_62' title='bbox 1701 974 1916 1028; x_wconf 81' lang='grc' dir='ltr'>ἐπιϐλέ-</span> 
     </span>
    </p>
   </div>
   <div class='ocr_carea' id='block_1_9' title="bbox 235 1060 1916 1133">
    <p class='ocr_par' dir='ltr' id='par_1_9' title="bbox 235 1060 1916 1133">
     <span class='ocr_line' id='line_1_9' title="bbox 235 1060 1916 1133; baseline 0.001 -20"><span class='ocrx_word' id='word_1_63' title='bbox 235 1061 390 1128; x_wconf 78' lang='grc' dir='ltr'>ψασα</span> <span class='ocrx_word' id='word_1_64' title='bbox 412 1063 492 1124; x_wconf 87' lang='grc' dir='ltr'>εἰς</span> <span class='ocrx_word' id='word_1_65' title='bbox 528 1060 597 1112; x_wconf 82' lang='grc' dir='ltr'>τά</span> <span class='ocrx_word' id='word_1_66' title='bbox 622 1060 819 1124; x_wconf 76' lang='grc' dir='ltr'>ὀπίσω,</span> <span class='ocrx_word' id='word_1_67' title='bbox 849 1060 1066 1128; x_wconf 88' lang='grc' dir='ltr'>ἐγένετο</span> <span class='ocrx_word' id='word_1_68' title='bbox 1111 1061 1280 1132; x_wconf 84' lang='grc' dir='ltr'>στήλη</span> <span class='ocrx_word' id='word_1_69' title='bbox 1327 1061 1474 1128; x_wconf 75' lang='grc' dir='ltr'>ἀλὸς,</span> <span class='ocrx_word' id='word_1_70' title='bbox 1507 1062 1750 1133; x_wconf 86' lang='grc' dir='ltr'>διηνεκὲς</span> <span class='ocrx_word' id='word_1_71' title='bbox 1784 1063 1916 1115; x_wconf 84' lang='grc' dir='ltr'>ὑπό-</span> 
     </span>
    </p>
   </div>
   <div class='ocr_carea' id='block_1_10' title="bbox 239 1147 1917 1220">
    <p class='ocr_par' dir='ltr' id='par_1_10' title="bbox 239 1147 1917 1220">
     <span class='ocr_line' id='line_1_10' title="bbox 239 1147 1917 1220; baseline 0.001 -20"><span class='ocrx_word' id='word_1_72' title='bbox 239 1166 436 1218; x_wconf 85' lang='grc' dir='ltr'>μνημα</span> <span class='ocrx_word' id='word_1_73' title='bbox 465 1151 586 1211; x_wconf 88' lang='grc' dir='ltr'>ταῖς</span> <span class='ocrx_word' id='word_1_74' title='bbox 633 1147 774 1218; x_wconf 86' lang='grc' dir='ltr'>μετά</span> <span class='ocrx_word' id='word_1_75' title='bbox 802 1147 976 1200; x_wconf 85' lang='grc' dir='ltr'>ταῦτα</span> <span class='ocrx_word' id='word_1_76' title='bbox 1013 1151 1228 1216; x_wconf 83' lang='grc' dir='ltr'>γενεαῖς</span> <span class='ocrx_word' id='word_1_77' title='bbox 1280 1149 1377 1219; x_wconf 85' lang='grc' dir='ltr'>τῆς</span> <span class='ocrx_word' id='word_1_78' title='bbox 1403 1150 1607 1212; x_wconf 91' lang='grc' dir='ltr'>οἰκείας</span> <span class='ocrx_word' id='word_1_79' title='bbox 1643 1149 1917 1220; x_wconf 76' lang='grc' dir='ltr'>ῥᾳθυμίας</span> 
     </span>
    </p>
   </div>
   <div class='ocr_carea' id='block_1_11' title="bbox 236 1232 1916 1308">
    <p class='ocr_par' dir='ltr' id='par_1_11' title="bbox 236 1232 1916 1308">
     <span class='ocr_line' id='line_1_11' title="bbox 236 1232 1916 1308; baseline -0.001 -17"><span class='ocrx_word' id='word_1_80' title='bbox 236 1237 614 1307; x_wconf 87' lang='grc' dir='ltr'>παρεχομένη.</span> <span class='ocrx_word' id='word_1_81' title='bbox 665 1238 986 1304; x_wconf 78' lang='grc' dir='ltr'>Ἀναγκαῖον</span> <span class='ocrx_word' id='word_1_82' title='bbox 1024 1232 1117 1289; x_wconf 83' lang='grc' dir='ltr'>οὖν</span> <span class='ocrx_word' id='word_1_83' title='bbox 1142 1237 1380 1308; x_wconf 82' lang='grc' dir='ltr'>σήμερον</span> <span class='ocrx_word' id='word_1_84' title='bbox 1409 1235 1478 1290; x_wconf 84' lang='grc' dir='ltr'>τά</span> <span class='ocrx_word' id='word_1_85' title='bbox 1506 1236 1634 1306; x_wconf 84' lang='grc' dir='ltr'>ἐξῆς</span> <span class='ocrx_word' id='word_1_86' title='bbox 1662 1236 1916 1289; x_wconf 85' lang='grc' dir='ltr'>ἐπελθόν-</span> 
     </span>
    </p>
   </div>
   <div class='ocr_carea' id='block_1_12' title="bbox 233 1323 1914 1396">
    <p class='ocr_par' dir='ltr' id='par_1_12' title="bbox 233 1323 1914 1396">
     <span class='ocr_line' id='line_1_12' title="bbox 233 1323 1914 1396; baseline -0.002 -18"><span class='ocrx_word' id='word_1_87' title='bbox 233 1343 339 1384; x_wconf 88' lang='grc' dir='ltr'>τας</span> <span class='ocrx_word' id='word_1_88' title='bbox 365 1325 537 1396; x_wconf 83' lang='grc' dir='ltr'>μικρά</span> <span class='ocrx_word' id='word_1_89' title='bbox 562 1342 684 1377; x_wconf 86' lang='grc' dir='ltr'>τινα</span> <span class='ocrx_word' id='word_1_90' title='bbox 711 1323 1059 1394; x_wconf 89' lang='grc' dir='ltr'>διαλεχθῆναι</span> <span class='ocrx_word' id='word_1_91' title='bbox 1085 1324 1220 1395; x_wconf 77' lang='grc' dir='ltr'>πρὸς</span> <span class='ocrx_word' id='word_1_92' title='bbox 1240 1323 1340 1396; x_wconf 80' lang='grc' dir='ltr'>τὴν</span> <span class='ocrx_word' id='word_1_93' title='bbox 1375 1325 1644 1396; x_wconf 82' lang='grc' dir='ltr'>ὑμετέραν</span> <span class='ocrx_word' id='word_1_94' title='bbox 1674 1325 1914 1395; x_wconf 78' lang='grc' dir='ltr'>ἀγάπην,</span> 
     </span>
    </p>
   </div>
   <div class='ocr_carea' id='block_1_13' title="bbox 239 1410 1915 1483">
    <p class='ocr_par' dir='ltr' id='par_1_13' title="bbox 239 1410 1915 1483">
     <span class='ocr_line' id='line_1_13' title="bbox 239 1410 1915 1483; baseline -0.001 -17"><span class='ocrx_word' id='word_1_95' title='bbox 239 1414 332 1466; x_wconf 78' lang='grc' dir='ltr'>ἵνα</span> <span class='ocrx_word' id='word_1_96' title='bbox 363 1413 524 1466; x_wconf 79' lang='grc' dir='ltr'>πάλιν</span> <span class='ocrx_word' id='word_1_97' title='bbox 548 1412 724 1482; x_wconf 78' lang='grc' dir='ltr'>εἰδῆτε</span> <span class='ocrx_word' id='word_1_98' title='bbox 757 1410 849 1464; x_wconf 89' lang='grc' dir='ltr'>τοῦ</span> <span class='ocrx_word' id='word_1_99' title='bbox 885 1410 1224 1483; x_wconf 85' lang='grc' dir='ltr'>πατριάρχου</span> <span class='ocrx_word' id='word_1_100' title='bbox 1247 1413 1308 1464; x_wconf 83' lang='grc' dir='ltr'>τὸ</span> <span class='ocrx_word' id='word_1_101' title='bbox 1335 1413 1617 1483; x_wconf 84' lang='grc' dir='ltr'>συμπαθὲς</span> <span class='ocrx_word' id='word_1_102' title='bbox 1645 1413 1738 1465; x_wconf 72' lang='grc' dir='ltr'>καὶ</span> <span class='ocrx_word' id='word_1_103' title='bbox 1769 1413 1915 1481; x_wconf 82' lang='grc' dir='ltr'>φιλό-</span> 
     </span>
    </p>
   </div>
   <div class='ocr_carea' id='block_1_14' title="bbox 240 1499 1916 1572">
    <p class='ocr_par' dir='ltr' id='par_1_14' title="bbox 240 1499 1916 1572">
     <span class='ocr_line' id='line_1_14' title="bbox 240 1499 1916 1572; baseline 0.001 -20"><span class='ocrx_word' id='word_1_104' title='bbox 240 1518 493 1571; x_wconf 82' lang='grc' dir='ltr'>στοργον,</span> <span class='ocrx_word' id='word_1_105' title='bbox 531 1499 741 1553; x_wconf 78' lang='grc' dir='ltr'>καὶτοῦ</span> <span class='ocrx_word' id='word_1_106' title='bbox 771 1499 905 1551; x_wconf 79' lang='grc' dir='ltr'>Θεοῦ</span> <span class='ocrx_word' id='word_1_107' title='bbox 940 1499 1036 1569; x_wconf 77' lang='grc' dir='ltr'>τὴν</span> <span class='ocrx_word' id='word_1_108' title='bbox 1066 1501 1195 1572; x_wconf 76' lang='grc' dir='ltr'>περὶ</span> <span class='ocrx_word' id='word_1_109' title='bbox 1236 1501 1397 1555; x_wconf 78' lang='grc' dir='ltr'>αὑτὸν</span> <span class='ocrx_word' id='word_1_110' title='bbox 1427 1501 1655 1558; x_wconf 78' lang='grc' dir='ltr'>εὔνοιαν.</span> <span class='ocrx_word' id='word_1_111' title='bbox 1701 1501 1916 1572; x_wconf 85' lang='grc' dir='ltr'>Ἐπειδὴ</span> 
     </span>
    </p>
   </div>
   <div class='ocr_carea' id='block_1_15' title="bbox 237 1585 1915 1657">
    <p class='ocr_par' dir='ltr' id='par_1_15' title="bbox 237 1585 1915 1657">
     <span class='ocr_line' id='line_1_15' title="bbox 237 1585 1915 1657; baseline 0 -19"><span class='ocrx_word' id='word_1_112' title='bbox 237 1588 372 1657; x_wconf 65' lang='grc' dir='ltr'>γὰρ.</span> <span class='ocrx_word' id='word_1_113' title='bbox 411 1587 512 1656; x_wconf 85' lang='grc' dir='ltr'>τῆς</span> <span class='ocrx_word' id='word_1_114' title='bbox 541 1586 802 1656; x_wconf 81' lang='grc' dir='ltr'>ἀνατολῆς</span> <span class='ocrx_word' id='word_1_115' title='bbox 825 1585 916 1638; x_wconf 90' lang='grc' dir='ltr'>τοῦ</span> <span class='ocrx_word' id='word_1_116' title='bbox 952 1587 1103 1655; x_wconf 82' lang='grc' dir='ltr'>ἡλίου</span> <span class='ocrx_word' id='word_1_117' title='bbox 1146 1586 1445 1656; x_wconf 81' lang='grc' dir='ltr'>γενομένης</span> <span class='ocrx_word' id='word_1_118' title='bbox 1467 1627 1482 1649; x_wconf 91' lang='grc'>,</span> <span class='ocrx_word' id='word_1_119' title='bbox 1523 1589 1550 1640; x_wconf 97' lang='lat'>6</span> <span class='ocrx_word' id='word_1_120' title='bbox 1583 1586 1681 1656; x_wconf 80' lang='grc' dir='ltr'>μὲν</span> <span class='ocrx_word' id='word_1_121' title='bbox 1710 1586 1915 1650; x_wconf 88' lang='grc' dir='ltr'>δίκαιος</span> 
     </span>
    </p>
   </div>
   <div class='ocr_carea' id='block_1_16' title="bbox 235 1673 1914 1745">
    <p class='ocr_par' dir='ltr' id='par_1_16' title="bbox 235 1673 1914 1745">
     <span class='ocr_line' id='line_1_16' title="bbox 235 1673 1914 1745; baseline 0 -18"><span class='ocrx_word' id='word_1_122' title='bbox 235 1674 364 1728; x_wconf 82' lang='grc' dir='ltr'>Λὼτ</span> <span class='ocrx_word' id='word_1_123' title='bbox 392 1677 473 1736; x_wconf 89' lang='grc' dir='ltr'>εἰς</span> <span class='ocrx_word' id='word_1_124' title='bbox 501 1675 598 1743; x_wconf 80' lang='grc' dir='ltr'>τὴν</span> <span class='ocrx_word' id='word_1_125' title='bbox 620 1673 815 1743; x_wconf 89' lang='grc' dir='ltr'>Σηγὼρ</span> <span class='ocrx_word' id='word_1_126' title='bbox 845 1673 1099 1744; x_wconf 88' lang='grc' dir='ltr'>διεσώθη.</span> <span class='ocrx_word' id='word_1_127' title='bbox 1125 1676 1172 1727; x_wconf 86' lang='grc' dir='ltr'>οἱ</span> <span class='ocrx_word' id='word_1_128' title='bbox 1200 1675 1256 1727; x_wconf 78' lang='grc' dir='ltr'>δὲ</span> <span class='ocrx_word' id='word_1_129' title='bbox 1281 1676 1350 1728; x_wconf 79' lang='grc' dir='ltr'>τά</span> <span class='ocrx_word' id='word_1_130' title='bbox 1372 1675 1575 1745; x_wconf 83' lang='grc' dir='ltr'>Σόδομα</span> <span class='ocrx_word' id='word_1_131' title='bbox 1602 1675 1914 1728; x_wconf 79' lang='grc' dir='ltr'>κατοικοῦνο</span> 
     </span>
    </p>
   </div>
   <div class='ocr_carea' id='block_1_17' title="bbox 234 1760 1916 1832">
    <p class='ocr_par' dir='ltr' id='par_1_17' title="bbox 234 1760 1916 1832">
     <span class='ocr_line' id='line_1_17' title="bbox 234 1760 1916 1832; baseline -0.001 -17"><span class='ocrx_word' id='word_1_132' title='bbox 234 1779 330 1824; x_wconf 85' lang='grc' dir='ltr'>τες</span> <span class='ocrx_word' id='word_1_133' title='bbox 364 1761 470 1813; x_wconf 80' lang='grc' dir='ltr'>ὑπὸ</span> <span class='ocrx_word' id='word_1_134' title='bbox 497 1760 596 1831; x_wconf 82' lang='grc' dir='ltr'>τὴν</span> <span class='ocrx_word' id='word_1_135' title='bbox 618 1760 775 1832; x_wconf 89' lang='grc' dir='ltr'>δίκην</span> <span class='ocrx_word' id='word_1_136' title='bbox 799 1761 1102 1829; x_wconf 90' lang='grc' dir='ltr'>γεγόνασιν,</span> <span class='ocrx_word' id='word_1_137' title='bbox 1130 1762 1160 1813; x_wconf 91' lang='lat'>6</span> <span class='ocrx_word' id='word_1_138' title='bbox 1187 1763 1529 1832; x_wconf 77' lang='grc' dir='ltr'>πατριάρχης</span> <span class='ocrx_word' id='word_1_139' title='bbox 1560 1763 1694 1832; x_wconf 85' lang='grc' dir='ltr'>ὁμοῦ</span> <span class='ocrx_word' id='word_1_140' title='bbox 1729 1763 1916 1816; x_wconf 88' lang='grc' dir='ltr'>κάκεί-</span> 
     </span>
    </p>
   </div>
   <div class='ocr_carea' id='block_1_18' title="bbox 235 1847 1914 1918">
    <p class='ocr_par' dir='ltr' id='par_1_18' title="bbox 235 1847 1914 1918">
     <span class='ocr_line' id='line_1_18' title="bbox 235 1847 1914 1918; baseline 0.001 -18"><span class='ocrx_word' id='word_1_141' title='bbox 235 1865 364 1910; x_wconf 78' lang='grc' dir='ltr'>νους</span> <span class='ocrx_word' id='word_1_142' title='bbox 386 1847 674 1918; x_wconf 83' lang='grc' dir='ltr'>οἰκτείρων</span> <span class='ocrx_word' id='word_1_143' title='bbox 701 1849 802 1916; x_wconf 85' lang='grc' dir='ltr'>τῆς</span> <span class='ocrx_word' id='word_1_144' title='bbox 829 1847 1124 1910; x_wconf 89' lang='grc' dir='ltr'>ἀπωλείας,</span> <span class='ocrx_word' id='word_1_145' title='bbox 1161 1847 1226 1917; x_wconf 80' lang='grc' dir='ltr'>ἥν</span> <span class='ocrx_word' id='word_1_146' title='bbox 1250 1847 1339 1900; x_wconf 85' lang='grc' dir='ltr'>διὰ</span> <span class='ocrx_word' id='word_1_147' title='bbox 1367 1849 1466 1916; x_wconf 80' lang='grc' dir='ltr'>τὴν</span> <span class='ocrx_word' id='word_1_148' title='bbox 1493 1849 1700 1901; x_wconf 83' lang='grc' dir='ltr'>οἰκείαν</span> <span class='ocrx_word' id='word_1_149' title='bbox 1737 1865 1914 1917; x_wconf 86' lang='grc' dir='ltr'>παρα-</span> 
     </span>
    </p>
   </div>
   <div class='ocr_carea' id='block_1_19' title="bbox 237 1935 1918 2006">
    <p class='ocr_par' dir='ltr' id='par_1_19' title="bbox 237 1935 1918 2006">
     <span class='ocr_line' id='line_1_19' title="bbox 237 1935 1918 2006; baseline 0 -18"><span class='ocrx_word' id='word_1_150' title='bbox 237 1937 438 2004; x_wconf 85' lang='grc' dir='ltr'>νομίαν</span> <span class='ocrx_word' id='word_1_151' title='bbox 461 1935 785 2004; x_wconf 82' lang='grc' dir='ltr'>ὑπέμειναν,</span> <span class='ocrx_word' id='word_1_152' title='bbox 819 1935 912 1988; x_wconf 84' lang='grc' dir='ltr'>καὶ</span> <span class='ocrx_word' id='word_1_153' title='bbox 946 1935 1075 2005; x_wconf 82' lang='grc' dir='ltr'>περὶ</span> <span class='ocrx_word' id='word_1_154' title='bbox 1103 1935 1196 1988; x_wconf 86' lang='grc' dir='ltr'>τοῦ</span> <span class='ocrx_word' id='word_1_155' title='bbox 1223 1935 1434 1988; x_wconf 77' lang='grc' dir='ltr'>δικαίου</span> <span class='ocrx_word' id='word_1_156' title='bbox 1458 1936 1661 2006; x_wconf 75' lang='grc' dir='ltr'>σφόδρα</span> <span class='ocrx_word' id='word_1_157' title='bbox 1700 1937 1918 2005; x_wconf 87' lang='grc' dir='ltr'>φροντί-</span> 
     </span>
    </p>
   </div>
   <div class='ocr_carea' id='block_1_20' title="bbox 237 2021 1918 2093">
    <p class='ocr_par' dir='ltr' id='par_1_20' title="bbox 237 2021 1918 2093">
     <span class='ocr_line' id='line_1_20' title="bbox 237 2021 1918 2093; baseline 0.001 -19"><span class='ocrx_word' id='word_1_158' title='bbox 237 2021 373 2085; x_wconf 83' lang='grc' dir='ltr'>ζων,</span> <span class='ocrx_word' id='word_1_159' title='bbox 408 2021 691 2092; x_wconf 80' lang='grc' dir='ltr'>όρθρίσας,</span> <span class='ocrx_word' id='word_1_160' title='bbox 723 2022 878 2091; x_wconf 77' lang='grc' dir='ltr'>φησὶ,</span> <span class='ocrx_word' id='word_1_161' title='bbox 905 2021 1261 2091; x_wconf 81' lang='grc' dir='ltr'>περιεσκόπει</span> <span class='ocrx_word' id='word_1_162' title='bbox 1290 2023 1356 2076; x_wconf 90' lang='grc' dir='ltr'>τά</span> <span class='ocrx_word' id='word_1_163' title='bbox 1391 2023 1750 2093; x_wconf 85' lang='grc' dir='ltr'>γεγενημένα.</span> <span class='ocrx_word' id='word_1_164' title='bbox 1786 2025 1918 2090; x_wconf 81' lang='grc' dir='ltr'>Ὠρ-</span> 
     </span>
    </p>
   </div>
   <div class='ocr_carea' id='block_1_21' title="bbox 237 2108 1915 2180">
    <p class='ocr_par' dir='ltr' id='par_1_21' title="bbox 237 2108 1915 2180">
     <span class='ocr_line' id='line_1_21' title="bbox 237 2108 1915 2180; baseline -0.001 -16"><span class='ocrx_word' id='word_1_165' title='bbox 237 2114 411 2177; x_wconf 82' lang='grc' dir='ltr'>θρισε</span> <span class='ocrx_word' id='word_1_166' title='bbox 437 2108 566 2180; x_wconf 85' lang='grc' dir='ltr'>γάρ,</span> <span class='ocrx_word' id='word_1_167' title='bbox 610 2109 796 2179; x_wconf 79' lang='grc' dir='ltr'>φησὶν,</span> <span class='ocrx_word' id='word_1_168' title='bbox 839 2109 1097 2177; x_wconf 81' lang='grc' dir='ltr'>Ἀϐραὰμ</span> <span class='ocrx_word' id='word_1_169' title='bbox 1141 2108 1222 2174; x_wconf 85' lang='grc' dir='ltr'>τῷ</span> <span class='ocrx_word' id='word_1_170' title='bbox 1255 2110 1406 2177; x_wconf 83' lang='grc' dir='ltr'>πρωῒ</span> <span class='ocrx_word' id='word_1_171' title='bbox 1434 2113 1521 2176; x_wconf 84' lang='grc' dir='ltr'>εἰς</span> <span class='ocrx_word' id='word_1_172' title='bbox 1561 2110 1668 2162; x_wconf 85' lang='grc' dir='ltr'>τὸν</span> <span class='ocrx_word' id='word_1_173' title='bbox 1707 2109 1915 2175; x_wconf 81' lang='grc' dir='ltr'>τόπον,</span> 
     </span>
    </p>
   </div>
   <div class='ocr_carea' id='block_1_22' title="bbox 237 2191 1918 2263">
    <p class='ocr_par' dir='ltr' id='par_1_22' title="bbox 237 2191 1918 2263">
     <span class='ocr_line' id='line_1_22' title="bbox 237 2191 1918 2263; baseline -0.001 -14"><span class='ocrx_word' id='word_1_174' title='bbox 237 2191 312 2250; x_wconf 85' lang='grc' dir='ltr'>οὗ</span> <span class='ocrx_word' id='word_1_175' title='bbox 337 2193 603 2260; x_wconf 72' lang='grc' dir='ltr'>εἱστήκει</span> <span class='ocrx_word' id='word_1_176' title='bbox 629 2195 912 2248; x_wconf 83' lang='grc' dir='ltr'>ἐναντίον</span> <span class='ocrx_word' id='word_1_177' title='bbox 931 2195 1063 2248; x_wconf 71' lang='grc' dir='ltr'>’τοῦ</span> <span class='ocrx_word' id='word_1_178' title='bbox 1113 2196 1282 2258; x_wconf 81' lang='grc' dir='ltr'>Θεοῦ,</span> <span class='ocrx_word' id='word_1_179' title='bbox 1319 2196 1414 2248; x_wconf 82' lang='grc' dir='ltr'>καί</span> <span class='ocrx_word' id='word_1_180' title='bbox 1447 2195 1782 2263; x_wconf 67' lang='grc' dir='ltr'>ἐπέϐλεψεν</span> <span class='ocrx_word' id='word_1_181' title='bbox 1816 2196 1918 2249; x_wconf 74' lang='grc' dir='ltr'>ἐπὶ</span> 
     </span>
    </p>
   </div>
   <div class='ocr_carea' id='block_1_23' title="bbox 237 2280 1916 2352">
    <p class='ocr_par' dir='ltr' id='par_1_23' title="bbox 237 2280 1916 2352">
     <span class='ocr_line' id='line_1_23' title="bbox 237 2280 1916 2352; baseline 0.001 -17"><span class='ocrx_word' id='word_1_182' title='bbox 237 2284 570 2349; x_wconf 79' lang='grc' dir='ltr'>πρόσωπον</span> <span class='ocrx_word' id='word_1_183' title='bbox 618 2280 730 2350; x_wconf 86' lang='grc' dir='ltr'>τῆς</span> <span class='ocrx_word' id='word_1_184' title='bbox 765 2281 1096 2350; x_wconf 70' lang='grc' dir='ltr'>περιχᾰῳου</span> <span class='ocrx_word' id='word_1_185' title='bbox 1130 2283 1408 2351; x_wconf 84' lang='grc' dir='ltr'>Σοδόμων</span> <span class='ocrx_word' id='word_1_186' title='bbox 1448 2283 1542 2336; x_wconf 74' lang='grc' dir='ltr'>καὶ</span> <span class='ocrx_word' id='word_1_187' title='bbox 1588 2283 1916 2352; x_wconf 60' lang='grc' dir='ltr'>Γομόρρας,</span> 
     </span>
    </p>
   </div>
   <div class='ocr_carea' id='block_1_24' title="bbox 237 2367 1917 2440">
    <p class='ocr_par' dir='ltr' id='par_1_24' title="bbox 237 2367 1917 2440">
     <span class='ocr_line' id='line_1_24' title="bbox 237 2367 1917 2440; baseline 0.001 -17"><span class='ocrx_word' id='word_1_188' title='bbox 237 2369 344 2423; x_wconf 77' lang='grc' dir='ltr'>καί</span> <span class='ocrx_word' id='word_1_189' title='bbox 381 2367 525 2424; x_wconf 82' lang='grc' dir='ltr'>εἶδε.</span> <span class='ocrx_word' id='word_1_190' title='bbox 551 2371 662 2424; x_wconf 83' lang='grc' dir='ltr'>Καὶ</span> <span class='ocrx_word' id='word_1_191' title='bbox 688 2369 820 2424; x_wconf 85' lang='grc' dir='ltr'>ἰδοὺ</span> <span class='ocrx_word' id='word_1_192' title='bbox 852 2369 1127 2424; x_wconf 80' lang='grc' dir='ltr'>ἀνέϐαινε</span> <span class='ocrx_word' id='word_1_193' title='bbox 1163 2369 1323 2438; x_wconf 70' lang='grc' dir='ltr'>φλὸξ</span> <span class='ocrx_word' id='word_1_194' title='bbox 1343 2370 1412 2423; x_wconf 84' lang='grc' dir='ltr'>ἐκ</span> <span class='ocrx_word' id='word_1_195' title='bbox 1456 2370 1566 2438; x_wconf 81' lang='grc' dir='ltr'>τῆς</span> <span class='ocrx_word' id='word_1_196' title='bbox 1597 2369 1732 2440; x_wconf 71' lang='grc' dir='ltr'>γῆς,</span> <span class='ocrx_word' id='word_1_197' title='bbox 1772 2371 1917 2424; x_wconf 83' lang='grc' dir='ltr'>ώσεί</span> 
     </span>
    </p>
   </div>
   <div class='ocr_carea' id='block_1_25' title="bbox 241 2456 1916 2528">
    <p class='ocr_par' dir='ltr' id='par_1_25' title="bbox 241 2456 1916 2528">
     <span class='ocr_line' id='line_1_25' title="bbox 241 2456 1916 2528; baseline -0.002 -16"><span class='ocrx_word' id='word_1_198' title='bbox 241 2458 419 2526; x_wconf 73' lang='grc' dir='ltr'>ἀτμὶς</span> <span class='ocrx_word' id='word_1_199' title='bbox 450 2458 723 2528; x_wconf 79' lang='grc' dir='ltr'>καμίνου.</span> <span class='ocrx_word' id='word_1_200' title='bbox 776 2459 864 2511; x_wconf 87' lang='grc' dir='ltr'>Ἐν</span> <span class='ocrx_word' id='word_1_201' title='bbox 897 2458 1114 2528; x_wconf 82' lang='grc' dir='ltr'>ἐκείνῳ,</span> <span class='ocrx_word' id='word_1_202' title='bbox 1157 2457 1309 2528; x_wconf 76' lang='grc' dir='ltr'>φησὶ,</span> <span class='ocrx_word' id='word_1_203' title='bbox 1361 2458 1439 2528; x_wconf 83' lang='grc' dir='ltr'>τῷ</span> <span class='ocrx_word' id='word_1_204' title='bbox 1470 2459 1620 2528; x_wconf 85' lang='grc' dir='ltr'>τόπῳ</span> <span class='ocrx_word' id='word_1_205' title='bbox 1657 2456 1916 2527; x_wconf 90' lang='grc' dir='ltr'>γεγονὼς,</span> 
     </span>
    </p>
   </div>
   <div class='ocr_carea' id='block_1_26' title="bbox 238 2545 1919 2618">
    <p class='ocr_par' dir='ltr' id='par_1_26' title="bbox 238 2545 1919 2618">
     <span class='ocr_line' id='line_1_26' title="bbox 238 2545 1919 2618; baseline 0 -20"><span class='ocrx_word' id='word_1_206' title='bbox 238 2545 372 2599; x_wconf 70' lang='grc' dir='ltr'>ἔνθα</span> <span class='ocrx_word' id='word_1_207' title='bbox 401 2545 497 2616; x_wconf 77' lang='grc' dir='ltr'>τὴν</span> <span class='ocrx_word' id='word_1_208' title='bbox 527 2545 761 2610; x_wconf 80' lang='grc' dir='ltr'>διάλεξιν</span> <span class='ocrx_word' id='word_1_209' title='bbox 789 2545 924 2618; x_wconf 79' lang='grc' dir='ltr'>πρὸς</span> <span class='ocrx_word' id='word_1_210' title='bbox 949 2545 1037 2598; x_wconf 84' lang='grc' dir='ltr'>τὸν</span> <span class='ocrx_word' id='word_1_211' title='bbox 1059 2546 1335 2616; x_wconf 83' lang='grc' dir='ltr'>Δεσπότην</span> <span class='ocrx_word' id='word_1_212' title='bbox 1370 2548 1680 2616; x_wconf 87' lang='grc' dir='ltr'>ἐποιήσατο,</span> <span class='ocrx_word' id='word_1_213' title='bbox 1709 2546 1803 2598; x_wconf 72' lang='grc' dir='ltr'>καὶ</span> <span class='ocrx_word' id='word_1_214' title='bbox 1825 2545 1919 2615; x_wconf 75' lang='grc' dir='ltr'>τὴν</span> 
     </span>
    </p>
   </div>
   <div class='ocr_carea' id='block_1_27' title="bbox 241 2631 1920 2703">
    <p class='ocr_par' dir='ltr' id='par_1_27' title="bbox 241 2631 1920 2703">
     <span class='ocr_line' id='line_1_27' title="bbox 241 2631 1920 2703; baseline 0 -19"><span class='ocrx_word' id='word_1_215' title='bbox 241 2631 374 2703; x_wconf 71' lang='grc' dir='ltr'>περὶ</span> <span class='ocrx_word' id='word_1_216' title='bbox 421 2631 532 2684; x_wconf 90' lang='grc' dir='ltr'>τῶν</span> <span class='ocrx_word' id='word_1_217' title='bbox 559 2633 617 2684; x_wconf 87' lang='grc' dir='ltr'>ἐν</span> <span class='ocrx_word' id='word_1_218' title='bbox 669 2631 920 2702; x_wconf 84' lang='grc' dir='ltr'>Σοδόμοις</span> <span class='ocrx_word' id='word_1_219' title='bbox 969 2632 1336 2702; x_wconf 87' lang='grc' dir='ltr'>παράκλησιν,</span> <span class='ocrx_word' id='word_1_220' title='bbox 1371 2631 1516 2701; x_wconf 87' lang='grc' dir='ltr'>ἐώρα</span> <span class='ocrx_word' id='word_1_221' title='bbox 1549 2633 1645 2701; x_wconf 87' lang='grc' dir='ltr'>τῆς</span> <span class='ocrx_word' id='word_1_222' title='bbox 1686 2631 1920 2702; x_wconf 79' lang='grc' dir='ltr'>φοϐερᾶς</span> 
     </span>
    </p>
   </div>
   <div class='ocr_carea' id='block_1_28' title="bbox 237 2719 1920 2791">
    <p class='ocr_par' dir='ltr' id='par_1_28' title="bbox 237 2719 1920 2791">
     <span class='ocr_line' id='line_1_28' title="bbox 237 2719 1920 2791; baseline -0.002 -18"><span class='ocrx_word' id='word_1_223' title='bbox 237 2720 461 2790; x_wconf 78' lang='grc' dir='ltr'>ἐκείνης</span> <span class='ocrx_word' id='word_1_224' title='bbox 484 2720 756 2791; x_wconf 87' lang='grc' dir='ltr'>τιμωρίας</span> <span class='ocrx_word' id='word_1_225' title='bbox 789 2719 856 2772; x_wconf 84' lang='grc' dir='ltr'>τὰ</span> <span class='ocrx_word' id='word_1_226' title='bbox 878 2721 1018 2790; x_wconf 84' lang='grc' dir='ltr'>ῖχνη,</span> <span class='ocrx_word' id='word_1_227' title='bbox 1044 2720 1248 2773; x_wconf 73' lang='grc' dir='ltr'>καὶτοῦ</span> <span class='ocrx_word' id='word_1_228' title='bbox 1279 2719 1488 2772; x_wconf 85' lang='grc' dir='ltr'>δικαίου</span> <span class='ocrx_word' id='word_1_229' title='bbox 1512 2720 1694 2772; x_wconf 73' lang='grc' dir='ltr'>ἕνεκεν</span> <span class='ocrx_word' id='word_1_230' title='bbox 1731 2719 1920 2789; x_wconf 81' lang='grc' dir='ltr'>μαθεῖν</span> 
     </span>
    </p>
   </div>
   <div class='ocr_carea' id='block_1_29' title="bbox 238 2806 1923 2878">
    <p class='ocr_par' dir='ltr' id='par_1_29' title="bbox 238 2806 1923 2878">
     <span class='ocr_line' id='line_1_29' title="bbox 238 2806 1923 2878; baseline -0.001 -18"><span class='ocrx_word' id='word_1_231' title='bbox 238 2825 294 2860; x_wconf 86' lang='grc' dir='ltr'>τι</span> <span class='ocrx_word' id='word_1_232' title='bbox 329 2806 615 2878; x_wconf 81' lang='grc' dir='ltr'>ἐπεθύμει.</span> <span class='ocrx_word' id='word_1_233' title='bbox 642 2807 892 2860; x_wconf 86' lang='grc' dir='ltr'>Τοιοῦτον</span> <span class='ocrx_word' id='word_1_234' title='bbox 917 2807 1027 2878; x_wconf 70' lang='grc' dir='ltr'>γὰρ</span> <span class='ocrx_word' id='word_1_235' title='bbox 1055 2807 1161 2860; x_wconf 90' lang='grc' dir='ltr'>τῶν</span> <span class='ocrx_word' id='word_1_236' title='bbox 1189 2807 1359 2875; x_wconf 80' lang='grc' dir='ltr'>ἁγίων</span> <span class='ocrx_word' id='word_1_237' title='bbox 1387 2807 1445 2859; x_wconf 77' lang='grc' dir='ltr'>τὸ</span> <span class='ocrx_word' id='word_1_238' title='bbox 1472 2807 1608 2869; x_wconf 83' lang='grc' dir='ltr'>ἔθος,</span> <span class='ocrx_word' id='word_1_239' title='bbox 1642 2806 1923 2876; x_wconf 87' lang='grc' dir='ltr'>φιλόστορ-</span> 
     </span>
    </p>
   </div>
   <div class='ocr_carea' id='block_1_30' title="bbox 239 2892 1922 2964">
    <p class='ocr_par' dir='ltr' id='par_1_30' title="bbox 239 2892 1922 2964">
     <span class='ocr_line' id='line_1_30' title="bbox 239 2892 1922 2964; baseline -0.001 -18"><span class='ocrx_word' id='word_1_240' title='bbox 239 2910 340 2961; x_wconf 85' lang='grc' dir='ltr'>γον</span> <span class='ocrx_word' id='word_1_241' title='bbox 374 2894 468 2946; x_wconf 84' lang='grc' dir='ltr'>καί</span> <span class='ocrx_word' id='word_1_242' title='bbox 503 2892 940 2963; x_wconf 88' lang='grc' dir='ltr'>συμπαθητικόν.</span> <span class='ocrx_word' id='word_1_243' title='bbox 999 2893 1107 2944; x_wconf 72' lang='grc' dir='ltr'>Καὶ</span> <span class='ocrx_word' id='word_1_244' title='bbox 1154 2893 1242 2946; x_wconf 83' lang='grc' dir='ltr'>ἵνα</span> <span class='ocrx_word' id='word_1_245' title='bbox 1300 2893 1486 2964; x_wconf 78' lang='grc' dir='ltr'>διδάξῃ</span> <span class='ocrx_word' id='word_1_246' title='bbox 1538 2895 1682 2964; x_wconf 74' lang='grc' dir='ltr'>ἡμᾶς</span> <span class='ocrx_word' id='word_1_247' title='bbox 1734 2892 1922 2963; x_wconf 87' lang='grc' dir='ltr'>ήθεία</span> 
     </span>
    </p>
   </div>
   <div class='ocr_carea' id='block_1_31' title="bbox 241 2979 1922 3052">
    <p class='ocr_par' dir='ltr' id='par_1_31' title="bbox 241 2979 1922 3052">
     <span class='ocr_line' id='line_1_31' title="bbox 241 2979 1922 3052; baseline 0 -20"><span class='ocrx_word' id='word_1_248' title='bbox 241 2981 458 3052; x_wconf 82' lang='grc' dir='ltr'>Γραφὴ,</span> <span class='ocrx_word' id='word_1_249' title='bbox 487 2981 570 3033; x_wconf 81' lang='grc' dir='ltr'>ὅτι</span> <span class='ocrx_word' id='word_1_250' title='bbox 605 2980 808 3042; x_wconf 80' lang='grc' dir='ltr'>εὐθέως</span> <span class='ocrx_word' id='word_1_251' title='bbox 850 2979 997 3050; x_wconf 79' lang='grc' dir='ltr'>αὐτῷ</span> <span class='ocrx_word' id='word_1_252' title='bbox 1025 2980 1214 3032; x_wconf 83' lang='grc' dir='ltr'>τούτου</span> <span class='ocrx_word' id='word_1_253' title='bbox 1257 2980 1355 3051; x_wconf 75' lang='grc' dir='ltr'>τὴν</span> <span class='ocrx_word' id='word_1_254' title='bbox 1387 2980 1585 3048; x_wconf 90' lang='grc' dir='ltr'>γνῶσιν</span> <span class='ocrx_word' id='word_1_255' title='bbox 1611 2979 1864 3048; x_wconf 78' lang='grc' dir='ltr'>ἐνέθηκεν</span> <span class='ocrx_word' id='word_1_256' title='bbox 1890 2981 1922 3050; x_wconf 82' lang='grc' dir='ltr'>ή</span> 
     </span>
    </p>
   </div>
   <div class='ocr_carea' id='block_1_32' title="bbox 238 3067 1922 3138">
    <p class='ocr_par' dir='ltr' id='par_1_32' title="bbox 238 3067 1922 3138">
     <span class='ocr_line' id='line_1_32' title="bbox 238 3067 1922 3138; baseline 0.001 -19"><span class='ocrx_word' id='word_1_257' title='bbox 238 3068 339 3120; x_wconf 87' lang='grc' dir='ltr'>τοῦ</span> <span class='ocrx_word' id='word_1_258' title='bbox 375 3067 694 3136; x_wconf 88' lang='grc' dir='ltr'>Πνεύματος</span> <span class='ocrx_word' id='word_1_259' title='bbox 734 3067 914 3138; x_wconf 88' lang='grc' dir='ltr'>χάρις,</span> <span class='ocrx_word' id='word_1_260' title='bbox 969 3068 1102 3137; x_wconf 80' lang='grc' dir='ltr'>ὁμοῦ</span> <span class='ocrx_word' id='word_1_261' title='bbox 1143 3068 1198 3120; x_wconf 82' lang='grc' dir='ltr'>δὲ</span> <span class='ocrx_word' id='word_1_262' title='bbox 1231 3069 1324 3120; x_wconf 73' lang='grc' dir='ltr'>καὶ</span> <span class='ocrx_word' id='word_1_263' title='bbox 1355 3067 1445 3120; x_wconf 79' lang='grc' dir='ltr'>τὸν</span> <span class='ocrx_word' id='word_1_264' title='bbox 1476 3067 1682 3120; x_wconf 89' lang='grc' dir='ltr'>δίκαιον</span> <span class='ocrx_word' id='word_1_265' title='bbox 1707 3069 1794 3121; x_wconf 79' lang='grc' dir='ltr'>ἵνα</span> <span class='ocrx_word' id='word_1_266' title='bbox 1823 3069 1922 3138; x_wconf 88' lang='grc' dir='ltr'>τῆς</span> 
     </span>
    </p>
   </div>
   <div class='ocr_carea' id='block_1_33' title="bbox 242 3154 1922 3227">
    <p class='ocr_par' dir='ltr' id='par_1_33' title="bbox 242 3154 1922 3227">
     <span class='ocr_line' id='line_1_33' title="bbox 242 3154 1922 3227; baseline 0.001 -20"><span class='ocrx_word' id='word_1_267' title='bbox 242 3155 499 3226; x_wconf 72' lang='grc' dir='ltr'>περὶτοῦ</span> <span class='ocrx_word' id='word_1_268' title='bbox 539 3155 665 3208; x_wconf 86' lang='grc' dir='ltr'>Λὼτ</span> <span class='ocrx_word' id='word_1_269' title='bbox 715 3154 1000 3227; x_wconf 81' lang='grc' dir='ltr'>ἀπαλλάξῃ</span> <span class='ocrx_word' id='word_1_270' title='bbox 1037 3155 1312 3226; x_wconf 89' lang='grc' dir='ltr'>φροντίδος</span> <span class='ocrx_word' id='word_1_271' title='bbox 1344 3167 1391 3217; x_wconf 70' lang='grc'>³,</span> <span class='ocrx_word' id='word_1_272' title='bbox 1445 3156 1643 3225; x_wconf 85' lang='grc' dir='ltr'>φησίν·</span> <span class='ocrx_word' id='word_1_273' title='bbox 1689 3157 1792 3209; x_wconf 84' lang='grc' dir='ltr'>Ἐν</span> <span class='ocrx_word' id='word_1_274' title='bbox 1844 3155 1922 3222; x_wconf 85' lang='grc' dir='ltr'>τῷ</span> 
     </span>
    </p>
   </div>
   <div class='ocr_carea' id='block_1_34' title="bbox 239 3242 1921 3314">
    <p class='ocr_par' dir='ltr' id='par_1_34' title="bbox 239 3242 1921 3314">
     <span class='ocr_line' id='line_1_34' title="bbox 239 3242 1921 3314; baseline 0.002 -17"><span class='ocrx_word' id='word_1_275' title='bbox 239 3243 516 3312; x_wconf 75' lang='grc' dir='ltr'>ἐκτρῖψαι</span> <span class='ocrx_word' id='word_1_276' title='bbox 542 3245 762 3312; x_wconf 82' lang='grc' dir='ltr'>Κύριον</span> <span class='ocrx_word' id='word_1_277' title='bbox 797 3245 902 3310; x_wconf 81' lang='grc' dir='ltr'>τὰς</span> <span class='ocrx_word' id='word_1_278' title='bbox 927 3246 1135 3310; x_wconf 80' lang='grc' dir='ltr'>πόλεις</span> <span class='ocrx_word' id='word_1_279' title='bbox 1169 3242 1276 3311; x_wconf 82' lang='grc' dir='ltr'>τῆς</span> <span class='ocrx_word' id='word_1_280' title='bbox 1303 3246 1623 3311; x_wconf 79' lang='grc' dir='ltr'>περιοίκου,</span> <span class='ocrx_word' id='word_1_281' title='bbox 1647 3244 1921 3314; x_wconf 81' lang='grc' dir='ltr'>ἐμνήσθη</span> 
     </span>
    </p>
   </div>
   <div class='ocr_carea' id='block_1_35' title="bbox 242 3331 1922 3402">
    <p class='ocr_par' dir='ltr' id='par_1_35' title="bbox 242 3331 1922 3402">
     <span class='ocr_line' id='line_1_35' title="bbox 242 3331 1922 3402; baseline -0.001 -16"><span class='ocrx_word' id='word_1_282' title='bbox 242 3334 280 3386; x_wconf 78' lang='grc' dir='ltr'><em>δ</em></span> <span class='ocrx_word' id='word_1_283' title='bbox 303 3332 450 3398; x_wconf 84' lang='grc' dir='ltr'>Θεὸς</span> <span class='ocrx_word' id='word_1_284' title='bbox 475 3332 586 3386; x_wconf 85' lang='grc' dir='ltr'>τοῦ</span> <span class='ocrx_word' id='word_1_285' title='bbox 644 3333 920 3402; x_wconf 83' lang='grc' dir='ltr'>Ἀϐραὰμ,</span> <span class='ocrx_word' id='word_1_286' title='bbox 975 3333 1073 3386; x_wconf 82' lang='grc' dir='ltr'>καὶ</span> <span class='ocrx_word' id='word_1_287' title='bbox 1129 3331 1520 3396; x_wconf 77' lang='grc' dir='ltr'>ἐξαπέστειλε</span> <span class='ocrx_word' id='word_1_288' title='bbox 1549 3331 1655 3385; x_wconf 82' lang='grc' dir='ltr'>τὸν</span> <span class='ocrx_word' id='word_1_289' title='bbox 1687 3335 1817 3386; x_wconf 87' lang='grc' dir='ltr'>Λὼτ</span> <span class='ocrx_word' id='word_1_290' title='bbox 1853 3332 1922 3385; x_wconf 69' lang='grc' dir='ltr'>ἐκ</span> 
     </span>
    </p>
   </div>
   <div class='ocr_carea' id='block_1_36' title="bbox 237 3417 1924 3489">
    <p class='ocr_par' dir='ltr' id='par_1_36' title="bbox 237 3417 1924 3489">
     <span class='ocr_line' id='line_1_36' title="bbox 237 3417 1924 3489; baseline -0.001 -17"><span class='ocrx_word' id='word_1_291' title='bbox 237 3419 438 3489; x_wconf 79' lang='grc' dir='ltr'>μέσου</span> <span class='ocrx_word' id='word_1_292' title='bbox 467 3419 582 3486; x_wconf 83' lang='grc' dir='ltr'>τῆς</span> <span class='ocrx_word' id='word_1_293' title='bbox 603 3417 1046 3487; x_wconf 67' lang='grc' dir='ltr'>καταστροφῆς.</span> <span class='ocrx_word' id='word_1_294' title='bbox 1074 3419 1138 3471; x_wconf 91' lang='grc' dir='ltr'>Τί</span> <span class='ocrx_word' id='word_1_295' title='bbox 1166 3421 1334 3480; x_wconf 85' lang='grc' dir='ltr'>ἐστιν,</span> <span class='ocrx_word' id='word_1_296' title='bbox 1370 3419 1676 3488; x_wconf 81' lang='grc' dir='ltr'>Ἐμνήσθη</span> <span class='ocrx_word' id='word_1_297' title='bbox 1709 3423 1742 3473; x_wconf 82' lang='grc' dir='ltr'><em>ὁ</em></span> <span class='ocrx_word' id='word_1_298' title='bbox 1781 3420 1924 3485; x_wconf 72' lang='grc' dir='ltr'>Θεὸς</span> 
     </span>
    </p>
   </div>
   <div class='ocr_carea' id='block_1_37' title="bbox 242 3500 1921 3576">
    <p class='ocr_par' dir='ltr' id='par_1_37' title="bbox 242 3500 1921 3576">
     <span class='ocr_line' id='line_1_37' title="bbox 242 3500 1921 3576; baseline 0.001 -21"><span class='ocrx_word' id='word_1_299' title='bbox 242 3502 354 3556; x_wconf 76' lang='grc' dir='ltr'>τοῦ</span> <span class='ocrx_word' id='word_1_300' title='bbox 400 3503 651 3572; x_wconf 78' lang='grc' dir='ltr'>Ἁϐραάμ</span> <span class='ocrx_word' id='word_1_301' title='bbox 677 3519 695 3566; x_wconf 90' lang='grc'><strong><em>;</em></strong></span> <span class='ocrx_word' id='word_1_302' title='bbox 726 3504 838 3573; x_wconf 86' lang='grc' dir='ltr'>Τῆς</span> <span class='ocrx_word' id='word_1_303' title='bbox 867 3503 1280 3574; x_wconf 85' lang='grc' dir='ltr'>παρακλήσεως,</span> <span class='ocrx_word' id='word_1_304' title='bbox 1307 3505 1491 3574; x_wconf 75' lang='grc' dir='ltr'>φησὶν,</span> <span class='ocrx_word' id='word_1_305' title='bbox 1513 3500 1580 3576; x_wconf 80' lang='grc' dir='ltr'>ἧς</span> <span class='ocrx_word' id='word_1_306' title='bbox 1610 3506 1921 3574; x_wconf 84' lang='grc' dir='ltr'>ἐποιήσατο,</span> 
     </span>
    </p>
   </div>
   <div class='ocr_carea' id='block_1_38' title="bbox 243 3589 1924 3659">
    <p class='ocr_par' dir='ltr' id='par_1_38' title="bbox 243 3589 1924 3659">
     <span class='ocr_line' id='line_1_38' title="bbox 243 3589 1924 3659; baseline 0 -16"><span class='ocrx_word' id='word_1_307' title='bbox 243 3589 442 3658; x_wconf 86' lang='grc' dir='ltr'>λέγων,</span> <span class='ocrx_word' id='word_1_308' title='bbox 471 3591 572 3658; x_wconf 80' lang='grc' dir='ltr'>Μὴ</span> <span class='ocrx_word' id='word_1_309' title='bbox 609 3591 1046 3656; x_wconf 77' lang='grc' dir='ltr'>συναπολέσῃς</span> <span class='ocrx_word' id='word_1_310' title='bbox 1079 3590 1314 3644; x_wconf 75' lang='grc' dir='ltr'>δίκαιον</span> <span class='ocrx_word' id='word_1_311' title='bbox 1357 3592 1509 3659; x_wconf 80' lang='grc' dir='ltr'>μετὰ</span> <span class='ocrx_word' id='word_1_312' title='bbox 1547 3592 1828 3656; x_wconf 81' lang='grc' dir='ltr'>ἀσεϐοῦς.</span> <span class='ocrx_word' id='word_1_313' title='bbox 1860 3593 1924 3644; x_wconf 89' lang='grc' dir='ltr'>Τί</span> 
     </span>
    </p>
   </div>
   <div class='ocr_carea' id='block_1_39' title="bbox 244 3676 1923 3750">
    <p class='ocr_par' dir='ltr' id='par_1_39' title="bbox 244 3676 1923 3750">
     <span class='ocr_line' id='line_1_39' title="bbox 244 3676 1923 3750; baseline -0.001 -19"><span class='ocrx_word' id='word_1_314' title='bbox 244 3676 363 3739; x_wconf 76' lang='grc' dir='ltr'>οὖν,</span> <span class='ocrx_word' id='word_1_315' title='bbox 388 3679 454 3732; x_wconf 80' lang='grc' dir='ltr'>ἂν</span> <span class='ocrx_word' id='word_1_316' title='bbox 484 3679 632 3731; x_wconf 83' lang='grc' dir='ltr'>εῐποι</span> <span class='ocrx_word' id='word_1_317' title='bbox 658 3695 763 3741; x_wconf 89' lang='grc' dir='ltr'>τις,</span> <span class='ocrx_word' id='word_1_318' title='bbox 809 3678 898 3731; x_wconf 90' lang='grc' dir='ltr'>διά</span> <span class='ocrx_word' id='word_1_319' title='bbox 923 3677 1021 3748; x_wconf 80' lang='grc' dir='ltr'>τὴν</span> <span class='ocrx_word' id='word_1_320' title='bbox 1065 3677 1407 3748; x_wconf 84' lang='grc' dir='ltr'>παράκλησιν</span> <span class='ocrx_word' id='word_1_321' title='bbox 1454 3679 1547 3731; x_wconf 92' lang='grc' dir='ltr'>τοῦ</span> <span class='ocrx_word' id='word_1_322' title='bbox 1584 3679 1923 3750; x_wconf 82' lang='grc' dir='ltr'>πατριάρχου</span> 
     </span>
    </p>
   </div>
   <div class='ocr_carea' id='block_1_40' title="bbox 245 3763 1922 3835">
    <p class='ocr_par' dir='ltr' id='par_1_40' title="bbox 245 3763 1922 3835">
     <span class='ocr_line' id='line_1_40' title="bbox 245 3763 1922 3835; baseline -0.002 -16"><span class='ocrx_word' id='word_1_323' title='bbox 245 3768 274 3819; x_wconf 89' lang='lat'>6</span> <span class='ocrx_word' id='word_1_324' title='bbox 313 3766 521 3828; x_wconf 82' lang='grc' dir='ltr'>δίκαιος</span> <span class='ocrx_word' id='word_1_325' title='bbox 544 3764 798 3835; x_wconf 85' lang='grc' dir='ltr'>διεσώθη,</span> <span class='ocrx_word' id='word_1_326' title='bbox 830 3764 925 3817; x_wconf 79' lang='grc' dir='ltr'>καὶ</span> <span class='ocrx_word' id='word_1_327' title='bbox 961 3764 1080 3834; x_wconf 77' lang='grc' dir='ltr'>οὐχὶ</span> <span class='ocrx_word' id='word_1_328' title='bbox 1121 3764 1207 3816; x_wconf 68' lang='grc' dir='ltr'>διὸ⁴</span> <span class='ocrx_word' id='word_1_329' title='bbox 1236 3763 1332 3833; x_wconf 82' lang='grc' dir='ltr'>τὴν</span> <span class='ocrx_word' id='word_1_330' title='bbox 1375 3764 1508 3817; x_wconf 85' lang='grc' dir='ltr'>ἰδίαν</span> <span class='ocrx_word' id='word_1_331' title='bbox 1541 3765 1922 3834; x_wconf 88' lang='grc' dir='ltr'>δικαιοσύνην;</span> 
     </span>
    </p>
   </div>
   <div class='ocr_carea' id='block_1_41' title="bbox 245 3851 1924 3924">
    <p class='ocr_par' dir='ltr' id='par_1_41' title="bbox 245 3851 1924 3924">
     <span class='ocr_line' id='line_1_41' title="bbox 245 3851 1924 3924; baseline -0.001 -18"><span class='ocrx_word' id='word_1_332' title='bbox 245 3853 378 3916; x_wconf 73' lang='grc' dir='ltr'>Ναὶ,</span> <span class='ocrx_word' id='word_1_333' title='bbox 412 3854 506 3906; x_wconf 82' lang='grc' dir='ltr'>καὶ</span> <span class='ocrx_word' id='word_1_334' title='bbox 561 3853 651 3906; x_wconf 78' lang='grc' dir='ltr'>διὰ</span> <span class='ocrx_word' id='word_1_335' title='bbox 680 3853 781 3924; x_wconf 85' lang='grc' dir='ltr'>τὴν</span> <span class='ocrx_word' id='word_1_336' title='bbox 813 3851 1158 3922; x_wconf 81' lang='grc' dir='ltr'>παράκλησιν</span> <span class='ocrx_word' id='word_1_337' title='bbox 1208 3852 1301 3903; x_wconf 84' lang='grc' dir='ltr'>τοῦ</span> <span class='ocrx_word' id='word_1_338' title='bbox 1365 3853 1738 3922; x_wconf 77' lang='grc' dir='ltr'>πατριάρχου·</span> <span class='ocrx_word' id='word_1_339' title='bbox 1797 3853 1924 3904; x_wconf 84' lang='grc' dir='ltr'>ὅταν</span> 
     </span>
    </p>
   </div>
   <div class='ocr_carea' id='block_1_42' title="bbox 247 3938 1923 4012">
    <p class='ocr_par' dir='ltr' id='par_1_42' title="bbox 247 3938 1923 4012">
     <span class='ocr_line' id='line_1_42' title="bbox 247 3938 1923 4012; baseline 0.001 -21"><span class='ocrx_word' id='word_1_340' title='bbox 247 3940 359 4010; x_wconf 73' lang='grc' dir='ltr'>γὰρ</span> <span class='ocrx_word' id='word_1_341' title='bbox 383 3940 450 3993; x_wconf 73' lang='grc' dir='ltr'>τὰ</span> <span class='ocrx_word' id='word_1_342' title='bbox 474 3941 606 4012; x_wconf 87' lang='grc' dir='ltr'>παρ’</span> <span class='ocrx_word' id='word_1_343' title='bbox 640 3939 849 3992; x_wconf 78' lang='grc' dir='ltr'>ἑαυτῶν</span> <span class='ocrx_word' id='word_1_344' title='bbox 881 3938 1401 4008; x_wconf 86' lang='grc' dir='ltr'>συνεισενέγκωμεν,</span> <span class='ocrx_word' id='word_1_345' title='bbox 1432 3939 1524 3991; x_wconf 77' lang='grc' dir='ltr'>καὶ</span> <span class='ocrx_word' id='word_1_346' title='bbox 1551 3941 1583 4010; x_wconf 89' lang='grc' dir='ltr'>ή</span> <span class='ocrx_word' id='word_1_347' title='bbox 1630 3938 1782 4010; x_wconf 85' lang='grc' dir='ltr'>παρά</span> <span class='ocrx_word' id='word_1_348' title='bbox 1818 3938 1923 3992; x_wconf 89' lang='grc' dir='ltr'>τῶν</span> 
     </span>
    </p>
   </div>
   <div class='ocr_carea' id='block_1_43' title="bbox 247 4026 1924 4100">
    <p class='ocr_par' dir='ltr' id='par_1_43' title="bbox 247 4026 1924 4100">
     <span class='ocr_line' id='line_1_43' title="bbox 247 4026 1924 4100; baseline -0.002 -18"><span class='ocrx_word' id='word_1_349' title='bbox 247 4028 476 4082; x_wconf 79' lang='grc' dir='ltr'>δικαίων</span> <span class='ocrx_word' id='word_1_350' title='bbox 510 4027 659 4100; x_wconf 62' lang='grc'><strong>[449]</strong></span> <span class='ocrx_word' id='word_1_351' title='bbox 683 4026 948 4098; x_wconf 89' lang='grc' dir='ltr'>πρεσϐεία</span> <span class='ocrx_word' id='word_1_352' title='bbox 964 4027 1033 4079; x_wconf 81' lang='grc' dir='ltr'>τά</span> <span class='ocrx_word' id='word_1_353' title='bbox 1063 4027 1296 4096; x_wconf 88' lang='grc' dir='ltr'>μέγιστα</span> <span class='ocrx_word' id='word_1_354' title='bbox 1323 4027 1470 4096; x_wconf 79' lang='grc' dir='ltr'>ἡμᾶς</span> <span class='ocrx_word' id='word_1_355' title='bbox 1495 4027 1754 4097; x_wconf 82' lang='grc' dir='ltr'>ὀνίνησιν.</span> <span class='ocrx_word' id='word_1_356' title='bbox 1773 4027 1924 4078; x_wconf 80' lang='grc' dir='ltr'>Ἐπεὶ</span> 
     </span>
    </p>
   </div>
   <div class='ocr_carea' id='block_1_44' title="bbox 249 4113 1925 4187">
    <p class='ocr_par' dir='ltr' id='par_1_44' title="bbox 249 4113 1925 4187">
     <span class='ocr_line' id='line_1_44' title="bbox 249 4113 1925 4187; baseline -0.002 -19"><span class='ocrx_word' id='word_1_357' title='bbox 249 4117 347 4168; x_wconf 78' lang='grc' dir='ltr'>ἐὰν</span> <span class='ocrx_word' id='word_1_358' title='bbox 377 4116 533 4169; x_wconf 73' lang='grc' dir='ltr'>αὐτοὶ</span> <span class='ocrx_word' id='word_1_359' title='bbox 559 4116 658 4186; x_wconf 74' lang='grc' dir='ltr'>μὲν</span> <span class='ocrx_word' id='word_1_360' title='bbox 695 4114 1052 4187; x_wconf 69' lang='grc' dir='ltr'>ῥᾳθυμῶμεν,</span> <span class='ocrx_word' id='word_1_361' title='bbox 1085 4113 1180 4177; x_wconf 78' lang='grc' dir='ltr'>τὰς</span> <span class='ocrx_word' id='word_1_362' title='bbox 1203 4113 1257 4166; x_wconf 81' lang='grc' dir='ltr'>δὲ</span> <span class='ocrx_word' id='word_1_363' title='bbox 1283 4113 1502 4175; x_wconf 80' lang='grc' dir='ltr'>ἐλπίδας</span> <span class='ocrx_word' id='word_1_364' title='bbox 1527 4113 1626 4184; x_wconf 89' lang='grc' dir='ltr'>τῆς</span> <span class='ocrx_word' id='word_1_365' title='bbox 1652 4113 1925 4184; x_wconf 77' lang='grc' dir='ltr'>ἡμετέρας</span> 
     </span>
    </p>
   </div>
   <div class='ocr_carea' id='block_1_45' title="bbox 251 4201 1926 4274">
    <p class='ocr_par' dir='ltr' id='par_1_45' title="bbox 251 4201 1926 4274">
     <span class='ocr_line' id='line_1_45' title="bbox 251 4201 1926 4274; baseline -0.003 -17"><span class='ocrx_word' id='word_1_366' title='bbox 251 4204 528 4274; x_wconf 78' lang='grc' dir='ltr'>σωτηρίας</span> <span class='ocrx_word' id='word_1_367' title='bbox 577 4205 664 4256; x_wconf 79' lang='grc' dir='ltr'>ἐπ’</span> <span class='ocrx_word' id='word_1_368' title='bbox 719 4202 950 4265; x_wconf 86' lang='grc' dir='ltr'>ἐκείνοις</span> <span class='ocrx_word' id='word_1_369' title='bbox 1011 4201 1193 4272; x_wconf 86' lang='grc' dir='ltr'>μόνοις</span> <span class='ocrx_word' id='word_1_370' title='bbox 1244 4201 1543 4271; x_wconf 81' lang='grc' dir='ltr'>ποιώμεθα,</span> <span class='ocrx_word' id='word_1_371' title='bbox 1593 4201 1744 4254; x_wconf 77' lang='grc' dir='ltr'>οὐδὲν</span> <span class='ocrx_word' id='word_1_372' title='bbox 1795 4203 1926 4272; x_wconf 89' lang='grc' dir='ltr'>ήμῖν</span> 
     </span>
    </p>
   </div>
   <div class='ocr_carea' id='block_1_46' title="bbox 250 4287 1925 4360">
    <p class='ocr_par' dir='ltr' id='par_1_46' title="bbox 250 4287 1925 4360">
     <span class='ocr_line' id='line_1_46' title="bbox 250 4287 1925 4360; baseline -0.002 -16"><span class='ocrx_word' id='word_1_373' title='bbox 250 4291 406 4344; x_wconf 73' lang='grc' dir='ltr'>ἔσται</span> <span class='ocrx_word' id='word_1_374' title='bbox 439 4291 631 4344; x_wconf 82' lang='grc' dir='ltr'>πλέον’</span> <span class='ocrx_word' id='word_1_375' title='bbox 663 4290 763 4344; x_wconf 74' lang='grc' dir='ltr'>οὐκ</span> <span class='ocrx_word' id='word_1_376' title='bbox 791 4290 976 4360; x_wconf 82' lang='grc' dir='ltr'>ἐπειδὴ</span> <span class='ocrx_word' id='word_1_377' title='bbox 1003 4289 1247 4352; x_wconf 83' lang='grc' dir='ltr'>ἀσθενεῖς</span> <span class='ocrx_word' id='word_1_378' title='bbox 1279 4290 1326 4340; x_wconf 89' lang='grc' dir='ltr'>οἰ</span> <span class='ocrx_word' id='word_1_379' title='bbox 1350 4290 1567 4349; x_wconf 88' lang='grc' dir='ltr'>δίκαιοι,</span> <span class='ocrx_word' id='word_1_380' title='bbox 1601 4289 1715 4341; x_wconf 86' lang='grc' dir='ltr'>ἀλλ’</span> <span class='ocrx_word' id='word_1_381' title='bbox 1738 4287 1925 4359; x_wconf 83' lang='grc' dir='ltr'>ἐπειδὴ</span> 
     </span>
    </p>
   </div>
   <div class='ocr_carea' id='block_1_47' title="bbox 247 4377 1818 4450">
    <p class='ocr_par' dir='ltr' id='par_1_47' title="bbox 247 4377 1818 4450">
     <span class='ocr_line' id='line_1_47' title="bbox 247 4377 1818 4450; baseline -0.002 -19"><span class='ocrx_word' id='word_1_382' title='bbox 247 4382 414 4450; x_wconf 78' lang='grc' dir='ltr'>ἡμεῖς</span> <span class='ocrx_word' id='word_1_383' title='bbox 441 4379 531 4432; x_wconf 78' lang='grc' dir='ltr'>διὰ</span> <span class='ocrx_word' id='word_1_384' title='bbox 561 4379 661 4450; x_wconf 89' lang='grc' dir='ltr'>τῆς</span> <span class='ocrx_word' id='word_1_385' title='bbox 685 4378 893 4440; x_wconf 74' lang='grc' dir='ltr'>οἰκείας</span> <span class='ocrx_word' id='word_1_386' title='bbox 925 4377 1194 4448; x_wconf 65' lang='grc' dir='ltr'>ῥᾳθυμίας</span> <span class='ocrx_word' id='word_1_387' title='bbox 1221 4378 1444 4438; x_wconf 75' lang='grc' dir='ltr'>ἑαυτοὺς</span> <span class='ocrx_word' id='word_1_388' title='bbox 1477 4377 1818 4448; x_wconf 89' lang='grc' dir='ltr'>προδίδομεν.</span> 
     </span>
    </p>
   </div>
   <div class='ocr_carea' id='block_1_48' title="bbox 328 4463 1925 4537">
    <p class='ocr_par' dir='ltr' id='par_1_48' title="bbox 328 4463 1925 4537">
     <span class='ocr_line' id='line_1_48' title="bbox 328 4463 1925 4537; baseline -0.004 -16"><span class='ocrx_word' id='word_1_389' title='bbox 328 4467 394 4537; x_wconf 80' lang='grc' dir='ltr'>β’.</span> <span class='ocrx_word' id='word_1_390' title='bbox 439 4469 548 4521; x_wconf 74' lang='grc' dir='ltr'>Καὶ</span> <span class='ocrx_word' id='word_1_391' title='bbox 591 4467 678 4520; x_wconf 83' lang='grc' dir='ltr'>ῖνα</span> <span class='ocrx_word' id='word_1_392' title='bbox 724 4465 901 4536; x_wconf 72' lang='grc' dir='ltr'>μάθῃς</span> <span class='ocrx_word' id='word_1_393' title='bbox 938 4466 1052 4527; x_wconf 77' lang='grc' dir='ltr'>ὅτι,</span> <span class='ocrx_word' id='word_1_394' title='bbox 1089 4465 1216 4517; x_wconf 83' lang='grc' dir='ltr'>ὅταν</span> <span class='ocrx_word' id='word_1_395' title='bbox 1249 4463 1564 4534; x_wconf 87' lang='grc' dir='ltr'>ἀμελῶμεν,</span> <span class='ocrx_word' id='word_1_396' title='bbox 1601 4464 1704 4517; x_wconf 79' lang='grc' dir='ltr'>κᾶν</span> <span class='ocrx_word' id='word_1_397' title='bbox 1728 4465 1925 4516; x_wconf 88' lang='grc' dir='ltr'>δίκαιοι</span> 
     </span>
    </p>
   </div>
   <div class='ocr_carea' id='block_1_49' title="bbox 250 4547 1923 4624">
    <p class='ocr_par' dir='ltr' id='par_1_49' title="bbox 250 4547 1923 4624">
     <span class='ocr_line' id='line_1_49' title="bbox 250 4547 1923 4624; baseline -0.003 -17"><span class='ocrx_word' id='word_1_398' title='bbox 250 4547 386 4608; x_wconf 76' lang='grc' dir='ltr'>ὦσιν</span> <span class='ocrx_word' id='word_1_399' title='bbox 426 4557 474 4607; x_wconf 90' lang='grc' dir='ltr'>οἰ</span> <span class='ocrx_word' id='word_1_400' title='bbox 523 4553 664 4624; x_wconf 84' lang='grc' dir='ltr'>ὑπὲρ</span> <span class='ocrx_word' id='word_1_401' title='bbox 694 4552 850 4622; x_wconf 83' lang='grc' dir='ltr'>ἡμῶν</span> <span class='ocrx_word' id='word_1_402' title='bbox 903 4549 1348 4622; x_wconf 88' lang='grc' dir='ltr'>παρακαλοῦντες</span> <span class='ocrx_word' id='word_1_403' title='bbox 1376 4591 1391 4616; x_wconf 93' lang='grc'>,</span> <span class='ocrx_word' id='word_1_404' title='bbox 1437 4550 1538 4604; x_wconf 82' lang='grc' dir='ltr'>κᾶν</span> <span class='ocrx_word' id='word_1_405' title='bbox 1607 4551 1882 4621; x_wconf 85' lang='grc' dir='ltr'>προφῆται</span> <span class='ocrx_word' id='word_1_406' title='bbox 1907 4589 1923 4614; x_wconf 95' lang='grc'>,</span> 
     </span>
    </p>
   </div>
   <div class='ocr_carea' id='block_1_50' title="bbox 248 4640 1927 4713">
    <p class='ocr_par' dir='ltr' id='par_1_50' title="bbox 248 4640 1927 4713">
     <span class='ocr_line' id='line_1_50' title="bbox 248 4640 1927 4713; baseline -0.004 -15"><span class='ocrx_word' id='word_1_407' title='bbox 248 4645 404 4698; x_wconf 76' lang='grc' dir='ltr'>οὐδὲν</span> <span class='ocrx_word' id='word_1_408' title='bbox 435 4646 565 4713; x_wconf 88' lang='grc' dir='ltr'>ήμῖν</span> <span class='ocrx_word' id='word_1_409' title='bbox 599 4646 664 4696; x_wconf 88' lang='grc' dir='ltr'>ἐκ</span> <span class='ocrx_word' id='word_1_410' title='bbox 685 4643 873 4696; x_wconf 88' lang='grc' dir='ltr'>τούτου</span> <span class='ocrx_word' id='word_1_411' title='bbox 902 4641 1092 4710; x_wconf 78' lang='grc' dir='ltr'>δφελος</span> <span class='ocrx_word' id='word_1_412' title='bbox 1123 4641 1330 4709; x_wconf 88' lang='grc' dir='ltr'>γίνεται</span> <span class='ocrx_word' id='word_1_413' title='bbox 1384 4640 1614 4711; x_wconf 89' lang='grc' dir='ltr'>(ἐκεῖνοι</span> <span class='ocrx_word' id='word_1_414' title='bbox 1670 4642 1768 4710; x_wconf 85' lang='grc' dir='ltr'>μὲν</span> <span class='ocrx_word' id='word_1_415' title='bbox 1816 4640 1927 4711; x_wconf 82' lang='grc' dir='ltr'>γὰρ</span> 
     </span>
    </p>
   </div>
   <div class='ocr_carea' id='block_1_51' title="bbox 250 4726 1925 4801">
    <p class='ocr_par' dir='ltr' id='par_1_51' title="bbox 250 4726 1925 4801">
     <span class='ocr_line' id='line_1_51' title="bbox 250 4726 1925 4801; baseline -0.002 -18"><span class='ocrx_word' id='word_1_416' title='bbox 250 4733 352 4801; x_wconf 81' lang='grc' dir='ltr'>τὴν</span> <span class='ocrx_word' id='word_1_417' title='bbox 384 4731 592 4783; x_wconf 87' lang='grc' dir='ltr'>ἐαυτῶν</span> <span class='ocrx_word' id='word_1_418' title='bbox 624 4730 824 4801; x_wconf 85' lang='grc' dir='ltr'>ἀρετὴν</span> <span class='ocrx_word' id='word_1_419' title='bbox 851 4730 944 4783; x_wconf 76' lang='grc' dir='ltr'>καὶ</span> <span class='ocrx_word' id='word_1_420' title='bbox 975 4728 1064 4782; x_wconf 89' lang='grc' dir='ltr'>διά</span> <span class='ocrx_word' id='word_1_421' title='bbox 1091 4728 1296 4780; x_wconf 86' lang='grc' dir='ltr'>τούτων</span> <span class='ocrx_word' id='word_1_422' title='bbox 1329 4726 1744 4791; x_wconf 87' lang='grc' dir='ltr'>ἐπιδείκνυνται,</span> <span class='ocrx_word' id='word_1_423' title='bbox 1795 4729 1925 4797; x_wconf 85' lang='grc' dir='ltr'>ήμῖν</span> 
     </span>
    </p>
   </div>
   <div class='ocr_carea' id='block_1_52' title="bbox 251 4813 1928 4888">
    <p class='ocr_par' dir='ltr' id='par_1_52' title="bbox 251 4813 1928 4888">
     <span class='ocr_line' id='line_1_52' title="bbox 251 4813 1928 4888; baseline -0.004 -17"><span class='ocrx_word' id='word_1_424' title='bbox 251 4819 312 4871; x_wconf 82' lang='grc' dir='ltr'>δὲ</span> <span class='ocrx_word' id='word_1_425' title='bbox 337 4817 564 4888; x_wconf 81' lang='grc' dir='ltr'>οὐδεμία</span> <span class='ocrx_word' id='word_1_426' title='bbox 591 4817 743 4870; x_wconf 72' lang='grc' dir='ltr'>ἔσται</span> <span class='ocrx_word' id='word_1_427' title='bbox 781 4817 966 4887; x_wconf 74' lang='grc' dir='ltr'>ὄνησις</span> <span class='ocrx_word' id='word_1_428' title='bbox 1007 4815 1096 4869; x_wconf 88' lang='grc' dir='ltr'>διά</span> <span class='ocrx_word' id='word_1_429' title='bbox 1122 4815 1212 4868; x_wconf 85' lang='grc' dir='ltr'>τὸν</span> <span class='ocrx_word' id='word_1_430' title='bbox 1238 4816 1434 4867; x_wconf 84' lang='grc' dir='ltr'>οἰκεῖον</span> <span class='ocrx_word' id='word_1_431' title='bbox 1463 4813 1717 4884; x_wconf 88' lang='grc' dir='ltr'>τρόπον),</span> <span class='ocrx_word' id='word_1_432' title='bbox 1765 4813 1928 4867; x_wconf 84' lang='grc' dir='ltr'>ἀκου-</span> 
     </span>
    </p>
   </div>
   <div class='ocr_carea' id='block_1_53' title="bbox 254 4901 1925 4974">
    <p class='ocr_par' dir='ltr' id='par_1_53' title="bbox 254 4901 1925 4974">
     <span class='ocr_line' id='line_1_53' title="bbox 254 4901 1925 4974; baseline -0.003 -15"><span class='ocrx_word' id='word_1_433' title='bbox 254 4924 348 4960; x_wconf 90' lang='grc' dir='ltr'>σον</span> <span class='ocrx_word' id='word_1_434' title='bbox 376 4907 470 4959; x_wconf 86' lang='grc' dir='ltr'>τοῦ</span> <span class='ocrx_word' id='word_1_435' title='bbox 496 4905 604 4958; x_wconf 90' lang='grc' dir='ltr'>τῶν</span> <span class='ocrx_word' id='word_1_436' title='bbox 628 4906 765 4958; x_wconf 84' lang='grc' dir='ltr'>ὅλων</span> <span class='ocrx_word' id='word_1_437' title='bbox 803 4904 936 4958; x_wconf 84' lang='grc' dir='ltr'>Θεοῦ</span> <span class='ocrx_word' id='word_1_438' title='bbox 957 4905 1092 4974; x_wconf 76' lang='grc' dir='ltr'>πρὸς</span> <span class='ocrx_word' id='word_1_439' title='bbox 1117 4904 1209 4956; x_wconf 83' lang='grc' dir='ltr'>τὸν</span> <span class='ocrx_word' id='word_1_440' title='bbox 1243 4904 1307 4957; x_wconf 82' lang='grc' dir='ltr'>ἐκ</span> <span class='ocrx_word' id='word_1_441' title='bbox 1340 4901 1551 4964; x_wconf 82' lang='grc' dir='ltr'>κοιλίας</span> <span class='ocrx_word' id='word_1_442' title='bbox 1595 4901 1925 4970; x_wconf 85' lang='grc' dir='ltr'>ἀγιασθέντα</span> 
     </span>
    </p>
   </div>
   <div class='ocr_carea' id='block_1_54' title="bbox 261 4988 1927 5064">
    <p class='ocr_par' dir='ltr' id='par_1_54' title="bbox 261 4988 1927 5064">
     <span class='ocr_line' id='line_1_54' title="bbox 261 4988 1927 5064; baseline -0.004 -17"><span class='ocrx_word' id='word_1_443' title='bbox 261 4995 535 5064; x_wconf 87' lang='grc' dir='ltr'>Ἱερεμίαν</span> <span class='ocrx_word' id='word_1_444' title='bbox 555 4993 646 5047; x_wconf 79' lang='grc' dir='ltr'>τὸν</span> <span class='ocrx_word' id='word_1_445' title='bbox 676 4995 961 5064; x_wconf 77' lang='grc' dir='ltr'>προφήτην</span> <span class='ocrx_word' id='word_1_446' title='bbox 990 4991 1215 5060; x_wconf 88' lang='grc' dir='ltr'>λέγοντα</span> <span class='ocrx_word' id='word_1_447' title='bbox 1239 5007 1253 5022; x_wconf 86' lang='grc'><strong>·</strong></span> <span class='ocrx_word' id='word_1_448' title='bbox 1282 4989 1376 5059; x_wconf 78' lang='grc' dir='ltr'>Μὴ</span> <span class='ocrx_word' id='word_1_449' title='bbox 1411 4991 1754 5059; x_wconf 80' lang='grc' dir='ltr'>προσεύχου</span> <span class='ocrx_word' id='word_1_450' title='bbox 1800 4988 1927 5058; x_wconf 79' lang='grc' dir='ltr'>περὶ</span> 
     </span>
    </p>
   </div>
   <div class='ocr_carea' id='block_1_55' title="bbox 251 5077 1926 5146">
    <p class='ocr_par' dir='ltr' id='par_1_55' title="bbox 251 5077 1926 5146">
     <span class='ocr_line' id='line_1_55' title="bbox 251 5077 1926 5146; baseline -0.003 -10"><span class='ocrx_word' id='word_1_451' title='bbox 251 5083 363 5136; x_wconf 82' lang='grc' dir='ltr'>τοῦ</span> <span class='ocrx_word' id='word_1_452' title='bbox 413 5081 568 5136; x_wconf 73' lang='grc' dir='ltr'>λαοῦ</span> <span class='ocrx_word' id='word_1_453' title='bbox 598 5082 835 5145; x_wconf 84' lang='grc' dir='ltr'>τούτου,</span> <span class='ocrx_word' id='word_1_454' title='bbox 887 5079 977 5134; x_wconf 85' lang='grc' dir='ltr'>ὅτι</span> <span class='ocrx_word' id='word_1_455' title='bbox 1005 5081 1116 5132; x_wconf 84' lang='grc' dir='ltr'>οὐκ</span> <span class='ocrx_word' id='word_1_456' title='bbox 1149 5077 1584 5145; x_wconf 78' lang='grc' dir='ltr'>είσακούσομαί</span> <span class='ocrx_word' id='word_1_457' title='bbox 1604 5093 1738 5130; x_wconf 91' lang='grc' dir='ltr'>σου.</span> <span class='ocrx_word' id='word_1_458' title='bbox 1783 5077 1926 5146; x_wconf 85' lang='grc' dir='ltr'>Ὅρα</span> 
     </span>
    </p>
   </div>
   <div class='ocr_carea' id='block_1_56' title="bbox 250 5163 1927 5237">
    <p class='ocr_par' dir='ltr' id='par_1_56' title="bbox 250 5163 1927 5237">
     <span class='ocr_line' id='line_1_56' title="bbox 250 5163 1927 5237; baseline -0.003 -16"><span class='ocrx_word' id='word_1_459' title='bbox 250 5168 348 5221; x_wconf 72' lang='grc' dir='ltr'>τοῦ</span> <span class='ocrx_word' id='word_1_460' title='bbox 372 5169 641 5221; x_wconf 76' lang='grc' dir='ltr'>Δεσπότου</span> <span class='ocrx_word' id='word_1_461' title='bbox 669 5165 1079 5237; x_wconf 86' lang='grc' dir='ltr'>φιλανθρωπίαν</span> <span class='ocrx_word' id='word_1_462' title='bbox 1097 5183 1112 5198; x_wconf 92' lang='grc'><strong>·</strong></span> <span class='ocrx_word' id='word_1_463' title='bbox 1140 5165 1393 5236; x_wconf 79' lang='grc' dir='ltr'>προλέγει</span> <span class='ocrx_word' id='word_1_464' title='bbox 1425 5163 1504 5234; x_wconf 82' lang='grc' dir='ltr'>τῷ</span> <span class='ocrx_word' id='word_1_465' title='bbox 1535 5164 1805 5235; x_wconf 84' lang='grc' dir='ltr'>προφήτῃ,</span> <span class='ocrx_word' id='word_1_466' title='bbox 1839 5163 1927 5216; x_wconf 83' lang='grc' dir='ltr'>ἵνα</span> 
     </span>
    </p>
   </div>
   <div class='ocr_carea' id='block_1_57' title="bbox 256 5249 1926 5325">
    <p class='ocr_par' dir='ltr' id='par_1_57' title="bbox 256 5249 1926 5325">
     <span class='ocr_line' id='line_1_57' title="bbox 256 5249 1926 5325; baseline -0.005 -15"><span class='ocrx_word' id='word_1_467' title='bbox 256 5268 336 5325; x_wconf 86' lang='grc' dir='ltr'>μη</span> <span class='ocrx_word' id='word_1_468' title='bbox 371 5256 510 5325; x_wconf 85' lang='grc' dir='ltr'>μετά</span> <span class='ocrx_word' id='word_1_469' title='bbox 551 5255 613 5306; x_wconf 81' lang='grc' dir='ltr'>τὸ</span> <span class='ocrx_word' id='word_1_470' title='bbox 657 5250 1059 5324; x_wconf 83' lang='grc' dir='ltr'>προσεύξασθαι</span> <span class='ocrx_word' id='word_1_471' title='bbox 1119 5251 1558 5322; x_wconf 80' lang='grc' dir='ltr'>παρακουσθεὶς,</span> <span class='ocrx_word' id='word_1_472' title='bbox 1608 5249 1801 5321; x_wconf 82' lang='grc' dir='ltr'>νομίσῃ</span> <span class='ocrx_word' id='word_1_473' title='bbox 1844 5251 1926 5302; x_wconf 84' lang='grc' dir='ltr'>ὅτι</span> 
     </span>
    </p>
   </div>
   <div class='ocr_carea' id='block_1_58' title="bbox 250 5336 1927 5413">
    <p class='ocr_par' dir='ltr' id='par_1_58' title="bbox 250 5336 1927 5413">
     <span class='ocr_line' id='line_1_58' title="bbox 250 5336 1927 5413; baseline -0.003 -17"><span class='ocrx_word' id='word_1_474' title='bbox 250 5343 347 5396; x_wconf 76' lang='grc' dir='ltr'>διὰ</span> <span class='ocrx_word' id='word_1_475' title='bbox 367 5341 465 5413; x_wconf 80' lang='grc' dir='ltr'>τὴν</span> <span class='ocrx_word' id='word_1_476' title='bbox 495 5343 625 5412; x_wconf 84' lang='grc' dir='ltr'>παρ’</span> <span class='ocrx_word' id='word_1_477' title='bbox 661 5339 830 5394; x_wconf 86' lang='grc' dir='ltr'>αὑτοῦ</span> <span class='ocrx_word' id='word_1_478' title='bbox 863 5339 1040 5392; x_wconf 89' lang='grc' dir='ltr'>αἰτίαν</span> <span class='ocrx_word' id='word_1_479' title='bbox 1067 5337 1226 5390; x_wconf 91' lang='grc' dir='ltr'>τοῦτο</span> <span class='ocrx_word' id='word_1_480' title='bbox 1270 5339 1582 5407; x_wconf 90' lang='grc' dir='ltr'>γεγένηται.</span> <span class='ocrx_word' id='word_1_481' title='bbox 1634 5336 1734 5389; x_wconf 86' lang='grc' dir='ltr'>Διά</span> <span class='ocrx_word' id='word_1_482' title='bbox 1770 5339 1927 5391; x_wconf 83' lang='grc' dir='ltr'>τοῦτο</span> 
     </span>
    </p>
   </div>
   <div class='ocr_carea' id='block_1_59' title="bbox 254 5422 1925 5498">
    <p class='ocr_par' dir='ltr' id='par_1_59' title="bbox 254 5422 1925 5498">
     <span class='ocr_line' id='line_1_59' title="bbox 254 5422 1925 5498; baseline -0.002 -18"><span class='ocrx_word' id='word_1_483' title='bbox 254 5428 364 5496; x_wconf 69' lang='grc' dir='ltr'>ἥδη</span> <span class='ocrx_word' id='word_1_484' title='bbox 391 5425 698 5498; x_wconf 87' lang='grc' dir='ltr'>προμηνύει</span> <span class='ocrx_word' id='word_1_485' title='bbox 730 5425 879 5496; x_wconf 86' lang='grc' dir='ltr'>αὑτῷ</span> <span class='ocrx_word' id='word_1_486' title='bbox 903 5425 1002 5496; x_wconf 82' lang='grc' dir='ltr'>τὴν</span> <span class='ocrx_word' id='word_1_487' title='bbox 1027 5423 1224 5478; x_wconf 88' lang='grc' dir='ltr'>κακίαν</span> <span class='ocrx_word' id='word_1_488' title='bbox 1255 5422 1348 5475; x_wconf 89' lang='grc' dir='ltr'>τοῦ</span> <span class='ocrx_word' id='word_1_489' title='bbox 1375 5423 1528 5485; x_wconf 87' lang='grc' dir='ltr'>λαοῦ,</span> <span class='ocrx_word' id='word_1_490' title='bbox 1557 5423 1652 5475; x_wconf 75' lang='grc' dir='ltr'>καὶ</span> <span class='ocrx_word' id='word_1_491' title='bbox 1679 5423 1925 5477; x_wconf 82' lang='grc' dir='ltr'>διαστέλ-</span> 
     </span>
    </p>
   </div>
   <div class='ocr_carea' id='block_1_60' title="bbox 251 5510 1927 5586">
    <p class='ocr_par' dir='ltr' id='par_1_60' title="bbox 251 5510 1927 5586">
     <span class='ocr_line' id='line_1_60' title="bbox 251 5510 1927 5586; baseline -0.002 -18"><span class='ocrx_word' id='word_1_492' title='bbox 251 5515 408 5568; x_wconf 87' lang='grc' dir='ltr'>λεται</span> <span class='ocrx_word' id='word_1_493' title='bbox 441 5516 517 5586; x_wconf 80' lang='grc' dir='ltr'>μή</span> <span class='ocrx_word' id='word_1_494' title='bbox 563 5513 968 5586; x_wconf 85' lang='grc' dir='ltr'>προσεύξασθαι</span> <span class='ocrx_word' id='word_1_495' title='bbox 991 5552 1006 5577; x_wconf 96' lang='grc'>,</span> <span class='ocrx_word' id='word_1_496' title='bbox 1043 5512 1128 5565; x_wconf 84' lang='grc' dir='ltr'>ἵνα</span> <span class='ocrx_word' id='word_1_497' title='bbox 1157 5511 1252 5564; x_wconf 74' lang='grc' dir='ltr'>καὶ</span> <span class='ocrx_word' id='word_1_498' title='bbox 1283 5511 1442 5573; x_wconf 75' lang='grc' dir='ltr'>αὐτὸς</span> <span class='ocrx_word' id='word_1_499' title='bbox 1473 5510 1668 5564; x_wconf 88' lang='grc' dir='ltr'>εἰδέναι</span> <span class='ocrx_word' id='word_1_500' title='bbox 1704 5510 1800 5582; x_wconf 77' lang='grc' dir='ltr'>ἔχῃ</span> <span class='ocrx_word' id='word_1_501' title='bbox 1828 5511 1927 5581; x_wconf 86' lang='grc' dir='ltr'>τῆς</span> 
     </span>
    </p>
   </div>
   <div class='ocr_carea' id='block_1_61' title="bbox 253 5597 1928 5673">
    <p class='ocr_par' dir='ltr' id='par_1_61' title="bbox 253 5597 1928 5673">
     <span class='ocr_line' id='line_1_61' title="bbox 253 5597 1928 5673; baseline -0.002 -20"><span class='ocrx_word' id='word_1_502' title='bbox 253 5603 524 5672; x_wconf 74' lang='grc' dir='ltr'>πονηρίας</span> <span class='ocrx_word' id='word_1_503' title='bbox 565 5602 790 5656; x_wconf 87' lang='grc' dir='ltr'>ἐκείνων</span> <span class='ocrx_word' id='word_1_504' title='bbox 840 5603 932 5673; x_wconf 83' lang='grc' dir='ltr'>τὴν</span> <span class='ocrx_word' id='word_1_505' title='bbox 973 5601 1242 5662; x_wconf 82' lang='grc' dir='ltr'>ἐπίτασιν,</span> <span class='ocrx_word' id='word_1_506' title='bbox 1291 5599 1532 5651; x_wconf 84' lang='grc' dir='ltr'>κάκεῖνοι</span> <span class='ocrx_word' id='word_1_507' title='bbox 1575 5597 1816 5668; x_wconf 87' lang='grc' dir='ltr'>μάθωσιν</span> <span class='ocrx_word' id='word_1_508' title='bbox 1854 5599 1928 5661; x_wconf 80' lang='grc' dir='ltr'>ὡς</span> 
     </span>
    </p>
   </div>
   <div class='ocr_carea' id='block_1_62' title="bbox 251 5684 1927 5759">
    <p class='ocr_par' dir='ltr' id='par_1_62' title="bbox 251 5684 1927 5759">
     <span class='ocr_line' id='line_1_62' title="bbox 251 5684 1927 5759; baseline -0.002 -17"><span class='ocrx_word' id='word_1_509' title='bbox 251 5689 410 5742; x_wconf 79' lang='grc' dir='ltr'>οὐδὲν</span> <span class='ocrx_word' id='word_1_510' title='bbox 438 5690 621 5753; x_wconf 83' lang='grc' dir='ltr'>αὐτοῖς</span> <span class='ocrx_word' id='word_1_511' title='bbox 649 5691 678 5741; x_wconf 93' lang='lat'>6</span> <span class='ocrx_word' id='word_1_512' title='bbox 709 5691 994 5759; x_wconf 80' lang='grc' dir='ltr'>προφήτης</span> <span class='ocrx_word' id='word_1_513' title='bbox 1024 5685 1422 5757; x_wconf 89' lang='grc' dir='ltr'>συμϐάλλεται,</span> <span class='ocrx_word' id='word_1_514' title='bbox 1457 5685 1505 5736; x_wconf 86' lang='grc' dir='ltr'>εἰ</span> <span class='ocrx_word' id='word_1_515' title='bbox 1541 5684 1614 5754; x_wconf 82' lang='grc' dir='ltr'>μὴ</span> <span class='ocrx_word' id='word_1_516' title='bbox 1649 5687 1742 5738; x_wconf 73' lang='grc' dir='ltr'>καί</span> <span class='ocrx_word' id='word_1_517' title='bbox 1774 5687 1927 5739; x_wconf 77' lang='grc' dir='ltr'>αὐτοὶ</span> 
     </span>
    </p>
   </div>
   <div class='ocr_carea' id='block_1_63' title="bbox 254 5771 1919 5848">
    <p class='ocr_par' dir='ltr' id='par_1_63' title="bbox 254 5771 1919 5848">
     <span class='ocr_line' id='line_1_63' title="bbox 254 5771 1919 5848; baseline -0.003 -17"><span class='ocrx_word' id='word_1_518' title='bbox 254 5777 325 5831; x_wconf 71' lang='grc' dir='ltr'>τὰ</span> <span class='ocrx_word' id='word_1_519' title='bbox 358 5781 487 5848; x_wconf 84' lang='grc' dir='ltr'>παρ’</span> <span class='ocrx_word' id='word_1_520' title='bbox 515 5777 726 5831; x_wconf 87' lang='grc' dir='ltr'>ἐαυτῶν</span> <span class='ocrx_word' id='word_1_521' title='bbox 753 5776 1080 5843; x_wconf 81' lang='grc' dir='ltr'>εἰσενεγκεῖν</span> <span class='ocrx_word' id='word_1_522' title='bbox 1111 5771 1462 5844; x_wconf 77' lang='grc' dir='ltr'>βουληθῶσιν.</span> <span class='ocrx_word' id='word_1_523' title='bbox 1501 5771 1677 5842; x_wconf 84' lang='grc' dir='ltr'>Ὅπερ</span> <span class='ocrx_word' id='word_1_524' title='bbox 1703 5773 1919 5839; x_wconf 85' lang='grc' dir='ltr'>εἰδότες,</span> 
     </span>
    </p>
   </div>
   <div class='ocr_carea' id='block_1_64' title="bbox 321 5874 1920 5943">
    <p class='ocr_par' dir='ltr' id='par_1_64' title="bbox 321 5874 1920 5943">
     <span class='ocr_line' id='line_1_64' title="bbox 321 5874 1920 5943; baseline -0.009 -1"><span class='ocrx_word' id='word_1_525' title='bbox 321 5882 344 5910; x_wconf 74' lang='grc'><strong><em>⁸</em></strong></span> <span class='ocrx_word' id='word_1_526' title='bbox 365 5883 515 5932; x_wconf 66' lang='grc' dir='ltr'>δῦνῖι-</span> <span class='ocrx_word' id='word_1_527' title='bbox 543 5888 594 5931; x_wconf 67' lang='grc' dir='ltr'>εἰ</span> <span class='ocrx_word' id='word_1_528' title='bbox 639 5881 836 5943; x_wconf 72' lang='lat' dir='ltr'><strong>Quidam</strong></span> <span class='ocrx_word' id='word_1_529' title='bbox 877 5881 959 5932; x_wconf 84' lang='lat' dir='ltr'><strong>alii</strong></span> <span class='ocrx_word' id='word_1_530' title='bbox 1001 5881 1078 5928; x_wconf 80' lang='grc' dir='ltr'>ἵνα</span> <span class='ocrx_word' id='word_1_531' title='bbox 1111 5885 1192 5938; x_wconf 83' lang='grc' dir='ltr'>τῆς</span> <span class='ocrx_word' id='word_1_532' title='bbox 1227 5878 1332 5937; x_wconf 85' lang='grc' dir='ltr'>περὶ</span> <span class='ocrx_word' id='word_1_533' title='bbox 1372 5874 1457 5926; x_wconf 88' lang='grc' dir='ltr'>τοῦ</span> <span class='ocrx_word' id='word_1_534' title='bbox 1477 5875 1661 5925; x_wconf 85' lang='grc' dir='ltr'>δικαίου</span> <span class='ocrx_word' id='word_1_535' title='bbox 1681 5879 1920 5943; x_wconf 74' lang='grc' dir='ltr'>φροντίδος</span> 
     </span>
    </p>
   </div>
   <div class='ocr_carea' id='block_1_65' title="bbox 253 5944 683 6008">
    <p class='ocr_par' dir='ltr' id='par_1_65' title="bbox 253 5944 683 6008">
     <span class='ocr_line' id='line_1_65' title="bbox 253 5944 683 6008; baseline -0.009 -15"><span class='ocrx_word' id='word_1_536' title='bbox 253 5944 496 6008; x_wconf 66' lang='grc' dir='ltr'>ἀπαλλάξῃ</span> <span class='ocrx_word' id='word_1_537' title='bbox 520 5945 683 5994; x_wconf 72' lang='grc' dir='ltr'>αὐτόν.</span> 
     </span>
    </p>
   </div>
   <div class='ocr_carea' id='block_1_66' title="bbox 1367 332 2574 394">
    <p class='ocr_par' dir='ltr' id='par_1_66' title="bbox 1367 332 2574 394">
     <span class='ocr_line' id='line_1_66' title="bbox 1367 332 2574 394; baseline 0.003 -5"><span class='ocrx_word' id='word_1_538' title='bbox 1367 333 1437 389; x_wconf 82' lang='grc' dir='ltr'>ΙΝ</span> <span class='ocrx_word' id='word_1_539' title='bbox 1473 333 1624 390; x_wconf 82' lang='lat' dir='ltr'>CAP.</span> <span class='ocrx_word' id='word_1_540' title='bbox 1672 332 1789 389; x_wconf 76' lang='lat' dir='ltr'>XIX</span> <span class='ocrx_word' id='word_1_541' title='bbox 1832 332 2075 392; x_wconf 80' lang='lat' dir='ltr'>GENES.</span> <span class='ocrx_word' id='word_1_542' title='bbox 2121 335 2351 392; x_wconf 80' lang='lat' dir='ltr'>HOMIL.</span> <span class='ocrx_word' id='word_1_543' title='bbox 2393 335 2574 394; x_wconf 80' lang='lat' dir='ltr'>XLIV.</span> 
     </span>
    </p>
   </div>
   <div class='ocr_carea' id='block_1_67' title="bbox 3572 347 3680 403">
    <p class='ocr_par' dir='ltr' id='par_1_67' title="bbox 3572 347 3680 403">
     <span class='ocr_line' id='line_1_67' title="bbox 3572 347 3680 403; baseline 0.037 -4"><span class='ocrx_word' id='word_1_544' title='bbox 3572 347 3680 403; x_wconf 69' lang='lat'>608</span> 
     </span>
    </p>
   </div>
   <div class='ocr_carea' id='block_1_68' title="bbox 2017 449 3683 527">
    <p class='ocr_par' dir='ltr' id='par_1_68' title="bbox 2017 449 3683 527">
     <span class='ocr_line' id='line_1_68' title="bbox 2017 449 3683 527; baseline 0.007 -27"><span class='ocrx_word' id='word_1_545' title='bbox 2017 449 2329 520; x_wconf 77' lang='grc' dir='ltr'>ἀγαπητοὶ,</span> <span class='ocrx_word' id='word_1_546' title='bbox 2386 451 2817 522; x_wconf 87' lang='grc' dir='ltr'>καταφεύγωμεν</span> <span class='ocrx_word' id='word_1_547' title='bbox 2879 453 2980 524; x_wconf 78' lang='grc' dir='ltr'>μὲν</span> <span class='ocrx_word' id='word_1_548' title='bbox 3045 454 3140 509; x_wconf 78' lang='grc' dir='ltr'>ἐπὶ</span> <span class='ocrx_word' id='word_1_549' title='bbox 3197 453 3297 518; x_wconf 83' lang='grc' dir='ltr'>τὰς</span> <span class='ocrx_word' id='word_1_550' title='bbox 3349 455 3458 510; x_wconf 86' lang='grc' dir='ltr'>τῶν</span> <span class='ocrx_word' id='word_1_551' title='bbox 3515 458 3683 527; x_wconf 63' lang='grc' dir='ltr'>ἁγίων</span> 
     </span>
    </p>
   </div>
   <div class='ocr_carea' id='block_1_69' title="bbox 2018 538 3678 616">
    <p class='ocr_par' dir='ltr' id='par_1_69' title="bbox 2018 538 3678 616">
     <span class='ocr_line' id='line_1_69' title="bbox 2018 538 3678 616; baseline 0.004 -27"><span class='ocrx_word' id='word_1_552' title='bbox 2018 538 2337 606; x_wconf 85' lang='grc' dir='ltr'>πρεσϐείας,</span> <span class='ocrx_word' id='word_1_553' title='bbox 2363 541 2455 592; x_wconf 77' lang='grc' dir='ltr'>καὶ</span> <span class='ocrx_word' id='word_1_554' title='bbox 2473 541 2880 610; x_wconf 85' lang='grc' dir='ltr'>παρακαλῶμεν</span> <span class='ocrx_word' id='word_1_555' title='bbox 2899 541 3037 594; x_wconf 81' lang='grc' dir='ltr'>ὥστε</span> <span class='ocrx_word' id='word_1_556' title='bbox 3056 541 3196 611; x_wconf 82' lang='grc' dir='ltr'>ὑπὲρ</span> <span class='ocrx_word' id='word_1_557' title='bbox 3221 542 3377 612; x_wconf 88' lang='grc' dir='ltr'>ήμῶν</span> <span class='ocrx_word' id='word_1_558' title='bbox 3401 544 3678 616; x_wconf 86' lang='grc' dir='ltr'>δεηθῆναι,</span> 
     </span>
    </p>
   </div>
   <div class='ocr_carea' id='block_1_70' title="bbox 2013 624 3684 702">
    <p class='ocr_par' dir='ltr' id='par_1_70' title="bbox 2013 624 3684 702">
     <span class='ocr_line' id='line_1_70' title="bbox 2013 624 3684 702; baseline 0.006 -26"><span class='ocrx_word' id='word_1_559' title='bbox 2013 624 2146 677; x_wconf 86' lang='grc' dir='ltr'>ἀλλά</span> <span class='ocrx_word' id='word_1_560' title='bbox 2189 626 2262 696; x_wconf 79' lang='grc' dir='ltr'>μὴ</span> <span class='ocrx_word' id='word_1_561' title='bbox 2303 629 2421 689; x_wconf 88' lang='grc' dir='ltr'>ταῖς</span> <span class='ocrx_word' id='word_1_562' title='bbox 2460 628 2681 680; x_wconf 81' lang='grc' dir='ltr'>ἐκείνων</span> <span class='ocrx_word' id='word_1_563' title='bbox 2713 629 2940 692; x_wconf 77' lang='grc' dir='ltr'>ἱκεσίαις</span> <span class='ocrx_word' id='word_1_564' title='bbox 2989 630 3147 699; x_wconf 89' lang='grc' dir='ltr'>μόνον</span> <span class='ocrx_word' id='word_1_565' title='bbox 3179 629 3504 702; x_wconf 79' lang='grc' dir='ltr'>θαρρῶμεν,</span> <span class='ocrx_word' id='word_1_566' title='bbox 3547 632 3684 686; x_wconf 73' lang='grc' dir='ltr'>ἀλλὰ</span> 
     </span>
    </p>
   </div>
   <div class='ocr_carea' id='block_1_71' title="bbox 2014 713 3682 790">
    <p class='ocr_par' dir='ltr' id='par_1_71' title="bbox 2014 713 3682 790">
     <span class='ocr_line' id='line_1_71' title="bbox 2014 713 3682 790; baseline 0.005 -26"><span class='ocrx_word' id='word_1_567' title='bbox 2014 713 2107 764; x_wconf 78' lang='grc' dir='ltr'>καὶ</span> <span class='ocrx_word' id='word_1_568' title='bbox 2124 713 2286 787; x_wconf 35' lang='grc' dir='ltr'>,αὐτοὶ</span> <span class='ocrx_word' id='word_1_569' title='bbox 2309 713 2376 765; x_wconf 89' lang='grc' dir='ltr'>τά</span> <span class='ocrx_word' id='word_1_570' title='bbox 2405 713 2525 766; x_wconf 86' lang='grc' dir='ltr'>καθ’</span> <span class='ocrx_word' id='word_1_571' title='bbox 2562 716 2783 778; x_wconf 74' lang='grc' dir='ltr'>ἑαυτοὺς</span> <span class='ocrx_word' id='word_1_572' title='bbox 2805 717 3030 778; x_wconf 86' lang='grc' dir='ltr'>δεόντως</span> <span class='ocrx_word' id='word_1_573' title='bbox 3059 718 3455 788; x_wconf 84' lang='grc' dir='ltr'>οἰκονομῶμεν,</span> <span class='ocrx_word' id='word_1_574' title='bbox 3475 721 3682 790; x_wconf 76' lang='grc' dir='ltr'>καὶτῆς</span> 
     </span>
    </p>
   </div>
   <div class='ocr_carea' id='block_1_72' title="bbox 2017 797 3685 875">
    <p class='ocr_par' dir='ltr' id='par_1_72' title="bbox 2017 797 3685 875">
     <span class='ocr_line' id='line_1_72' title="bbox 2017 797 3685 875; baseline 0.005 -26"><span class='ocrx_word' id='word_1_575' title='bbox 2017 798 2110 850; x_wconf 74' lang='grc' dir='ltr'>ἐπὶ</span> <span class='ocrx_word' id='word_1_576' title='bbox 2142 797 2203 850; x_wconf 86' lang='grc' dir='ltr'>τδ</span> <span class='ocrx_word' id='word_1_577' title='bbox 2236 798 2442 868; x_wconf 86' lang='grc' dir='ltr'>βέλτιον</span> <span class='ocrx_word' id='word_1_578' title='bbox 2474 801 2776 870; x_wconf 87' lang='grc' dir='ltr'>μεταϐολῆς</span> <span class='ocrx_word' id='word_1_579' title='bbox 2809 802 3088 871; x_wconf 76' lang='grc' dir='ltr'>ἐχώμεθα,</span> <span class='ocrx_word' id='word_1_580' title='bbox 3139 803 3227 855; x_wconf 78' lang='grc' dir='ltr'>ἵνα</span> <span class='ocrx_word' id='word_1_581' title='bbox 3279 803 3462 874; x_wconf 89' lang='grc' dir='ltr'>χώραν</span> <span class='ocrx_word' id='word_1_582' title='bbox 3507 805 3685 875; x_wconf 84' lang='grc' dir='ltr'>δῶμεν</span> 
     </span>
    </p>
   </div>
   <div class='ocr_carea' id='block_1_73' title="bbox 2013 888 3685 964">
    <p class='ocr_par' dir='ltr' id='par_1_73' title="bbox 2013 888 3685 964">
     <span class='ocr_line' id='line_1_73' title="bbox 2013 888 3685 964; baseline 0.004 -25"><span class='ocrx_word' id='word_1_583' title='bbox 2013 890 2080 957; x_wconf 84' lang='grc' dir='ltr'>τῇ</span> <span class='ocrx_word' id='word_1_584' title='bbox 2120 888 2382 958; x_wconf 75' lang='grc' dir='ltr'>πρεσϐείᾳ</span> <span class='ocrx_word' id='word_1_585' title='bbox 2410 892 2477 960; x_wconf 79' lang='grc' dir='ltr'>τῇ</span> <span class='ocrx_word' id='word_1_586' title='bbox 2508 890 2648 960; x_wconf 81' lang='grc' dir='ltr'>ὑπὲρ</span> <span class='ocrx_word' id='word_1_587' title='bbox 2675 889 2830 960; x_wconf 85' lang='grc' dir='ltr'>ήμῶν</span> <span class='ocrx_word' id='word_1_588' title='bbox 2872 892 3148 961; x_wconf 80' lang='grc' dir='ltr'>γινομένῃ.</span> <span class='ocrx_word' id='word_1_589' title='bbox 3194 891 3364 944; x_wconf 86' lang='grc' dir='ltr'>Τοῦτο</span> <span class='ocrx_word' id='word_1_590' title='bbox 3413 894 3504 945; x_wconf 75' lang='grc' dir='ltr'>καὶ</span> <span class='ocrx_word' id='word_1_591' title='bbox 3548 893 3685 964; x_wconf 81' lang='grc' dir='ltr'>πρὸς</span> 
     </span>
    </p>
   </div>
   <div class='ocr_carea' id='block_1_74' title="bbox 2015 974 3680 1050">
    <p class='ocr_par' dir='ltr' id='par_1_74' title="bbox 2015 974 3680 1050">
     <span class='ocr_line' id='line_1_74' title="bbox 2015 974 3680 1050; baseline 0.003 -24"><span class='ocrx_word' id='word_1_592' title='bbox 2015 974 2200 1045; x_wconf 76' lang='grc' dir='ltr'>ἕτερον</span> <span class='ocrx_word' id='word_1_593' title='bbox 2243 976 2528 1047; x_wconf 79' lang='grc' dir='ltr'>προφήτην</span> <span class='ocrx_word' id='word_1_594' title='bbox 2636 977 2798 1046; x_wconf 70' lang='grc' dir='ltr'>φησὶν</span> <span class='ocrx_word' id='word_1_595' title='bbox 2845 978 2872 1028; x_wconf 90' lang='lat'>6</span> <span class='ocrx_word' id='word_1_596' title='bbox 2915 977 3020 1028; x_wconf 86' lang='grc' dir='ltr'>τῶν</span> <span class='ocrx_word' id='word_1_597' title='bbox 3065 978 3320 1030; x_wconf 84' lang='grc' dir='ltr'>ἁπάντων</span> <span class='ocrx_word' id='word_1_598' title='bbox 3361 978 3637 1050; x_wconf 84' lang='grc' dir='ltr'>Δεσπότης</span> <span class='ocrx_word' id='word_1_599' title='bbox 3667 993 3680 1006; x_wconf 82' lang='grc'><em>’</em></span> 
     </span>
    </p>
   </div>
   <div class='ocr_carea' id='block_1_75' title="bbox 2009 1062 3686 1134">
    <p class='ocr_par' dir='ltr' id='par_1_75' title="bbox 2009 1062 3686 1134">
     <span class='ocr_line' id='line_1_75' title="bbox 2009 1062 3686 1134; baseline 0.002 -19"><span class='ocrx_word' id='word_1_600' title='bbox 2009 1066 2134 1132; x_wconf 82' lang='grc' dir='ltr'>Οὐχ</span> <span class='ocrx_word' id='word_1_601' title='bbox 2187 1062 2329 1131; x_wconf 79' lang='grc' dir='ltr'>ὁρᾷς</span> <span class='ocrx_word' id='word_1_602' title='bbox 2378 1064 2434 1117; x_wconf 80' lang='grc' dir='ltr'>τί</span> <span class='ocrx_word' id='word_1_603' title='bbox 2485 1064 2654 1117; x_wconf 75' lang='grc' dir='ltr'>αὐτοὶ</span> <span class='ocrx_word' id='word_1_604' title='bbox 2706 1064 2980 1125; x_wconf 81' lang='grc' dir='ltr'>ποιοῦσι;</span> <span class='ocrx_word' id='word_1_605' title='bbox 3037 1063 3295 1133; x_wconf 80' lang='grc' dir='ltr'>Θυμιῶσι</span> <span class='ocrx_word' id='word_1_606' title='bbox 3342 1066 3544 1134; x_wconf 83' lang='grc' dir='ltr'>στέαρ,</span> <span class='ocrx_word' id='word_1_607' title='bbox 3585 1066 3686 1120; x_wconf 75' lang='grc' dir='ltr'>καί</span> 
     </span>
    </p>
   </div>
   <div class='ocr_carea' id='block_1_76' title="bbox 2015 1145 3685 1220">
    <p class='ocr_par' dir='ltr' id='par_1_76' title="bbox 2015 1145 3685 1220">
     <span class='ocr_line' id='line_1_76' title="bbox 2015 1145 3685 1220; baseline 0.002 -22"><span class='ocrx_word' id='word_1_608' title='bbox 2015 1145 2292 1213; x_wconf 86' lang='grc' dir='ltr'>χαυῶνας</span> <span class='ocrx_word' id='word_1_609' title='bbox 2313 1147 2553 1201; x_wconf 86' lang='grc' dir='ltr'>ποιοῦσι</span> <span class='ocrx_word' id='word_1_610' title='bbox 2582 1146 2658 1215; x_wconf 81' lang='grc' dir='ltr'>τῇ</span> <span class='ocrx_word' id='word_1_611' title='bbox 2684 1145 2934 1215; x_wconf 81' lang='grc' dir='ltr'>στρατιᾷ</span> <span class='ocrx_word' id='word_1_612' title='bbox 2960 1147 3066 1200; x_wconf 88' lang='grc' dir='ltr'>τοῦ</span> <span class='ocrx_word' id='word_1_613' title='bbox 3087 1149 3376 1216; x_wconf 83' lang='grc' dir='ltr'>οὐρανοῦ⁶</span> <span class='ocrx_word' id='word_1_614' title='bbox 3405 1152 3685 1220; x_wconf 71' lang='grc' dir='ltr'>μονονουχὶ</span> 
     </span>
    </p>
   </div>
   <div class='ocr_carea' id='block_1_77' title="bbox 2015 1232 3686 1304">
    <p class='ocr_par' dir='ltr' id='par_1_77' title="bbox 2015 1232 3686 1304">
     <span class='ocr_line' id='line_1_77' title="bbox 2015 1232 3686 1304; baseline 0.004 -20"><span class='ocrx_word' id='word_1_615' title='bbox 2015 1232 2187 1298; x_wconf 89' lang='grc' dir='ltr'>λέγων</span> <span class='ocrx_word' id='word_1_616' title='bbox 2227 1234 2360 1303; x_wconf 84' lang='grc' dir='ltr'>πρὸς</span> <span class='ocrx_word' id='word_1_617' title='bbox 2384 1235 2546 1287; x_wconf 87' lang='grc' dir='ltr'>αὐτόν</span> <span class='ocrx_word' id='word_1_618' title='bbox 2571 1248 2586 1263; x_wconf 77' lang='grc'><strong><em>⁸</em></strong></span> <span class='ocrx_word' id='word_1_619' title='bbox 2630 1233 2798 1304; x_wconf 79' lang='grc' dir='ltr'>’Υπὲρ</span> <span class='ocrx_word' id='word_1_620' title='bbox 2837 1234 3042 1287; x_wconf 90' lang='grc' dir='ltr'>τούτων</span> <span class='ocrx_word' id='word_1_621' title='bbox 3074 1252 3140 1304; x_wconf 92' lang='grc' dir='ltr'>με</span> <span class='ocrx_word' id='word_1_622' title='bbox 3173 1235 3510 1304; x_wconf 90' lang='grc' dir='ltr'>παρακαλεῖς</span> <span class='ocrx_word' id='word_1_623' title='bbox 3531 1275 3544 1296; x_wconf 87' lang='grc'>,</span> <span class='ocrx_word' id='word_1_624' title='bbox 3577 1239 3686 1290; x_wconf 65' lang='grc' dir='ltr'>τῶν</span> 
     </span>
    </p>
   </div>
   <div class='ocr_carea' id='block_1_78' title="bbox 2014 1319 3687 1393">
    <p class='ocr_par' dir='ltr' id='par_1_78' title="bbox 2014 1319 3687 1393">
     <span class='ocr_line' id='line_1_78' title="bbox 2014 1319 3687 1393; baseline 0.004 -23"><span class='ocrx_word' id='word_1_625' title='bbox 2014 1319 2112 1388; x_wconf 79' lang='grc' dir='ltr'>οὐχ</span> <span class='ocrx_word' id='word_1_626' title='bbox 2160 1319 2461 1391; x_wconf 74' lang='grc' dir='ltr'>ἱσταμένων</span> <span class='ocrx_word' id='word_1_627' title='bbox 2499 1321 2599 1390; x_wconf 89' lang='grc' dir='ltr'>τῆς</span> <span class='ocrx_word' id='word_1_628' title='bbox 2639 1322 2941 1390; x_wconf 84' lang='grc' dir='ltr'>πονηρίας,</span> <span class='ocrx_word' id='word_1_629' title='bbox 2977 1321 3086 1374; x_wconf 88' lang='grc' dir='ltr'>τῶν</span> <span class='ocrx_word' id='word_1_630' title='bbox 3135 1321 3386 1392; x_wconf 76' lang='grc' dir='ltr'>οὐδεμίαν</span> <span class='ocrx_word' id='word_1_631' title='bbox 3435 1324 3687 1393; x_wconf 81' lang='grc' dir='ltr'>αἴσθησιν</span> 
     </span>
    </p>
   </div>
   <div class='ocr_carea' id='block_1_79' title="bbox 2014 1403 3688 1483">
    <p class='ocr_par' dir='ltr' id='par_1_79' title="bbox 2014 1403 3688 1483">
     <span class='ocr_line' id='line_1_79' title="bbox 2014 1403 3688 1483; baseline 0.002 -24"><span class='ocrx_word' id='word_1_632' title='bbox 2014 1408 2402 1478; x_wconf 88' lang='grc' dir='ltr'>λαμϐανόντων</span> <span class='ocrx_word' id='word_1_633' title='bbox 2448 1409 2550 1478; x_wconf 89' lang='grc' dir='ltr'>τῆς</span> <span class='ocrx_word' id='word_1_634' title='bbox 2599 1409 2756 1462; x_wconf 88' lang='grc' dir='ltr'>νόσου</span> <span class='ocrx_word' id='word_1_635' title='bbox 2804 1411 2862 1462; x_wconf 86' lang='grc' dir='ltr'>ἐν</span> <span class='ocrx_word' id='word_1_636' title='bbox 2993 1411 3335 1479; x_wconf 83' lang='grc' dir='ltr'>κατέχονται,</span> <span class='ocrx_word' id='word_1_637' title='bbox 3383 1411 3493 1465; x_wconf 83' lang='grc' dir='ltr'>ἀλλ’</span> <span class='ocrx_word' id='word_1_638' title='bbox 3517 1411 3688 1476; x_wconf 77' lang='grc' dir='ltr'>οὕτως</span> 
     </span>
    </p>
   </div>
   <div class='ocr_carea' id='block_1_80' title="bbox 2014 1495 3685 1570">
    <p class='ocr_par' dir='ltr' id='par_1_80' title="bbox 2014 1495 3685 1570">
     <span class='ocr_line' id='line_1_80' title="bbox 2014 1495 3685 1570; baseline 0.002 -22"><span class='ocrx_word' id='word_1_639' title='bbox 2014 1495 2336 1566; x_wconf 86' lang='grc' dir='ltr'>ἀναλγήτως</span> <span class='ocrx_word' id='word_1_640' title='bbox 2361 1496 2746 1566; x_wconf 86' lang='grc' dir='ltr'>διακειμένων;</span> <span class='ocrx_word' id='word_1_641' title='bbox 2788 1497 2897 1567; x_wconf 82' lang='grc' dir='ltr'>Οὐχ</span> <span class='ocrx_word' id='word_1_642' title='bbox 2922 1498 3054 1568; x_wconf 81' lang='grc' dir='ltr'>ὁρᾷς</span> <span class='ocrx_word' id='word_1_643' title='bbox 3079 1497 3257 1551; x_wconf 80' lang='grc' dir='ltr'>αὐτῶν</span> <span class='ocrx_word' id='word_1_644' title='bbox 3285 1499 3385 1569; x_wconf 77' lang='grc' dir='ltr'>τήν</span> <span class='ocrx_word' id='word_1_645' title='bbox 3411 1500 3685 1570; x_wconf 80' lang='grc' dir='ltr'>ὑπερϐάλ-</span> 
     </span>
    </p>
   </div>
   <div class='ocr_carea' id='block_1_81' title="bbox 2013 1582 3688 1657">
    <p class='ocr_par' dir='ltr' id='par_1_81' title="bbox 2013 1582 3688 1657">
     <span class='ocr_line' id='line_1_81' title="bbox 2013 1582 3688 1657; baseline 0.003 -22"><span class='ocrx_word' id='word_1_646' title='bbox 2013 1582 2211 1636; x_wconf 88' lang='grc' dir='ltr'>λουσαν</span> <span class='ocrx_word' id='word_1_647' title='bbox 2261 1585 2701 1655; x_wconf 86' lang='grc' dir='ltr'>καταφρόνησιν;</span> <span class='ocrx_word' id='word_1_648' title='bbox 2752 1585 2811 1636; x_wconf 89' lang='lat'>06</span> <span class='ocrx_word' id='word_1_649' title='bbox 2859 1584 3074 1654; x_wconf 84' lang='grc' dir='ltr'>βλέπεις</span> <span class='ocrx_word' id='word_1_650' title='bbox 3126 1585 3304 1640; x_wconf 78' lang='grc' dir='ltr'>αὐτῶν</span> <span class='ocrx_word' id='word_1_651' title='bbox 3349 1587 3448 1656; x_wconf 84' lang='grc' dir='ltr'>τὴν</span> <span class='ocrx_word' id='word_1_652' title='bbox 3493 1587 3688 1657; x_wconf 88' lang='grc' dir='ltr'>μανίαν</span> 
     </span>
    </p>
   </div>
   <div class='ocr_carea' id='block_1_82' title="bbox 2012 1671 3686 1744">
    <p class='ocr_par' dir='ltr' id='par_1_82' title="bbox 2012 1671 3686 1744">
     <span class='ocr_line' id='line_1_82' title="bbox 2012 1671 3686 1744; baseline 0.002 -22"><span class='ocrx_word' id='word_1_653' title='bbox 2012 1671 2111 1738; x_wconf 73' lang='grc' dir='ltr'>τὴν</span> <span class='ocrx_word' id='word_1_654' title='bbox 2143 1671 2344 1741; x_wconf 85' lang='grc' dir='ltr'>πολλήν</span> <span class='ocrx_word' id='word_1_655' title='bbox 2369 1689 2383 1737; x_wconf 92' lang='grc'><strong>;</strong></span> <span class='ocrx_word' id='word_1_656' title='bbox 2419 1671 2537 1733; x_wconf 88' lang='grc' dir='ltr'>πῶς</span> <span class='ocrx_word' id='word_1_657' title='bbox 2564 1672 2776 1724; x_wconf 83' lang='grc' dir='ltr'>οὐδέπω</span> <span class='ocrx_word' id='word_1_658' title='bbox 2806 1672 2964 1742; x_wconf 83' lang='grc' dir='ltr'>κόρον</span> <span class='ocrx_word' id='word_1_659' title='bbox 2988 1673 3243 1743; x_wconf 74' lang='grc' dir='ltr'>εἰλήφασι</span> <span class='ocrx_word' id='word_1_660' title='bbox 3276 1673 3376 1744; x_wconf 88' lang='grc' dir='ltr'>τῆς</span> <span class='ocrx_word' id='word_1_661' title='bbox 3413 1675 3686 1739; x_wconf 86' lang='grc' dir='ltr'>ἀσεϐείας,</span> 
     </span>
    </p>
   </div>
   <div class='ocr_carea' id='block_1_83' title="bbox 2014 1750 3686 1830">
    <p class='ocr_par' dir='ltr' id='par_1_83' title="bbox 2014 1750 3686 1830">
     <span class='ocr_line' id='line_1_83' title="bbox 2014 1750 3686 1830; baseline 0.004 -22"><span class='ocrx_word' id='word_1_662' title='bbox 2014 1755 2149 1810; x_wconf 88' lang='grc' dir='ltr'>ἀλλά</span> <span class='ocrx_word' id='word_1_663' title='bbox 2195 1757 2447 1828; x_wconf 85' lang='grc' dir='ltr'>καθάπερ</span> <span class='ocrx_word' id='word_1_664' title='bbox 2491 1750 2556 1821; x_wconf 80' lang='grc' dir='ltr'>ὗς</span> <span class='ocrx_word' id='word_1_665' title='bbox 2603 1761 2662 1811; x_wconf 84' lang='grc' dir='ltr'>ἐν</span> <span class='ocrx_word' id='word_1_666' title='bbox 2706 1759 2988 1830; x_wconf 85' lang='grc' dir='ltr'>βορϐόρῳ,</span> <span class='ocrx_word' id='word_1_667' title='bbox 3035 1760 3208 1824; x_wconf 82' lang='grc' dir='ltr'>οὕτως</span> <span class='ocrx_word' id='word_1_668' title='bbox 3251 1760 3686 1828; x_wconf 83' lang='grc' dir='ltr'>ἐγκαλινδοῦνται</span> 
     </span>
    </p>
   </div>
   <div class='ocr_carea' id='block_1_84' title="bbox 2013 1845 3682 1920">
    <p class='ocr_par' dir='ltr' id='par_1_84' title="bbox 2013 1845 3682 1920">
     <span class='ocr_line' id='line_1_84' title="bbox 2013 1845 3682 1920; baseline 0.004 -25"><span class='ocrx_word' id='word_1_669' title='bbox 2013 1847 2132 1906; x_wconf 87' lang='grc' dir='ltr'>ταῖς</span> <span class='ocrx_word' id='word_1_670' title='bbox 2157 1845 2387 1906; x_wconf 89' lang='grc' dir='ltr'>οίκείαις</span> <span class='ocrx_word' id='word_1_671' title='bbox 2431 1846 2830 1916; x_wconf 87' lang='grc' dir='ltr'>παρανομίαις;</span> <span class='ocrx_word' id='word_1_672' title='bbox 2872 1847 2962 1917; x_wconf 84' lang='grc' dir='ltr'><strong>Μὴ</strong></span> <span class='ocrx_word' id='word_1_673' title='bbox 2992 1847 3098 1920; x_wconf 91' lang='grc' dir='ltr'>γάρ</span> <span class='ocrx_word' id='word_1_674' title='bbox 3123 1888 3137 1910; x_wconf 92' lang='grc'>,</span> <span class='ocrx_word' id='word_1_675' title='bbox 3171 1850 3220 1900; x_wconf 87' lang='grc' dir='ltr'>εἰ</span> <span class='ocrx_word' id='word_1_676' title='bbox 3250 1849 3532 1902; x_wconf 73' lang='grc' dir='ltr'>ἐϐούλοντο</span> <span class='ocrx_word' id='word_1_677' title='bbox 3563 1852 3682 1902; x_wconf 83' lang='grc' dir='ltr'>ἐπι-</span> 
     </span>
    </p>
   </div>
   <div class='ocr_carea' id='block_1_85' title="bbox 2017 1929 3686 2003">
    <p class='ocr_par' dir='ltr' id='par_1_85' title="bbox 2017 1929 3686 2003">
     <span class='ocr_line' id='line_1_85' title="bbox 2017 1929 3686 2003; baseline 0.004 -21"><span class='ocrx_word' id='word_1_678' title='bbox 2017 1929 2294 1999; x_wconf 87' lang='grc' dir='ltr'>στρέφειν,</span> <span class='ocrx_word' id='word_1_679' title='bbox 2328 1932 2745 2000; x_wconf 88' lang='grc' dir='ltr'>παρακληθῆναι</span> <span class='ocrx_word' id='word_1_680' title='bbox 2785 1932 3074 2001; x_wconf 88' lang='grc' dir='ltr'>άνέμενον;</span> <span class='ocrx_word' id='word_1_681' title='bbox 3118 1935 3232 1986; x_wconf 75' lang='grc' dir='ltr'>οὐκ</span> <span class='ocrx_word' id='word_1_682' title='bbox 3263 1933 3372 2001; x_wconf 84' lang='grc' dir='ltr'>ἐγώ</span> <span class='ocrx_word' id='word_1_683' title='bbox 3400 1936 3516 2003; x_wconf 88' lang='grc' dir='ltr'>εἰμι</span> <span class='ocrx_word' id='word_1_684' title='bbox 3545 1937 3572 1988; x_wconf 91' lang='lat'>6</span> <span class='ocrx_word' id='word_1_685' title='bbox 3600 1935 3686 1989; x_wconf 73' lang='grc' dir='ltr'>διὰ</span> 
     </span>
    </p>
   </div>
   <div class='ocr_carea' id='block_1_86' title="bbox 2012 2015 3684 2088">
    <p class='ocr_par' dir='ltr' id='par_1_86' title="bbox 2012 2015 3684 2088">
     <span class='ocr_line' id='line_1_86' title="bbox 2012 2015 3684 2088; baseline 0.005 -23"><span class='ocrx_word' id='word_1_686' title='bbox 2012 2015 2122 2066; x_wconf 90' lang='grc' dir='ltr'>τῶν</span> <span class='ocrx_word' id='word_1_687' title='bbox 2160 2015 2456 2086; x_wconf 83' lang='grc' dir='ltr'>προφητῶν</span> <span class='ocrx_word' id='word_1_688' title='bbox 2499 2016 2634 2086; x_wconf 86' lang='grc' dir='ltr'>βοῶν</span> <span class='ocrx_word' id='word_1_689' title='bbox 2681 2019 2774 2070; x_wconf 75' lang='grc' dir='ltr'>καὶ</span> <span class='ocrx_word' id='word_1_690' title='bbox 2807 2019 2978 2084; x_wconf 89' lang='grc' dir='ltr'>λέγων</span> <span class='ocrx_word' id='word_1_691' title='bbox 3007 2035 3020 2048; x_wconf 89' lang='grc'><strong>·</strong></span> <span class='ocrx_word' id='word_1_692' title='bbox 3069 2020 3174 2072; x_wconf 85' lang='grc' dir='ltr'>Καὶ</span> <span class='ocrx_word' id='word_1_693' title='bbox 3219 2015 3391 2072; x_wconf 77' lang='grc' dir='ltr'>εἷπον</span> <span class='ocrx_word' id='word_1_694' title='bbox 3425 2022 3574 2088; x_wconf 78' lang='grc' dir='ltr'>μετά</span> <span class='ocrx_word' id='word_1_695' title='bbox 3620 2022 3684 2074; x_wconf 80' lang='grc' dir='ltr'>τὸ</span> 
     </span>
    </p>
   </div>
   <div class='ocr_carea' id='block_1_87' title="bbox 2016 2102 3688 2176">
    <p class='ocr_par' dir='ltr' id='par_1_87' title="bbox 2016 2102 3688 2176">
     <span class='ocr_line' id='line_1_87' title="bbox 2016 2102 3688 2176; baseline 0.004 -22"><span class='ocrx_word' id='word_1_696' title='bbox 2016 2102 2346 2169; x_wconf 76' lang='grc' dir='ltr'>πορνεῦσαι</span> <span class='ocrx_word' id='word_1_697' title='bbox 2403 2102 2635 2167; x_wconf 68' lang='grc' dir='ltr'>αὑτήν-ο</span> <span class='ocrx_word' id='word_1_698' title='bbox 2673 2104 2832 2157; x_wconf 83' lang='grc' dir='ltr'>Μετὰ</span> <span class='ocrx_word' id='word_1_699' title='bbox 2898 2104 3081 2158; x_wconf 87' lang='grc' dir='ltr'>ταῦτα</span> <span class='ocrx_word' id='word_1_700' title='bbox 3148 2105 3343 2158; x_wconf 82' lang='grc' dir='ltr'>πάντα</span> <span class='ocrx_word' id='word_1_701' title='bbox 3407 2108 3549 2174; x_wconf 79' lang='grc' dir='ltr'>πρός</span> <span class='ocrx_word' id='word_1_702' title='bbox 3611 2126 3688 2176; x_wconf 82' lang='grc' dir='ltr'>με</span> 
     </span>
    </p>
   </div>
   <div class='ocr_carea' id='block_1_88' title="bbox 2015 2188 3682 2266">
    <p class='ocr_par' dir='ltr' id='par_1_88' title="bbox 2015 2188 3682 2266">
     <span class='ocr_line' id='line_1_88' title="bbox 2015 2188 3682 2266; baseline 0.004 -25"><span class='ocrx_word' id='word_1_703' title='bbox 2015 2188 2427 2258; x_wconf 66' lang='grc' dir='ltr'>ἀνάστρεψον,</span> <span class='ocrx_word' id='word_1_704' title='bbox 2457 2191 2556 2243; x_wconf 77' lang='grc' dir='ltr'>καὶ</span> <span class='ocrx_word' id='word_1_705' title='bbox 2585 2193 2695 2244; x_wconf 76' lang='grc' dir='ltr'>οὐκ</span> <span class='ocrx_word' id='word_1_706' title='bbox 2727 2191 3100 2260; x_wconf 53' lang='grc' dir='ltr'>ἀνέστρεψα</span> <span class='ocrx_word' id='word_1_707' title='bbox 3131 2193 3222 2261; x_wconf 83' lang='grc' dir='ltr'>Μὴ</span> <span class='ocrx_word' id='word_1_708' title='bbox 3264 2193 3371 2264; x_wconf 76' lang='grc' dir='ltr'>γὰρ</span> <span class='ocrx_word' id='word_1_709' title='bbox 3408 2194 3595 2266; x_wconf 71' lang='grc' dir='ltr'>ἕτερόν</span> <span class='ocrx_word' id='word_1_710' title='bbox 3629 2211 3682 2248; x_wconf 86' lang='grc' dir='ltr'>τι</span> 
     </span>
    </p>
   </div>
   <div class='ocr_carea' id='block_1_89' title="bbox 2017 2276 3690 2350">
    <p class='ocr_par' dir='ltr' id='par_1_89' title="bbox 2017 2276 3690 2350">
     <span class='ocr_line' id='line_1_89' title="bbox 2017 2276 3690 2350; baseline 0.003 -23"><span class='ocrx_word' id='word_1_711' title='bbox 2017 2276 2184 2345; x_wconf 79' lang='grc' dir='ltr'>ζητῶ,</span> <span class='ocrx_word' id='word_1_712' title='bbox 2214 2277 2246 2347; x_wconf 83' lang='grc' dir='ltr'>ἢ</span> <span class='ocrx_word' id='word_1_713' title='bbox 2280 2276 2593 2330; x_wconf 85' lang='grc' dir='ltr'>παύσασθαι</span> <span class='ocrx_word' id='word_1_714' title='bbox 2613 2278 2714 2346; x_wconf 91' lang='grc' dir='ltr'>τῆς</span> <span class='ocrx_word' id='word_1_715' title='bbox 2743 2281 3006 2350; x_wconf 89' lang='grc' dir='ltr'>πονηρίας</span> <span class='ocrx_word' id='word_1_716' title='bbox 3036 2280 3217 2348; x_wconf 85' lang='grc' dir='ltr'>μόνον,</span> <span class='ocrx_word' id='word_1_717' title='bbox 3245 2281 3340 2334; x_wconf 75' lang='grc' dir='ltr'>καὶ</span> <span class='ocrx_word' id='word_1_718' title='bbox 3370 2283 3559 2348; x_wconf 87' lang='grc' dir='ltr'>στῆναι</span> <span class='ocrx_word' id='word_1_719' title='bbox 3581 2282 3690 2334; x_wconf 83' lang='grc' dir='ltr'>τῶν</span> 
     </span>
    </p>
   </div>
   <div class='ocr_carea' id='block_1_90' title="bbox 2018 2361 3688 2436">
    <p class='ocr_par' dir='ltr' id='par_1_90' title="bbox 2018 2361 3688 2436">
     <span class='ocr_line' id='line_1_90' title="bbox 2018 2361 3688 2436; baseline 0.004 -22"><span class='ocrx_word' id='word_1_720' title='bbox 2018 2361 2206 2415; x_wconf 87' lang='grc' dir='ltr'>κακῶν</span> <span class='ocrx_word' id='word_1_721' title='bbox 2226 2380 2239 2426; x_wconf 90' lang='lat'><strong>;</strong></span> <span class='ocrx_word' id='word_1_722' title='bbox 2273 2363 2348 2434; x_wconf 85' lang='grc' dir='ltr'>μὴ</span> <span class='ocrx_word' id='word_1_723' title='bbox 2378 2364 2486 2434; x_wconf 78' lang='grc' dir='ltr'>γὰρ</span> <span class='ocrx_word' id='word_1_724' title='bbox 2510 2365 2650 2436; x_wconf 78' lang='grc' dir='ltr'>ὑπὲρ</span> <span class='ocrx_word' id='word_1_725' title='bbox 2674 2365 2782 2419; x_wconf 86' lang='grc' dir='ltr'>τῶν</span> <span class='ocrx_word' id='word_1_726' title='bbox 2803 2367 3181 2436; x_wconf 86' lang='grc' dir='ltr'>παρελθόντων</span> <span class='ocrx_word' id='word_1_727' title='bbox 3209 2368 3437 2431; x_wconf 85' lang='grc' dir='ltr'>εὐθύνας</span> <span class='ocrx_word' id='word_1_728' title='bbox 3452 2369 3688 2433; x_wconf 83' lang='grc' dir='ltr'>ἀπαιτῶ,</span> 
     </span>
    </p>
   </div>
   <div class='ocr_carea' id='block_1_91' title="bbox 2017 2450 3691 2524">
    <p class='ocr_par' dir='ltr' id='par_1_91' title="bbox 2017 2450 3691 2524">
     <span class='ocr_line' id='line_1_91' title="bbox 2017 2450 3691 2524; baseline 0.004 -22"><span class='ocrx_word' id='word_1_729' title='bbox 2017 2450 2112 2502; x_wconf 85' lang='grc' dir='ltr'>ἐὰν</span> <span class='ocrx_word' id='word_1_730' title='bbox 2158 2451 2252 2503; x_wconf 82' lang='grc' dir='ltr'>ἴδω</span> <span class='ocrx_word' id='word_1_731' title='bbox 2309 2450 2737 2520; x_wconf 88' lang='grc' dir='ltr'>μεταϐάλλεσθαι</span> <span class='ocrx_word' id='word_1_732' title='bbox 2781 2453 3174 2523; x_wconf 86' lang='grc' dir='ltr'>βουλομένους;</span> <span class='ocrx_word' id='word_1_733' title='bbox 3206 2455 3266 2508; x_wconf 85' lang='lat'>06</span> <span class='ocrx_word' id='word_1_734' title='bbox 3301 2456 3422 2508; x_wconf 83' lang='grc' dir='ltr'>καθ’</span> <span class='ocrx_word' id='word_1_735' title='bbox 3452 2456 3691 2524; x_wconf 86' lang='grc' dir='ltr'>ἐκάστην</span> 
     </span>
    </p>
   </div>
   <div class='ocr_carea' id='block_1_92' title="bbox 2019 2539 3694 2610">
    <p class='ocr_par' dir='ltr' id='par_1_92' title="bbox 2019 2539 3694 2610">
     <span class='ocr_line' id='line_1_92' title="bbox 2019 2539 3694 2610; baseline 0.004 -20"><span class='ocrx_word' id='word_1_736' title='bbox 2019 2540 2235 2610; x_wconf 83' lang='grc' dir='ltr'>ἡμέραν</span> <span class='ocrx_word' id='word_1_737' title='bbox 2287 2539 2394 2609; x_wconf 89' lang='grc' dir='ltr'>βοῶ</span> <span class='ocrx_word' id='word_1_738' title='bbox 2433 2539 2602 2607; x_wconf 90' lang='grc' dir='ltr'>λέγων</span> <span class='ocrx_word' id='word_1_739' title='bbox 2627 2557 2640 2568; x_wconf 77' lang='grc'><strong><em>⁸</em></strong></span> <span class='ocrx_word' id='word_1_740' title='bbox 2670 2542 2751 2594; x_wconf 80' lang='grc' dir='ltr'>Οὐ</span> <span class='ocrx_word' id='word_1_741' title='bbox 2798 2543 3043 2609; x_wconf 78' lang='grc' dir='ltr'>θελήσει</span> <span class='ocrx_word' id='word_1_742' title='bbox 3095 2544 3247 2597; x_wconf 84' lang='grc' dir='ltr'>θέλω</span> <span class='ocrx_word' id='word_1_743' title='bbox 3288 2544 3395 2596; x_wconf 79' lang='grc' dir='ltr'>τι¹ν</span> <span class='ocrx_word' id='word_1_744' title='bbox 3431 2543 3694 2599; x_wconf 81' lang='grc' dir='ltr'>θάνατον</span> 
     </span>
    </p>
   </div>
   <div class='ocr_carea' id='block_1_93' title="bbox 2019 2626 3692 2698">
    <p class='ocr_par' dir='ltr' id='par_1_93' title="bbox 2019 2626 3692 2698">
     <span class='ocr_line' id='line_1_93' title="bbox 2019 2626 3692 2698; baseline 0.003 -19"><span class='ocrx_word' id='word_1_745' title='bbox 2019 2626 2123 2680; x_wconf 85' lang='grc' dir='ltr'>τοῦ</span> <span class='ocrx_word' id='word_1_746' title='bbox 2168 2627 2540 2695; x_wconf 82' lang='grc' dir='ltr'>ἀμαρτωλοῦ,</span> <span class='ocrx_word' id='word_1_747' title='bbox 2586 2628 2666 2693; x_wconf 86' lang='grc' dir='ltr'>ὡς</span> <span class='ocrx_word' id='word_1_748' title='bbox 2708 2629 2775 2682; x_wconf 86' lang='grc' dir='ltr'>τὸ</span> <span class='ocrx_word' id='word_1_749' title='bbox 2819 2631 3174 2698; x_wconf 69' lang='grc' dir='ltr'>ἐπιστρέψαι</span> <span class='ocrx_word' id='word_1_750' title='bbox 3205 2631 3300 2684; x_wconf 75' lang='grc' dir='ltr'>καὶ</span> <span class='ocrx_word' id='word_1_751' title='bbox 3333 2630 3439 2698; x_wconf 67' lang='grc' dir='ltr'>ζῆν</span> <span class='ocrx_word' id='word_1_752' title='bbox 3469 2633 3692 2695; x_wconf 77' lang='grc' dir='ltr'>αὑτόν;</span> 
     </span>
    </p>
   </div>
   <div class='ocr_carea' id='block_1_94' title="bbox 2019 2713 3694 2789">
    <p class='ocr_par' dir='ltr' id='par_1_94' title="bbox 2019 2713 3694 2789">
     <span class='ocr_line' id='line_1_94' title="bbox 2019 2713 3694 2789; baseline 0.003 -23"><span class='ocrx_word' id='word_1_753' title='bbox 2019 2713 2094 2766; x_wconf 82' lang='grc' dir='ltr'>Οὐ</span> <span class='ocrx_word' id='word_1_754' title='bbox 2123 2713 2212 2766; x_wconf 87' lang='grc' dir='ltr'>διά</span> <span class='ocrx_word' id='word_1_755' title='bbox 2242 2713 2401 2766; x_wconf 88' lang='grc' dir='ltr'>τοῦτο</span> <span class='ocrx_word' id='word_1_756' title='bbox 2428 2716 2604 2768; x_wconf 87' lang='grc' dir='ltr'>πάντα</span> <span class='ocrx_word' id='word_1_757' title='bbox 2638 2715 2776 2768; x_wconf 89' lang='grc' dir='ltr'>ποιῶ</span> <span class='ocrx_word' id='word_1_758' title='bbox 2796 2758 2810 2780; x_wconf 94' lang='grc'>,</span> <span class='ocrx_word' id='word_1_759' title='bbox 2845 2717 2929 2768; x_wconf 86' lang='grc' dir='ltr'>ἵνα</span> <span class='ocrx_word' id='word_1_760' title='bbox 2959 2717 3059 2785; x_wconf 80' lang='grc' dir='ltr'>τῆς</span> <span class='ocrx_word' id='word_1_761' title='bbox 3103 2718 3372 2779; x_wconf 85' lang='grc' dir='ltr'>ἀπωλείας</span> <span class='ocrx_word' id='word_1_762' title='bbox 3401 2717 3694 2789; x_wconf 78' lang='grc' dir='ltr'>ἐξαρπάσω</span> 
     </span>
    </p>
   </div>
   <div class='ocr_carea' id='block_1_95' title="bbox 2019 2801 3693 2874">
    <p class='ocr_par' dir='ltr' id='par_1_95' title="bbox 2019 2801 3693 2874">
     <span class='ocr_line' id='line_1_95' title="bbox 2019 2801 3693 2874; baseline 0.001 -20"><span class='ocrx_word' id='word_1_763' title='bbox 2019 2801 2144 2864; x_wconf 75' lang='grc' dir='ltr'>τοὺς</span> <span class='ocrx_word' id='word_1_764' title='bbox 2160 2803 2250 2854; x_wconf 73' lang='grc' dir='ltr'>ἐπὶ</span> <span class='ocrx_word' id='word_1_765' title='bbox 2275 2805 2339 2872; x_wconf 83' lang='grc' dir='ltr'>τῇ</span> <span class='ocrx_word' id='word_1_766' title='bbox 2367 2802 2542 2874; x_wconf 81' lang='grc' dir='ltr'>πλάνῃ</span> <span class='ocrx_word' id='word_1_767' title='bbox 2568 2803 3146 2873; x_wconf 87' lang='grc' dir='ltr'>προκατειλημμένους</span> <span class='ocrx_word' id='word_1_768' title='bbox 3167 2821 3180 2869; x_wconf 90' lang='lat'>;</span> <span class='ocrx_word' id='word_1_769' title='bbox 3205 2804 3298 2874; x_wconf 81' lang='grc' dir='ltr'>Μὴ</span> <span class='ocrx_word' id='word_1_770' title='bbox 3322 2805 3450 2874; x_wconf 83' lang='grc' dir='ltr'>γὰρ,</span> <span class='ocrx_word' id='word_1_771' title='bbox 3479 2805 3572 2858; x_wconf 83' lang='grc' dir='ltr'>ἐὰν</span> <span class='ocrx_word' id='word_1_772' title='bbox 3602 2804 3693 2858; x_wconf 68' lang='lat' dir='ltr'>[Em</span> 
     </span>
    </p>
   </div>
   <div class='ocr_carea' id='block_1_96' title="bbox 2025 2888 3690 2960">
    <p class='ocr_par' dir='ltr' id='par_1_96' title="bbox 2025 2888 3690 2960">
     <span class='ocr_line' id='line_1_96' title="bbox 2025 2888 3690 2960; baseline 0.001 -20"><span class='ocrx_word' id='word_1_773' title='bbox 2025 2888 2550 2957; x_wconf 84' lang='grc' dir='ltr'>μεταϐαλλομένους,</span> <span class='ocrx_word' id='word_1_774' title='bbox 2578 2889 2970 2960; x_wconf 87' lang='grc' dir='ltr'>ὺπερτίθεμαι;</span> <span class='ocrx_word' id='word_1_775' title='bbox 2999 2891 3110 2942; x_wconf 81' lang='grc' dir='ltr'>Οὐκ</span> <span class='ocrx_word' id='word_1_776' title='bbox 3132 2890 3240 2958; x_wconf 88' lang='grc' dir='ltr'>ἐγώ</span> <span class='ocrx_word' id='word_1_777' title='bbox 3269 2891 3383 2960; x_wconf 90' lang='grc' dir='ltr'>εἰμι</span> <span class='ocrx_word' id='word_1_778' title='bbox 3415 2893 3443 2943; x_wconf 90' lang='lat'>6</span> <span class='ocrx_word' id='word_1_779' title='bbox 3477 2890 3648 2956; x_wconf 88' lang='grc' dir='ltr'>λέγων</span> <span class='ocrx_word' id='word_1_780' title='bbox 3677 2909 3690 2922; x_wconf 89' lang='grc'><strong>·</strong></span> 
     </span>
    </p>
   </div>
   <div class='ocr_carea' id='block_1_97' title="bbox 2025 2975 3696 3050">
    <p class='ocr_par' dir='ltr' id='par_1_97' title="bbox 2025 2975 3696 3050">
     <span class='ocr_line' id='line_1_97' title="bbox 2025 2975 3696 3050; baseline -0.001 -20"><span class='ocrx_word' id='word_1_781' title='bbox 2025 2977 2154 3030; x_wconf 83' lang='grc' dir='ltr'>Ἔτι</span> <span class='ocrx_word' id='word_1_782' title='bbox 2197 2975 2540 3039; x_wconf 81' lang='grc' dir='ltr'>λαλοῦντός</span> <span class='ocrx_word' id='word_1_783' title='bbox 2589 2993 2706 3030; x_wconf 87' lang='grc' dir='ltr'>σου</span> <span class='ocrx_word' id='word_1_784' title='bbox 2754 2975 2902 3044; x_wconf 85' lang='grc' dir='ltr'>ἐρῶ·</span> <span class='ocrx_word' id='word_1_785' title='bbox 2949 2977 3094 3030; x_wconf 79' lang='grc' dir='ltr'>Ἰδοὺ</span> <span class='ocrx_word' id='word_1_786' title='bbox 3138 2977 3410 3046; x_wconf 60' lang='lat' dir='ltr'>ard/781;”;</span> <span class='ocrx_word' id='word_1_787' title='bbox 3463 2978 3553 3050; x_wconf 80' lang='grc' dir='ltr'>Μὴ</span> <span class='ocrx_word' id='word_1_788' title='bbox 3587 2978 3696 3047; x_wconf 88' lang='grc' dir='ltr'>γάρ</span> 
     </span>
    </p>
   </div>
   <div class='ocr_carea' id='block_1_98' title="bbox 2020 3062 3734 3136">
    <p class='ocr_par' dir='ltr' id='par_1_98' title="bbox 2020 3062 3734 3136">
     <span class='ocr_line' id='line_1_98' title="bbox 2020 3062 3734 3136; baseline 0.003 -21"><span class='ocrx_word' id='word_1_789' title='bbox 2020 3062 2193 3126; x_wconf 77' lang='grc' dir='ltr'>οὕτως</span> <span class='ocrx_word' id='word_1_790' title='bbox 2230 3064 2383 3116; x_wconf 76' lang='grc' dir='ltr'>αὐτοὶ</span> <span class='ocrx_word' id='word_1_791' title='bbox 2415 3063 2741 3134; x_wconf 89' lang='grc' dir='ltr'>ἐπιθυμοῦσι</span> <span class='ocrx_word' id='word_1_792' title='bbox 2769 3064 2866 3135; x_wconf 84' lang='grc' dir='ltr'>τῆς</span> <span class='ocrx_word' id='word_1_793' title='bbox 2893 3065 3099 3117; x_wconf 83' lang='grc' dir='ltr'>ἑαυτῶν</span> <span class='ocrx_word' id='word_1_794' title='bbox 3126 3065 3418 3136; x_wconf 87' lang='grc' dir='ltr'>σωτηρίας.</span> <span class='ocrx_word' id='word_1_795' title='bbox 3469 3065 3544 3128; x_wconf 87' lang='grc' dir='ltr'>ὠς</span> <span class='ocrx_word' id='word_1_796' title='bbox 3573 3067 3697 3136; x_wconf 78' lang='grc' dir='ltr'>ἐμοὶ</span> <span class='ocrx_word' id='word_1_797' title='bbox 3717 3104 3734 3120; x_wconf 52' lang='grc' dir='ltr'><strong>ε</strong></span> 
     </span>
    </p>
   </div>
   <div class='ocr_carea' id='block_1_99' title="bbox 2023 3151 3698 3224">
    <p class='ocr_par' dir='ltr' id='par_1_99' title="bbox 2023 3151 3698 3224">
     <span class='ocr_line' id='line_1_99' title="bbox 2023 3151 3698 3224; baseline -0.001 -19"><span class='ocrx_word' id='word_1_798' title='bbox 2023 3151 2490 3222; x_wconf 87' lang='grc' dir='ltr'>περισπούδαστόν</span> <span class='ocrx_word' id='word_1_799' title='bbox 2519 3153 2667 3204; x_wconf 80' lang='grc' dir='ltr'>ἐστιν</span> <span class='ocrx_word' id='word_1_800' title='bbox 2701 3152 2945 3216; x_wconf 78' lang='grc' dir='ltr'>ἅπαντας</span> <span class='ocrx_word' id='word_1_801' title='bbox 2974 3152 3291 3224; x_wconf 84' lang='grc' dir='ltr'>ἀνθρώπους</span> <span class='ocrx_word' id='word_1_802' title='bbox 3323 3153 3581 3222; x_wconf 81' lang='grc' dir='ltr'>σωθῆναι,</span> <span class='ocrx_word' id='word_1_803' title='bbox 3603 3155 3698 3205; x_wconf 77' lang='grc' dir='ltr'>καὶ</span> 
     </span>
    </p>
   </div>
   <div class='ocr_carea' id='block_1_100' title="bbox 2022 3239 3697 3312">
    <p class='ocr_par' dir='ltr' id='par_1_100' title="bbox 2022 3239 3697 3312">
     <span class='ocr_line' id='line_1_100' title="bbox 2022 3239 3697 3312; baseline 0 -20"><span class='ocrx_word' id='word_1_804' title='bbox 2022 3242 2101 3302; x_wconf 90' lang='grc' dir='ltr'>εἰς</span> <span class='ocrx_word' id='word_1_805' title='bbox 2125 3241 2419 3306; x_wconf 88' lang='grc' dir='ltr'>ἐπίγνωσιν</span> <span class='ocrx_word' id='word_1_806' title='bbox 2445 3240 2700 3310; x_wconf 87' lang='grc' dir='ltr'>ἀληθείας</span> <span class='ocrx_word' id='word_1_807' title='bbox 2733 3240 2908 3292; x_wconf 88' lang='grc' dir='ltr'>ἐλθεῖν</span> <span class='ocrx_word' id='word_1_808' title='bbox 2933 3261 2948 3301; x_wconf 77' lang='grc' dir='ltr'>ς</span> <span class='ocrx_word' id='word_1_809' title='bbox 2981 3239 3131 3312; x_wconf 74' lang='grc'>[450]</span> <span class='ocrx_word' id='word_1_810' title='bbox 3173 3241 3262 3308; x_wconf 83' lang='grc' dir='ltr'>Μὴ</span> <span class='ocrx_word' id='word_1_811' title='bbox 3293 3240 3400 3309; x_wconf 75' lang='grc' dir='ltr'>γάρ</span> <span class='ocrx_word' id='word_1_812' title='bbox 3429 3241 3515 3293; x_wconf 85' lang='grc' dir='ltr'>διὰ</span> <span class='ocrx_word' id='word_1_813' title='bbox 3541 3239 3697 3293; x_wconf 84' lang='grc' dir='ltr'>τοῦτὸ</span> 
     </span>
    </p>
   </div>
   <div class='ocr_carea' id='block_1_101' title="bbox 2024 3326 3696 3400">
    <p class='ocr_par' dir='ltr' id='par_1_101' title="bbox 2024 3326 3696 3400">
     <span class='ocr_line' id='line_1_101' title="bbox 2024 3326 3696 3400; baseline 0.003 -22"><span class='ocrx_word' id='word_1_814' title='bbox 2024 3342 2081 3378; x_wconf 90' lang='grc' dir='ltr'>σε</span> <span class='ocrx_word' id='word_1_815' title='bbox 2119 3327 2227 3379; x_wconf 84' lang='grc' dir='ltr'>ἀπὸ</span> <span class='ocrx_word' id='word_1_816' title='bbox 2257 3326 2350 3380; x_wconf 88' lang='grc' dir='ltr'>τοῦ</span> <span class='ocrx_word' id='word_1_817' title='bbox 2381 3327 2454 3397; x_wconf 84' lang='grc' dir='ltr'>μὴ</span> <span class='ocrx_word' id='word_1_818' title='bbox 2488 3328 2639 3390; x_wconf 72' lang='grc' dir='ltr'>ὄντος</span> <span class='ocrx_word' id='word_1_819' title='bbox 2675 3330 3014 3398; x_wconf 88' lang='grc' dir='ltr'>παρήγαγον,</span> <span class='ocrx_word' id='word_1_820' title='bbox 3055 3331 3141 3384; x_wconf 77' lang='grc' dir='ltr'>ἵνα</span> <span class='ocrx_word' id='word_1_821' title='bbox 3169 3329 3452 3392; x_wconf 81' lang='grc' dir='ltr'>ἀπολέσω;</span> <span class='ocrx_word' id='word_1_822' title='bbox 3488 3329 3561 3400; x_wconf 80' lang='grc' dir='ltr'>μὴ</span> <span class='ocrx_word' id='word_1_823' title='bbox 3588 3331 3696 3399; x_wconf 76' lang='grc' dir='ltr'>γὰρ</span> 
     </span>
    </p>
   </div>
   <div class='ocr_carea' id='block_1_102' title="bbox 2023 3414 3698 3486">
    <p class='ocr_par' dir='ltr' id='par_1_102' title="bbox 2023 3414 3698 3486">
     <span class='ocr_line' id='line_1_102' title="bbox 2023 3414 3698 3486; baseline 0.003 -21"><span class='ocrx_word' id='word_1_824' title='bbox 2023 3414 2146 3483; x_wconf 89' lang='grc' dir='ltr'>εἰκῆ</span> <span class='ocrx_word' id='word_1_825' title='bbox 2180 3415 2278 3486; x_wconf 80' lang='grc' dir='ltr'>τὴν</span> <span class='ocrx_word' id='word_1_826' title='bbox 2313 3414 2588 3483; x_wconf 83' lang='grc' dir='ltr'>βασιλείαν</span> <span class='ocrx_word' id='word_1_827' title='bbox 2627 3415 2720 3468; x_wconf 81' lang='grc' dir='ltr'>καὶ</span> <span class='ocrx_word' id='word_1_828' title='bbox 2763 3415 2834 3467; x_wconf 92' lang='grc' dir='ltr'>τά</span> <span class='ocrx_word' id='word_1_829' title='bbox 2881 3415 3050 3484; x_wconf 90' lang='grc' dir='ltr'>μυρία</span> <span class='ocrx_word' id='word_1_830' title='bbox 3079 3415 3172 3468; x_wconf 64' lang='grc' dir='ltr'>καὶ¹</span> <span class='ocrx_word' id='word_1_831' title='bbox 3201 3416 3485 3486; x_wconf 75' lang='grc' dir='ltr'>ἀπόρρητα</span> <span class='ocrx_word' id='word_1_832' title='bbox 3517 3418 3698 3484; x_wconf 82' lang='grc' dir='ltr'>ἀγαθά</span> 
     </span>
    </p>
   </div>
   <div class='ocr_carea' id='block_1_103' title="bbox 2023 3503 3696 3576">
    <p class='ocr_par' dir='ltr' id='par_1_103' title="bbox 2023 3503 3696 3576">
     <span class='ocr_line' id='line_1_103' title="bbox 2023 3503 3696 3576; baseline 0.003 -22"><span class='ocrx_word' id='word_1_833' title='bbox 2023 3503 2361 3573; x_wconf 82' lang='grc' dir='ltr'>ηὑτρέπισα;</span> <span class='ocrx_word' id='word_1_834' title='bbox 2387 3504 2521 3573; x_wconf 77' lang='grc' dir='ltr'>υὺχί</span> <span class='ocrx_word' id='word_1_835' title='bbox 2559 3504 2648 3557; x_wconf 83' lang='grc' dir='ltr'>διὰ</span> <span class='ocrx_word' id='word_1_836' title='bbox 2688 3504 2844 3557; x_wconf 89' lang='grc' dir='ltr'>τοῦτο</span> <span class='ocrx_word' id='word_1_837' title='bbox 2885 3505 2979 3556; x_wconf 76' lang='grc' dir='ltr'>καὶ</span> <span class='ocrx_word' id='word_1_838' title='bbox 3021 3506 3243 3573; x_wconf 88' lang='grc' dir='ltr'>γέενναν</span> <span class='ocrx_word' id='word_1_839' title='bbox 3287 3505 3580 3576; x_wconf 70' lang='grc' dir='ltr'>ἠπείλησα,</span> <span class='ocrx_word' id='word_1_840' title='bbox 3609 3507 3696 3560; x_wconf 77' lang='grc' dir='ltr'>ἵνα</span> 
     </span>
    </p>
   </div>
   <div class='ocr_carea' id='block_1_104' title="bbox 2025 3594 3698 3666">
    <p class='ocr_par' dir='ltr' id='par_1_104' title="bbox 2025 3594 3698 3666">
     <span class='ocr_line' id='line_1_104' title="bbox 2025 3594 3698 3666; baseline 0.002 -20"><span class='ocrx_word' id='word_1_841' title='bbox 2025 3596 2102 3658; x_wconf 88' lang='grc' dir='ltr'>εἰς</span> <span class='ocrx_word' id='word_1_842' title='bbox 2135 3594 2235 3666; x_wconf 81' lang='grc' dir='ltr'>τὴν</span> <span class='ocrx_word' id='word_1_843' title='bbox 2271 3594 2546 3664; x_wconf 86' lang='grc' dir='ltr'>βασιλείαν</span> <span class='ocrx_word' id='word_1_844' title='bbox 2578 3596 2822 3658; x_wconf 77' lang='grc' dir='ltr'>ἅπαντας</span> <span class='ocrx_word' id='word_1_845' title='bbox 2852 3597 2946 3648; x_wconf 68' lang='grc' dir='ltr'>καὶ</span> <span class='ocrx_word' id='word_1_846' title='bbox 2983 3595 3071 3649; x_wconf 92' lang='grc' dir='ltr'>διά</span> <span class='ocrx_word' id='word_1_847' title='bbox 3110 3595 3300 3649; x_wconf 88' lang='grc' dir='ltr'>τούτου</span> <span class='ocrx_word' id='word_1_848' title='bbox 3334 3596 3558 3666; x_wconf 88' lang='grc' dir='ltr'>δραμεῖν</span> <span class='ocrx_word' id='word_1_849' title='bbox 3588 3614 3698 3650; x_wconf 77' lang='grc' dir='ltr'>πα-</span> 
     </span>
    </p>
   </div>
   <div class='ocr_carea' id='block_1_105' title="bbox 2027 3680 3698 3756">
    <p class='ocr_par' dir='ltr' id='par_1_105' title="bbox 2027 3680 3698 3756">
     <span class='ocr_line' id='line_1_105' title="bbox 2027 3680 3698 3756; baseline 0.001 -20"><span class='ocrx_word' id='word_1_850' title='bbox 2027 3685 2389 3753; x_wconf 86' lang='grc' dir='ltr'>ρασκευάσω;</span> <span class='ocrx_word' id='word_1_851' title='bbox 2420 3685 2510 3756; x_wconf 81' lang='grc' dir='ltr'>Μὴ</span> <span class='ocrx_word' id='word_1_852' title='bbox 2536 3685 2715 3737; x_wconf 91' lang='grc' dir='ltr'>τοίνυν</span> <span class='ocrx_word' id='word_1_853' title='bbox 2740 3727 2755 3748; x_wconf 95' lang='grc'>,</span> <span class='ocrx_word' id='word_1_854' title='bbox 2785 3680 2830 3738; x_wconf 82' lang='grc' dir='ltr'>ὧ</span> <span class='ocrx_word' id='word_1_855' title='bbox 2866 3685 3099 3756; x_wconf 88' lang='grc' dir='ltr'>μακάριε</span> <span class='ocrx_word' id='word_1_856' title='bbox 3130 3685 3384 3756; x_wconf 86' lang='grc' dir='ltr'>προφῆτα</span> <span class='ocrx_word' id='word_1_857' title='bbox 3405 3728 3419 3748; x_wconf 96' lang='grc'>,</span> <span class='ocrx_word' id='word_1_858' title='bbox 3457 3685 3698 3750; x_wconf 84' lang='grc' dir='ltr'>ἐκείνους</span> 
     </span>
    </p>
   </div>
   <div class='ocr_carea' id='block_1_106' title="bbox 2026 3771 3698 3844">
    <p class='ocr_par' dir='ltr' id='par_1_106' title="bbox 2026 3771 3698 3844">
     <span class='ocr_line' id='line_1_106' title="bbox 2026 3771 3698 3844; baseline 0.002 -21"><span class='ocrx_word' id='word_1_859' title='bbox 2026 3771 2474 3842; x_wconf 88' lang='grc' dir='ltr'>καταλιμπάνων,</span> <span class='ocrx_word' id='word_1_860' title='bbox 2508 3774 2632 3842; x_wconf 75' lang='grc' dir='ltr'>ἐμοὶ</span> <span class='ocrx_word' id='word_1_861' title='bbox 2660 3773 2902 3843; x_wconf 86' lang='grc' dir='ltr'>πρόσαγε</span> <span class='ocrx_word' id='word_1_862' title='bbox 2944 3774 3042 3843; x_wconf 77' lang='grc' dir='ltr'>τὴν</span> <span class='ocrx_word' id='word_1_863' title='bbox 3075 3773 3420 3844; x_wconf 86' lang='grc' dir='ltr'>παράκλησιν</span> <span class='ocrx_word' id='word_1_864' title='bbox 3442 3815 3458 3838; x_wconf 93' lang='grc'>,</span> <span class='ocrx_word' id='word_1_865' title='bbox 3487 3773 3601 3827; x_wconf 78' lang='grc' dir='ltr'>ἀλλ’</span> <span class='ocrx_word' id='word_1_866' title='bbox 3639 3774 3698 3827; x_wconf 76' lang='grc' dir='ltr'>ἐν</span> 
     </span>
    </p>
   </div>
   <div class='ocr_carea' id='block_1_107' title="bbox 2027 3859 3696 3930">
    <p class='ocr_par' dir='ltr' id='par_1_107' title="bbox 2027 3859 3696 3930">
     <span class='ocr_line' id='line_1_107' title="bbox 2027 3859 3696 3930; baseline 0.001 -18"><span class='ocrx_word' id='word_1_867' title='bbox 2027 3876 2108 3912; x_wconf 92' lang='grc' dir='ltr'>σοι</span> <span class='ocrx_word' id='word_1_868' title='bbox 2130 3859 2288 3912; x_wconf 90' lang='grc' dir='ltr'>τοῦτο</span> <span class='ocrx_word' id='word_1_869' title='bbox 2311 3859 2399 3912; x_wconf 87' lang='grc' dir='ltr'>διά</span> <span class='ocrx_word' id='word_1_870' title='bbox 2420 3860 2656 3930; x_wconf 89' lang='grc' dir='ltr'>σπουδῆς</span> <span class='ocrx_word' id='word_1_871' title='bbox 2681 3861 2842 3925; x_wconf 70' lang='grc' dir='ltr'>ἔσται),</span> <span class='ocrx_word' id='word_1_872' title='bbox 2875 3860 3014 3914; x_wconf 83' lang='grc' dir='ltr'>ὥστε</span> <span class='ocrx_word' id='word_1_873' title='bbox 3040 3861 3141 3930; x_wconf 90' lang='grc' dir='ltr'>τῆς</span> <span class='ocrx_word' id='word_1_874' title='bbox 3167 3861 3390 3914; x_wconf 86' lang='grc' dir='ltr'>ἐκείνων</span> <span class='ocrx_word' id='word_1_875' title='bbox 3413 3861 3571 3914; x_wconf 88' lang='grc' dir='ltr'>νόσου</span> <span class='ocrx_word' id='word_1_876' title='bbox 3603 3879 3696 3914; x_wconf 84' lang='grc' dir='ltr'>πε-</span> 
     </span>
    </p>
   </div>
   <div class='ocr_carea' id='block_1_108' title="bbox 2028 3947 3692 4020">
    <p class='ocr_par' dir='ltr' id='par_1_108' title="bbox 2028 3947 3692 4020">
     <span class='ocr_line' id='line_1_108' title="bbox 2028 3947 3692 4020; baseline -0.001 -19"><span class='ocrx_word' id='word_1_877' title='bbox 2028 3949 2353 4018; x_wconf 87' lang='grc' dir='ltr'>ριγενέσθαι,</span> <span class='ocrx_word' id='word_1_878' title='bbox 2393 3949 2487 4002; x_wconf 75' lang='grc' dir='ltr'>καὶ</span> <span class='ocrx_word' id='word_1_879' title='bbox 2529 3949 2610 4011; x_wconf 84' lang='grc' dir='ltr'>εἰς</span> <span class='ocrx_word' id='word_1_880' title='bbox 2651 3949 2903 4020; x_wconf 78' lang='grc' dir='ltr'>αἴσθησιν</span> <span class='ocrx_word' id='word_1_881' title='bbox 2944 3950 3168 4017; x_wconf 89' lang='grc' dir='ltr'>ἀγαγεῖν</span> <span class='ocrx_word' id='word_1_882' title='bbox 3215 3947 3316 4018; x_wconf 88' lang='grc' dir='ltr'>τῆς</span> <span class='ocrx_word' id='word_1_883' title='bbox 3363 3949 3692 4018; x_wconf 75' lang='grc' dir='ltr'>ἀρρωστίας,</span> 
     </span>
    </p>
   </div>
   <div class='ocr_carea' id='block_1_109' title="bbox 2026 4036 3696 4110">
    <p class='ocr_par' dir='ltr' id='par_1_109' title="bbox 2026 4036 3696 4110">
     <span class='ocr_line' id='line_1_109' title="bbox 2026 4036 3696 4110; baseline -0.002 -18"><span class='ocrx_word' id='word_1_884' title='bbox 2026 4039 2119 4092; x_wconf 80' lang='grc' dir='ltr'>καὶ</span> <span class='ocrx_word' id='word_1_885' title='bbox 2150 4039 2284 4110; x_wconf 81' lang='grc' dir='ltr'>πρὸς</span> <span class='ocrx_word' id='word_1_886' title='bbox 2315 4037 2523 4105; x_wconf 85' lang='grc' dir='ltr'>ὑγίειαν</span> <span class='ocrx_word' id='word_1_887' title='bbox 2563 4039 2929 4105; x_wconf 86' lang='grc' dir='ltr'>ἐπαναγαγεῖν</span> <span class='ocrx_word' id='word_1_888' title='bbox 2952 4079 2966 4101; x_wconf 96' lang='grc'>,</span> <span class='ocrx_word' id='word_1_889' title='bbox 2996 4037 3089 4091; x_wconf 77' lang='grc' dir='ltr'>καὶ</span> <span class='ocrx_word' id='word_1_890' title='bbox 3127 4037 3198 4090; x_wconf 83' lang='grc' dir='ltr'>τὰ</span> <span class='ocrx_word' id='word_1_891' title='bbox 3228 4037 3358 4108; x_wconf 87' lang='grc' dir='ltr'>παρ’</span> <span class='ocrx_word' id='word_1_892' title='bbox 3392 4036 3527 4107; x_wconf 83' lang='grc' dir='ltr'>ἐμοῦ</span> <span class='ocrx_word' id='word_1_893' title='bbox 3557 4037 3696 4090; x_wconf 87' lang='grc' dir='ltr'>πάν-</span> 
     </span>
    </p>
   </div>
   <div class='ocr_carea' id='block_1_110' title="bbox 2025 4123 3696 4196">
    <p class='ocr_par' dir='ltr' id='par_1_110' title="bbox 2025 4123 3696 4196">
     <span class='ocr_line' id='line_1_110' title="bbox 2025 4123 3696 4196; baseline -0.001 -19"><span class='ocrx_word' id='word_1_894' title='bbox 2025 4141 2132 4189; x_wconf 89' lang='grc' dir='ltr'>τως</span> <span class='ocrx_word' id='word_1_895' title='bbox 2165 4123 2376 4194; x_wconf 68' lang='grc' dir='ltr'>ἒψεται.</span> <span class='ocrx_word' id='word_1_896' title='bbox 2405 4125 2478 4177; x_wconf 87' lang='lat'>06</span> <span class='ocrx_word' id='word_1_897' title='bbox 2505 4124 2613 4196; x_wconf 82' lang='grc' dir='ltr'>γάρ</span> <span class='ocrx_word' id='word_1_898' title='bbox 2647 4124 2842 4195; x_wconf 86' lang='grc' dir='ltr'>μέλλω,</span> <span class='ocrx_word' id='word_1_899' title='bbox 2871 4124 2990 4177; x_wconf 77' lang='grc' dir='ltr'>οὐδὲ</span> <span class='ocrx_word' id='word_1_900' title='bbox 3029 4123 3398 4193; x_wconf 84' lang='grc' dir='ltr'>ἀναϐάλλομαι</span> <span class='ocrx_word' id='word_1_901' title='bbox 3424 4163 3437 4187; x_wconf 93' lang='grc'>,</span> <span class='ocrx_word' id='word_1_902' title='bbox 3476 4123 3696 4177; x_wconf 71' lang='grc' dir='ltr'>ἐπειδάν</span> 
     </span>
    </p>
   </div>
   <div class='ocr_carea' id='block_1_111' title="bbox 2029 4210 3694 4284">
    <p class='ocr_par' dir='ltr' id='par_1_111' title="bbox 2029 4210 3694 4284">
     <span class='ocr_line' id='line_1_111' title="bbox 2029 4210 3694 4284; baseline -0.002 -19"><span class='ocrx_word' id='word_1_903' title='bbox 2029 4213 2123 4266; x_wconf 82' lang='grc' dir='ltr'>ἴδω</span> <span class='ocrx_word' id='word_1_904' title='bbox 2147 4213 2326 4284; x_wconf 77' lang='grc' dir='ltr'>ψυχὴν</span> <span class='ocrx_word' id='word_1_905' title='bbox 2352 4211 2668 4283; x_wconf 80' lang='grc' dir='ltr'>εὐγνώμονα</span> <span class='ocrx_word' id='word_1_906' title='bbox 2691 4229 2708 4243; x_wconf 72' lang='grc'><strong>⁸</strong></span> <span class='ocrx_word' id='word_1_907' title='bbox 2732 4212 2789 4266; x_wconf 84' lang='grc' dir='ltr'>ἒν</span> <span class='ocrx_word' id='word_1_908' title='bbox 2809 4213 2917 4281; x_wconf 83' lang='grc' dir='ltr'>γὰρ</span> <span class='ocrx_word' id='word_1_909' title='bbox 2941 4213 3100 4282; x_wconf 87' lang='grc' dir='ltr'>μόνον</span> <span class='ocrx_word' id='word_1_910' title='bbox 3121 4210 3381 4280; x_wconf 79' lang='grc' dir='ltr'>ἐπιζητῶ,</span> <span class='ocrx_word' id='word_1_911' title='bbox 3406 4212 3694 4281; x_wconf 81' lang='grc' dir='ltr'>ὁμολογίαν</span> 
     </span>
    </p>
   </div>
   <div class='ocr_carea' id='block_1_112' title="bbox 2026 4299 3695 4370">
    <p class='ocr_par' dir='ltr' id='par_1_112' title="bbox 2026 4299 3695 4370">
     <span class='ocr_line' id='line_1_112' title="bbox 2026 4299 3695 4370; baseline -0.001 -18"><span class='ocrx_word' id='word_1_912' title='bbox 2026 4300 2135 4352; x_wconf 89' lang='grc' dir='ltr'>τῶν</span> <span class='ocrx_word' id='word_1_913' title='bbox 2167 4299 2564 4370; x_wconf 79' lang='grc' dir='ltr'>ἐπταισμένων,</span> <span class='ocrx_word' id='word_1_914' title='bbox 2593 4301 2685 4354; x_wconf 68' lang='grc' dir='ltr'>καὶ</span> <span class='ocrx_word' id='word_1_915' title='bbox 2710 4301 2810 4353; x_wconf 78' lang='grc' dir='ltr'>οὐκ</span> <span class='ocrx_word' id='word_1_916' title='bbox 2833 4300 2912 4352; x_wconf 84' lang='grc' dir='ltr'>ἔτι</span> <span class='ocrx_word' id='word_1_917' title='bbox 2941 4299 3039 4370; x_wconf 80' lang='grc' dir='ltr'>τὴν</span> <span class='ocrx_word' id='word_1_918' title='bbox 3063 4301 3154 4352; x_wconf 76' lang='grc' dir='ltr'>ἐπὶ</span> <span class='ocrx_word' id='word_1_919' title='bbox 3185 4301 3295 4362; x_wconf 85' lang='grc' dir='ltr'>τοῖς</span> <span class='ocrx_word' id='word_1_920' title='bbox 3316 4299 3695 4367; x_wconf 84' lang='grc' dir='ltr'>ἐπταισμένοις</span> 
     </span>
    </p>
   </div>
   <div class='ocr_carea' id='block_1_113' title="bbox 2026 4386 3693 4458">
    <p class='ocr_par' dir='ltr' id='par_1_113' title="bbox 2026 4386 3693 4458">
     <span class='ocr_line' id='line_1_113' title="bbox 2026 4386 3693 4458; baseline -0.001 -19"><span class='ocrx_word' id='word_1_921' title='bbox 2026 4387 2180 4457; x_wconf 89' lang='grc' dir='ltr'>δίκην</span> <span class='ocrx_word' id='word_1_922' title='bbox 2235 4387 2444 4454; x_wconf 84' lang='grc' dir='ltr'>ἐπάγω.</span> <span class='ocrx_word' id='word_1_923' title='bbox 2501 4387 2592 4458; x_wconf 81' lang='grc' dir='ltr'><strong>Μὴ</strong></span> <span class='ocrx_word' id='word_1_924' title='bbox 2631 4387 2740 4458; x_wconf 80' lang='grc' dir='ltr'>γὰρ</span> <span class='ocrx_word' id='word_1_925' title='bbox 2788 4386 2924 4457; x_wconf 85' lang='grc' dir='ltr'>βαρύ</span> <span class='ocrx_word' id='word_1_926' title='bbox 2977 4405 3027 4440; x_wconf 92' lang='grc' dir='ltr'>τι</span> <span class='ocrx_word' id='word_1_927' title='bbox 3074 4389 3166 4439; x_wconf 82' lang='grc' dir='ltr'>καὶ</span> <span class='ocrx_word' id='word_1_928' title='bbox 3213 4388 3446 4457; x_wconf 81' lang='grc' dir='ltr'>ἐπαχθὲς</span> <span class='ocrx_word' id='word_1_929' title='bbox 3475 4387 3536 4438; x_wconf 83' lang='grc' dir='ltr'>τὸ</span> <span class='ocrx_word' id='word_1_930' title='bbox 3567 4389 3693 4456; x_wconf 83' lang='grc' dir='ltr'>παρ’</span> 
     </span>
    </p>
   </div>
   <div class='ocr_carea' id='block_1_114' title="bbox 2027 4473 3692 4546">
    <p class='ocr_par' dir='ltr' id='par_1_114' title="bbox 2027 4473 3692 4546">
     <span class='ocr_line' id='line_1_114' title="bbox 2027 4473 3692 4546; baseline -0.001 -20"><span class='ocrx_word' id='word_1_931' title='bbox 2027 4474 2162 4543; x_wconf 89' lang='grc' dir='ltr'>ἐμοῦ</span> <span class='ocrx_word' id='word_1_932' title='bbox 2202 4475 2645 4546; x_wconf 87' lang='grc' dir='ltr'>προτεινόμενον;</span> <span class='ocrx_word' id='word_1_933' title='bbox 2688 4474 2750 4526; x_wconf 88' lang='grc' dir='ltr'>Εἰ</span> <span class='ocrx_word' id='word_1_934' title='bbox 2790 4473 2866 4543; x_wconf 81' lang='grc' dir='ltr'>μὴ</span> <span class='ocrx_word' id='word_1_935' title='bbox 2908 4473 3054 4542; x_wconf 75' lang='grc' dir='ltr'>ᾔδειν</span> <span class='ocrx_word' id='word_1_936' title='bbox 3097 4473 3310 4544; x_wconf 76' lang='grc' dir='ltr'>χείρους</span> <span class='ocrx_word' id='word_1_937' title='bbox 3354 4473 3692 4541; x_wconf 68' lang='grc' dir='ltr'>γινομένους,</span> 
     </span>
    </p>
   </div>
   <div class='ocr_carea' id='block_1_115' title="bbox 2027 4559 3694 4632">
    <p class='ocr_par' dir='ltr' id='par_1_115' title="bbox 2027 4559 3694 4632">
     <span class='ocr_line' id='line_1_115' title="bbox 2027 4559 3694 4632; baseline -0.001 -20"><span class='ocrx_word' id='word_1_938' title='bbox 2027 4563 2092 4614; x_wconf 80' lang='grc' dir='ltr'>ἐκ</span> <span class='ocrx_word' id='word_1_939' title='bbox 2139 4562 2232 4614; x_wconf 89' lang='grc' dir='ltr'>τοῦ</span> <span class='ocrx_word' id='word_1_940' title='bbox 2281 4563 2354 4632; x_wconf 88' lang='grc' dir='ltr'>μὴ</span> <span class='ocrx_word' id='word_1_941' title='bbox 2394 4561 2724 4631; x_wconf 81' lang='grc' dir='ltr'>ὁμολογῆσαι</span> <span class='ocrx_word' id='word_1_942' title='bbox 2763 4559 2834 4612; x_wconf 86' lang='grc' dir='ltr'>τά</span> <span class='ocrx_word' id='word_1_943' title='bbox 2869 4560 3106 4630; x_wconf 86' lang='grc' dir='ltr'>πρότερα</span> <span class='ocrx_word' id='word_1_944' title='bbox 3151 4561 3519 4629; x_wconf 85' lang='grc' dir='ltr'>ἁμαρτήματα</span> <span class='ocrx_word' id='word_1_945' title='bbox 3545 4599 3559 4618; x_wconf 87' lang='grc'>.</span> <span class='ocrx_word' id='word_1_946' title='bbox 3593 4561 3694 4611; x_wconf 75' lang='grc' dir='ltr'>οὐκ</span> 
     </span>
    </p>
   </div>
   <div class='ocr_carea' id='block_1_116' title="bbox 2027 4641 3697 4718">
    <p class='ocr_par' dir='ltr' id='par_1_116' title="bbox 2027 4641 3697 4718">
     <span class='ocr_line' id='line_1_116' title="bbox 2027 4641 3697 4718; baseline -0.001 -18"><span class='ocrx_word' id='word_1_947' title='bbox 2027 4647 2092 4700; x_wconf 84' lang='grc' dir='ltr'>ἂν</span> <span class='ocrx_word' id='word_1_948' title='bbox 2113 4648 2234 4700; x_wconf 77' lang='grc' dir='ltr'>οὐδὲ</span> <span class='ocrx_word' id='word_1_949' title='bbox 2261 4647 2416 4700; x_wconf 78' lang='grc' dir='ltr'>τοῦτο</span> <span class='ocrx_word' id='word_1_950' title='bbox 2446 4647 2689 4716; x_wconf 82' lang='grc' dir='ltr'>ἐζήτουν.</span> <span class='ocrx_word' id='word_1_951' title='bbox 2733 4646 2872 4698; x_wconf 80' lang='grc' dir='ltr'>Ἀλλ’</span> <span class='ocrx_word' id='word_1_952' title='bbox 2907 4646 3094 4716; x_wconf 80' lang='grc' dir='ltr'>ἐπειδὴ</span> <span class='ocrx_word' id='word_1_953' title='bbox 3121 4641 3236 4697; x_wconf 81' lang='grc' dir='ltr'>οἶδα</span> <span class='ocrx_word' id='word_1_954' title='bbox 3267 4645 3324 4698; x_wconf 85' lang='grc' dir='ltr'>τὸ</span> <span class='ocrx_word' id='word_1_955' title='bbox 3359 4646 3467 4698; x_wconf 89' lang='grc' dir='ltr'>τῶν</span> <span class='ocrx_word' id='word_1_956' title='bbox 3490 4646 3697 4718; x_wconf 82' lang='grc' dir='ltr'>ἀνθρώ-</span> 
     </span>
    </p>
   </div>
   <div class='ocr_carea' id='block_1_117' title="bbox 2028 4735 3694 4806">
    <p class='ocr_par' dir='ltr' id='par_1_117' title="bbox 2028 4735 3694 4806">
     <span class='ocr_line' id='line_1_117' title="bbox 2028 4735 3694 4806; baseline 0 -17"><span class='ocrx_word' id='word_1_957' title='bbox 2028 4754 2144 4789; x_wconf 87' lang='grc' dir='ltr'>πων</span> <span class='ocrx_word' id='word_1_958' title='bbox 2181 4736 2335 4804; x_wconf 88' lang='grc' dir='ltr'>γένος</span> <span class='ocrx_word' id='word_1_959' title='bbox 2381 4735 2578 4805; x_wconf 81' lang='grc' dir='ltr'>μᾶλλον</span> <span class='ocrx_word' id='word_1_960' title='bbox 2624 4737 2759 4804; x_wconf 79' lang='grc' dir='ltr'>πρὸς</span> <span class='ocrx_word' id='word_1_961' title='bbox 2800 4735 2993 4788; x_wconf 87' lang='grc' dir='ltr'>κακίαν</span> <span class='ocrx_word' id='word_1_962' title='bbox 3019 4737 3203 4806; x_wconf 82' lang='grc' dir='ltr'>ῥέπον,</span> <span class='ocrx_word' id='word_1_963' title='bbox 3244 4735 3331 4788; x_wconf 87' lang='grc' dir='ltr'>διά</span> <span class='ocrx_word' id='word_1_964' title='bbox 3365 4737 3522 4789; x_wconf 84' lang='grc' dir='ltr'>τοῦτο</span> <span class='ocrx_word' id='word_1_965' title='bbox 3571 4735 3694 4805; x_wconf 83' lang='grc' dir='ltr'>βού-</span> 
     </span>
    </p>
   </div>
   <div class='ocr_carea' id='block_1_118' title="bbox 2026 4823 3698 4894">
    <p class='ocr_par' dir='ltr' id='par_1_118' title="bbox 2026 4823 3698 4894">
     <span class='ocr_line' id='line_1_118' title="bbox 2026 4823 3698 4894; baseline 0.001 -19"><span class='ocrx_word' id='word_1_966' title='bbox 2026 4823 2190 4892; x_wconf 92' lang='grc' dir='ltr'>λομαι</span> <span class='ocrx_word' id='word_1_967' title='bbox 2214 4823 2283 4875; x_wconf 82' lang='grc' dir='ltr'>τὰ</span> <span class='ocrx_word' id='word_1_968' title='bbox 2311 4823 2549 4894; x_wconf 90' lang='grc' dir='ltr'>πρότερα</span> <span class='ocrx_word' id='word_1_969' title='bbox 2575 4823 2902 4892; x_wconf 84' lang='grc' dir='ltr'>ὁμολογῆσαι</span> <span class='ocrx_word' id='word_1_970' title='bbox 2934 4823 3302 4893; x_wconf 85' lang='grc' dir='ltr'>ἁμαρτήματα</span> <span class='ocrx_word' id='word_1_971' title='bbox 3325 4865 3339 4888; x_wconf 92' lang='grc'>,</span> <span class='ocrx_word' id='word_1_972' title='bbox 3384 4825 3472 4878; x_wconf 82' lang='grc' dir='ltr'>ἵνα</span> <span class='ocrx_word' id='word_1_973' title='bbox 3503 4826 3535 4894; x_wconf 82' lang='grc' dir='ltr'>ή</span> <span class='ocrx_word' id='word_1_974' title='bbox 3571 4827 3698 4894; x_wconf 80' lang='grc' dir='ltr'>ὁμο-</span> 
     </span>
    </p>
   </div>
   <div class='ocr_carea' id='block_1_119' title="bbox 2026 4910 3696 4984">
    <p class='ocr_par' dir='ltr' id='par_1_119' title="bbox 2026 4910 3696 4984">
     <span class='ocr_line' id='line_1_119' title="bbox 2026 4910 3696 4984; baseline 0.002 -22"><span class='ocrx_word' id='word_1_975' title='bbox 2026 4910 2181 4977; x_wconf 92' lang='grc' dir='ltr'>λογία</span> <span class='ocrx_word' id='word_1_976' title='bbox 2223 4910 2452 4981; x_wconf 85' lang='grc' dir='ltr'>κώλυμα</span> <span class='ocrx_word' id='word_1_977' title='bbox 2500 4910 2684 4973; x_wconf 76' lang='grc' dir='ltr'>αὐτοῖς</span> <span class='ocrx_word' id='word_1_978' title='bbox 2727 4911 2955 4981; x_wconf 83' lang='grc' dir='ltr'>γένηται</span> <span class='ocrx_word' id='word_1_979' title='bbox 2990 4912 3127 4982; x_wconf 80' lang='grc' dir='ltr'>πρὸς</span> <span class='ocrx_word' id='word_1_980' title='bbox 3163 4911 3225 4964; x_wconf 87' lang='grc' dir='ltr'>τδ</span> <span class='ocrx_word' id='word_1_981' title='bbox 3269 4911 3344 4984; x_wconf 85' lang='grc' dir='ltr'>μὴ</span> <span class='ocrx_word' id='word_1_982' title='bbox 3373 4915 3484 4975; x_wconf 90' lang='grc' dir='ltr'>τοῖς</span> <span class='ocrx_word' id='word_1_983' title='bbox 3516 4913 3696 4977; x_wconf 74' lang='grc' dir='ltr'>αὐτοῖς</span> 
     </span>
    </p>
   </div>
   <div class='ocr_carea' id='block_1_120' title="bbox 2027 5004 2365 5072">
    <p class='ocr_par' dir='ltr' id='par_1_120' title="bbox 2027 5004 2365 5072">
     <span class='ocr_line' id='line_1_120' title="bbox 2027 5004 2365 5072; baseline 0 -18"><span class='ocrx_word' id='word_1_984' title='bbox 2027 5004 2365 5072; x_wconf 84' lang='grc' dir='ltr'>περιπεσεῖν.</span> 
     </span>
    </p>
   </div>
   <div class='ocr_carea' id='block_1_121' title="bbox 2097 5145 3694 5217">
    <p class='ocr_par' dir='ltr' id='par_1_121' title="bbox 2097 5145 3694 5217">
     <span class='ocr_line' id='line_1_121' title="bbox 2097 5145 3694 5217; baseline -0.004 -14"><span class='ocrx_word' id='word_1_985' title='bbox 2097 5162 2164 5217; x_wconf 83' lang='grc' dir='ltr'>γ’.</span> <span class='ocrx_word' id='word_1_986' title='bbox 2207 5148 2390 5203; x_wconf 81' lang='grc' dir='ltr'>Ταῦτα</span> <span class='ocrx_word' id='word_1_987' title='bbox 2422 5147 2624 5210; x_wconf 85' lang='grc' dir='ltr'>τοίνυν,</span> <span class='ocrx_word' id='word_1_988' title='bbox 2661 5146 2956 5216; x_wconf 73' lang='grc' dir='ltr'>ἀγαπητοὶ.</span> <span class='ocrx_word' id='word_1_989' title='bbox 2990 5146 3459 5216; x_wconf 80' lang='grc' dir='ltr'>ἀναλογιζόμενοι,</span> <span class='ocrx_word' id='word_1_990' title='bbox 3493 5148 3586 5197; x_wconf 75' lang='grc' dir='ltr'>καὶ</span> <span class='ocrx_word' id='word_1_991' title='bbox 3611 5145 3694 5198; x_wconf 83' lang='grc' dir='ltr'>ἐν-</span> 
     </span>
    </p>
   </div>
   <div class='ocr_carea' id='block_1_122' title="bbox 2026 5231 3694 5306">
    <p class='ocr_par' dir='ltr' id='par_1_122' title="bbox 2026 5231 3694 5306">
     <span class='ocr_line' id='line_1_122' title="bbox 2026 5231 3694 5306; baseline -0.004 -18"><span class='ocrx_word' id='word_1_992' title='bbox 2026 5236 2274 5298; x_wconf 82' lang='grc' dir='ltr'>νοοῦντες</span> <span class='ocrx_word' id='word_1_993' title='bbox 2298 5235 2391 5288; x_wconf 83' lang='grc' dir='ltr'>τοῦ</span> <span class='ocrx_word' id='word_1_994' title='bbox 2420 5235 2695 5306; x_wconf 78' lang='grc' dir='ltr'>ἡμετέρου</span> <span class='ocrx_word' id='word_1_995' title='bbox 2721 5234 2990 5289; x_wconf 80' lang='grc' dir='ltr'>Δεσπὸτου</span> <span class='ocrx_word' id='word_1_996' title='bbox 3025 5236 3124 5305; x_wconf 80' lang='grc' dir='ltr'>τήν</span> <span class='ocrx_word' id='word_1_997' title='bbox 3157 5232 3584 5302; x_wconf 84' lang='grc' dir='ltr'>φιλανθρωπίαν,</span> <span class='ocrx_word' id='word_1_998' title='bbox 3618 5231 3694 5303; x_wconf 78' lang='grc' dir='ltr'>μὴ</span> 
     </span>
    </p>
   </div>
   <div class='ocr_carea' id='block_1_123' title="bbox 2029 5317 3695 5395">
    <p class='ocr_par' dir='ltr' id='par_1_123' title="bbox 2029 5317 3695 5395">
     <span class='ocr_line' id='line_1_123' title="bbox 2029 5317 3695 5395; baseline -0.004 -19"><span class='ocrx_word' id='word_1_999' title='bbox 2029 5323 2384 5395; x_wconf 69' lang='grc' dir='ltr'>ῥαθυμῶμεν,</span> <span class='ocrx_word' id='word_1_1000' title='bbox 2427 5322 2564 5376; x_wconf 84' lang='grc' dir='ltr'>ἀλλά</span> <span class='ocrx_word' id='word_1_1001' title='bbox 2606 5323 2868 5394; x_wconf 90' lang='grc' dir='ltr'>πρότερον</span> <span class='ocrx_word' id='word_1_1002' title='bbox 2931 5321 3121 5389; x_wconf 85' lang='grc' dir='ltr'>πολλὴν</span> <span class='ocrx_word' id='word_1_1003' title='bbox 3167 5319 3378 5372; x_wconf 79' lang='grc' dir='ltr'>ἑαυτῶν</span> <span class='ocrx_word' id='word_1_1004' title='bbox 3429 5317 3526 5388; x_wconf 75' lang='grc' dir='ltr'>τὴν</span> <span class='ocrx_word' id='word_1_1005' title='bbox 3575 5320 3695 5370; x_wconf 85' lang='grc' dir='ltr'>ἐπι-</span> 
     </span>
    </p>
   </div>
   <div class='ocr_carea' id='block_1_124' title="bbox 2030 5406 3696 5485">
    <p class='ocr_par' dir='ltr' id='par_1_124' title="bbox 2030 5406 3696 5485">
     <span class='ocr_line' id='line_1_124' title="bbox 2030 5406 3696 5485; baseline -0.004 -19"><span class='ocrx_word' id='word_1_1006' title='bbox 2030 5413 2250 5485; x_wconf 87' lang='grc' dir='ltr'>μέλειαν</span> <span class='ocrx_word' id='word_1_1007' title='bbox 2280 5409 2581 5480; x_wconf 89' lang='grc' dir='ltr'>ποιώμεθα,</span> <span class='ocrx_word' id='word_1_1008' title='bbox 2605 5415 2698 5464; x_wconf 74' lang='grc' dir='ltr'>καὶ</span> <span class='ocrx_word' id='word_1_1009' title='bbox 2729 5412 2819 5464; x_wconf 85' lang='grc' dir='ltr'>τὸν</span> <span class='ocrx_word' id='word_1_1010' title='bbox 2853 5411 3023 5478; x_wconf 90' lang='grc' dir='ltr'>ῥύπον</span> <span class='ocrx_word' id='word_1_1011' title='bbox 3056 5409 3148 5462; x_wconf 84' lang='grc' dir='ltr'>τὸν</span> <span class='ocrx_word' id='word_1_1012' title='bbox 3176 5407 3284 5460; x_wconf 84' lang='grc' dir='ltr'>ἀπὸ</span> <span class='ocrx_word' id='word_1_1013' title='bbox 3308 5406 3416 5460; x_wconf 88' lang='grc' dir='ltr'>τῶν</span> <span class='ocrx_word' id='word_1_1014' title='bbox 3447 5409 3696 5478; x_wconf 80' lang='grc' dir='ltr'>ἁμαρτη-</span> 
     </span>
    </p>
   </div>
   <div class='ocr_carea' id='block_1_125' title="bbox 2031 5492 3695 5570">
    <p class='ocr_par' dir='ltr' id='par_1_125' title="bbox 2031 5492 3695 5570">
     <span class='ocr_line' id='line_1_125' title="bbox 2031 5492 3695 5570; baseline -0.005 -17"><span class='ocrx_word' id='word_1_1015' title='bbox 2031 5501 2215 5570; x_wconf 79' lang='grc' dir='ltr'>μάτων</span> <span class='ocrx_word' id='word_1_1016' title='bbox 2242 5497 2654 5568; x_wconf 82' lang='grc' dir='ltr'>ἐκκαθάρωμεν,</span> <span class='ocrx_word' id='word_1_1017' title='bbox 2684 5497 2776 5548; x_wconf 74' lang='grc' dir='ltr'>καὶ</span> <span class='ocrx_word' id='word_1_1018' title='bbox 2805 5495 2976 5556; x_wconf 74' lang='grc' dir='ltr'>οὕτως</span> <span class='ocrx_word' id='word_1_1019' title='bbox 3005 5494 3095 5546; x_wconf 81' lang='grc' dir='ltr'>ἐπὶ</span> <span class='ocrx_word' id='word_1_1020' title='bbox 3125 5493 3223 5556; x_wconf 77' lang='grc' dir='ltr'>τὰς</span> <span class='ocrx_word' id='word_1_1021' title='bbox 3266 5493 3561 5564; x_wconf 87' lang='grc' dir='ltr'>πρεσϐείας</span> <span class='ocrx_word' id='word_1_1022' title='bbox 3588 5492 3695 5545; x_wconf 83' lang='grc' dir='ltr'>τῶν</span> 
     </span>
    </p>
   </div>
   <div class='ocr_carea' id='block_1_126' title="bbox 2027 5581 3696 5654">
    <p class='ocr_par' dir='ltr' id='par_1_126' title="bbox 2027 5581 3696 5654">
     <span class='ocr_line' id='line_1_126' title="bbox 2027 5581 3696 5654; baseline -0.004 -15"><span class='ocrx_word' id='word_1_1023' title='bbox 2027 5587 2198 5654; x_wconf 82' lang='grc' dir='ltr'>ἁγίων</span> <span class='ocrx_word' id='word_1_1024' title='bbox 2250 5585 2584 5654; x_wconf 85' lang='grc' dir='ltr'>σπεύδωμεν.</span> <span class='ocrx_word' id='word_1_1025' title='bbox 2643 5585 2768 5635; x_wconf 79' lang='grc' dir='ltr'>Ἐὰν</span> <span class='ocrx_word' id='word_1_1026' title='bbox 2817 5582 2921 5654; x_wconf 82' lang='grc' dir='ltr'>γάρ</span> <span class='ocrx_word' id='word_1_1027' title='bbox 2979 5581 3298 5652; x_wconf 84' lang='grc' dir='ltr'>βουλώμεθα</span> <span class='ocrx_word' id='word_1_1028' title='bbox 3354 5583 3542 5653; x_wconf 84' lang='grc' dir='ltr'>νήφειν</span> <span class='ocrx_word' id='word_1_1029' title='bbox 3604 5582 3696 5634; x_wconf 80' lang='grc' dir='ltr'>καὶ</span> 
     </span>
    </p>
   </div>
   <div class='ocr_carea' id='block_1_127' title="bbox 2029 5667 3696 5743">
    <p class='ocr_par' dir='ltr' id='par_1_127' title="bbox 2029 5667 3696 5743">
     <span class='ocr_line' id='line_1_127' title="bbox 2029 5667 3696 5743; baseline -0.003 -19"><span class='ocrx_word' id='word_1_1030' title='bbox 2029 5673 2407 5743; x_wconf 83' lang='grc' dir='ltr'>ἐγρηγορέναι,</span> <span class='ocrx_word' id='word_1_1031' title='bbox 2448 5672 2541 5722; x_wconf 75' lang='grc' dir='ltr'>καὶ</span> <span class='ocrx_word' id='word_1_1032' title='bbox 2566 5671 2632 5720; x_wconf 83' lang='grc' dir='ltr'>δι’</span> <span class='ocrx_word' id='word_1_1033' title='bbox 2663 5669 2869 5722; x_wconf 79' lang='grc' dir='ltr'>ἑαυτῶν</span> <span class='ocrx_word' id='word_1_1034' title='bbox 2893 5669 3334 5740; x_wconf 76' lang='grc' dir='ltr'>παρακαλοῦντες</span> <span class='ocrx_word' id='word_1_1035' title='bbox 3367 5669 3447 5720; x_wconf 80' lang='grc' dir='ltr'>τά·</span> <span class='ocrx_word' id='word_1_1036' title='bbox 3463 5667 3696 5736; x_wconf 84' lang='grc' dir='ltr'>μέγιστα</span> 
     </span>
    </p>
   </div>
   <div class='ocr_carea' id='block_1_128' title="bbox 2034 5753 3696 5827">
    <p class='ocr_par' dir='ltr' id='par_1_128' title="bbox 2034 5753 3696 5827">
     <span class='ocr_line' id='line_1_128' title="bbox 2034 5753 3696 5827; baseline -0.004 -17"><span class='ocrx_word' id='word_1_1037' title='bbox 2034 5757 2358 5827; x_wconf 85' lang='grc' dir='ltr'>ὀνησόμεθα.</span> <span class='ocrx_word' id='word_1_1038' title='bbox 2404 5756 2620 5826; x_wconf 74' lang='grc' dir='ltr'>Ἐπειδὴ</span> <span class='ocrx_word' id='word_1_1039' title='bbox 2644 5755 2752 5827; x_wconf 81' lang='grc' dir='ltr'>γὰρ</span> <span class='ocrx_word' id='word_1_1040' title='bbox 2778 5755 3155 5826; x_wconf 85' lang='grc' dir='ltr'>φιλάνθρωπός</span> <span class='ocrx_word' id='word_1_1041' title='bbox 3191 5757 3337 5808; x_wconf 84' lang='grc' dir='ltr'>ἐστιν</span> <span class='ocrx_word' id='word_1_1042' title='bbox 3373 5755 3400 5806; x_wconf 93' lang='lat'>6</span> <span class='ocrx_word' id='word_1_1043' title='bbox 3422 5753 3696 5822; x_wconf 86' lang='grc' dir='ltr'>Δεσπότης</span> 
     </span>
    </p>
   </div>
   <div class='ocr_carea' id='block_1_129' title="bbox 2028 5839 3694 5915">
    <p class='ocr_par' dir='ltr' id='par_1_129' title="bbox 2028 5839 3694 5915">
     <span class='ocr_line' id='line_1_129' title="bbox 2028 5839 3694 5915; baseline -0.005 -18"><span class='ocrx_word' id='word_1_1044' title='bbox 2028 5847 2057 5897; x_wconf 91' lang='lat'>6</span> <span class='ocrx_word' id='word_1_1045' title='bbox 2090 5845 2353 5915; x_wconf 78' lang='grc' dir='ltr'>ἡμέτερος</span> <span class='ocrx_word' id='word_1_1046' title='bbox 2375 5884 2389 5906; x_wconf 94' lang='grc'>,</span> <span class='ocrx_word' id='word_1_1047' title='bbox 2421 5844 2519 5914; x_wconf 79' lang='grc' dir='ltr'>οὐχ</span> <span class='ocrx_word' id='word_1_1048' title='bbox 2559 5842 2701 5896; x_wconf 84' lang='grc' dir='ltr'>οῦτιυ</span> <span class='ocrx_word' id='word_1_1049' title='bbox 2723 5843 2790 5896; x_wconf 86' lang='grc' dir='ltr'>δι’</span> <span class='ocrx_word' id='word_1_1050' title='bbox 2823 5843 3025 5914; x_wconf 84' lang='grc' dir='ltr'>ἐτέρων</span> <span class='ocrx_word' id='word_1_1051' title='bbox 3056 5841 3536 5914; x_wconf 87' lang='grc' dir='ltr'>παρακαλούμενος</span> <span class='ocrx_word' id='word_1_1052' title='bbox 3556 5839 3694 5909; x_wconf 75' lang='grc' dir='ltr'>ὑπὲρ</span> 
     </span>
    </p>
   </div>
   <div class='ocr_carea' id='block_1_130' title="bbox 2029 5926 3690 6003">
    <p class='ocr_par' dir='ltr' id='par_1_130' title="bbox 2029 5926 3690 6003">
     <span class='ocr_line' id='line_1_130' title="bbox 2029 5926 3690 6003; baseline -0.003 -19"><span class='ocrx_word' id='word_1_1053' title='bbox 2029 5931 2184 6003; x_wconf 85' lang='grc' dir='ltr'>ήμῶν</span> <span class='ocrx_word' id='word_1_1054' title='bbox 2228 5929 2486 6001; x_wconf 82' lang='grc' dir='ltr'>ἐπινεύει,</span> <span class='ocrx_word' id='word_1_1055' title='bbox 2531 5929 2606 5996; x_wconf 85' lang='grc' dir='ltr'>ὡς</span> <span class='ocrx_word' id='word_1_1056' title='bbox 2643 5930 2708 5985; x_wconf 84' lang='grc' dir='ltr'>δι’</span> <span class='ocrx_word' id='word_1_1057' title='bbox 2741 5929 2910 6002; x_wconf 84' lang='grc' dir='ltr'>ήμῶν</span> <span class='ocrx_word' id='word_1_1058' title='bbox 2954 5930 3158 5986; x_wconf 55' lang='lat'>0.616311.-</span> <span class='ocrx_word' id='word_1_1059' title='bbox 3192 5930 3333 6000; x_wconf 80' lang='grc' dir='ltr'>Ὅρα</span> <span class='ocrx_word' id='word_1_1060' title='bbox 3365 5926 3690 5996; x_wconf 80' lang='grc' dir='ltr'>ἀγαθότητος</span> 
     </span>
    </p>
   </div>
  </div>
