4078 6462
335 363 443 419 409

332 480 499 533 iniam
528 495 542 532 :
567 491 689 533 nam
716 477 762 533 si
789 476 981 535 viderit
1005 492 1102 533 nos
1128 476 1217 548 qui
1247 476 1568 537 offendimus
1588 518 1603 544 ,
1625 486 1679 534 et
1707 474 1934 547 ignomi-

336 570 478 629 niosi
518 568 642 626 facti
666 586 874 637 sumus,
906 570 1215 641 nullamque
1242 569 1500 626 habemus
1525 568 1789 638 ﬁduciam,
1812 582 1940 638 pau-

336 660 511 717 lulum
534 661 779 729 excitari,
806 671 859 718 et
880 662 947 718 ad
970 663 1267 718 clementia:
1288 678 1399 719 suae
1419 662 1633 718 divitias
1651 660 1942 731 confugere

337 762 592 808 verentes
615 794 630 819 ,
662 754 840 809 statim
872 753 1120 824 precibus
1145 755 1362 822 annuit,
1391 764 1447 810 et
1474 770 1691 809 manum
1722 753 1944 827 porrigit

336 842 645 912 jacentibus
673 853 728 901 et
753 845 931 917 lapSuS
959 845 1177 912 excitat,
1205 846 1504 917 clamatque
1532 846 1749 902 dicens:
1772 844 1942 900 Num-

341 933 471 1002 quid
513 933 599 1003 qui
648 935 817 1001 cadit,
866 952 970 989 non
1008 945 1231 1007 resurget
1275 935 1491 1008 (larem.
1534 936 1588 991 8.
1619 934 1716 1009 4)?
1747 935 1943 991 Verum

346 1034 403 1079 ut
460 1025 621 1080 etiam
660 1042 726 1081 ex
767 1026 929 1081 rebus
960 1027 1089 1097 ipsis
1128 1028 1344 1084 diseatis
1373 1027 1641 1098 quomodo
1670 1025 1821 1081 multi
1853 1042 1947 1097 per

344 1119 671 1188 semetipsos
709 1128 926 1174 orantes
957 1119 1007 1174 id
1034 1121 1174 1190 quod
1203 1120 1487 1192 cupiebant
1514 1122 1705 1178 melius
1734 1121 1944 1192 assequi

345 1210 662 1278 valuerunt,
694 1226 850 1280 quam
889 1227 986 1281 per
1014 1213 1238 1267 aliorum
1268 1227 1485 1282 preces,
1514 1227 1691 1283 operm
1718 1213 1946 1283 pretium

348 1299 511 1355 fuerit
539 1317 635 1357 eos
654 1343 667 1367 ,
698 1302 891 1372 quibus
918 1303 967 1357 id
993 1304 1212 1373 contigit
1232 1346 1247 1371 ,
1280 1304 1332 1359 in
1356 1304 1588 1360 medium
1617 1304 1946 1374 producere,

347 1404 405 1448 ut
434 1405 486 1448 et
518 1408 618 1450 nos
641 1394 941 1461 imitemur,
976 1395 1125 1459 etlad
1156 1397 1545 1451 aemulationem
1575 1411 1947 1471 provocemur.

348 1489 651 1550 Audiamus
682 1490 839 1560 igitur
865 1489 1136 1565 quomodo
1161 1489 1463 1545 Chananma
1494 1490 1582 1546 illa
1610 1490 1802 1545 mulier
1826 1505 1948 1545 eum

350 1589 503 1637 esset
551 1581 872 1653 alienigena,
905 1590 961 1637 et
987 1582 1163 1637 anima
1184 1582 1336 1640 valde
1355 1583 1719 1649 cruciaretur,
1749 1583 1839 1637 ubi
1869 1582 1950 1637 vi-

350 1674 434 1733 dit
474 1673 735 1729 Medicum
774 1672 1073 1729 animarum
1094 1715 1111 1740 ,
1138 1683 1191 1729 et
1222 1674 1400 1729 Solem
1421 1674 1641 1745 justitia:
1671 1675 1761 1745 qui
1790 1688 1952 1731 exor-

352 1776 443 1825 tus
463 1774 547 1821 est
571 1766 635 1823 iis
660 1766 749 1836 qui
777 1765 968 1821 sedent
993 1767 1045 1821 in
1076 1766 1344 1833 tenebris,
1376 1766 1599 1823 accessit
1619 1764 1687 1821 ad
1709 1781 1827 1820 eum
1851 1767 1954 1825 fer-

352 1859 481 1913 vido
509 1867 563 1912 et
586 1858 750 1913 alacri
780 1857 958 1914 studio
985 1866 1129 1913 mota
1163 1875 1176 1913 :
1209 1873 1380 1931 neque
1406 1858 1527 1913 ideo
1551 1858 1765 1929 segnior
1793 1858 1950 1927 facta,

353 1950 502 2022 quod
543 1951 627 2006 vel
670 1951 896 2020 mulier,
925 1951 1010 2007 vel
1038 1951 1334 2022 alienigena
1365 1960 1509 2007 esset
1537 1951 1677 2007 :.sed
1707 1951 1954 2006 omnibus

355 2043 762 2112 impedimentis
788 2044 1021 2119 repulsis
1039 2085 1056 2112 ,
1084 2053 1139 2099 ut
1164 2044 1423 2111 accessit,
1455 2042 1625 2114 inquit
1652 2059 1666 2097 :
1700 2042 1952 2109 Domine,

355 2137 597 2191 miserere
625 2136 756 2205 mei,
783 2138 900 2206 quia
928 2138 1039 2205 ﬁlia
1065 2154 1175 2193 mea
1201 2138 1334 2191 male
1356 2154 1387 2191 a
1418 2136 1668 2191 dwmonio
1698 2144 1958 2206 torquetur

355 2229 573 2297 (Matth.
605 2230 693 2285 15.
725 2228 843 2301 22).
870 2230 1070 2285 Verum
1096 2229 1188 2300 qui
1214 2230 1314 2284 scit
1339 2228 1649 2283 abscondita
1678 2228 1954 2294 cordium,

357 2333 502 2377 tacet
532 2330 584 2378 et
611 2339 718 2377 non
750 2322 1062 2394 respondet,
1087 2338 1260 2394 neque
1281 2338 1527 2377 sermone
1546 2337 1665 2375 eam
1685 2321 1953 2391 dignatur,

355 2430 539 2485 neque
580 2415 865 2471 miseretur
908 2416 1182 2482 mulieris,
1224 2430 1383 2486 quam
1421 2414 1636 2470 videbat
1666 2423 1812 2468 tanto
1837 2428 1956 2467 cum

355 2507 561 2576 ejulatu
586 2506 877 2572 accedere;
902 2507 996 2563 sed
1025 2507 1238 2571 differt,
1261 2509 1446 2562 volens
1470 2506 1738 2562 occultum
1772 2506 1960 2560 mulie-

358 2599 440 2654 ris
488 2598 801 2654 thesaurum
849 2599 1098 2654 omnibus
1136 2598 1479 2654 manifestum
1521 2598 1713 2654 facere.
1743 2595 1959 2653 Sciebat

356 2693 506 2746 enim
535 2691 863 2747 reconditam
893 2692 1232 2763 margaritam
1251 2733 1267 2759 ,
1300 2706 1458 2763 quam
1486 2705 1584 2745 nos
1608 2690 1776 2745 latere
1804 2689 1961 2745 nole-

360 2786 455 2839 bat
489 2802 502 2838 :
532 2795 586 2840 et
617 2784 816 2840 idcirco
852 2784 1168 2848 differebat,
1197 2794 1252 2839 et
1280 2799 1382 2839 nec
1411 2797 1671 2853 rcSponso
1700 2780 1959 2853 dignaba-

361 2885 470 2942 tur,
494 2884 550 2931 ut
572 2877 799 2946 posteris
824 2876 1071 2930 omnibus
1092 2875 1329 2931 mulieris
1349 2874 1606 2931 sedulitas
1621 2888 1809 2944 magna
1828 2873 1963 2928 foret

358 2967 627 3023 doctrina.
683 2967 750 3025 Et
800 2967 921 3023 vide
963 2967 1285 3023 ineﬁ'abilem
1334 2967 1426 3025 Dei
1473 2966 1787 3022 bonitatem.
1842 2963 1961 3035 lpsc

360 3058 507 3117 enim
528 3100 545 3124 ,
575 3058 782 3130 inquit,
809 3074 918 3119 non
955 3058 1311 3129 respondebat
1340 3058 1429 3123 ei;
1466 3057 1712 3128 discipuli
1740 3067 1958 3125 autem,

358 3148 455 3220 qui
496 3149 786 3206 admodum
819 3150 1193 3206 misericordes
1219 3160 1273 3206 et
1300 3149 1515 3220 benigni
1547 3165 1666 3205 csse
1695 3148 1955 3203 videban-

362 3250 484 3305 tur,
513 3255 622 3313 non
660 3240 858 3296 audent
885 3240 1164 3297 manifeste
1192 3239 1405 3304 dicere,
1439 3240 1511 3296 Da
1539 3239 1588 3295 ei
1614 3238 1756 3311 quod
1790 3238 1957 3308 petit,

361 3331 625 3388 miserere
650 3332 719 3397 ei,
741 3345 856 3388 eSto
883 3334 931 3388 ei
957 3332 1195 3388 clemens
1219 3349 1232 3386 :
1263 3331 1356 3388 sed
1385 3332 1551 3401 quid?
1576 3329 1786 3385 Dimitte
1814 3348 1921 3385 cam
1940 3369 1958 3399 ,

359 3424 483 3493 quia
528 3425 715 3481 clamat
762 3434 877 3494 post
919 3440 1011 3479 nos
1053 3423 1219 3493 (Ibid.
1259 3439 1308 3479 υ.
1336 3424 1429 3495 ‘25)
1454 3464 1469 3489 ,
1500 3424 1652 3494 quasi
1678 3423 1958 3478 dicerem:

362 3514 558 3577 Libera
602 3531 704 3571 nos
744 3532 773 3572 a
814 3515 1091 3581 molestia,
1140 3514 1307 3573 libera
1350 3530 1449 3572 nos
1487 3530 1517 3569 a
1544 3514 1775 3569 clamore
1802 3527 1959 3583 quem

361 3608 584 3665 excitat.
630 3606 768 3676 Quid
816 3607 975 3678 igitur
1025 3606 1327 3665 Dominus?
1370 3607 1573 3663 Putatis
1606 3620 1727 3673 me,
1758 3606 1959 3675 inquit,

363 3700 575 3772 absque
613 3715 772 3756 causa
808 3701 1077 3768 tacuisse,
1120 3711 1172 3757 et
1228 3715 1488 3770 responso
1515 3714 1633 3755 eam
1660 3714 1766 3755 non
1798 3698 1963 3755 fuisse

360 3791 679 3863 dignatum?
712 3792 903 3849 Audite
943 3810 957 3847 :
1002 3792 1123 3847 Non
1160 3810 1271 3848 sum
1299 3793 1482 3849 missus
1509 3793 1607 3847 nisi
1629 3793 1697 3847 ad
1716 3807 1829 3846 oves
1852 3806 1964 3862 quin

363 3885 623 3954 perierunt
668 3886 849 3941 domus
893 3884 1059 3940 Israel
1087 3884 1247 3959 (Ibid.
1272 3901 1318 3940 υ.
1346 3885 1461 3953 24).
1492 3883 1739 3951 Nescitis,
1771 3884 1959 3954 inquit,

362 3977 721 4047 alienigenam
765 3977 1043 4035 mulierem
1088 3992 1208 4033 esse
1236 3978 1260 4031 ?
1292 3976 1511 4033 nescitis
1554 3992 1641 4031 me
1670 3974 1821 4030 vobis
1851 3974 1961 4045 jam

364 4073 693 4141 przecepisse
735 4087 805 4127 ne
846 4071 995 4127 iretis
1023 4071 1076 4126 in
1113 4070 1251 4126 viam
1277 4069 1560 4140 gentium?
1597 4068 1775 4136 Quare
1803 4067 1963 4139 igitur

363 4166 485 4222 sine
513 4168 759 4223 examine
783 4166 1304 4223 commiserationem
1335 4182 1458 4238 erga
1485 4182 1605 4224 eam
1634 4166 1962 4223 declaratis?

363 4258 662 4315 Considera
690 4259 1034 4316 multifariam
1056 4262 1147 4316 Dei
1175 4262 1490 4331 sapientiam
1510 4301 1524 4325 ,
1550 4259 1820 4331 quomodo
1839 4274 1961 4315 cum

366 4350 699 4419 respondere
726 4350 1037 4417 videbatur,
1070 4351 1348 4406 mulierem
1379 4351 1547 4421 magis
1575 4350 1965 4420 perstringebat

365 4459 529 4513 quam
563 4444 773 4505 silendo
809 4463 822 4499 :
859 4454 914 4500 et
947 4445 1099 4516 quasi
1131 4444 1343 4500 letalem
1380 4445 1587 4514 plagam
1616 4443 1811 4509 dabat,
1838 4458 1965 4515 pro-

366 4550 565 4590 vocare
594 4536 848 4606 paulatim
875 4551 995 4593 eam
1019 4536 1206 4591 volens
1224 4577 1239 4603 ,
1275 4545 1331 4591 ut
1358 4536 1627 4591 discerent
1658 4536 1964 4606 ignorantes

364 4627 616 4697 discipuli
640 4668 658 4694 ,
703 4637 900 4698 quanta
945 4628 998 4683 in
1038 4642 1100 4683 ea
1141 4627 1329 4684 lateret
1372 4627 1523 4683 ﬁdes.
1555 4626 1661 4683 Sed
1692 4642 1862 4697 neque
1886 4626 1965 4681 sic

366 4719 574 4775 tardior
614 4719 1032 4790 negligentiorve
1075 4718 1208 4773 facta
1247 4728 1331 4774 est
1356 4718 1483 4774 visis
1520 4717 1796 4789 discipulis
1827 4718 1964 4774 nihil

370 4812 776 4885 proﬁcientibus
795 4853 811 4878 ,
841 4827 1015 4881 neque
1043 4810 1181 4868 dixit
1199 4812 1337 4867 intra
1365 4811 1709 4881 semetipsam
1740 4830 1754 4864 :
1778 4810 1834 4866 Si
1857 4826 1963 4867 non

370 4915 661 4975 potuerunt
707 4904 783 4960 illi
816 4904 1098 4961 Dominum
1150 4920 1247 4975 pro
1278 4920 1365 4961 me
1389 4919 1648 4971 exorare,
1675 4920 1839 4975 quare
1866 4921 1967 4977 ego

367 5003 570 5058 frustra
612 5015 905 5072 sequerer,
942 5009 998 5057 et
1045 5000 1299 5056 continuo
1344 4998 1643 5055 instarem?
1681 4998 1777 5059 sed
1815 5000 1967 5069 quasi

368 5103 555 5151 mente
578 5093 647 5149 ab
676 5094 799 5164 igne
826 5093 1154 5149 inﬂammata
1179 5101 1235 5149 et
1254 5106 1546 5159 succensa,
1569 5092 1969 5161 visceribusque

368 5188 683 5253 conscissis,
705 5186 915 5244 accedit
939 5186 1190 5254 adorans,
1210 5196 1265 5243 et
1287 5187 1470 5243 dicens
1495 5204 1507 5241 :
1528 5185 1765 5253 Domine,
1783 5188 1970 5258 adjuva

370 5297 455 5338 me
494 5279 657 5350 (Ibid.
684 5296 734 5333 ιι.
774 5278 892 5351 25).
921 5279 1016 5335 Ille
1041 5287 1221 5335 autem
1246 5294 1421 5350 neque
1444 5280 1521 5334 sic
1546 5278 1763 5349 adjuvat
1784 5278 1971 5333 mulie-

368 5387 489 5429 rem
509 5414 527 5437 ,
561 5371 657 5429 sed
695 5387 1011 5441 responsum
1037 5371 1127 5427 dat
1154 5371 1430 5442 superiore
1450 5371 1686 5441 gravius.
1718 5369 1841 5425 Non
1860 5381 1933 5424 est
1952 5411 1968 5437 ,

371 5465 569 5534 inquit,
602 5466 787 5519 bonum
811 5466 1094 5519 uttoltatur
1116 5461 1271 5534 panis
1289 5464 1548 5532 filiorum,
1577 5472 1625 5517 et
1654 5462 1799 5516 detur
1827 5463 1974 5516 cani-

371 5558 467 5612 bus
492 5554 655 5628 (Ibid.
687 5572 738 5611 υ.
766 5557 879 5626 26).
907 5556 1198 5612 Considera
1221 5596 1237 5622 ,
1269 5555 1481 5621 dilecte,
1509 5566 1564 5612 et
1594 5556 1683 5612 hic
1705 5555 1972 5611 admirare

373 5649 575 5703 anima:
599 5648 716 5719 ejus
736 5648 1086 5713 desiderium,
1118 5656 1174 5703 et
1196 5646 1354 5701 ﬁdem
1376 5647 1648 5705 eximiam.
1675 5645 1745 5703 Ut
1765 5645 1974 5700 audivit

372 5757 439 5799 se
470 5756 661 5798 canem
704 5741 811 5798 dici
830 5780 847 5809 ,
873 5756 980 5797 non
1005 5740 1263 5812 gravatim
1291 5739 1452 5807 tulit,
1484 5754 1590 5794 non
1621 5739 1926 5795 retrocessit
1954 5755 1970 5793 :

371 5834 475 5894 sed
514 5851 708 5907 magno
749 5845 804 5894 ct
844 5836 934 5909 pio
959 5835 1155 5894 all'cctu
1197 5835 1367 5907 inquit
1409 5852 1423 5891 :
1466 5833 1673 5904 Etiam,
1702 5833 1965 5891 Domine:

1363 362 1429 417 IN
1466 361 1618 419 CAP.
1660 359 1804 419 XIX.
1846 356 2090 416 GENES.
2136 357 2367 417 llOillL.
2410 360 2597 418 XLIV.

3538 367 3644 421 “0

2049 492 2165 529 nam
2197 487 2241 530 et
2264 478 2423 531 catuli
2451 479 2605 533 edunt
2632 478 2696 532 de
2723 479 2865 534 micis
2890 494 3076 536 menste
3095 478 3415 535 dominorum
3437 497 3643 535 suarum

2048 570 2261 641 (Matth.
2289 572 2377 628 l5.
2397 572 2515 643 27).
2547 572 2816 629 Conﬁteor
2835 613 2849 638 ,
2875 572 3079 645 inquit,
3117 572 3348 628 catulum
3376 586 3463 627 me
3484 589 3645 629 esse:

2049 662 2213 732 igitur
2236 663 2375 721 sicut
2399 663 2634 720 catulum
2656 663 2877 734 dignare
2905 679 2991 721 me
3010 664 3162 720 micis
3184 678 3384 719 mensze
3404 678 3645 737 pascere.

2051 753 2242 810 Vidisti
2285 755 2524 810 mulieris
2559 754 2719 810 ﬁdem
2758 765 2813 810 et
2841 755 3206 825 probitatem?
3234 754 3477 825 Suscepit
3504 752 3646 824 quod

2048 846 2249 905 dictum
2277 855 2362 903 est
2379 889 2393 912 ,
2419 856 2474 903 et
2497 848 2676 904 statim
2703 847 2753 904 id
2778 848 2845 905 de
2866 864 2973 917 quo
2995 848 3219 904 sollicita
3245 856 3358 902 erat
3379 847 3609 903 obtinuit
3631 886 3648 912 ,

2050 939 2386 1011 obtinuitque
2436 940 2605 1010 magis
2651 954 2771 994 cum
2822 939 3087 994 laudibus.
3140 937 3277 1006 Quid
3325 939 3469 992 enim
3518 937 3649 992 dicit

2051 1032 2340 1087 Christus?
2372 1031 2418 1087 0
2448 1032 2646 1098 mulier,
2665 1049 2851 1105 magna
2878 1042 2949 1085 est
2977 1032 3103 1101 fides
3129 1039 3214 1084 tua
3245 1044 3263 1084 :
3290 1030 3380 1098 ﬁat
3405 1028 3492 1082 tibi
3518 1029 3650 1081 sicut

2052 1126 2125 1180 vis
2168 1124 2331 1195 (Ibid.
2372 1142 2418 1180 υ.
2466 1124 2585 1195 28).
2626 1122 2671 1179 0
2698 1124 2905 1189 mulier,
2953 1121 3321 1178 admirationis
3346 1120 3565 1174 verbum
3594 1126 3651 1172 et

2054 1220 2257 1276 dictum
2304 1219 2460 1275 laude
2502 1219 2739 1290 plenum.
2785 1217 3063 1288 Magnam,
3115 1217 3316 1287 inquit,
3366 1213 3647 1269 declarain

2057 1312 2258 1378 ﬁdem;
2304 1322 2588 1381 propterea
2633 1320 2778 1365 tanta
2816 1310 2911 1364 tibi
2953 1318 3138 1374 erunt,
3167 1317 3361 1378 quanta
3390 1306 3486 1360 vis.
3519 1305 3650 1360 Vide

2056 1404 2391 1461 liberalitatis
2432 1402 2837 1473 amplitudinem
2860 1443 2875 1469 ,
2924 1410 2980 1457 et
3022 1401 3285 1457 admirare
3311 1398 3522 1453 Domini
3558 1412 3648 1452 sa-

2057 1498 2331 1569 pientiam.
2376 1497 2569 1553 Annon
2616 1494 2685 1551 ab
2732 1495 2882 1550 initio
2919 1493 3265 1564 putabamus,
3312 1507 3433 1547 cum
3460 1490 3538 1545 sic
3568 1505 3654 1544 rc-

2056 1592 2278 1663 pellcret
2315 1606 2471 1659 eam,
2516 1589 2985 1645 commiseratione
3012 1587 3157 1641 illum
3187 1586 3413 1641 carere?
3444 1584 3511 1638 Et
3533 1583 3654 1654 pri-

2057 1700 2204 1741 mum
2230 1682 2447 1755 quidem
2474 1699 2579 1738 non
2600 1682 2922 1753 dignabatur
2944 1694 3204 1751 responso
3225 1721 3240 1745 ,
3266 1687 3451 1749 postea
3472 1684 3652 1732 autem

2059 1793 2155 1847 per
2196 1776 2425 1847 primum
2448 1785 2503 1831 et
2527 1774 2823 1833 secundum
2850 1788 3165 1843 reSponsum
3195 1771 3346 1841 quasi
3370 1767 3616 1839 abigebat
3634 1808 3650 1834 ,

2055 1878 2113 1927 et
2153 1884 2272 1924 eam
2316 1884 2437 1938 quae
2464 1882 2586 1927 cum
2628 1874 2776 1921 tanto
2819 1865 3110 1920 advenerat
3153 1862 3422 1919 desiderio
3460 1869 3515 1915 et
3551 1861 3655 1914 ler-

2058 1976 2212 2027 vorc,
2259 1960 2570 2030 repellebat.
2604 1957 2798 2012 Verum
2828 1972 2858 2011 a
2891 1956 2994 2010 ﬁne
3020 1955 3165 2011 disce
3190 1953 3283 2009 Dei
3315 1952 3606 2007 bonitatem
3636 1966 3651 2013 ;

2058 2066 2184 2107 eum
2232 2066 2425 2121 nempe
2458 2050 2728 2105 volentem
2768 2062 2885 2101 eam
2908 2045 3190 2102 clariorem
3218 2042 3476 2109 reddere,
3510 2049 3652 2097 tanta

2060 2146 2316 2202 dilatione
2357 2144 2523 2200 fuisse
2559 2158 2737 2199 usum.
2780 2139 2986 2195 Etenim
3035 2138 3079 2192 si
3116 2136 3293 2193 statim
3343 2134 3653 2198 annuisset,

2062 2237 2477 2293 nescivissemus
2504 2248 2603 2288 nos
2627 2231 2868 2287 mulieris
2888 2230 3138 2284 virtutem
3171 2245 3184 2281 :
3216 2227 3340 2297 quia
3361 2234 3538 2280 autem
3560 2238 3657 2293 pa-

2062 2346 2279 2399 rumper
2316 2328 2557 2393 distulit,
2602 2336 2656 2382 ct
2697 2322 2904 2379 Domini
2946 2320 3291 2391 cognovimus
3340 2314 3658 2373 ineffabilem

2064 2422 2487 2488 humanitatem,
2514 2428 2568 2474 et
2588 2418 2729 2474 illius
2752 2416 2908 2470 ﬁdem
2932 2412 3205 2469 eximiam.

2135 2517 2189 2573 4.
2222 2513 2346 2569 Non
2376 2522 2571 2566 tantum
2600 2510 2891 2581 perﬁcimus
2921 2524 3011 2575 per
3039 2505 3169 2558 alios
3209 2510 3410 2556 orantes
3434 2542 3448 2566 ,
3493 2515 3657 2570 quart-

2065 2617 2172 2663 tum
2200 2622 2289 2675 per
2318 2621 2408 2658 nos
2435 2604 2594 2673 ipsos.
2628 2630 2701 2642 -—-
2738 2599 2928 2652 Totam
2972 2605 3149 2651 autem
3195 2593 3333 2647 hanc
3379 2589 3654 2646 historiam

2066 2700 2121 2756 in
2147 2698 2381 2754 medium
2407 2695 2603 2752 afferre
2624 2692 2795 2753 coacti
2824 2702 3031 2753 sumus,
3059 2697 3117 2741 ut
3137 2685 3405 2740 discamus
3433 2696 3531 2736 nos
3551 2696 3658 2735 non

2068 2802 2275 2848 tantum
2304 2788 2563 2859 perﬁcere
2590 2800 2686 2855 per
2713 2783 2848 2838 alios
2870 2789 3108 2845 orantes,
3137 2786 3393 2847 quantum
3420 2790 3516 2844 per
3536 2788 3659 2827 nos-

2066 2885 2241 2954 ipsos,
2269 2881 2312 2935 si
2340 2879 2553 2950 quidem
2581 2892 2703 2932 eum
2732 2873 2897 2929 alacri
2940 2880 2996 2928 et
3034 2870 3183 2941 vigili
3214 2877 3392 2923 mente
3434 2863 3659 2920 acceda-

2067 2991 2207 3031 mus.
2237 2973 2528 3029 Enimvero
2554 2969 2643 3025 illa
2670 2976 2723 3024 et
2747 2964 3038 3035 discipulos
3064 2961 3269 3017 habens
3298 2974 3396 3030 pro
3419 2973 3478 3013 se
3503 2971 3657 3011 oran-

2068 3077 2170 3133 tes,
2196 3065 2328 3121 nihil
2358 3062 2601 3134 profeeit,
2627 3060 2801 3116 donec
2827 3060 2940 3127 ipsa
2974 3070 3069 3124 per
3095 3068 3155 3109 se
3185 3063 3423 3123 praesens
3449 3059 3502 3103 et
3533 3062 3656 3116 per-

2066 3173 2320 3215 severans
2359 3154 2700 3211 clementiam
2733 3147 2941 3205 Domini
2972 3145 3073 3204 sibi
3110 3143 3441 3201 conciliaret.
3486 3142 3660 3207 Atque

2066 3249 2319 3322 parabola
2344 3248 2434 3303 illa
2456 3246 2613 3300 amici
2641 3245 2964 3312 intempesta
2985 3247 3143 3295 nocte
3165 3233 3449 3298 venientis,
3471 3241 3525 3285 et
3552 3242 3661 3285 tres

2065 3357 2232 3415 pana
2259 3339 2510 3410 petentis,
2537 3335 2677 3393 idem
2706 3335 2881 3404 ipsum
2922 3330 3243 3387 subindicat.
3274 3326 3415 3381 Nam
3439 3324 3656 3385 etiamsi,

2065 3438 2260 3492 amicus
2286 3434 2422 3497 licet,
2454 3447 2555 3485 non
2586 3428 2846 3491 exaudiat,
2878 3434 3100 3479 attamen
3128 3421 3205 3475 vel
3233 3429 3436 3488 prapter
3465 3418 3659 3485 impor-

2066 3529 2329 3583 tunitatem
2357 3532 2551 3593 surget,
2580 3531 2627 3575 et
2653 3520 2698 3574 ei
2724 3517 2862 3572 dabit
2901 3514 3063 3585 (Luc.
3096 3513 3181 3567 11.
3213 3510 3307 3581 8).
3332 3509 3509 3578 Itaque
3536 3522 3660 3562 cum

2066 3620 2345 3676 videamus
2372 3613 2693 3669 ineffabilem
2716 3606 3055 3665 clementiam
3087 3601 3299 3659 Domini
3339 3598 3529 3662 nostri,
3571 3611 3660 3648 ac-

2066 3711 2323 3769 cedamus
2353 3707 2420 3764 ad
2464 3721 2589 3762 eum
2612 3744 2629 3767 ,
2670 3698 2994 3762 declaratis,
3038 3705 3095 3751 et
3120 3693 3271 3764 quasi
3310 3701 3436 3746 ante
3474 3687 3661 3744 oculos

2068 3812 2287 3862 nostros
2316 3799 2605 3871 propositis
2631 3793 2911 3866 speciatim
2938 3788 3165 3860 singulis
3189 3783 3423 3856 peccatis
3441 3780 3658 3844 nostris,

2064 3898 2228 3955 etiam
2263 3909 2359 3962 pro
2400 3888 2683 3960 pra-teritis
2715 3886 2925 3942 veniam
2972 3892 3249 3951 petamus,
3282 3886 3339 3930 ut
3382 3874 3438 3928 in
3483 3872 3661 3925 futuro

2067 3988 2259 4059 majori
2287 3984 2557 4056 diligentia
2580 3982 2839 4044 viventes,
2864 3975 3168 4031 uberiorem
3187 3969 3304 4040 ejus
3328 3965 3657 4023 benevolen-

2068 4056 2195 4139 tiam
2242 4092 2613 4146 assequamur.
2666 4071 2863 4127 Verum
2912 4067 3235 4129 redeamus,
3277 4062 3320 4116 si
3355 4060 3560 4129 placet,
3590 4056 3656 4109 ad

2067 4175 2313 4233 lectionis
2354 4171 2571 4227 seriem.
2603 4168 2692 4224 50.
2730 4164 2966 4219 Ascendit
3007 4171 3212 4219 autem,
3245 4156 3445 4225 inquit,
3479 4152 3573 4206 Lot
3606 4150 3657 4205 in

2069 4270 2271 4340 Seqor,
2311 4275 2356 4320 et
2384 4264 2513 4320 sedit
2556 4262 2610 4315 in
2653 4267 2819 4312 monte
2842 4298 2858 4322 ,
2900 4264 2947 4307 et
2990 4253 3108 4306 dua!
3137 4249 3260 4318 ﬁliae
3285 4254 3411 4340 ejus
3436 4259 3550 4340 cum
3579 4257 3657 4294 eo.

2067 4334 2366 4415 Timuerunt
2394 4354 2526 4409 enim
2552 4351 2781 4405 habitare
2808 4347 2860 4401 in
2882 4345 3082 4415 Segor;
3107 4351 3155 4395 et
3191 4336 3431 4392 habitavit
3459 4334 3513 4387 in
3547 4347 3663 4399 spe-

2069 4452 2219 4506 lunca
2246 4450 2386 4519 ipse,
2427 4454 2474 4499 et
2497 4444 2612 4498 dure
2643 4441 2763 4511 [iliis
2801 4438 2911 4507 ejus
2953 4450 3068 4488 cum
3106 4447 3187 4485 eo.
3234 4428 3419 4483 Justus
3462 4421 3663 4519 invale-

2068 4513 2459 4599 seente'adhue
2485 4536 2697 4597 timore,
2725 4545 2886 4601 quem
2906 4529 3227 4594 conceperat
3254 4537 3284 4574 a
3312 4519 3462 4588 plaga
3492 4513 3663 4570 Sodo-

2068 4636 2215 4693 mitis
2246 4633 2482 4696 inducta,
2516 4625 2700 4699 procul
2732 4623 2863 4689 abit,
2892 4628 2948 4675 et.
2973 4618 3024 4673 in
3053 4623 3256 4678 monte,
3287 4610 3478 4680 inquit,
3506 4606 3660 4662 habi-

2070 4736 2147 4783 tat
2186 4740 2307 4780 cum
2356 4721 2566 4776 ﬁliabus
2605 4717 2718 4772 suis
2750 4730 2765 4768 :
2797 4720 2854 4767 et
2890 4712 2943 4766 in
2989 4705 3277 4763 solitudine
3319 4710 3375 4759 et
3415 4700 3663 4755 vastitate

2068 4828 2309 4877 extrema
2354 4821 2541 4886 postea
2586 4808 2685 4863 fuit
2712 4820 2835 4860 cum
2878 4800 3129 4865 ﬁliabus,
3172 4796 3226 4851 in
3268 4801 3451 4849 monte
3479 4790 3663 4845 sedem

2071 4912 2297 4968 habens.
2331 4883 2423 4962 ἐι.
2452 4904 2597 4958 Dixit
2621 4910 2806 4964 autem,
2837 4895 3027 4966 inquit,
3059 4892 3227 4962 major
3252 4898 3377 4942 natu
3402 4885 3469 4939 ad
3486 4883 3670 4955 junio-

2070 5021 2176 5060 rem
2203 5018 2221 5056 :
2245 5000 2401 5054 Pater
2426 5006 2595 5051 uoster
2619 5006 2775 5047 senex
2801 4998 2898 5053 est,
2927 4997 2972 5042 et
2998 4985 3173 5040 nullus
3200 4990 3273 5037 est
3299 4994 3450 5049 super
3478 4986 3664 5029 terram

2071 5097 2157 5168 qui
2182 5092 2496 5165 ingrediatur
2532 5088 2602 5141 ad
2644 5101 2758 5150 nos,
2795 5084 2950 5155 juxta
2991 5093 3181 5132 morem
3217 5073 3471 5168 universa.
3496 5078 3664 5167 terrm,

2072 5157 2164 5247 '32.
2199 5157 2345 5253 veni,
2372 5194 2418 5239 et
2448 5191 2675 5255 petemus
2704 5186 2899 5248 pulsem
2929 5181 3158 5229 nostrum
3183 5165 3298 5221 vino
3317 5204 3332 5229 ,
3364 5171 3411 5215 et
3438 5157 3665 5255 dormia-

2074 5299 2186 5338 mus
2217 5297 2331 5335 cum
2357 5294 2415 5332 eo
2432 5318 2446 5342 ,
2477 5284 2524 5329 et
2550 5273 2820 5327 excitemus
2858 5282 3027 5322 semen
3051 5279 3113 5318 ex
3140 5269 3284 5330 patre
3309 5261 3497 5342 nostra.
3530 5247 3663 5304 Cum

2075 5371 2376 5429 reverentia
2404 5341 2460 5424 et
2485 5365 2677 5421 timore
2706 5360 2874 5415 multo
2899 5355 3177 5412 audiamus
3207 5361 3291 5408 ea,
3322 5341 3522 5404 dilecti,
3547 5352 3667 5408 qum

2076 5466 2129 5520 in
2158 5463 2354 5518 divinis
2383 5456 2676 5527 Scripturis
2713 5451 3092 5507 continentur;
3138 5453 3247 5495 non
3288 5434 3432 5491 enim
3465 5441 3669 5485 temere

2075 5566 2130 5611 et
2158 5554 2359 5624 absque
2387 5526 2546 5607 causa
2574 5546 2769 5613 scripta
2798 5550 2951 5601 sunt,
2979 5534 3074 5591 sed
3113 5530 3291 5590 omnia
3324 5526 3524 5624 util-iter
3553 5529 3610 5623 et
3637 5534 3669 5575 e

2077 5662 2136 5702 re
2166 5613 2369 5710 nosira,
2401 5638 2609 5697 etiamsi
2637 5648 2734 5690 nos
2754 5629 2997 5703 quardam
3029 5629 3356 5696 ignoremus.
3385 5616 3499 5672 Non
3524 5613 3667 5669 enim

2078 5739 2256 5795 omnia
2288 5745 2571 5807 possumus
2613 5726 2891 5785 evidenter
2932 5720 3072 5776 scire
3104 5736 3119 5773 :
3150 5715 3247 5773 sed
3290 5714 3333 5769 si
3380 5720 3435 5765 et
3478 5719 3670 5764 causas

2084 5804 2307 5889 reddere
2334 5842 2431 5898 pro
2478 5831 2665 5880 nostro
2705 5827 2865 5892 captu
2909 5822 3209 5879 tentemus,
3252 5804 3450 5862 habent
3491 5810 3671 5857 tamen
