4078 6500
445 375 539 433 Ml

440 489 617 545 adhuc
641 485 896 542 latentem
924 482 1208 556 quemdam
1239 482 1548 538 thesaurum
1578 480 1597 513 ¹
1624 495 1655 535 a
1685 478 1868 535 multis
1905 474 2033 535 abs-

440 572 739 642 conditum,
802 593 901 633 nec
929 574 1378 646 investigaltiiem.
1401 571 1693 628 Considera
1724 571 1883 641 igitur
1901 584 2038 639 quo-

443 685 478 724 ιι
502 669 608 725 udo
636 668 913 738 Scriptum
942 666 1120 722 omnia
1166 665 1448 721 manifeste
1493 663 1756 725 narrarit.
1793 672 1847 718 et
1886 660 2040 716 nobis

445 774 667 830 scopum
696 760 763 816 ad
805 762 961 815 ﬁnem
990 758 1286 815 ostenderit
1326 759 1555 813 ﬁliarum
1592 756 1757 828 justi,
1800 763 1854 810 et
1897 767 2040 808 nunc

441 854 656 923 quidem
691 867 788 923 pro
818 853 922 908 illis
942 894 956 918 ,
991 868 1135 908 nunc
1173 867 1305 907 vero
1334 865 1434 923 pro
1457 849 1604 921 jusm
1631 849 1847 919 dignam
1875 860 2039 901 excu-

444 944 706 998 sationem
755 944 988 999 aﬁ‘crens
1016 961 1030 998 :
1063 952 1122 999 ut
1160 943 1338 997 nullus
1367 941 1433 995 ad
1475 938 1674 995 factum
1722 937 2035 1007 reSpiciens,

440 1034 527 1088 vel
548 1035 752 1104 justum
775 1035 1118 1101 condemnet,
1147 1035 1232 1090 vel
1252 1033 1382 1105 justi
1415 1032 1572 1099 ﬁlias,
1600 1030 1749 1102 quasi
1780 1043 2037 1099 congres-

438 1139 535 1180 sus
563 1125 656 1181 ille
684 1136 905 1198 propter
933 1127 1371 1183 incontinentiam
1414 1125 1593 1181 fuerit.
1625 1122 1906 1193 Quomodo
1935 1122 2041 1194 igi-

440 1224 535 1272 tur
560 1216 786 1272 ﬁliarum
812 1219 941 1286 justi
986 1218 1386 1273 excusationem
1413 1216 1611 1272 affert?
1638 1214 1814 1280 Diiit,
1844 1214 2036 1285 inquit,

439 1304 610 1374 major
650 1317 773 1361 natu
812 1308 889 1363 ad
914 1309 1219 1377 jnniorem:
1247 1307 1408 1363 Pater
1442 1317 1611 1363 noster
1648 1315 1723 1362 est
1764 1321 1947 1369 senex,
1990 1313 2038 1360 et

442 1397 617 1452 uultus
642 1407 716 1452 est
758 1416 912 1470 super
940 1410 1135 1454 terram
1153 1400 1244 1471 qui
1283 1399 1601 1472 ingrediatur
1626 1399 1699 1451 ad
1734 1413 1858 1462 nos,
1883 1399 2039 1469 juxta

441 1505 635 1544 morem
680 1493 930 1546 nuit-erue
967 1502 1134 1551 terrm.
1182 1491 1315 1548 Vide
1355 1506 1580 1563 scopum
1619 1489 1938 1561 diligenter,
1982 1496 2045 1544 et

445 1584 596 1638 omni
639 1599 732 1640 eas
778 1584 1034 1640 liberabis
1057 1585 1300 1641 crimine.
1335 1584 1661 1639 Putaverunt
1697 1584 1840 1639 enim
1869 1596 2040 1652 gene-

443 1673 612 1727 ralent
651 1675 812 1728 totius
841 1675 989 1730 orbis
1015 1674 1211 1731 factum
1241 1675 1548 1739 interitum,
1578 1672 1902 1743 nullumque
1918 1687 2037 1725 am-

443 1763 584 1833 plius
626 1779 755 1819 esse
794 1767 1137 1835 superstitem
1185 1782 1200 1820 :
1241 1764 1437 1821 deinde
1484 1772 1539 1820 et
1585 1764 1750 1834 patris
1790 1763 2040 1818 viderunt

441 1864 791 1913 senectutem.
838 1856 906 1913 lit
943 1857 1134 1929 igitur,
1167 1857 1371 1928 inquit,
1406 1872 1514 1911 non
1544 1857 1824 1912 abolentur
1843 1868 2040 1926 genus,

443 1961 544 2003 nec
569 1956 752 2018 pereat
778 1962 975 2003 nomen
1003 1958 1247 2004 nostrum
1272 1948 1412 2020 (hare
1432 1948 1576 2003 enim
1600 1957 1718 2004 erat
1741 1946 2039 2018 priscorum

442 2038 680 2093 maxima
704 2053 832 2094 cura
854 2079 869 2104 ,
899 2039 1173 2110 quomodo
1194 2054 1366 2110 genus
1390 2054 1548 2095 suum
1589 2040 1882 2095 liberorum
1909 2051 2037 2103 suc-

439 2131 695 2186 cessione
715 2131 1031 2202 dilatarent)
1060 2149 1075 2186 :
1105 2146 1173 2187 ne
1196 2147 1327 2202 ergo
1345 2172 1361 2197 ,
1394 2131 1600 2201 inquit,
1627 2130 1798 2187 nostri
1824 2128 2040 2200 generis

444 2227 552 2274 tota
578 2219 668 2275 ﬁat
690 2221 933 2287 abolitio,
964 2222 1259 2291 prazsertitn
1281 2221 1392 2291 jam
1418 2221 1572 2276 senio
1598 2230 1749 2292 patre
1767 2218 2037 2288 confecto,

444 2319 502 2363 et
530 2309 710 2365 nullus
742 2311 1046 2367 inveniatur
1075 2313 1157 2368 vir
1178 2312 1278 2382 qni-
1299 2313 1463 2368 nobis
1479 2312 1767 2383 jungatur,
1813 2320 1875 2367 ut
1910 2326 2041 2382 pos-

442 2399 614 2455 simus
641 2401 940 2459 extendere
969 2412 1025 2459 et
1053 2402 1362 2474 relinquere
1398 2404 1622 2459 seminis
1649 2404 1817 2458 nostri
1849 2417 2041 2474 propa-

441 2492 710 2561 gationetn
741 2510 754 2545 :
792 2491 942 2559 Veni,
977 2493 1177 2565 inquit,
1213 2503 1270 2548 ut
1296 2510 1365 2549 ne
1408 2493 1511 2549 hoc
1538 2494 1628 2549 ﬁat
1647 2535 1664 2562 ,
1695 2504 1925 2565 petemus
1948 2511 2045 2566 po-

442 2590 573 2635 tretn
596 2593 824 2638 nostram
850 2585 987 2639 sine.
1013 2584 1175 2653 Quasi
1194 2584 1379 2641 dicere
1402 2586 1567 2641 velit:
1590 2587 1725 2654 Quia
1747 2602 2040 2658 numquam

447 2671 611 2728 ferret
641 2675 724 2729 vel
761 2674 984 2731 auribus
1011 2675 1114 2731 hoc
1160 2685 1331 2746 pater,
1361 2676 1488 2731 vino
1531 2676 1863 2748 decipiamus
1888 2692 2036 2734 eum.

447 2762 541 2818 ‘53.
575 2761 886 2818 Potarerunt
919 2773 1086 2818 autem
1116 2775 1314 2836 patrem
1334 2781 1481 2820 suum
1509 2767 1626 2820 vino
1662 2777 1809 2821 nocte
1834 2767 1966 2834 ista,
1992 2777 2044 2822 et

446 2853 674 2924 ingressa
698 2866 771 2908 est
792 2855 980 2921 senior,
1004 2864 1052 2908 et
1077 2857 1314 2910 dormivit
1338 2872 1457 2910 cum
1481 2867 1626 2926 patre
1644 2874 1736 2912 suo
1759 2874 1780 2913 :
1801 2868 1850 2913 et
1876 2859 2043 2914 nesci-

445 2947 513 2999 vit
548 2946 756 3017 quando
795 2947 887 3001 illa
911 2947 1198 3002 accubuerit
1217 2990 1233 3016 ,
1264 2949 1343 3003 vel
1364 2950 1657 3005 surrexerit.
1686 2949 1880 3006 Vidisti
1907 2966 2042 3022 quo-

447 3039 609 3093 modo
651 3038 832 3093 divina
875 3037 1156 3110 Scriptura
1200 3055 1299 3110 pro
1338 3040 1487 3112 justo
1528 3041 1793 3098 rationem
1831 3041 2042 3098 dederit

448 3145 553 3184 non
596 3129 766 3185 semel
812 3138 1042 3193 tantum,
1085 3130 1181 3186 sed
1225 3139 1282 3187 et
1321 3131 1565 3187 iterum?
1609 3132 1763 3188 Prius
1797 3131 2041 3205 quidem,

448 3223 568 3293 quia
600 3222 724 3277 ﬁlim
750 3223 878 3277 vino
906 3223 1079 3293 ipsum
1105 3216 1464 3295 deceperunt,
1495 3223 1787 3281 declaravit
1809 3240 1903 3281 eas
1931 3239 2041 3281 non

453 3312 608 3369 aliter
634 3313 872 3384 potuisse
900 3315 1226 3385 persuadere
1269 3317 1440 3386 patri,
1468 3332 1628 3387 quam
1653 3318 1734 3374 sic
1762 3317 2041 3377 iaciendo:

445 3420 588 3461 nunc
615 3413 795 3462 autem
823 3407 1016 3476 opinor
1041 3415 1099 3462 et
1134 3421 1368 3479 superna
1388 3408 1788 3479 dispensatione
1804 3425 1929 3467 esse
1957 3410 2042 3464 ia-

448 3506 614 3563 ctum,
644 3497 716 3552 ita
741 3497 908 3554 fuisse
930 3513 1054 3554 eum
1079 3508 1425 3570 aggravatum
1449 3501 1606 3569 vino,
1639 3511 1697 3556 ut
1722 3518 1837 3558 rem
1862 3502 2043 3558 omni-

451 3604 522 3645 no
542 3591 869 3658 ignoraret,
915 3600 975 3645 ut
1016 3601 1154 3646 noxa
1183 3599 1243 3647 et
1279 3593 1505 3649 crimine
1532 3608 1735 3651 vacuus
1766 3606 1933 3654 esset.
1963 3598 2044 3657 Ea

449 3681 593 3736 enim
638 3689 852 3750 peccata
896 3696 995 3737 nos
1021 3683 1415 3753 condemnant,
1442 3700 1565 3757 qua:
1602 3687 1837 3745 scientes
1860 3699 1917 3747 et
1942 3706 2043 3747 νο-
2072 3700 2085 3711 '

450 3773 683 3828 lnntarie
724 3771 968 3829 facimus.
995 3775 1158 3833 Vides
1196 3778 1466 3848 quomodo
1505 3781 1869 3840 testimonium
1901 3801 2045 3858 prte-

455 3862 579 3918 lteat
621 3862 771 3933 justo
817 3865 1128 3937 Scriptura,
1182 3870 1356 3940 ipsum
1403 3873 1627 3928 omnino
1673 3890 1788 3930 rem
1836 3886 2042 3947 gestam

454 3953 776 4023 ignorasse?
806 3955 1002 4012 Verum
1027 3958 1196 4013 altera
1222 3961 1448 4030 quzestio
1469 3965 1639 4035 surgit
1663 3965 1733 4021 de
1756 3967 2039 4027 ebrietate.

452 4044 685 4115 Oportet
707 4047 850 4101 enim
875 4049 1055 4103 omnia
1086 4049 1429 4122 investigare,
1457 4063 1514 4109 ut
1538 4056 1681 4111 nulla
1708 4056 1965 4127 improbis
1990 4071 2046 4117 et

456 4134 856 4204 impudentibus
892 4138 1251 4197 calumniandi
1284 4144 1618 4216 relinquatur
1643 4150 1878 4205 occasio.
1902 4151 2044 4220 Quid

459 4225 615 4293 igitur
643 4223 714 4279 de
740 4225 840 4282 hac
869 4243 931 4284 re.
959 4230 1241 4286 dicemus?
1263 4232 1381 4289 Νοιι
1409 4244 1515 4290 tam
1541 4252 1607 4292 ex
1635 4238 2045 4311 intemperantia

456 4316 535 4371 illi
564 4318 824 4373 accidisse
847 4319 1187 4387 ebrietatem,
1219 4338 1379 4394 quam
1403 4341 1469 4381 ex
1498 4327 1731 4384 tristitia.

528 4409 584 4465 ὅ.
617 4406 798 4479 Neque
827 4408 926 4465 Lot
953 4428 1113 4481 neque
1137 4415 1261 4482 lilia:
1292 4417 1402 4487 ejus
1428 4417 1727 4473 damnandi.
1751 4450 1825 4463 -—
1861 4421 2047 4481 Nullus

458 4501 618 4571 igitur
644 4503 841 4557 audeat
867 4512 961 4558 aut
982 4504 1207 4574 justum,
1228 4515 1323 4561 aut
1343 4508 1470 4577 justi
1502 4509 1637 4565 tilias
1660 4511 2042 4572 condemnare.

455 4595 736 4662 Quomodo
763 4597 905 4652 enim
942 4612 1048 4653 non
1075 4610 1220 4655 esset
1259 4611 1515 4657 extrema:
1541 4602 1827 4661 dementiae
1866 4614 1922 4663 et
1963 4608 2047 4663 in-

459 4687 743 4756 sipientite,
774 4689 819 4743 si
851 4704 945 4746 eos
979 4706 1116 4762 quos
1138 4692 1316 4747 divina
1341 4693 1617 4764 Scriptura
1640 4696 1709 4752 ab
1735 4700 1882 4754 omni
1910 4699 2048 4755 libe-

457 4790 540 4834 rat
565 4781 792 4836 crimine
809 4822 827 4848 ,
856 4783 965 4837 imo
991 4799 1088 4851 pro
1119 4786 1311 4855 quibus
1347 4796 1550 4844 tantam
1575 4791 1875 4863 apologiam
1899 4807 2048 4849 com-

457 4873 651 4943 ponit,
699 4887 799 4929 nos
854 4874 1148 4930 innumeris
1205 4888 1550 4946 peccatorum
1617 4884 1844 4940 sarcinis
1905 4885 2075 4956 pleni.

457 4963 881 5020 condemnemus
909 4982 922 5019 :
954 4974 1009 5019 et
1034 4981 1141 5020 non
1170 4967 1449 5024 audiamus
1474 4970 1700 5027 Paulum
1740 4974 2006 5033 dicentem
2031 4996 2045 5033 :

463 5056 605 5112 Deus
633 5058 717 5128 qui
738 5058 990 5128 justi/ient
1013 5099 1029 5125 ,
1065 5060 1179 5129 quis
1222 5071 1296 5116 est
1325 5064 1411 5128 qui
1437 5066 1729 5121 condemnet
1769 5069 1960 5137 (Rom.
1992 5072 2046 5128 8.
2074 5094 2079 5109 -

455 5150 541 5205 35.
576 5150 727 5217 θυι
755 5150 822 5205 Ει
845 5159 900 5204 ιιι
931 5149 1140 5219 discas,
1169 5151 1272 5208 hoc
1310 5170 1416 5207 non
1449 5155 1500 5209 in
1528 5172 1722 5213 vanum
1751 5170 1809 5215 et
1837 5162 2049 5233 simpli-

460 5242 594 5296 t-iter
635 5242 831 5297 factum
871 5257 1015 5309 esse,
1055 5243 1150 5299 sed
1195 5245 1462 5300 tristitiam
1508 5248 1724 5304 nimiam
1759 5255 2051 5312 accedente

463 5332 587 5384 vino
615 5333 821 5407 nullum
848 5333 899 5388 ei
944 5332 1227 5402 reliquisse
1265 5349 1519 5403 sensum,
1556 5337 1680 5392 andi
1717 5341 1844 5408 quid
1883 5344 2046 5400 dicat.

459 5421 551 5476 δι.
583 5422 646 5477 Et
678 5429 869 5495 factum
897 5437 971 5481 est
996 5427 1079 5482 die
1101 5429 1369 5498 sequenti,
1391 5428 1616 5502 dixitque
1643 5434 1810 5503 major
1834 5446 1956 5490 natu
1982 5438 2052 5492 ad

451 5506 710 5578 juniorent
737 5528 757 5567 :
785 5514 918 5570 Ecce
946 5518 1161 5574 dormivi
1189 5519 1298 5575 lteri
1339 5536 1456 5574 cum
1502 5531 1647 5593 patre
1673 5534 1844 5580 nostro
1867 5541 1887 5580 :
1914 5538 2053 5598 pote-

527 5666 546 5699 ι
580 5666 723 5734 διινὶιἒ
749 5676 801 5718 et
818 5667 999 5733 aliqum
1022 5681 1150 5734 uss,
1173 5687 1267 5725 non
1304 5676 1433 5726 enim
1469 5677 1682 5729 omnium
1706 5692 1954 5734 possumus
1971 5696 2053 5733 ac-

453 5726 779 5836 ‘scire
801 5726 1021 5794 causam,
1041 5726 1251 5787 attdnteu
1275 5735 1447 5789 habent
1468 5726 1678 5802 aliquem
1701 5726 1927 5793 [αὴὶάἐῶ
1938 5726 2052 5797 tite-

1159 369 1216 428 S.
1257 364 1536 425 JOANNIS
1571 359 2052 422 οιιιιῖεοδτοιιι
2089 358 2405 419 ARCIllEP.
2444 360 2985 420 CONSTANTINUP.

3648 365 3758 417 ΜΖ

2148 493 2259 531 mus
2279 477 2437 549 igitur
2456 494 2568 532 eum
2593 478 2708 532 nino
2730 487 2779 532 et
2805 487 2951 531 nocte
2969 476 3085 542 ista,
3113 485 3159 531 et
3185 475 3409 549 ingressa
3436 476 3606 531 dormi
3631 493 3752 531 cum

2145 584 2224 632 ea,
2250 579 2297 623 et
2323 569 2595 623 excitemus
2622 585 2687 624 ea:
2712 578 2855 637 patre
2873 578 3048 623 nostra
3076 584 3263 624 semen.
3289 566 3454 623 Vides
3473 571 3751 640 quomodo

2142 670 2290 714 recta
2312 662 2574 716 sententia
2603 660 2705 716 Itoc
2726 658 3011 715 faciebant.
3046 658 3176 715 Nam
3202 659 3323 731 quia
3347 661 3522 731 petui,
3549 658 3749 730 inquit,

2143 765 2244 819 ego
2272 750 2423 820 quod”
2446 750 2749 821 qumreliam
2794 751 3019 822 implere
3039 792 3055 820 ,
3087 750 3452 807 necessarium
3482 760 3567 807 est
3607 760 3662 807 et
3697 763 3750 809 te

2145 841 2286 896 idem
2319 842 2497 899 facere
2525 860 2539 899 :
2574 845 2709 899 torte
2735 845 2877 900 enim
2905 852 3159 900 votorum
3181 856 3488 900 noSIrorum
3515 861 3749 917 compo-

2143 940 2227 987 tes
2252 933 2485 1001 erimus,
2516 944 2572 989 et
2605 950 2714 990 non
2744 934 2798 990 in
2838 944 3095 991 aeternum
3123 948 3294 1006 genus
3323 946 3564 992 nostrum
3618 954 3747 1008 pcr-

2143 1024 2259 1080 ibit.
2293 1026 2383 1081 35.
2423 1025 2733 1082 Potanerunt
2779 1037 2945 1082 autent
2971 1039 3025 1083 et
3063 1039 3206 1084 nocte
3234 1029 3329 1084 illa
3372 1040 3568 1099 patrem
3600 1038 3785 1083 tuum-

2144 1118 2279 1180 riuo.
2310 1127 2371 1173 et'
2387 1119 2615 1190 ingressa
2640 1128 2715 1174 est
2731 1120 2932 1191 junior,
2961 1129 3009 1173 et
3037 1119 3274 1175 dormivit
3297 1136 3415 1174 cum
3442 1132 3590 1192 patre
3614 1138 3707 1175 suo
3725 1140 3747 1177 :

2142 1221 2189 1265 et
2218 1212 2467 1282 ignoravit
2493 1212 2580 1267 ille
2601 1212 2806 1283 quando
2833 1212 2947 1283 ipsa
2974 1213 3053 1267 vel
3075 1213 3386 1274 accubuerit,
3412 1212 3491 1266 vel
3509 1229 3747 1267 surrexe-

2142 1302 2226 1355 rit.
2260 1301 2555 1356 Considcra
2578 1343 2593 1367 ,
2634 1302 2865 1369 dilecte,
2902 1310 3071 1357 totum
3117 1301 3313 1357 factum
3358 1303 3523 1358 fui'sse
3561 1300 3742 1358 divina

2142 1392 2580 1463 dispensatione,
2623 1395 2763 1449 sicut
2792 1402 2847 1449 et
2890 1393 3066 1464 primo
3110 1392 3315 1447 homini
3357 1392 3557 1448 evenit.
3604 1392 3742 1448 Nam

2142 1486 2281 1541 sicut
2307 1486 2413 1542 illic
2441 1473 2508 1542 lex
2539 1485 2860 1542 dormientis
2890 1485 3058 1541 latere
3088 1486 3264 1556 portio
3288 1496 3500 1556 sumpta
3529 1494 3648 1552 est,
3676 1501 3745 1542 eo

2143 1592 2251 1633 non
2274 1578 2580 1644 sentiente;
2614 1577 2710 1634 sed
2734 1578 2826 1650 qui
2852 1577 3080 1633 ﬁnxerat
3106 1578 3249 1633 latus
3276 1577 3428 1641 illud,
3459 1578 3583 1634 inde
3609 1593 3745 1635 uxo-

2141 1684 2256 1724 rem
2288 1669 2417 1724 Ada:
2460 1669 2716 1740 produxit
2749 1686 2767 1724 :
2805 1668 2969 1725 simili
3014 1669 3177 1724 modo
3212 1679 3269 1725 et
3311 1685 3470 1725 nunc.
3517 1670 3652 1725 Nam
3695 1671 3744 1727 si

2143 1771 2310 1817 costa:
2335 1762 2564 1832 creptio,
2589 1775 2812 1817 excessu
2837 1760 3034 1816 mentis
3058 1775 3088 1815 a
3118 1761 3227 1817 Deo
3254 1761 3516 1829 immisso,
3539 1762 3746 1831 absque

2120 1854 2288 1909 'ill‘ms
2316 1869 2483 1909 sensu
2504 1853 2606 1910 fuit
2631 1872 2645 1906 :
2677 1854 2846 1910 multo
2869 1854 3036 1924 magis
3056 1861 3275 1909 et'nunc
3303 1854 3377 1909 ita
3404 1853 3605 1910 l‘actunt
3634 1863 3742 1911 est.

2141 1945 2275 2001 Nam
2308 1944 2359 2000 id
2390 1944 2531 2015 quod
2560 1943 2694 2000 dixit
2724 1945 2833 2001 illic
2854 1943 3033 2000 divina
3060 1944 3359 2014 Scriptura,
3402 1944 3625 1999 Immisit
3649 1961 3745 2000 ca:-

2143 2038 2316 2094 stasitn
2344 2039 2397 2093 in
2424 2037 2620 2106 Adam,
2652 2047 2699 2092 et
2727 2037 2962 2093 dormivit
2988 2036 3153 2109 (Gen.
3180 2037 3237 2091 2.
3261 2037 3326 2092 21
3349 2036 3370 2111 )
3397 2056 3410 2092 :
3443 2037 3545 2093 hoc
3573 2049 3629 2093 et
3655 2037 3746 2094 hic

2143 2129 2465 2201 signiﬁcavit
2503 2127 2768 2192 dicendo,
2811 2127 3030 2183 Rescivit
3068 2128 3272 2200 quando
3314 2130 3407 2183 ver
3429 2129 3744 2198 acenitueﬁt,

2120 2222 2222 2277 vel
2248 2222 2540 2277 surrexerit.
2567 2221 2655 2278 36.
2683 2219 2753 2275 Et
2777 2229 3134 2292 conceperant,
3158 2219 3350 2291 inquit,
3373 2220 3437 2274 de
3465 2228 3610 2291 patre
3627 2237 3745 2275 suo.

2122 2314 2233 2370 ‘57:
2263 2312 2331 2367 Et
2361 2315 2553 2381 peperit
2578 2314 2746 2385 major
2781 2324 2906 2367 natu
2935 2313 3101 2383 ﬁliuni
3129 2322 3175 2367 et
3200 2313 3394 2367 vocavit
3422 2330 3604 2367 nomen
3631 2313 3750 2384 ejus

2145 2404 2320 2471 Moab,
2339 2406 2530 2471 dicens,
2552 2402 2638 2461 Ea:
2664 2415 2810 2477 patre
2836 2422 2964 2461 meo.
2989 2404 3093 2459 Hic
3116 2414 3257 2477 pater
3281 2404 3745 2462 est'dloabitarutn.

2143 2498 2235 2556 58.
2272 2498 2477 2569 Peperit
2516 2508 2681 2553 autem
2718 2508 2767 2553 et
2800 2499 2985 2567 junior
3009 2498 3205 2569 ﬁlium,
3249 2508 3297 2553 et
3338 2500 3533 2554 vocavit
3561 2516 3750 2554 nomen

2142 2591 2255 2660 ejus
2276 2589 2491 2644 Ammon
2513 2632 2528 2656 ,
2562 2590 2735 2644 dicens
2754 2632 2769 2657 ,
2808 2588 2976 2644 Filius
3003 2590 3200 2660 generis
3226 2591 3341 2643 mei.
3376 2588 3477 2644 Hic
3501 2600 3575 2644 est
3602 2601 3751 2661 pater

2144 2683 2569 2736 Anmtanitarum.
2589 2680 2753 2737 Vides
2775 2681 2826 2737 id
2848 2697 2956 2736 non
2980 2681 3143 2737 fuisse
3161 2681 3563 2738 incontinentiae
3583 2699 3747 2752 opus,

2147 2789 2267 2829 cum
2299 2774 2517 2829 nomina
2547 2774 2725 2830 statim
2766 2774 2916 2829 natis-
2941 2772 3272 2841 indiderint,
3311 2774 3505 2845 quibus
3544 2774 3747 2830 factum

2145 2866 2554 2938 signiﬁcabant,
2586 2875 2643 2923 et
2669 2866 2723 2922 in
2750 2866 2979 2921 ﬁliorum
3011 2867 3320 2922 nominibus
3361 2868 3519 2939 quasi
3559 2867 3614 2922 in
3641 2883 3749 2945 cof-

2147 2959 2329 3013 lnmna
2371 2957 2541 3013 ferme
2566 2956 2801 3027 quadam
2825 2958 3142 3019 memoriam
3177 2955 3305 3013 meti
3348 2958 3747 3029 inscripserint,

2122 3076 2127 3083 '
2157 3073 2212 3120 et
2236 3063 2348 3133 jam
2378 3070 2490 3115 tum
2529 3058 2911 3128 praesi‘gnartnt
2934 3060 3120 3125 gentes
3151 3064 3216 3105 ex
3248 3049 3329 3104 eis
3357 3047 3570 3102 ﬁtturas
3596 3062 3749 3113 esse,

2156 3165 2212 3212 et
2248 3155 2300 3209 itt
2330 3149 2729 3208 multitudinem
2750 3161 2810 3203 se
2834 3149 3254 3216 propagaturum
3271 3149 3521 3195 natorum
3550 3153 3746 3211 genus.

2157 3247 2291 3304 Nam
2320 3245 2407 3302 ille
2432 3244 2671 3315 quidem,
2693 3237 2890 3309 inquit,
2914 3243 3074 3306 pater
3097 3233 3203 3290 erit
3224 3230 3610 3298 Moabitarum',
3643 3231 3753 3288 iste

2158 3347 2337 3396 autem
2364 3332 2821 3389 Ammonitarum.
2932 3392 2937 3398 ,

2225 3427 2281 3483 6.
2326 3422 2544 3479 Muralis
2568 3419 2885 3476 exhortatio.
2914 3414 3140 3471 Collatia
3166 3413 3387 3485 Iosephi
3409 3413 3755 3469 continentite

2154 3536 2273 3577 cum
2312 3513 2638 3586 Babylonica
2672 3506 3181 3581 [ornum—Verum
3206 3504 3753 3576 tuncquidetn,quo-

2155 3611 2301 3667 niam
2316 3607 2469 3679 origo
2487 3615 2539 3661 et
2557 3602 2710 3657 initia
2731 3609 2908 3666 erant,
2926 3607 2984 3655 et
2995 3613 3094 3670 per
3107 3597 3322 3671 generis
3338 3597 3750 3652 successionem

2155 3700 2471 3758 memoriam
2494 3711 2646 3753 suam
2670 3692 2925 3749 volebant
2942 3703 3284 3753 conservare,
3302 3696 3514 3744 tantum
3529 3686 3647 3757 ejus
3668 3689 3749 3743 rei

2156 3793 2390 3850 studium
2408 3789 2510 3846 fuit
2515 3787 2648 3858 justi
2664 3785 3056 3842 ﬁliabusz'nunc
3067 3781 3388 3852 autem-quia
3404 3796 3503 3852 per
3513 3781 3749 3852 gratiam

2155 3886 2250 3943 Dei
2280 3883 2465 3954 religio
2486 3879 2692 3950 majora
2718 3876 2952 3947 sumpsit
2974 3875 3331 3937 incrementa,
3361 3880 3419 3928 et
3444 3871 3745 3927 secundum

2154 3980 2373 4035 beatum
2394 3975 2642 4039 Paulum,
2662 3971 2901 4027 Prteteril
2915 3969 3089 4039 ﬁgura
3100 3966 3285 4020 mundi
3297 3965 3394 4036 Ituj
3400 3981 3461 4019 us
3476 3963 3530 4037 (1
3549 3963 3678 4019 Cor.
3691 3965 3747 4019 7.

2154 4072 2269 4144 5i),
2296 4085 2462 4142 opera
2492 4069 2635 4123 bona
2666 4064 2878 4137 agendo
2912 4060 3231 4117 memoriam
3258 4057 3432 4113 nostri
3464 4056 3745 4126 relinqua-

2154 4178 2275 4220 mus
2297 4179 2312 4216 :
2343 4175 2403 4217 ut
2417 4175 2541 4216 cum
2565 4160 2693 4215 hinc
2705 4156 2990 4227 migraveri
3000 4171 3137 4220 mus,
3159 4154 3287 4209 vita:
3301 4161 3503 4209 nostra
3518 4152 3752 4222 diligens

2152 4260 2209 4311 et
2243 4258 2494 4307 accurata
2526 4248 2669 4304 ratio
2692 4248 2763 4304 sit
2793 4246 3184 4301 monimentum
3213 4253 3270 4300 et
3296 4243 3546 4298 doctrina
3576 4242 3728 4298 omni

2152 4342 2259 4398 bus
2284 4342 2374 4412 qui
2408 4341 2460 4395 in
2497 4354 2598 4394 nos
2640 4335 2952 4406 respicient.
2994 4333 3131 4389 Nam
3164 4333 3257 4403 qui
3297 4334 3506 4387 virtute
3533 4330 3750 4401 praediti

2154 4442 2303 4498 sunt,
2328 4440 2384 4487 et
2407 4439 2615 4487 castam
2641 4429 2806 4482 vitam
2828 4425 3065 4489 ducunt,
3088 4439 3197 4478 non
3221 4422 3398 4478 solum
3427 4421 3481 4477 in
3509 4423 3612 4477 hac
3636 4421 3750 4476 vita

2153 4526 2432 4597 degentes,
2454 4522 2549 4578 sed
2573 4528 2628 4576 et
2642 4527 2766 4591 post
2790 4520 2915 4573 vitae
2934 4518 3163 4582 exitum,
3178 4514 3472 4585 plurimum
3488 4512 3751 4584 prodesse

2154 4622 2410 4688 poterunt
2436 4612 2503 4668 iis
2534 4611 2627 4682 qui
2654 4611 2708 4665 in
2739 4624 2798 4665 se
2827 4605 3190 4679 respexerint.
3224 4604 3293 4659 Et
3322 4612 3384 4659 nt
3411 4604 3516 4659 hoc
3542 4602 3750 4667 discas,

2152 4705 2575 4777 vide,obsecro,
2619 4710 2853 4772 quantus
2903 4712 3168 4754 annorum
3225 4710 3487 4752 numerus
3530 4694 3757 4752 transiit

2154 4813 2324 4870 usque
2348 4799 2400 4852 in
2415 4796 2735 4851 hodiernum
2755 4792 2922 4855 diem,
2948 4805 3015 4845 ac
3033 4789 3247 4860 quoties
3260 4787 3509 4843 volumus
3535 4785 3753 4857 aliquos

2155 4891 2210 4946 in
2244 4888 2645 4946 aemulationem
2685 4882 3032 4941 continentia:
3077 4894 3399 4951 provocare.
3446 4877 3650 4947 Ioseph
3692 4877 3751 4931 in

2157 4979 2394 5037 medium
2424 4976 2700 5033 aﬁ‘eritnus
2720 4974 3050 5044 speciosum,
3081 4968 3407 5034 formosum,
3431 4966 3755 5023 adolescen-

2157 5086 2289 5142 tem,
2325 5073 2380 5127 in
2420 5072 2536 5141 ipso
2564 5070 2741 5124 aetatis
2780 5066 2915 5123 ﬂore
2959 5073 3165 5120 tantant
3191 5063 3465 5141 castitatis
3493 5068 3756 5116 constan-

2153 5162 2280 5215 tiam
2325 5174 2435 5229 pra:
2485 5173 2548 5215 se
2592 5159 2892 5215 terentem:
2921 5166 2978 5215 ct
3024 5157 3106 5214 sic
3144 5157 3214 5214 ad
3245 5157 3597 5231 imitationem
3617 5157 3749 5229 justi

2152 5255 2312 5322 huius
2353 5254 2623 5309 auditores
2659 5267 2950 5322 provocare
2985 5252 3282 5309 studemus.
3310 5254 3445 5321 Quis
3467 5256 3614 5311 enim
3641 5268 3754 5315 non

2151 5348 2509 5401 admiraretur
2531 5344 2741 5400 beatum
2768 5344 2940 5410 illum,
2971 5346 3061 5415 qui
3091 5345 3145 5400 in
3173 5347 3432 5401 servitute
3457 5347 3747 5412 exsistens,

2152 5437 2278 5492 etin
2306 5438 2423 5506 ipso
2446 5435 2582 5490 ﬂore
2605 5436 2798 5502 aetatis,
2826 5434 3042 5507 quando
3070 5437 3304 5492 maxime
3337 5437 3525 5493 iornax
3545 5451 3761 5493 cancu-

2154 5527 2535 5599 piscentiarnm
2554 5526 2884 5593 accenditur,
2909 5541 3035 5582 cum
3065 5527 3271 5583 videret
3292 5527 3567 5583 dominam
3595 5542 3753 5585 suam

2156 5616 2516 5682 invatlentem,
2566 5624 2622 5673 et
2664 5618 3019 5672 insanientem
3063 5618 3117 5673 in
3160 5632 3243 5685 se,
3277 5628 3480 5675 tantam
3511 5619 3758 5677 ostendit

2158 5708 2543 5773 lortitudinem,
2587 5718 2643 5764 et
2687 5709 2756 5762 ita
2801 5707 2868 5761 ad
2896 5708 3156 5764 castitatis
3180 5724 3383 5779 agones
3406 5726 3468 5767 se
3485 5715 3755 5779 exercuit,

2129 5824 2134 5829 π
2159 5810 2217 5855 ιιι
2254 5803 2321 5856 ab
2369 5800 2756 5871 intemperante
2782 5800 2870 5855 illa
2896 5799 3119 5857 muliere
3143 5803 3318 5857 nudus
3340 5801 3555 5875 quidem
3585 5804 3758 5862 vesti-
