4078 6420
236 337 332 391 411

233 451 560 524 πειρώμεθά
585 471 754 509 τινων
775 454 1084 509 ἀποδιδόναι
1115 453 1252 509 κατά
1285 453 1347 507 τὺ
1375 456 1506 526 ἡμῖν
1532 457 1784 527 ἐφικτὸν,
1809 458 1923 512 ἀλλ’

232 541 386 610 ὅμως
431 543 525 594 καὶ
563 541 746 605 οὓτως
793 541 908 613 ἔχει
947 543 1396 613 ἐγκεκρυμμένον
1436 543 1562 596 τινὰ
1598 543 1874 617 θησαυρὸν
1897 558 1922 586 ι

235 625 388 700 [455]
426 627 566 680 πολὺ
612 629 938 700 ἀπόκρυφόν
972 646 1031 681 τε
1072 630 1164 682 καὶ
1217 629 1679 700 δυσερμήνευτον.
1727 633 1926 686 Σκόπει

231 717 438 776 τοίνυν.
469 715 590 780 πῶς
618 718 651 786 ἡ
691 717 884 788 Γραφὴ
932 716 1112 770 πάντα
1161 717 1347 786 σαφῶς
1389 717 1792 789 διηγησαμένη,
1831 719 1928 773 καὶ

232 801 331 855 τὸν
368 803 573 855 σκοπὸν
591 805 727 874 ήμῖν
755 803 1069 874 γνωρίσασα
1098 804 1204 858 τῶν
1233 802 1328 856 106
1351 803 1559 858 δικαίου
1587 804 1922 878 θυγατέρων,

234 887 335 941 νῦν
364 889 465 958 μὲν
497 889 642 960 ὑπὲρ
670 889 854 942 αὐτῶν
889 888 1166 960 ἀρκοῦσαν
1212 889 1510 958 ἀπολογίαν
1541 895 1796 958 ποιεῖται,
1827 891 1924 946 νῦν

233 974 294 1028 δὲ
327 975 470 1046 ὑπὲρ
495 974 593 1028 τοῦ
623 976 853 1040 δικαίου,
887 976 976 1030 ἵνα
1009 976 1199 1048 μηδεὶς
1234 978 1458 1048 ἀφορῶν
1489 979 1629 1049 πρὸς
1652 980 1715 1032 τὸ
1755 997 1922 1050 γεγο-

237 1061 353 1124 νὸς,
393 1064 532 1134 μήτε
561 1063 654 1116 τοῦ
679 1062 890 1117 δικαίου
915 1062 1236 1135 καταγνοίη,
1264 1065 1406 1136 μήτε
1430 1064 1538 1118 τῶν
1561 1066 1727 1119 αὐτοῦ
1757 1067 1926 1136 θυγα-

231 1149 433 1218 τέρων,
452 1148 527 1212 ῶς
549 1148 616 1201 δι’
642 1149 936 1218 ἀσέλγειαν
958 1150 1064 1220 τῆς
1083 1150 1281 1221 μίξεως
1296 1151 1501 1221 ταύτης
1523 1152 1922 1226 γεγενημένης.

232 1237 368 1299 Πῶς
399 1232 494 1289 οὖν
523 1235 665 1307 ὑπὲρ
696 1236 803 1289 τῶν
829 1236 1146 1310 θυγατέρων
1171 1237 1267 1291 106
1297 1239 1505 1293 δικαίου
1536 1241 1921 1309 ἀπολογείται;

233 1319 409 1385 Εἶπε,
445 1324 628 1395 φησὶν,
661 1324 700 1392 η
747 1324 1122 1393 πρεσϐυτέρα
1167 1325 1317 1393 πρὸς
1356 1325 1472 1394 τὴν
1497 1328 1813 1396 νεωτέραν·
1860 1331 1922 1384 '0

232 1408 440 1476 πατὴρ
468 1409 636 1478 ἡμῶν
663 1411 1090 1479 πρεσϐύτερος,
1119 1411 1219 1465 καὶ
1258 1412 1460 1479 οὐδείς
1484 1413 1656 1467 ἐστιν
1687 1415 1786 1468 ἐπὶ
1810 1415 1923 1485 τῆς

232 1493 371 1564 τῆς,
404 1493 476 1560 ὃς
502 1496 917 1549 εισελεύσεται
953 1497 1104 1564 πρὸς
1143 1496 1322 1566 ἡμᾶς.
1356 1498 1437 1563 ὡς
1470 1497 1721 1566 καθήκει
1753 1499 1920 1572 πάσῃ

232 1583 310 1654 τῇ
342 1583 442 1654 γῆ.
471 1585 614 1656 Ὀρα
646 1586 736 1639 τὸν
767 1587 967 1640 σκοπὸν
1020 1587 1158 1658 μετά
1213 1587 1500 1660 ἀκριϐείας
1521 1628 1535 1651 ,
1579 1591 1672 1642 καὶ
1719 1591 1923 1656 παντὸς

232 1671 409 1736 αὐτάς
456 1672 788 1740 ἀπαλλάξεις
859 1673 1228 1744 ἐγκλήματος.
1301 1677 1586 1746 Ἐνόμισαν
1629 1677 1735 1748 γὰρ
1786 1696 1924 1732 παν-

230 1759 502 1831 ωλεθρίαν
530 1759 978 1830 γεγενῆσθαι,καὶ
1010 1759 1214 1830 μηδένα
1237 1759 1317 1814 ἔτι
1352 1759 1922 1835 καταλειφθῆναι·εἷτα

231 1846 332 1897 καὶ
373 1845 470 1898 106
506 1847 713 1918 πατρὸς
760 1847 946 1918 ἐώρων
982 1848 1043 1900 τὸ
1083 1847 1280 1919 γῆρας.
1315 1850 1430 1902 Ἵνα
1470 1845 1592 1913 οὖν,
1622 1851 1788 1920 φησὶν
1845 1851 1920 1923 μὴ

233 1933 511 2004 ἀφανισθῇ
540 1935 599 1986 τὸ
624 1934 802 2002 γένος,
838 1938 932 1988 καλ⁴
973 1934 1246 2006 ἀνώνυμοι
1277 1936 1564 2008 γενώμεθα
1593 1939 1771 2008 (τοῦτο
1809 1942 1920 2010 γάρ

235 2015 304 2090 ἦν
335 2020 394 2072 τὸ
429 2021 682 2084 παλαιοῖς
716 2023 1214 2092 περισπούδαστον,
1251 2023 1392 2077 ὥστε
1426 2025 1514 2078 διά
1546 2027 1645 2094 τῆς
1687 2026 1794 2080 τῶν
1827 2029 1919 2081 ἐκ·

235 2108 412 2175 γόνων
442 2107 693 2178 διαδοχῆς
740 2109 1078 2163 ἐκτείνεσθαι
1122 2111 1300 2165 αὐτῶν
1345 2112 1407 2165 τὸ
1441 2113 1639 2182 γένος)·
1674 2113 1760 2166 ἵνα
1790 2110 1916 2179 οὖν,

235 2197 396 2263 φησὶ,
429 2195 503 2263 μὴ
545 2195 785 2265 παντελῆ
837 2197 930 2250 καὶ
972 2199 1134 2268 ἡμεῖς
1169 2199 1476 2268 ἀφανισμὸν
1511 2200 1916 2271 ὑπομείνωμεν,

233 2281 330 2333 τοῦ
367 2281 468 2348 μὲν
499 2282 704 2352 πατρὸς
731 2280 869 2352 πρὸς
903 2284 1078 2354 γῆρας
1124 2284 1438 2349 ἐλάσαντος,
1479 2287 1694 2351 οὐδενὸς
1733 2288 1792 2340 δὲ
1825 2289 1918 2341 εὐ-

234 2367 568 2436 ρισκομένου
597 2367 822 2438 ἀνδρὸς,
853 2361 897 2436 ᾧ
938 2371 1331 2442 συγγενόμεναι
1368 2373 1709 2444 δυνησόμεθα
1759 2375 1920 2428 ἐκτα-

235 2453 421 2523 θῆναι,
459 2456 552 2507 καὶ
591 2454 910 2509 καταλιπεῖν
933 2457 1029 2510 106
1055 2459 1369 2529 σπέρματος
1401 2459 1670 2530 διαδοχὴν,
1711 2460 1915 2528 Δεῦρο,

234 2542 428 2610 φησὶν,
466 2541 552 2594 ἴνα
577 2542 653 2613 μὴ
684 2542 845 2596 τοῦτο
887 2543 1113 2615 γένηται
1137 2586 1153 2611 ,
1185 2546 1531 2616 ποτίσωμεν
1561 2548 1668 2601 τὸν
1692 2547 1919 2616 πατέρα

233 2628 410 2696 ἡμῶν
440 2629 632 2682 οῖνον.
681 2631 901 2701 Ἐπειδὴ
947 2633 1047 2684 οὐκ
1080 2631 1147 2686 ἀν
1200 2650 1352 2697 ποτε,
1399 2635 1585 2705 φησὶν,
1636 2636 1920 2706 ἀνάσχοιτο

233 2717 356 2770 οὐδέ
384 2718 523 2787 ἀκοῇ
553 2717 712 2769 10610
757 2719 1168 2788 παραδέξασθαι
1199 2721 1226 2772 ὁ
1259 2721 1441 2791 πατὴρ
1461 2764 1475 2785 ,
1523 2721 1611 2774 διά
1638 2722 1731 2774 τοῦ
1776 2724 1917 2776 οἴνου

233 2806 336 2874 τὴν
392 2805 610 2874 ἀπάτην
646 2806 1031 2877 ἐργασώμεθα.
1090 2808 1407 2861 Ἐπότισαν
1447 2808 1515 2861 δὲ
1556 2808 1662 2861 τὸν
1695 2810 1921 2878 πατέρα

234 2890 438 2945 αὐτῶν
475 2888 643 2945 οἶνον
675 2893 745 2945 ὲν
767 2891 842 2961 τῆ
876 2894 1049 2946 νυκτὶ
1091 2895 1298 2962 ταύτῃ,
1340 2895 1440 2948 καὶ
1475 2897 1840 2950 εἰσελθοῦσα
1879 2898 1917 2966 ἡ

235 2979 614 3049 πρεσϐυτέρα
661 2981 950 3050 ἐκοιμήθη
988 2983 1138 3050 μετὰ
1167 2983 1275 3036 τοῦ
1306 2984 1531 3051 πατρὸς
1560 2983 1750 3053 αὐτῆς
1775 3003 1788 3015 ·
1820 2986 1921 3038 καί

233 3072 350 3123 οὐκ
383 3069 515 3137 ᾔδει
544 3069 614 3122 ἐν
644 3068 725 3134 τῷ
772 3068 1125 3138 κοιμηθῆναι
1161 3069 1378 3139 αὐτὴν,
1414 3071 1512 3125 καὶ
1546 3072 1907 3140 ἀναστῆναι.

234 3152 392 3217 Εἶδες
437 3155 555 3217 πῶς
587 3157 682 3208 καὶ
721 3156 860 3225 ὑπὲρ
911 3156 1002 3208 106
1049 3157 1263 3210 δικαίου
1310 3157 1690 3228 ἀπελογήσατο
1733 3161 1764 3230 ἡ
1802 3159 1919 3212 θεία

235 3241 276 3294 Γ
283 3242 453 3312 ραφὴ,
501 3243 598 3312 οὐχ
634 3241 805 3306 ἅπαξ,
852 3242 988 3296 ἀλλὰ
1037 3244 1131 3296 καὶ
1176 3243 1463 3316 δεύτερον;
1505 3245 1778 3316 Πρότερον
1822 3246 1919 3315 μὲν

233 3330 344 3399 γάρ
372 3329 433 3393 ἐξ
469 3323 544 3382 ῶν
583 3331 636 3382 αί
680 3329 982 3402 θυγατέρες
1007 3331 1106 3402 τὴν
1138 3332 1226 3386 διά
1258 3331 1352 3385 106
1379 3333 1522 3386 οἴνου
1556 3334 1774 3404 ἀπάτην
1803 3335 1919 3406 εἰρ-

233 3419 496 3486 γάσαντο,
533 3417 732 3482 ἔδειξεν
763 3417 840 3482 ὡς
871 3421 972 3472 οὐκ
1013 3418 1078 3472 ἂν
1113 3421 1314 3490 ἑτέρως
1345 3420 1693 3492 ἠδυνήθησαν
1735 3424 1920 3475 πεῖσαι

231 3506 330 3559 τὸν
360 3506 573 3577 πατέρα
605 3505 767 3558 τοῦτο
810 3506 1212 3571 καταδέξασθαι
1235 3525 1248 3538 ·
1295 3509 1411 3560 νυνὶ
1458 3509 1515 3561 δὲ
1549 3509 1731 3562 λοιπὸν
1767 3504 1919 3579 οἶμαι

236 3590 333 3642 καὶ
365 3589 682 3659 οἰκονομίας
714 3583 852 3642 εἶναι
874 3590 971 3660 τῆς
989 3590 1196 3644 ἄνωθεν
1227 3591 1286 3644 τὸ
1312 3592 1554 3660 γεγονὸς,
1572 3591 1712 3645 ῶστε
1735 3593 1922 3645 τοσοῦ-

234 3693 330 3729 τον
358 3676 508 3748 αὐτῷ
553 3676 722 3746 κάρον
754 3677 1098 3746 ἐγγενέσθαι,
1151 3679 1226 3742 ὡς
1271 3680 1450 3750 πάντη
1502 3681 1801 3752 ἀγνοῆσαι,
1834 3681 1920 3732 ἶνα

236 3764 535 3828 ἀνεύθυνος
561 3765 787 3836 γένηται
833 3765 941 3818 τῶν
969 3766 1350 3837 ἐγκλημάτων.
1387 3769 1467 3820 Τά
1515 3768 1624 3838 γάρ
1667 3769 1920 3838 ἁμαρτή-

241 3874 393 3928 ματα
429 3858 612 3910 ἐκεῖνα
661 3858 809 3928 ἡμᾶς
848 3859 1168 3929 κατακρίνει
1205 3862 1300 3912 καὶ
1346 3859 1730 3923 καταδικάζει,
1776 3858 1920 3930 άπερ

236 3945 306 3998 ἂν
337 3945 540 4008 είδότες
576 3944 671 3998 καὶ
713 3945 930 4009 ἑκόντες
961 3947 1320 4018 ἀμάρτωμεν.
1365 3947 1526 4019 Ὁρᾷς
1560 3947 1617 4000 δὲ
1654 3947 1749 4017 τὴν
1780 3948 1920 4018 Γρα-

237 4033 347 4101 φὴν
398 4031 785 4102 μαρτυροῦσαν
830 4032 908 4102 τῷ
960 4033 1174 4104 δικαίῳ,
1229 4035 1312 4087 ὅτι
1354 4035 1492 4097 ὅλως
1541 4035 1642 4088 οὐκ
1696 4034 1814 4104 ᾔδει
1859 4033 1920 4085 τὸ

236 4119 489 4188 γεγονός;
526 4119 687 4172 Ἀλλά
717 4120 876 4174 πάλιν
903 4119 1092 4191 ἕτερον
1127 4120 1428 4174 ἀνακόπτει
1463 4120 1686 4192 ζήτημα
1719 4121 1781 4173 τὸ
1818 4121 1920 4191 τῆς

239 4207 435 4277 μέθης.
469 4208 560 4260 Δεῖ
579 4209 688 4278 γάρ
712 4207 889 4260 πάντα
913 4207 1313 4279 διερευνᾶσθαι,
1345 4207 1486 4262 ὥστε
1513 4207 1788 4279 μηδεμίαν
1820 4225 1921 4261 κα-

233 4297 488 4350 ταλιπεῖν
529 4299 642 4361 τοίς
686 4296 968 4367 ἀγνώμοσι
999 4299 1092 4350 καὶ
1121 4298 1501 4369 ἀναισχύντοις
1545 4300 1821 4370 ἀφορμήν.
1853 4298 1918 4351 Τί

235 4377 331 4436 οὖν
365 4385 460 4436 καὶ
485 4385 616 4454 περὶ
640 4383 831 4437 τούτου
853 4385 1126 4455 εἴπωμεν;
1160 4386 1279 4438 Ὅτι
1307 4386 1367 4438 οὐ
1391 4385 1643 4438 τοσοῦτον
1673 4386 1729 4451 ἐξ
1754 4387 1921 4456 ἀκρα-

239 4471 362 4534 σίας
391 4471 461 4524 τά
493 4472 594 4541 τῆς
625 4471 796 4542 μέθης
828 4472 975 4543 αὐτῷ
1003 4475 1246 4542 γέγονεν,
1281 4474 1406 4527 ὅσον
1440 4473 1549 4526 ἀπὸ
1584 4473 1842 4543 ἀθυμίας.

310 4560 372 4612 ε’.
419 4559 620 4630 Μηδεὶς
648 4559 830 4613 τοίνυν
856 4561 1108 4631 τολμάτω
1151 4560 1184 4632 ἦ
1215 4561 1307 4616 106
1330 4561 1540 4615 δικαίου
1588 4563 1718 4615 ποτέ
1749 4579 1918 4615 κατα-

234 4645 606 4717 ψηφίσασθαι,
639 4645 672 4714 ἢ
713 4646 821 4700 τῶν
845 4647 1034 4700 τούτου
1068 4647 1402 4719 θυγατέρων.
1440 4649 1564 4712 Πῶς
1593 4650 1701 4722 γὰρ
1727 4651 1825 4703 οὐκ
1851 4649 1916 4704 ἀν

239 4735 324 4805 εἴη
361 4733 561 4803 μανίας
589 4733 825 4803 ἐσχάτης
850 4734 944 4787 καὶ
968 4736 1419 4807 παραφροσύνης,
1448 4733 1540 4799 οὒς
1563 4738 1597 4807 ή
1630 4737 1749 4789 θεία
1773 4737 1915 4808 Γρα-

238 4822 317 4893 φὴ
349 4828 550 4884 παντὸς
588 4821 894 4891 ἀπήλλαξεν
926 4823 1290 4894 ἐγκλήματος,
1331 4823 1530 4894 μᾶλλον
1573 4823 1629 4875 δὲ
1672 4824 1814 4894 ὐπέρ
1841 4816 1917 4878 ὧν

235 4909 510 4978 τοσαύτην
537 4909 836 4978 ἀπολογίαν
855 4909 1168 4980 συνέθηκεν,
1191 4912 1338 4981 ἡμᾶς
1357 4911 1482 4974 τούς
1506 4909 1718 4981 μυρίοις
1739 4912 1919 4982 ἀμαρ-

235 4997 502 5066 τημάτων
531 4996 772 5067 φορτίοις
801 4997 1262 5069 πεπληρωμένους
1287 4997 1692 5062 καταδικάζειν,
1718 5000 1811 5051 καὶ
1840 4999 1914 5070 μὴ

234 5085 459 5139 ἀκούειν
492 5085 706 5138 Παύλου
739 5085 1014 5154 λέγοντος,
1042 5087 1186 5152 Θεὸς
1227 5090 1259 5141 ὀ
1300 5085 1563 5150 δικαιῶν,
1616 5088 1709 5150 τίς
1754 5090 1786 5139 ό
1815 5105 1918 5140 κα-

235 5175 571 5243 τακρίνων;
600 5176 710 5227 Καὶ
734 5175 821 5227 ἵνα
852 5175 1028 5250 μάθῃς
1043 5176 1125 5228 ὅτι
1151 5177 1248 5246 οὐχ
1270 5175 1456 5239 ἁπλῶς
1472 5175 1593 5228 οὐδέ
1617 5177 1739 5246 είκῆ
1762 5174 1918 5228 τοῦτο

234 5261 489 5329 γέγονεν,
509 5262 625 5314 ἀλλ’
643 5263 678 5333 ἡ
699 5262 976 5333 ὑπερϐολὴ
1003 5263 1099 5333 τῆς
1115 5263 1352 5334 ἀθυμίας
1378 5263 1516 5335 μετά
1535 5263 1640 5333 τῆς
1659 5262 1750 5315 τοῦ
1767 5259 1914 5334 [454]

235 5348 386 5401 οἴνου
409 5349 730 5420 προσθήκης
757 5349 1018 5419 οὐδεμίαν
1073 5349 1223 5420 αὐτῷ
1262 5350 1515 5419 αἴσθησιν
1570 5348 1914 5419 συνεχώρησε

235 5430 499 5499 γενέσθαι
529 5433 580 5494 b,
616 5432 850 5486 ἀκουσον
897 5432 949 5486 τί
1001 5449 1189 5502 φησιν.
1231 5431 1500 5502 Ἐγένετο
1529 5432 1599 5486 δὲ
1628 5429 1702 5500 τῇ
1733 5433 1917 5486 ἐπαύ-

229 5535 392 5586 ριον,
445 5519 542 5572 καὶ
579 5515 753 5573 εἶπεν
786 5521 824 5589 ἠ
868 5519 1242 5587 πρεσϐυτέρα
1274 5520 1424 5589 πρὸς
1453 5520 1567 5587 τὴν
1598 5519 1893 5588 νεωτέραν

251 5603 410 5660 Ἰδοὺ
450 5605 781 5676 ἐκοιμήθην
823 5607 966 5675 χθὲς
995 5608 1148 5676 μετὰ
1181 5607 1287 5662 τοῦ
1321 5606 1544 5674 πατρός
1576 5605 1766 5676 ἡμῶν·
1806 5622 1917 5660 πο·-

303 5729 330 5756 “
359 5728 513 5778 Savil.
539 5734 594 5778 et
617 5730 807 5788 aliquot
839 5742 951 5777 mss.
978 5729 1033 5777 οὐ
1052 5729 1141 5793 γὰρ
1163 5728 1353 5776 πάντων
1389 5727 1623 5790 δυνάμεθα
1655 5729 1756 5789 μετ’
1779 5728 1838 5776 ἁκ
1873 5745 1916 5775 ι-

303 5791 367 5845 7a.:
389 5791 558 5839 εἰδέναι
580 5793 670 5846 τὴν
706 5791 880 5846 αἰτίαν,
903 5792 1006 5839 ἀλλ’
1029 5792 1157 5846 ὅμως
1191 5791 1287 5846 ἔχει
1307 5791 1411 5838 τινὰ
1444 5790 1816 5846 ἐγκεκρυμμένον
1836 5744 1916 5846 (ἕη-

233 5791 367 5845 6είας
389 5791 558 5839 εἰδέναι
580 5793 670 5847 τὴν
706 5791 880 5853 αἰτίαν,
903 5792 1006 5839 ἀλλ’
1029 5791 1157 5852 ὅμως
1191 5791 1287 5853 ἔχει
1307 5791 1411 5838 τινὰ
1444 5791 1816 5852 ἐγκεκρυμμένον
1836 5791 1916 5853 θης

234 5853 431 5912 σαυρὸν.
483 5853 535 5899 In
577 5851 911 5910 sequentibus
945 5851 1132 5912 aliquot
1173 5851 1440 5901 varietates
1477 5858 1738 5900 occurrunt
1777 5851 1907 5912 apud

234 5905 733 5976 Su_vilium,qu:euou
755 5913 814 5961 ad
837 5905 1041 5964 sensum'
1056 5915 1322 5976 pertinent.

300 5974 328 6016 λ’
351 5977 450 6025 Alii
475 5975 758 6035 ἐγγενέσθαι.

1345 338 1412 395 ΙΝ
1443 339 1598 397 CAP.
1643 340 1782 396 XIX.
1827 340 2079 400 GENES.
2122 344 2358 404 HOMIL.
2393 346 2580 404 XLIV.

3593 355 3701 410 “2

2030 462 2294 531 τίσωμεν
2341 464 2457 518 οὖν
2491 463 2682 519 αὐτὸν
2712 461 2882 520 οἶνον
2912 467 3012 521 καί
3053 467 3169 536 τὴν
3215 469 3403 523 νύκτα
3437 470 3663 533 ταύτην
3685 513 3701 538 ,

2028 547 2126 598 καί
2159 548 2524 602 εἰσελθοῦσα
2568 550 2883 618 κοιμήθητι
2934 554 3060 620 μετ’
3090 553 3278 604 αὑτοῦ
3299 593 3312 613 ,
3345 554 3444 606 καί
3484 553 3690 617 ἐξαναο

2027 628 2352 699 στήσωμεν
2370 632 2440 686 ἐκ
2481 633 2588 686 τοῦ
2628 635 2853 702 πατρὸς
2880 633 3050 702 ἡμῶν
3071 637 3330 704 σπέρμα.
3391 637 3553 708 Ὁρᾷς
3587 639 3703 700 πῶς

2027 713 2087 778 ἐξ
2119 713 2286 784 ὀρθῆς
2316 715 2540 786 γνώμης
2573 715 2729 770 10610
2752 717 2991 773 ἐποίουν.
3032 718 3250 789 Ἐπειδὴ
3276 719 3386 790 γὰρ
3407 719 3698 790 ἠδυνήθην,

2028 795 2216 864 φησὶν,
2251 795 2363 864 ἐγὼ
2387 800 2446 850 τὸ
2484 797 2918 869 σπουδαζόμενόν
2953 817 3043 868 μοι
3069 801 3378 872 πληρῶσαι,
3409 802 3703 871 ἀναγκαῖον

2026 880 2122 932 καὶ
2168 879 2226 932 σὲ
2248 879 2308 931 τὸ
2327 880 2459 934 αὐτὸ
2487 880 2907 952 διαπράξασθαι·
2965 883 3094 946 ἴσως
3127 887 3234 955 γὰρ
3269 887 3348 948 είς
3386 885 3546 956 ἔργον
3567 889 3703 956 ἡμῖν

2025 961 2320 1035 ἐκϐήσεται
2352 964 2422 1017 τά
2440 965 2539 1034 τῆς
2568 966 2915 1038 προσδοκίας,
2935 967 3030 1019 καὶ
3057 968 3158 1020 οὐκ
3187 970 3265 1031 είς
3281 968 3433 1030 τέλος
3459 969 3520 1021 τὸ
3546 970 3700 1036 γένος

2025 1045 2184 1116 ’ήμῶν
2231 1047 2680 1119 ἀφανισθήσεται.
2731 1051 3058 1103 Ἐπότισαν
3110 1051 3178 1102 δὲ
3229 1051 3325 1104 καὶ
3387 1050 3464 1120 τῇ
3524 1053 3700 1105 νυκτί

2024 1130 2226 1199 ἐκείνῃ
2256 1130 2364 1184 τὸν
2389 1130 2615 1199 πατέρα
2647 1131 2850 1186 αὐτῶν
2890 1128 3080 1196 οἶνον,
3113 1133 3213 1187 καὶ
3254 1134 3618 1188 εἰσελθοῦσα
3657 1133 3696 1203 ἡ

2024 1212 2279 1282 νεωτέρα
2311 1215 2598 1285 ἐκοιμήθη
2620 1215 2769 1285 μετά
2795 1215 2903 1269 τοῦ
2937 1216 3162 1284 πατρὸς
3199 1215 3408 1284 αὐτῆς·
3445 1218 3541 1270 καὶ
3585 1218 3697 1270 οὐκ

2025 1299 2158 1369 ᾔδει
2211 1301 2283 1354 έν
2345 1300 2428 1367 τῷ
2486 1302 2844 1372 κοιμηθῆναι
2889 1302 3120 1371 αὐτὴν,
3180 1302 3280 1356 καί
3333 1301 3696 1370 ἀναστῆναι.

2023 1388 2326 1460 Σκόπησον,
2360 1391 2632 1460 ἀγαπητέ,
2687 1390 2769 1444 ὅτι
2801 1390 2861 1442 τὺ
2907 1391 3014 1443 πᾶν
3053 1389 3155 1460 τῆς
3190 1389 3286 1442 τοῦ
3315 1390 3451 1443 Θεοῦ
3493 1392 3699 1444 οἰκονο-

2028 1477 2157 1547 μίας
2184 1472 2252 1550 ἦν
2275 1477 2434 1549 ἔργον
2449 1479 2508 1532 τὸ
2526 1479 2771 1549 γεγονὸς,
2796 1479 2984 1551 ῶσπερ
3003 1479 3094 1532 ἐπὶ
3119 1479 3213 1532 106
3244 1479 3694 1550 πρωτοπλάστου.

2023 1565 2292 1638 Καθάπερ
2323 1567 2431 1637 γάρ
2459 1568 2594 1633 ἐκεῖ,
2623 1567 2976 1630 καθεύδοντος
3003 1566 3190 1632 αὐτοῦ,
3227 1568 3292 1620 ἐκ
3323 1567 3425 1636 τῆς
3458 1567 3694 1636 πλευρᾶς

2025 1654 2189 1725 μέρος
2242 1654 2423 1708 λαϐὼν
2482 1655 2739 1726 οὐδεμίαν
2805 1655 3056 1728 αίσθησιν
3126 1654 3277 1726 αὐτῷ
3346 1653 3693 1726 συνεχώρησε

2020 1741 2300 1808 γενέσθαι,
2336 1742 2474 1796 ἀλλά
2508 1743 2607 1814 τὴν
2641 1743 2880 1813 πλευράν
2923 1743 3139 1814 ἐκείνην
3186 1744 3266 1807 είς
3314 1746 3549 1813 γυναῖκα
3580 1744 3690 1796 δια-

2021 1829 2234 1893 πλάσας
2271 1830 2582 1902 παρέστησε
2611 1831 2689 1901 τῷ
2721 1832 2910 1901 Ἀδάμ·
2950 1832 3039 1885 τὸν
3073 1830 3235 1884 αὐτὸν
3273 1830 3337 1902 δὴ
3359 1831 3563 1901 τρόπον
3598 1833 3693 1883 καὶ

2021 1916 2136 1970 νῦν.
2164 1916 2229 1970 El
2260 1918 2370 1990 γάρ
2407 1920 2440 1990 ἡ
2472 1919 2570 1988 τῆς
2609 1918 2848 1989 πλευρᾶς
2893 1918 3204 1988 ἀφαίρεσις,
3235 1917 3422 1987 ἐπειδὴ
3456 1917 3555 1988 τὴν
3599 1916 3692 1970 ἐκ·

2023 2027 2208 2064 στασιν
2236 2010 2384 2081 αὐτῷ
2431 2012 2460 2063 ό
2505 2009 2637 2073 Θεὸς
2684 2011 2982 2080 ἐπήγαγεν,
3015 2007 3430 2078 ἀνεπαισθήτως
3464 2006 3691 2074 γέγονε,

2022 2096 2201 2167 πολλῷ
2238 2097 2439 2168 μᾶλλον
2473 2095 2567 2151 νῦν
2603 2094 2761 2149 10610
2799 2095 2864 2149 ἂν
2893 2095 3131 2164 ἐγένετο.
3166 2095 3345 2165 Ὅπερ
3386 2094 3495 2164 γάρ
3539 2090 3691 2149 εἷπεν

2021 2186 2139 2237 ἐκεῖ
2166 2186 2199 2256 ή
2237 2185 2356 2238 θεία
2385 2183 2594 2256 Γραφὴ,
2624 2185 2706 2237 ὅτι
2751 2182 3075 2237 Ἑπέϐαλεν
3102 2184 3402 2236 ἔκστασιν
3448 2182 3547 2235 ἐπὶ
3588 2181 3690 2236 τὸν

2035 2273 2223 2342 Ἀδὰμ,
2272 2272 2369 2325 καί
2400 2273 2665 2326 ὕπνωσε·
2699 2271 2860 2325 τοῦτο
2891 2272 2986 2325 καὶ
3028 2270 3262 2325 ἐνταῦθα
3316 2271 3561 2342 ἐσήμανε
3605 2269 3691 2324 διὸ

2019 2361 2113 2415 106
2170 2364 2364 2426 εἰπεῖν,
2411 2363 2492 2414 ὅτι
2551 2363 2673 2415 Οὐκ
2728 2361 2857 2430 ᾔδει
2904 2360 2975 2414 ἐν
3019 2358 3098 2425 τῷ
3145 2359 3538 2429 κοιμηθῆναι,
3594 2358 3690 2414 και

2020 2447 2376 2518 ἀναστῆναι.
2431 2448 2542 2504 Καὶ
2575 2449 2940 2512 συνέλαϐον,
2997 2447 3182 2518 φησὶν,
3215 2448 3284 2500 ἐκ
3316 2448 3422 2500 τοῦ
3470 2449 3687 2514 πατρὸς

2016 2535 2236 2590 αὐτῶν.
2295 2537 2404 2591 Καὶ
2438 2536 2647 2590 ἔτεκεν
2676 2538 2714 2605 ἢ
2757 2535 3155 2604 πρεσϐυτέρα,
3202 2535 3300 2588 καί
3340 2534 3596 2589 ἐκάλεσε
3627 2533 3693 2589 τὸ

2022 2625 2209 2693 ὄνομα
2245 2624 2434 2678 αὐτοῦ
2464 2625 2659 2688 Μωὰϐ,
2685 2624 2976 2692 λέγουσα·
3026 2624 3122 2675 Ἐκ
3155 2623 3261 2676 τοῦ
3304 2625 3527 2690 πατρός
3549 2641 3690 2694 μου.

2025 2708 2214 2779 Οὗτος
2248 2712 2446 2781 πατὴρ
2495 2710 2836 2766 Μωαϐιτῶν.
2873 2711 3074 2764 τετεκε
3102 2710 3170 2762 δὲ
3198 2710 3297 2764 καὶ
3331 2711 3370 2777 ἠ
3413 2710 3689 2778 νεωτέρα,

2021 2800 2119 2854 καὶ
2147 2801 2404 2856 ἐκάλεσε
2441 2800 2507 2854 τὸ
2549 2799 2735 2867 ὄνομα
2767 2797 2928 2863 αὐτῷ
2962 2798 3200 2868 Ἇμμᾶν,
3229 2799 3517 2868 λέγουσα·
3561 2801 3688 2868 Υἱὸς

2020 2888 2128 2942 τοῦ
2167 2888 2381 2958 γένους
2413 2906 2554 2957 μου.
2609 2883 2798 2952 Οὗτος
2849 2885 3047 2954 πατὴρ
3100 2887 3490 2955 Ἀμμανιτῶν.
3533 2889 3694 2960 Ὁρᾷς

2022 2976 2138 3039 πῶς
2167 2978 2266 3029 οὐκ
2287 2975 2572 3044 ἀσελγείας
2599 2970 2666 3046 ἦν
2698 2975 2760 3027 τὸ
2806 2973 3030 3043 γεγονὸς
3049 3018 3062 3038 ,
3107 2975 3188 3028 ὃτι
3227 2978 3567 3046 παραχρῆμα
3601 2977 3694 3030 καὶ

2021 3065 2118 3128 τὰς
2157 3065 2525 3136 προσηγορίας
2550 3067 2660 3126 τοῖς
2686 3063 2953 3134 τεχθεῖσιν
2983 3062 3250 3115 ἐπέθεσαν
3302 3063 3602 3135 μηνύουσαι
3634 3065 3696 3118 τὸ

2020 3152 2411 3222 γεγενημένον,
2436 3152 2530 3204 καὶ
2555 3151 2838 3222 μονονουχὶ
2874 3150 3125 3220 καθάπερ
3156 3153 3212 3204 ἐν
3240 3153 3408 3224 στήλῃ
3438 3155 3544 3206 τινί
3580 3155 3698 3214 τοῖς

2018 3243 2128 3295 τῶν
2157 3241 2383 3296 παιδίων
2411 3241 2664 3310 ὀνόμασιν
2686 3239 3136 3309 ἐναποτιθέμεναι
3167 3240 3262 3293 τοῦ
3290 3243 3573 3309 γεγονότος
3594 3243 3695 3312 τὴν

2023 3332 2275 3402 μνήμην,
2325 3331 2419 3382 καὶ
2465 3328 2564 3398 ἤδη
2619 3328 3052 3398 προμηνύουσαι,
3105 3327 3188 3380 ὃτι
3247 3328 3372 3398 ἔθνη
3421 3328 3481 3393 ἐξ
3514 3328 3693 3398 αὐτρν

2020 3421 2195 3482 ἔσται,
2225 3417 2320 3470 καὶ
2360 3419 2440 3479 εἰς
2474 3415 2676 3487 πλῆθος
2727 3414 3087 3484 ἐκταθήσεται
3140 3415 3249 3467 τῶν
3289 3416 3591 3484 τεχθέντων
3631 3416 3691 3469 τὸ

2021 3510 2195 3577 γένος.
2241 3507 2297 3561 '0
2328 3506 2428 3577 μὲν
2461 3504 2590 3575 γάρ,
2637 3503 2823 3574 φησὶν,
2855 3503 3008 3557 ἐσται
3066 3502 3248 3575 πατὴρ
3296 3505 3625 3570 Μωαϐιτῶν,
3661 3507 3692 3558 ό

2019 3597 2101 3661 δὲ,
2131 3597 2314 3665 πατὴρ
2360 3592 2728 3664 Ἀμμανιτῶν.

2091 3691 2166 3750 ς’.
2201 3683 2360 3736 ’Λλλά
2386 3683 2507 3735 τότε
2535 3681 2656 3752 μὲν,
2680 3681 2870 3752 ἐπειδὴ
2898 3680 3042 3751 ἀρχὴ
3073 3680 3167 3734 καὶ
3192 3682 3452 3752 προοίμια
3477 3677 3564 3754 ἦν,
3599 3685 3694 3739 καὶ

2019 3774 2108 3826 διά
2133 3772 2232 3842 τῆς
2263 3770 2356 3824 106
2385 3769 2575 3838 γένους
2603 3767 2855 3838 διαδοχῆς
2907 3767 3004 3838 τὴν
3057 3769 3278 3838 μνήμην
3322 3770 3503 3833 αὐτοῖς
3531 3771 3679 3827 ἐϐού.

2019 3861 2172 3913 λοντο
2220 3856 2614 3926 διατηρεὶσθαι,
2651 3853 2922 3925 τοσαύτην
2971 3856 3207 3924 σπουδὴν
3258 3855 3351 3910 106
3396 3858 3605 3911 δικαίου
3635 3861 3688 3915 αἱ

2021 3949 2319 4018 θυγατέρες
2345 3946 2689 4015 ἐποιήσαντο·
2723 3945 2840 3998 νυνὶ
2872 3945 2946 4007 δέ,
2984 3944 3169 4014 ἐπειδὴ
3198 3945 3287 3998 διά
3308 3945 3404 4016 τὴν
3424 3945 3520 3998 τοῦ
3555 3948 3688 4003 Θεοῦ

2019 4036 2179 4108 χάριν
2209 4034 2279 4088 τά
2301 4034 2402 4104 τῆς
2432 4032 2712 4096 εὐσεϐείας
2735 4032 3045 4094 ἐπιδέδωκε,
3091 4033 3185 4086 καὶ
3218 4034 3359 4086 κατά
3384 4034 3476 4087 τὸν
3507 4037 3678 4105 μακά-

2023 4141 2137 4198 ριον
2168 4122 2400 4186 Παῦλον,
2428 4119 2683 4188 Παράγει
2721 4117 2933 4173 λοιπὸν
2961 4117 3027 4172 τὸ
3065 4118 3275 4188 σχῆμα
3315 4120 3424 4174 τοῦ
3457 4121 3688 4190 κόσμου

2019 4215 2258 4275 τούτου,
2299 4211 2395 4281 τὴν
2420 4209 2509 4263 διὰ
2538 4209 2634 4279 τῆς
2661 4206 2770 4261 τῶν
2800 4205 3022 4276 ἀγαθῶν
3057 4205 3310 4277 πράξεως
3354 4208 3530 4279 ἔργων
3563 4211 3669 4282 μνή

2024 4321 2131 4374 μην
2160 4302 2372 4363 ἐαυτοῖς
2402 4295 2930 4367 καταλιμπάνωμεν,
2963 4295 3048 4347 ἵνα
3077 4296 3169 4348 καὶ
3204 4294 3343 4366 μετά
3373 4296 3471 4366 τὴν
3506 4297 3687 4352 ἐντεῦ-

2021 4391 2111 4446 θεν
2147 4388 2496 4462 μετάστασιν,
2518 4387 2550 4456 ή
2575 4385 2674 4455 τῆς
2705 4384 2935 4455 ἀρίστης
2961 4383 3117 4454 ἡμῶν
3141 4382 3417 4446 πολιτείας
3435 4384 3689 4456 ἀκρίϐεια

2019 4480 2326 4549 ὑπόμνησις
2345 4475 2440 4528 καὶ
2473 4471 2788 4526 διδασκαλία
2810 4471 3034 4542 γένηται
3051 4473 3162 4534 τοῖς
3191 4472 3271 4534 είς
3295 4473 3326 4541 ή
3336 4472 3443 4540 μᾶς
3467 4472 3686 4541 ὁρῶσιν.

2020 4569 2081 4620 Οί
2118 4566 2226 4634 γάρ
2260 4563 2522 4634 ἐνάρετοι,
2558 4560 2652 4614 καὶ
2681 4560 2771 4612 τὸν
2811 4558 3065 4630 σώφρονα
3099 4557 3212 4628 βίον
3253 4559 3558 4628 μετιόντες,
3588 4561 3688 4614 οὐκ

2019 4657 2077 4708 ἐν
2119 4656 2183 4724 τῇ
2223 4652 2334 4722 ζωῇ
2364 4649 2534 4721 ταύτῃ
2583 4647 2741 4718 μόνον
2788 4645 3142 4715 τυγχάνοντες
3189 4645 3258 4698 τά
3292 4645 3524 4715 μέγιστα
3563 4648 3688 4711 τούς

2018 4742 2099 4802 εἰς
2130 4739 2323 4800 αὐτοὺς
2354 4735 2597 4806 δρῶντας
2631 4731 2860 4802 ὠφελεῖν
2914 4730 3188 4794 δύνανται,
3243 4731 3380 4786 ἀλλά
3411 4733 3506 4786 καὶ
3551 4734 3688 4804 μετά

2017 4828 2114 4899 τὴν
2147 4825 2240 4880 106
2277 4825 2391 4895 βίου
2438 4823 2688 4895 πάροδον.
2742 4822 2851 4876 Καὶ
2883 4822 2969 4874 ἵνα
3005 4819 3205 4893 μάθῃς,
3251 4821 3353 4892 ὅρα
3391 4840 3481 4892 μοι
3523 4822 3690 4886 πόσος

2018 4914 2154 4968 ἐτῶν
2183 4911 2412 4984 ἀριθμὸς
2457 4909 2701 4981 παρῆλθε
2744 4909 2904 4980 μέχρι
2930 4907 3084 4980 [455]
3129 4908 3228 4978 τῆς
3277 4909 3539 4980 σήμερον,
3595 4911 3688 4963 καὶ

2018 5003 2206 5066 ὁσάκις
2239 5001 2304 5054 ἂν
2338 4999 2730 5070 βουληθείημεν
2761 4999 2840 5060 είς
2877 4995 2968 5049 τὸν
2999 4995 3100 5066 τῆς
3145 4997 3500 5066 σωφροσύνης
3527 4995 3689 5066 ζῆλόν

2016 5109 2166 5154 τινας
2186 5091 2420 5158 ἐνάγειν,
2448 5087 2538 5140 τὸν
2579 5085 2775 5156 Ἰωσὴφ
2797 5087 2877 5148 είς
2909 5083 3073 5154 μέσον
3097 5084 3338 5151 ἄγοντες.
3362 5083 3453 5136 τὸν
3483 5083 3686 5154 εὐειδῆ,

2016 5177 2107 5231 τὸν
2130 5176 2315 5238 καλὸν,
2348 5175 2439 5228 τὸν
2467 5172 2603 5236 νέον,
2646 5173 2740 5226 τὸν
2781 5173 2838 5224 ἐν
2875 5172 3013 5242 αὐτῇ
3053 5171 3120 5241 τῇ
3159 5171 3309 5240 ἀκμῇ
3347 5170 3444 5238 τῆς
3473 5169 3687 5239 ήλικίας

2015 5265 2283 5336 τοσαύτην
2304 5262 2553 5335 ἀνδρείαν
2583 5261 2711 5332 περὶ
2740 5259 2840 5327 τὴν
2872 5256 3224 5328 σωφροσύνην
3254 5255 3683 5325 ἐπιδειξάμενον,

2014 5353 2164 5408 οὕτω
2211 5352 2347 5424 πρὸς
2393 5350 2492 5420 τὴν
2544 5349 2774 5419 μίμησιν
2818 5345 2910 5399 106
2964 5342 3166 5397 δικαίου
3215 5342 3338 5404 τοὺς
3396 5341 3687 5408 ἀκούοντας

2014 5439 2300 5508 διεγείρειν
2351 5435 2745 5504 σπουδάζομεν.
2789 5432 2886 5494 Τίς
2935 5429 3042 5500 γὰρ
3099 5428 3186 5492 ἀν,
3229 5428 3351 5481 είπέ
3401 5447 3525 5499 μοι,
3561 5433 3684 5483 κατ’

2016 5525 2174 5592 ἀξίαν
2207 5524 2505 5594 θαυμάσειε
2536 5521 2628 5574 τὸν
2688 5517 2954 5588 μακάριον
2985 5514 3196 5578 τοῦτον,
3249 5515 3330 5568 ὅτι
3381 5516 3439 5568 ἐν
3471 5515 3686 5589 δουλείᾳ

2013 5614 2317 5683 τυγχάνων,
2355 5613 2450 5664 καὶ
2480 5611 2538 5661 ἐν
2569 5607 2718 5676 αὐτῷ
2747 5605 2824 5676 τῷ
2857 5605 3006 5659 ἀνθει
3051 5605 3148 5674 τῆς
3187 5604 3423 5675 ἡλικίας,
3455 5605 3542 5658 ὅτε
3589 5605 3685 5659 καὶ

2017 5701 2251 5772 μάλιστα
2284 5701 2317 5769 ή
2344 5698 2571 5767 κάμινος
2594 5696 2686 5749 ἐπὶ
2712 5693 2872 5747 πλέον
2904 5694 3196 5758 ἐξάπτεται
3215 5693 3324 5747 τῶν
3357 5691 3681 5763 ἐπιθυμιῶν,

2014 5792 2157 5863 δρῶν
2195 5789 2294 5861 τὴν
2330 5788 2494 5842 αὐτού
2535 5786 2823 5842 δέσποιναν
2857 5783 3206 5856 ἐπιπηδῶσαν
3253 5781 3401 5852 αὐτῷ
3433 5781 3527 5836 καὶ
3565 5783 3685 5835 ἐπι-

2020 5878 2375 5951 μαινομένην,
2391 5874 2660 5947 τοσαύτην
2685 5874 2995 5941 ἐπεδείξατο
3014 5873 3112 5943 τὴν
3133 5870 3404 5942 ἀνδρείαν,
3426 5870 3522 5922 καὶ
3541 5869 3684 5922 οὕτω

2023 5967 2159 6039 πρὸς
2193 5966 2317 6029 τούς
2343 5962 2441 6035 τῆς
2478 5963 2832 6036 σωφροσύνης
2862 5960 3079 6032 ἀγῶνας
3115 5958 3438 6015 ἀπεδύσατο.
3472 5958 3548 6020 ὡς
3580 5955 3680 6027 τῆς
