4078 6432
263 354 369 411 ιιδ

263 470 368 525 bus
382 465 713 539 profugeret,
729 464 991 523 castitatis
1007 472 1183 520 autem
1208 463 1572 517 indumentum
1594 475 1744 517 serva
1752 461 1864 515 ret?

269 563 595 629 Licebatque
625 560 809 616 videre
837 573 950 613 rem
976 573 1167 612 novam
1186 564 1239 609 et
1257 553 1645 616 admirabilem,
1673 568 1868 622 agnum

268 658 326 708 in
355 650 482 722 lupi.
520 653 631 707 imo
657 653 845 707 [etcum
871 666 1073 721 ungues
1096 648 1366 715 incidisse,
1390 658 1446 703 et
1468 647 1668 701 servari
1692 655 1869 702 tamen

267 746 548 817 potuisse:
600 752 656 799 et
700 745 842 799 sicut
870 742 1116 798 columba
1146 742 1341 810 aquilae
1370 740 1623 793 damnum
1652 738 1865 807 effugit,

269 841 343 894 ita
364 849 417 892 et
446 838 622 907 justus
650 836 721 891 ab
763 835 902 890 illius
947 833 1190 888 manibus
1217 833 1405 887 ev..sit.
1439 831 1551 885 Non
1596 831 1672 884 sic
1700 830 1870 885 adrni-

270 929 442 984 rabile
490 929 619 983 mihi
665 928 875 982 videtur
916 941 1057 989 esse,
1107 933 1215 979 tres
1245 938 1437 993 pueros
1469 922 1587 976 illos
1613 923 1665 977 in
1690 921 1867 975 medio

269 1022 607 1094 Babylonica’
657 1018 887 1074 fornacis
922 1018 1098 1087 ignem
1138 1015 1329 1070 vicisse
1352 1014 1370 1086 (
1396 1014 1530 1068 Dan.
1555 1016 1652 1084 5),
1683 1013 1867 1068 illmsis

263 1130 459 1171 eorum
503 1113 841 1182 corporibus,
885 1120 941 1164 ut
988 1108 1229 1164 mirabile
1250 1117 1304 1163 et
1328 1124 1509 1162 rarum
1535 1116 1635 1171 est,
1662 1108 1865 1177 justum

265 1211 453 1270 istum,
502 1206 667 1277 quiin
714 1205 981 1259 fornacem
1028 1204 1165 1258 hanc
1195 1202 1511 1274 Babylonica
1556 1204 1868 1273 multogra-

262 1305 493 1368 viorem,
541 1302 594 1355 in
639 1298 1101 1364 incontinentiam,
1145 1298 1381 1368 inquam,
1440 1295 1707 1367 Egyptia:
1735 1297 1867 1351 inei-

261 1394 459 1458 disset,
510 1391 765 1445 intactum
808 1389 1187 1459 permansisse,
1234 1403 1473 1458 puroque
1498 1388 1759 1442 castitatis
1789 1387 1867 1441 in-

261 1485 529 1538 dumento
550 1490 787 1546 servato,
804 1481 1020 1536 exiisse.
1051 1479 1118 1533 Et
1142 1494 1207 1533 ne
1230 1478 1461 1544 mireris,
1483 1478 1676 1533 dilecte
1702 1497 1715 1533 :
1743 1478 1865 1547 quia

261 1577 412 1631 cnim
439 1573 583 1645 quod
610 1588 766 1628 suum
798 1582 913 1627 erat
960 1570 1155 1635 attulit,
1188 1569 1370 1624 habuit
1411 1585 1696 1639 supernam
1744 1585 1865 1639 gra-

264 1666 396 1720 tiam
444 1665 722 1729 comitem,
754 1678 875 1733 qua:
918 1662 1222 1717 incendium
1249 1661 1375 1716 illud
1405 1662 1779 1731 restingueret,
1812 1670 1866 1715 et

262 1756 320 1811 in
353 1757 527 1812 media
558 1757 774 1812 fornace
804 1771 982 1811 rorem
1013 1753 1244 1824 Spiritus
1268 1755 1439 1809 daret.
1484 1753 1703 1808 Vidistis
1732 1770 1866 1824 quo-

262 1850 430 1904 modo
450 1849 550 1905 viri
571 1850 769 1905 virtute
792 1847 1021 1917 prmditi,
1052 1857 1245 1901 etcum
1274 1846 1359 1900 hic
1374 1846 1549 1900 adlmc
1574 1855 1865 1916 pneseutes

260 1950 413 2006 sunt,
457 1950 510 1995 et
558 1950 679 2011 post
719 1939 1088 2008 migrationem
1116 1953 1181 1991 ex
1215 1936 1314 1990 hac
1342 1938 1467 2001 vita,
1495 1951 1698 2005 magna:
1727 1935 1866 1989 utili-

262 2035 390 2088 tatis
419 2044 671 2088 auctores
699 2031 855 2086 nubis
896 2031 1042 2086 sint?
1089 2031 1263 2101 Atque
1293 2029 1363 2084 ob
1388 2044 1505 2084 eam
1537 2043 1752 2083 causam
1781 2029 1864 2097 ju-

258 2133 405 2181 stum
439 2124 588 2178 illum
614 2123 665 2178 in
695 2123 930 2178 medium
958 2121 1298 2186 adduximus,
1330 2129 1388 2176 ut
1407 2136 1529 2175 eum
1557 2135 1746 2175 omnes
1774 2135 1861 2175 se-

258 2233 514 2288 quamur.
549 2216 700 2270 ilunc
724 2215 882 2285 igitur
903 2230 1091 2269 omnes
1110 2214 1398 2279 imitemur,
1423 2221 1478 2268 et
1491 2213 1866 2284 concupiscen-

263 2314 367 2366 tLas
392 2319 604 2363 nostras
622 2309 916 2373 vincamus,
946 2309 1285 2378 scientesque
1303 2307 1453 2374 illud,
1487 2306 1605 2361 Non
1631 2316 1702 2361 est
1722 2308 1863 2362 nobis

259 2417 436 2472 pugna
477 2401 719 2454 adversus
765 2401 1060 2470 sanguinem
1101 2410 1147 2453 et
1201 2416 1435 2463 carnem,
1486 2400 1577 2453 sed
1627 2401 1863 2454 adversus

260 2494 577 2563 principatu:
601 2502 647 2546 et
673 2501 961 2561 potestates,
989 2492 1229 2548 adversus
1260 2492 1438 2545 uitandi
1468 2502 1685 2546 rectores
1724 2501 1862 2546 tene.

257 2588 468 2639 brarum
514 2586 666 2656 hujus
719 2585 893 2639 siccati
940 2584 1180 2656 (Ep/res.
1230 2582 1445 2657 6.12),
1491 2584 1569 2638 sic
1596 2600 1692 2638 nos
1720 2586 1863 2654 ipsos

257 2695 571 2733 armemus:
601 2687 657 2733 et
699 2678 1018 2747 cogitantes,
1066 2691 1174 2732 non
1219 2691 1446 2746 Corpore
1483 2677 1859 2744 circumdatos,

257 2772 519 2826 adversus
543 2773 886 2840 incorporeas
911 2771 1029 2841 cogi
1058 2770 1283 2825 virtutes
1308 2777 1533 2835 certare,
1559 2774 1865 2825 muniantur

257 2866 429 2919 armis
474 2864 860 2935 spiritualibus.
908 2864 1134 2933 Propter
1164 2862 1266 2917 hoc
1293 2863 1435 2917 enim
1466 2863 1722 2932 benignus
1752 2864 1860 2917 Do-

258 2958 461 3020 minus,
496 2957 619 3027 quia
644 2970 809 3011 carne
840 2955 1015 3010 vestiti
1056 2970 1263 3019 sumus,
1294 2962 1349 3009 et
1377 2964 1458 3008 est
1487 2954 1641 3009 nobis
1668 2953 1859 3009 adver-

257 3065 353 3105 sus
401 3049 701 3104 invisibiles
747 3048 972 3103 virtutes
1019 3056 1313 3113 certamen,
1364 3046 1651 3101 invisibilia
1707 3047 1860 3101 nobis

257 3142 583 3212 prmparavit
606 3155 779 3207 arma,
826 3147 885 3194 ut
909 3139 1107 3194 auxilio
1135 3153 1406 3193 armorum
1442 3146 1644 3192 natura:
1672 3138 1863 3192 adver-

254 3234 435 3288 sarios
480 3247 870 3303 expugnemus.
917 3231 1061 3285 Bene
1114 3231 1272 3300 igitur
1314 3229 1540 3285 fidentes
1586 3246 1858 3285 armorum

256 3329 535 3401 potentize,
585 3326 729 3396 quod
772 3340 802 3380 a
834 3324 987 3379 nobis
1016 3332 1099 3379 est
1129 3324 1438 3385 afl'eramus,
1486 3333 1539 3377 et
1568 3322 1859 3392 poterimus

256 3425 359 3478 hac
385 3421 647 3492 spirituali
676 3428 945 3474 armatura
976 3417 1184 3481 muniti,
1216 3417 1386 3486 ipsam
1432 3417 1625 3471 diaboli
1666 3415 1857 3471 facient

255 3516 440 3571 ferire.
490 3513 679 3582 Neque
720 3510 864 3565 enim
906 3511 1046 3565 ferre
1086 3510 1284 3578 poterit
1323 3508 1577 3578 fulgorem
1608 3508 1696 3577 qui
1732 3508 1857 3562 inde

253 3606 551 3677 egreditur,
596 3603 691 3658 sed
732 3604 832 3658 etsi
874 3610 1099 3657 conetur
1126 3611 1270 3655 stare
1307 3616 1372 3655 ex
1402 3600 1649 3665 adverso,
1680 3602 1857 3654 saltim

252 3699 636 3756 mercabitur.
664 3696 767 3752 Ubi
804 3696 949 3751 enim
978 3693 1306 3749 continentia
1336 3702 1390 3747 et
1425 3692 1697 3754 bonesms,
1724 3692 1858 3746 alia-

254 3807 485 3860 rumque
529 3791 781 3844 virtutum
827 3800 1144 3852 concursus,
1187 3784 1313 3839 illuc
1357 3793 1411 3839 et
1454 3784 1595 3853 larga
1626 3783 1859 3855 Spiritus

250 3883 425 3953 gratia
472 3879 708 3934 advolat.
755 3877 1093 3946 Quapropter
1136 3875 1332 3928 Paulus
1378 3874 1626 3928 dicebat:
1669 3873 1859 3928 Pacem

254 3973 513 4027 sectamini
536 3986 654 4023 cum
683 3968 933 4033 omm'bas,
956 3977 1003 4022 et
1044 3966 1496 4034 sanctiﬁcatione»:
1523 3966 1542 4035 (
1570 3963 1729 4018 Hebr.
1765 3964 1853 4021 12.

256 4068 368 4134 14).
407 4062 755 4119 Puriﬁeemus
781 4059 1209 4131 igitur,ubsecro,
1237 4057 1596 4113 conscientias
1624 4068 1858 4128 nostras,

251 4170 308 4213 et
336 4167 683 4226 cxtergamus
727 4162 966 4209 mentem
1015 4162 1298 4207 nostram:
1349 4164 1407 4207 ut
1448 4152 1595 4207 omni
1641 4152 1858 4209 sordida

252 4248 581 4318 cogitatione
630 4244 864 4310 liberati,
907 4242 1139 4312 Spiritus
1165 4242 1385 4313 gratiam
1416 4244 1569 4298 nobis
1603 4243 1859 4299 concilie-

256 4356 403 4398 mus.
435 4351 859 4408 supercmusquc
901 4334 1097 4389 diaboli
1145 4334 1589 4399 machinationes,
1637 4350 1700 4390 ac
1738 4351 1856 4390 me-

253 4447 474 4487 rcamur
495 4428 851 4484 iuetl‘abilibus
883 4427 986 4481 illis
1011 4427 1163 4481 bonis
1191 4426 1313 4495 frui,
1344 4427 1510 4495 gratia
1541 4435 1595 4479 et
1621 4426 1860 4496 benigni-

252 4534 364 4579 tate
416 4522 628 4576 Domini
674 4520 844 4577 nostri
892 4520 1018 4574 Jesu
1057 4520 1277 4583 Christi,
1323 4520 1407 4571 cui
1455 4534 1575 4572 cum
1624 4520 1777 4573 l’atre
1805 4529 1860 4575 et

252 4626 446 4672 sancto
465 4614 669 4684 Spiritu
693 4614 967 4684 sitgloria,
997 4628 1140 4667 nunc
1168 4622 1223 4667 et
1250 4627 1484 4682 semper,
1508 4612 1633 4667 etin
1661 4615 1857 4669 sarcula

251 4708 600 4765 seculorum.
630 4707 826 4762 Amen.
892 4752 913 4773 ,

820 4877 1093 4936 HOMILIA
1138 4877 1300 4935 XLV.

258 5043 326 5095 Et
354 5040 509 5094 movit
553 5038 694 5093 illinc
735 5036 989 5090 Abraham
1033 5036 1085 5088 in
1114 5044 1297 5089 terram
1322 5049 1492 5086 versus
1530 5033 1779 5103 africum,
1812 5042 1859 5086 et

337 5132 572 5188 habitarit
612 5131 741 5182 inter
761 5126 945 5191 Gades,
973 5134 1021 5178 et
1044 5128 1177 5180 inter
1206 5124 1333 5192 Sur,
1366 5134 1410 5178 et
1439 5125 1733 5196 peregrinus
1762 5124 1858 5194 fuit

327 5226 381 5277 in
409 5223 616 5277 Cereris
647 5219 798 5292 (Gen.
826 5218 919 5273 20.
952 5219 1027 5289 l).

334 5361 385 5414 t.
410 5357 650 5421 Gaudeo,
673 5371 796 5411 cum
818 5370 913 5409 vos
938 5352 1243 5423 frequenter
1265 5351 1422 5407 video
1448 5351 1516 5407 ad
1546 5352 1857 5407 concionem

288 5466 562 5515 rcurrere,
579 5464 645 5504 ac
662 5463 849 5518 magna
872 5462 995 5501 cum
1013 5446 1280 5515 voluptate
1300 5445 1598 5499 doctrinam
1622 5453 1859 5499 nostram

248 5544 579 5613 suscipere;
629 5540 855 5610 ideoque
905 5539 956 5592 in
986 5538 1102 5592 dies
1127 5535 1313 5605 majori
1353 5534 1625 5590 alacritate
1658 5549 1860 5606 paupe-

112 5635 176 5691 ‘
252 5648 372 5687 rem
407 5634 544 5689 hanc
570 5642 810 5688 nostram
834 5639 890 5685 et
919 5640 1132 5685 tenuem
1155 5641 1393 5681 mensam
1419 5626 1570 5680 vobis
1591 5640 1860 5696 apponere

252 5727 473 5784 studeo.
526 5724 714 5781 Vestra
759 5724 905 5778 enim
942 5722 1182 5777 ciborum
1228 5718 1513 5774 immodica
1556 5722 1859 5790 appetentia

253 5832 461 5874 mensa:
511 5827 715 5873 nostrae
762 5813 1021 5870 vilitatem
1065 5810 1288 5886 obtegit,
1338 5824 1609 5883 parvaque
1654 5810 1776 5867 facit
1802 5821 1859 5870 ut

1311 346 1377 405 lN
1415 346 1567 403 CAP.
1609 345 1727 401 XX.
1767 344 2010 403 CENES.
2052 345 2283 407 HOMIL.
2326 350 2490 409 XLV.

3453 362 3563 421 4H

1984 476 2174 533 magna
2216 474 2546 535 appareant:
2577 466 2630 524 id
2672 470 2817 540 quod
2861 470 2991 528 etin
3019 473 3358 534 sensibilibus
3381 480 3570 539 eduliis

1976 555 2160 612 videre
2186 555 2327 612 licet.
2356 556 2489 614 Nam
2518 560 2655 616 sicut
2683 575 2805 617 cum
2832 564 3052 621 satiatos
3081 568 3201 638 quis
3220 569 3418 639 excipit
3445 589 3568 628 corr-

1975 649 2146 714 vivas,
2186 649 2312 705 licet
2362 666 2553 723 magna
2595 664 3013 727 sumptuosaque
3053 671 3286 730 apponat
3336 664 3568 734 ferenla,

1975 738 2191 795 illorum
2238 742 2487 798 satietate
2531 746 2788 801 minuitur
2830 749 3195 818 appositorum
3241 755 3480 822 lautitia;
3519 770 3568 814 et

1976 844 2168 901 magna
2209 848 2610 904 nonnumquam
2657 838 2854 893 nullius
2882 840 3131 897 videntur
3175 848 3455 915 momenti,
3506 866 3566 903 ec

1974 922 2115 991 quod
2170 926 2418 980 conviva:
2465 925 2667 997 absque
2698 929 2889 985 edendi
2920 934 3173 990 aviditate
3198 938 3564 998 advenerunt:

1974 1011 2046 1067 ita
2085 1023 2269 1069 contra
2310 1018 2355 1071 si
2398 1018 2517 1087 quis
2561 1020 2833 1077 famelicos
2870 1025 3123 1094 suscipiat
3159 1037 3213 1082 et
3244 1032 3560 1095 esurientes,

1974 1104 2100 1160 licet
2130 1106 2236 1161 illis
2258 1116 2471 1163 tenuem
2502 1122 2765 1181 proponat
2788 1129 3051 1182 mensam,
3080 1118 3357 1186 Splendida
3390 1132 3567 1178 tamen

1974 1195 2067 1251 illa
2111 1200 2388 1270 apparebit
2434 1203 2693 1271 convivis,
2738 1206 2904 1260 tnulta
2943 1222 3061 1262 cum
3092 1210 3363 1281 voluptate
3408 1223 3568 1283 atque

1973 1291 2229 1348 aviditate
2272 1296 2514 1365 apposita
2565 1299 2991 1355 comedentibus.
3044 1302 3134 1358 Sic
3191 1313 3245 1359 et
3286 1321 3384 1362 nos
3431 1306 3571 1363 bene

1974 1384 2203 1440 fidentes
2250 1388 2509 1456 spirituali
2555 1398 2739 1445 vestro
2784 1393 3081 1461 appetitui,
3134 1411 3239 1450 non
3287 1412 3572 1467 grai-amur

1973 1490 2262 1547 pauperem
2289 1488 2344 1535 et
2364 1481 2521 1535 vilem
2550 1481 2686 1536 hanc
2716 1499 2955 1539 mensam
2978 1496 3169 1542 vestra:
3198 1489 3403 1543 caritati
3433 1491 3571 1544 assi-

1972 1570 2079 1625 due
2108 1587 2399 1642 apponere.
2444 1574 2559 1631 Hoc
2597 1585 2649 1630 et
2688 1577 2903 1647 sapiens
2930 1579 3146 1650 quidam
3174 1581 3420 1637 dicebat:
3456 1584 3571 1638 Με-

1971 1665 2073 1719 lius
2114 1676 2187 1721 est
2230 1670 2514 1723 convivium
2561 1671 2753 1724 olerum
2783 1688 2898 1725 cum
2942 1675 3174 1738 caritate,
3204 1692 3354 1744 quam
3390 1677 3479 1732 bos
3510 1678 3573 1731 de

1971 1759 2220 1828 praesepio
2265 1776 2379 1813 cum
2409 1760 2526 1814 odio
2557 1760 2737 1832 (Prov.
2765 1763 2854 1817 15.
2880 1764 2971 1834 i7)
2998 1783 3010 1817 :
3045 1781 3151 1835 quo
3177 1766 3353 1831 docet,
3380 1770 3573 1822 carita-

1972 1855 2078 1903 tem
2106 1850 2264 1903 aliter
2289 1850 2472 1905 videre
2500 1853 2763 1921 apposita,
2799 1853 3043 1923 illiusque
3064 1856 3234 1911 oculis
3256 1856 3378 1910 vilia
3406 1873 3571 1927 appa-

1971 1954 2091 1994 rere
2119 1954 2181 1994 ea
2226 1956 2345 2010 quae
2384 1951 2694 2011 sumptuosa
2743 1952 2887 2009 sunt,
2920 1956 2973 2000 et
2999 1962 3161 2016 parva
3195 1962 3312 2017 qua:
3353 1964 3564 2018 magna.

2041 2029 2302 2085 Auditoris
2326 2031 2666 2087 benevolentia
2690 2036 2991 2089 necessaria.
3016 2036 3222 2104 ——Qaid
3253 2038 3409 2108 igitur
3436 2039 3568 2094 bea-

1971 2122 2075 2178 tius
2126 2124 2281 2178 nobis
2329 2126 2416 2194 qui
2474 2126 2613 2195 apud
2659 2135 2734 2182 tot
2779 2128 3071 2192 auditores,
3103 2140 3318 2201 tamque
3362 2133 3571 2187 ferven-

1970 2215 2009 2270 ti
2046 2226 2101 2270 et
2155 2217 2381 2273 sollicita
2435 2219 2658 2274 caritate
2715 2222 2966 2289 praeditos
3016 2222 3379 2278 disserimus?
3427 2224 3569 2279 Nihil

1968 2307 2113 2361 enim
2153 2316 2430 2378 tantOpere
2474 2310 2669 2365 dicenti
2725 2313 3088 2368 necessarium
3140 2323 3261 2380 est,
3319 2325 3374 2368 ut
3418 2316 3572 2370 audi-

1970 2400 2103 2455 toris
2154 2399 2547 2462 benevolentia.
2590 2403 3028 2474 Quandoquidem
3077 2407 3388 2462 eumvvidet
3416 2409 3568 2461 audi-

1970 2500 2115 2547 tores
2145 2492 2351 2548 fervere
2377 2494 2666 2561 desiderio,
2711 2498 2952 2552 firmatur
2980 2508 3036 2553 et
3062 2497 3281 2569 ipse,‘et
3316 2515 3567 2570 magnum

1969 2596 2113 2654 saape
2157 2583 2340 2650 robur,
2397 2595 2454 2640 ut
2507 2588 2577 2641 ita
2629 2588 2825 2653 dicam,
2881 2590 3093 2659 accipit,
3149 2592 3327 2646 sciens
3367 2603 3569 2662 quanto

1967 2679 2417 2748 sumptuosiorem
2465 2695 2705 2735 mensam
2750 2683 3078 2752 spiritualem
3116 2685 3388 2753 proponit,
3422 2695 3570 2740 tanto

1968 2769 2226 2837 majorem
2250 2770 2349 2824 sibi
2376 2772 2584 2840 capiam
2613 2772 2890 2828 accedere.
2924 2773 3092 2829 Secus
3119 2775 3261 2831 enim
3285 2791 3344 2831 se
3370 2776 3563 2832 habent

1967 2860 2261 2929 sensibilia,
2291 2878 2451 2933 quam
2480 2864 2794 2933 spiritualia.
2816 2865 2928 2920 Illic
2956 2867 3098 2920 enim
3127 2882 3328 2921 mensa:
3350 2868 3569 2938 largitas

1965 2962 2239 3021 sumptum
2293 2955 2455 3023 parit,
2507 2964 2563 3009 et
2608 2956 2911 3010 convivium
2957 2956 3260 3012 exbibcntis
3302 2960 3568 3013 imminuit

1966 3045 2355 3110 substantiam;
2388 3048 2475 3103 hic
2502 3058 2681 3103 autem
2708 3051 2930 3105 omnino
2955 3051 3129 3117 aliter,
3158 3061 3357 3122 quanto
3388 3051 3569 3121 plures

1965 3147 2091 3194 sunt
2136 3140 2443 3210 participes,
2493 3149 2641 3196 tanto
2682 3141 2799 3210 plus
2844 3143 3141 3197 substantia
3170 3152 3349 3198 nostra
3379 3158 3566 3198 accre-

1963 3232 2088 3285 scit.
2130 3230 2313 3300 Neque
2344 3233 2486 3286 enim
2521 3240 2701 3287 nostra
2733 3232 2980 3300 dicimus,
3012 3234 3105 3289 sed
3154 3249 3214 3289 ea
3246 3250 3366 3304 qua:
3395 3235 3447 3289 in
3475 3251 3567 3289 vc-

1964 3333 2131 3380 stram
2183 3326 2459 3379 utilitatem
2506 3325 2598 3380 Dei
2648 3327 2818 3396 gratia
2864 3343 2961 3395 per
2990 3342 3141 3381 suam
3181 3328 3564 3397 benignitatem

1964 3416 2291 3487 suppeditat.
2340 3416 2452 3485 Age
2484 3416 2663 3486 igitur,
2713 3398 2834 3487 quia
2883 3432 3005 3471 cum
3038 3426 3181 3470 tanta
3206 3418 3481 3472 alacritate
3511 3428 3567 3472 et

1966 3517 2109 3563 tanta
2170 3508 2350 3562 lmtitia
2400 3508 2468 3563 ad
2519 3508 2845 3563 audiendum
2894 3508 3168 3575 acceditis,
3217 3509 3408 3563 iterum
3449 3510 3561 3579 jam

1966 3600 2105 3654 lecta
2128 3600 2460 3667 indagemus,
2490 3608 2545 3654 et
2572 3600 2713 3669 quod
2740 3599 2861 3653 inde
2889 3600 3133 3669 provenit
3162 3600 3365 3654 lucrum
3391 3603 3565 3670 perci—

1964 3692 2193 3761 piamus.
2236 3690 2367 3744 Nam
2416 3692 2564 3761 quia,
2594 3689 2885 3745 secundum
2914 3706 3158 3759 magnam
3198 3692 3339 3746 illam
3371 3693 3566 3747 exhor-

1965 3782 2220 3837 tationem
2243 3781 2439 3836 Christi
2462 3781 2710 3847 dicentis,
2740 3780 3055 3836 Scrutamini
3072 3781 3365 3851 Scriptura:
3382 3781 3563 3852 (Joan.

1964 3872 2017 3927 5.
2045 3872 2158 3940 '59),
2193 3870 2475 3927 thesaurus
2495 3888 2718 3942 magnus
2737 3872 2789 3927 in
2818 3872 3109 3941 Seripturis
3133 3881 3216 3927 est
3235 3874 3562 3937 reconditus,

1965 3973 2019 4019 et
2064 3962 2119 4017 in
2164 3960 2431 4034 profando
2473 3962 2602 4017 latet
2631 3981 2646 4017 :
2675 3963 2877 4018 idcirco
2921 3964 3251 4018 scrutatione
3299 3979 3455 4035 opus,
3505 3975 3563 4021 ut

1964 4070 2084 4110 cum
2133 4054 2479 4109 didicerimus
2528 4055 2777 4109 virtutem
2808 4070 2926 4124 qua:
2958 4054 3010 4108 in
3056 4053 3326 4125 profundo
3354 4054 3562 4109 occulta

1961 4156 2065 4211 est,
2100 4147 2323 4201 multam
2351 4146 2473 4201 inde
2502 4146 2786 4202 utilitatem
2832 4147 3126 4219 decerpere
3161 4163 3439 4218 queamus.
3474 4148 3565 4203 Et-

1965 4240 2106 4296 enim
2160 4248 2439 4311 propterea
2474 4244 2738 4310 justorum
2769 4242 3010 4296 omnium
3058 4242 3302 4305 virtutes,
3334 4241 3566 4311 Spiritus

1965 4333 2136 4388 sancti
2167 4334 2335 4404 gratia
2362 4342 2418 4387 et
2442 4333 2865 4404 dispensatione,
2896 4334 2950 4388 in
2994 4334 3282 4402 Seripturis
3308 4344 3433 4387 sunt
3457 4340 3565 4388 tra-

1966 4425 2112 4492 diue,
2148 4436 2204 4481 ut
2228 4442 2325 4481 nos
2349 4428 2654 4481 continuam
2683 4427 2942 4483 habentes
2966 4428 3283 4493 doctrinam,
3308 4426 3373 4481 ad
3399 4443 3565 4480 (emu-

1965 4517 2219 4573 lationcm
2274 4527 2331 4574 et
2392 4520 2741 4574 imitationem
2786 4520 3053 4588 justorum
3106 4521 3267 4572 vitam
3323 4528 3561 4573 nostram

1966 4609 2327 4664 instituamus.
2376 4609 2670 4665 Audiamus
2714 4610 2873 4680 igitur
2914 4610 3151 4665 divinam
3205 4610 3560 4679 Scripturam,

1964 4702 2093 4772 quid
2147 4712 2203 4757 et
2255 4703 2413 4757 hodie
2462 4704 2617 4758 nobis
2660 4704 2728 4759 de
2761 4704 3054 4773 patriarcha
3084 4720 3305 4759 narrare
3330 4705 3479 4759 velit.
3511 4706 3562 4759 i.

1966 4796 2117 4865 (Cap.
2139 4797 2228 4865 20)
2249 4796 2313 4850 Ει
2336 4799 2506 4861 movit,
2534 4797 2722 4867 inquit,
2746 4798 2887 4851 illinc
2903 4798 3157 4851 Abraham
3175 4798 3226 4851 in
3246 4808 3431 4851 terram
3452 4814 3566 4851 ver-

1963 4905 2051 4943 sua
2072 4888 2308 4957 africum,
2332 4898 2379 4943 et
2408 4888 2643 4943 habitavit
2665 4889 2794 4942 inter
2818 4887 2978 4943 (Iade:
3006 4898 3050 4942 et
3080 4890 3210 4942 inter
3236 4888 3363 4953 δίεν,
3393 4898 3438 4941 et
3459 4904 3569 4957 per-

1964 4981 2167 5048 egrinus
2198 4982 2294 5049 fuit
2334 4981 2384 5034 in
2426 4978 2650 5034 σεται-ἔς.
2686 4978 2753 5032 Et
2778 4980 2964 5041 movit,
2993 4978 3196 5048 inquit,
3227 4978 3386 5031 illinc.
3415 4977 3567 5032 Unde

1966 5073 2165 5127 movit?
2205 5073 2248 5126 A
2297 5072 2414 5126 loco
2456 5072 2543 5127 ubi
2576 5072 2974 5126 tabernaculum
3006 5071 3219 5131 ﬁxerat,
3247 5070 3335 5124 ubi
3358 5078 3412 5124 et
3443 5070 3566 5121 uni-

1965 5168 2104 5222 versi
2127 5166 2473 5221 Conditorem
2498 5180 2616 5221 cum
2640 5166 2845 5236 angelis
2871 5164 3143 5233 suscipere
3174 5163 3220 5217 ei
3246 5175 3565 5216 concessum

1965 5258 2081 5312 fuit.
2127 5257 2295 5324 Illinc,
2337 5259 2527 5328 inquit,
2575 5273 2698 5313 cum
2721 5258 2994 5323 movisset,
3036 5255 3343 5326 Peregrinus
3368 5252 3463 5322 fuit
3514 5252 3567 5305 in

1967 5350 2193 5405 Gerart's.

2037 5443 2255 5498 Abralne
2275 5444 2501 5497 modesta
2520 5442 2717 5497 vivendi
2754 5440 2980 5495 rdtio.—
3005 5439 3134 5493 Vide
3152 5438 3415 5508 justorum
3440 5436 3565 5491 vitm

1964 5537 2249 5598 rationem,
2266 5550 2423 5605 quam
2434 5543 2704 5590 contracta
2721 5534 2824 5587 illis
2838 5532 2991 5587 fuerit
3009 5540 3065 5585 et
3086 5530 3303 5585 minime
3316 5544 3564 5599 superva-

1965 5642 2067 5682 cua
2082 5627 2318 5696 supellex
2336 5644 2349 5679 :
2367 5624 2634 5694 quomodo
2651 5623 2803 5678 facile
2822 5622 3270 5692 transmigrabant
3293 5621 3564 5688 vitamque

1965 5731 2114 5773 suam
2132 5716 2473 5771 instituebant
2485 5714 2621 5768 sicut
2634 5712 2899 5784 peregrini
2914 5711 3218 5776 etadvente,
3234 5720 3283 5766 et
3299 5725 3439 5765 nunc
3452 5708 3560 5775 hic,

1968 5824 2109 5867 nunc
2129 5809 2233 5867 illic
2249 5803 2588 5864 tabernacula
2602 5804 2903 5877 erigebant,
2926 5802 3076 5876 quasi
3108 5815 3330 5874 peregre
3363 5796 3566 5874 degen-
