4078 6428
523 361 630 418 413

516 486 618 540 tes;
637 488 740 529 non
767 472 904 527 sicut
930 483 1028 524 nos
1043 465 1282 531 facimus,
1298 465 1385 534 qui
1402 463 1699 516 habitantes
1718 461 1770 517 in
1785 461 1959 516 aliena
1972 469 2110 516 terra

518 566 667 636 quasi
713 563 766 619 in
797 561 989 632 patria,
1018 558 1207 614 domos
1227 556 1551 610 cxstrnimus
1577 551 1912 622 splendidas,
1945 553 2118 624 porti-

518 673 613 712 cus
639 666 694 712 et
731 653 1132 717 deambulacra,
1155 658 1210 704 et
1255 648 1410 702 villas
1454 646 1814 718 possidemus,
1847 654 1900 700 et
1931 644 2116 699 balnea

519 765 765 820 paramus
801 747 1010 816 aliaque
1033 745 1330 798 innumera.
1359 739 1465 795 Sed
1499 739 1619 794 vide
1643 737 1911 808 quomodo
1944 737 2120 807 justus

516 841 864 896 substantiam
905 825 1056 892 Suam
1089 840 1142 890 in
1171 834 1475 890 vernaculis
1509 842 1712 886 tantum
1752 840 1802 886 et
1839 830 2120 900 peca.ribtts

519 933 821 1005 possidens,
855 940 908 986 et
935 943 1225 998 numquam
1250 928 1302 980 in
1325 926 1512 980 eodem
1542 925 1658 977 loco
1687 923 1994 993 persistens,
2023 921 2121 975 ali-

515 1025 729 1096 quando
756 1023 972 1093 quidem
1003 1022 1055 1075 in
1081 1019 1269 1075 Bethel
1298 1018 1408 1087 figit
1434 1015 1796 1080 tabernacula,
1829 1014 2117 1084 aliquando

515 1128 693 1172 autem
721 1115 860 1186 apud
883 1128 1138 1184 quercum
1161 1111 1415 1174 Mambre,
1440 1108 1726 1179 aliquando
1750 1109 1801 1161 in
1829 1107 2117 1179 Aigyptum

521 1207 821 1270 descendit,
857 1219 997 1260 nunc
1023 1213 1200 1258 autem
1231 1202 1283 1256 in
1306 1200 1523 1256 Gcraris
1557 1200 1952 1253 tabernaculum
1987 1199 2117 1269 figit,

517 1309 574 1354 et
620 1299 798 1353 omnia
845 1298 1003 1352 facile
1047 1295 1296 1358 sustinet,
1341 1301 1653 1364 gratamque
1676 1306 1800 1359 erga
1836 1291 2118 1344 Dominum

521 1399 754 1445 mentem
785 1405 879 1458 per
908 1388 1086 1443 omnia
1113 1385 1396 1440 manifeste
1423 1383 1680 1439 declarat.
1713 1382 1778 1436 Et
1809 1393 1927 1451 post
1949 1393 2122 1438 tantas

522 1482 905 1552 promissiones
953 1495 1072 1550 qua:
1101 1479 1148 1533 ei
1176 1493 1205 1532 a
1249 1477 1357 1532 Deo
1381 1475 1536 1529 factae
1561 1483 1736 1540 erant,
1761 1473 1951 1528 videns
1980 1489 2039 1529 se
2067 1475 2119 1529 in

522 1574 685 1628 tantis
707 1573 906 1626 versari
946 1569 1370 1634 difﬁcultatibus,
1417 1576 1472 1622 et
1503 1569 1554 1620 in
1585 1567 1758 1620 varias
1779 1566 2122 1636 diversasque

525 1666 848 1718 Ieutalioues
899 1661 1160 1727 incidere,
1205 1660 1358 1730 quasi
1406 1659 1626 1713 adamas
1673 1659 1925 1712 immotus
1949 1659 2120 1728 persi-

520 1757 652 1821 stit;
696 1760 946 1826 piamque
972 1767 1124 1807 suam
1157 1763 1390 1805 mentem
1417 1749 1727 1814 ostendens,
1754 1749 1915 1804 nullis
1944 1749 2125 1804 obsta-

519 1847 658 1901 culis
687 1846 1041 1916 negligentior
1064 1843 1262 1898 evadit.
1296 1842 1430 1898 Vide
1459 1841 1602 1896 enim
1633 1851 1687 1896 et
1708 1857 1872 1908 nunc,
1900 1841 2114 1907 dilecte,

520 1939 697 2008 qualis
743 1939 968 1992 tentatio
1012 1951 1135 1992 eum
1165 1937 1217 1990 in
1247 1935 1461 1991 Geraris
1493 1935 1733 1989 invadit:
1765 1943 1821 1990 et
1851 1934 2123 1989 admirare

521 2029 886 2084 fortitudinem
933 2037 987 2084 et
1015 2028 1268 2082 virtutem
1293 2026 1444 2096 justi,
1476 2025 1746 2096 quomodo
1775 2025 1917 2095 quod
1951 2025 2123 2079 omni-

524 2123 623 2176 bus
664 2120 1023 2186 intolerabile,
1071 2127 1130 2173 ct
1174 2120 1317 2187 quod
1366 2132 1542 2188 neque
1585 2118 1804 2171 auribus
1849 2117 2123 2188 suscipere

523 2214 644 2282 quis
680 2211 864 2277 vellet,
895 2211 998 2265 hoc
1027 2211 1142 2279 ipse
1165 2209 1436 2271 sustinuit,
1467 2223 1572 2263 non
1602 2224 1747 2278 aegre
1791 2206 1990 2275 ferens,
2024 2224 2122 2264 ne-

523 2320 629 2374 que
651 2306 872 2374 exigens
912 2319 942 2356 a
985 2303 1213 2356 Domino
1244 2301 1502 2356 rationem
1548 2315 1732 2355 eorum
1762 2315 1881 2370 qua:
1903 2299 2120 2366 fiebant,

525 2399 663 2451 sicut
691 2397 930 2466 plerique
956 2395 1201 2448 homines
1232 2393 1450 2457 faciunt,
1485 2391 1645 2461 hique
1673 2392 1968 2446 innumeris
2004 2407 2128 2462 pec-

523 2499 766 2543 catorum
817 2487 1042 2542 sarcinis
1089 2486 1279 2556 pressi.
1329 2484 1461 2538 Nam
1507 2499 1628 2538 cum
1676 2486 1726 2538 in
1783 2484 2124 2557 difficultates

526 2578 785 2648 quasdam
833 2577 1139 2639 inciderint,
1180 2576 1360 2630 statim
1409 2575 1834 2638 obmurmurant,
1870 2582 1923 2628 et
1947 2575 2125 2629 curio-

525 2672 636 2725 sius
681 2670 973 2739 inquirunt,
997 2667 1284 2737 dicuntque
1313 2684 1326 2720 :
1351 2666 1527 2733 Quare
1555 2664 1657 2719 hoc
1686 2675 1741 2720 et
1768 2665 1868 2720 hoc
1909 2667 2124 2720 evenit?

525 2772 581 2818 et
610 2777 776 2832 quare
822 2761 923 2815 hoc
962 2759 1284 2831 permissum
1316 2758 1436 2812 est?
1469 2759 1535 2811 At
1558 2758 1732 2826 justus
1755 2759 1843 2812 ille
1869 2773 1972 2812 non
2004 2759 2121 2813 sic:

530 2854 670 2907 unde
723 2862 776 2907 et
835 2852 911 2905 illi
967 2851 1196 2920 amplius
1241 2863 1532 2917 supernum
1589 2848 1843 2901 auxilium
1872 2857 1955 2903 est
1997 2864 2126 2903 con-

526 2961 759 3002 cessum.
789 2943 900 2999 Hoc
921 2944 1062 2998 enim
1086 2957 1210 2995 vere
1230 2942 1364 3011 grati
1387 2940 1526 2994 servi
1546 2939 1721 3006 fuerit,
1751 2950 1806 2994 ut
1834 2955 2123 3010 numquam

526 3039 790 3092 curiosior
828 3037 898 3090 sit
942 3036 996 3089 in
1024 3035 1086 3088 iis
1111 3031 1458 3103 explorandis
1504 3048 1624 3102 qua:
1663 3047 1692 3084 a
1721 3031 1940 3086 domino
1971 3033 2122 3099 fiunt,

526 3129 621 3184 sed
652 3131 704 3183 in
749 3128 962 3184 silentio
1002 3136 1054 3181 et
1093 3127 1384 3197 gratiarum
1410 3122 1624 3179 actione
1646 3125 1902 3194 suscipiat
1921 3124 2122 3179 omnia.

598 3220 652 3274 2.
695 3219 763 3273 Et
790 3218 1176 3282 animadverte,
1205 3214 1477 3285 quomodo
1502 3214 1670 3268 etiam
1703 3230 1796 3284 per
1827 3215 1948 3270 illas
1979 3217 2125 3286 ipsas

527 3329 646 3383 qum
679 3320 978 3381 sequuntur
1003 3309 1324 3364 tcntationes
1342 3306 1473 3375 justi
1496 3307 1664 3360 virtus
1692 3308 1860 3376 magis
1882 3309 2120 3374 emicuit,

531 3407 640 3460 Deo
673 3407 876 3460 clarum
904 3403 1054 3458 illum
1084 3417 1179 3472 per
1207 3401 1387 3455 omnia
1427 3399 1764 3454 ostendente.
1799 3399 1933 3454 Nam
1982 3401 2125 3456 sicut

527 3497 744 3568 quando
790 3497 842 3550 in
875 3495 1166 3565 Egyptum
1199 3491 1510 3556 descendit,
1556 3500 1614 3544 ut
1656 3490 1868 3560 ignotus
1908 3501 1963 3547 et
2005 3507 2124 3562 per-

527 3592 768 3662 egrinus,
809 3598 863 3644 et
890 3590 1016 3642 nulli
1045 3589 1276 3656 agnitus,
1305 3586 1485 3640 subito
1525 3600 1718 3656 magno
1759 3601 1879 3639 cum
1922 3584 2126 3639 honore

529 3683 655 3736 inde
697 3681 832 3736 redit
867 3697 880 3731 :
914 3680 982 3733 ita
1013 3691 1067 3733 et
1122 3693 1296 3740 tntnc,
1343 3693 1464 3732 cum
1515 3681 1829 3747 peregrinus
1883 3685 2027 3732 esset
2072 3678 2123 3732 in

530 3773 770 3838 Gcraris,
793 3772 842 3824 in
872 3772 1000 3840 ipsis
1027 3769 1241 3839 quidem
1273 3768 1442 3822 initiis
1467 3767 1609 3838 quod
1638 3783 1792 3822 suum
1821 3777 1938 3823 erat
1965 3769 2122 3823 fecit:

533 3881 569 3936 ι)
593 3872 721 3918 istea
752 3878 878 3916 vero
906 3873 1055 3916 tanto
1078 3861 1170 3915 Dei
1193 3860 1433 3914 subsidio
1460 3862 1700 3914 munitus
1729 3869 1831 3928 est,
1855 3869 1912 3913 ιιι
1937 3869 1995 3915 et
2030 3877 2122 3914 rex

531 3970 583 4014 et
613 3973 799 4013 otuocs
841 3958 930 4028 qui
959 3958 1011 4010 in
1039 3971 1100 4010 ea
1132 3955 1353 4025 regione
1386 3953 1730 4020 habitabant,
1755 3953 1901 4009 omni
1946 3954 2126 4008 studio

533 4054 838 4106 ministrare
887 4051 1036 4116 justo
1083 4050 1382 4103 studerent.
1423 4047 1479 4100 2.
1521 4045 1666 4100 Dixit
1713 4055 1902 4112 autem,
1931 4047 2122 4116 inquit,

533 4146 789 4199 Abraham
825 4149 887 4196 de
926 4144 1088 4199 Sarra
1127 4159 1286 4198 uxore
1327 4159 1452 4208 sua,
1485 4141 1649 4196 Soror
1677 4157 1788 4194 mea
1817 4151 1909 4195 est.
1934 4140 2126 4194 Timuit

532 4240 667 4290 enim
686 4236 872 4298 dicere,
907 4233 1051 4289 Uxor
1074 4251 1183 4288 mea
1205 4243 1299 4299 est,
1331 4249 1392 4286 ne
1423 4236 1556 4304 forte
1583 4232 1866 4285 occiderent
1889 4248 2000 4284 eum
2031 4233 2124 4285 viri

532 4329 751 4382 civitatis
778 4337 982 4397 propter
1006 4325 1170 4378 illam.
1198 4324 1333 4379 Vide
1360 4324 1632 4395 quomodo
1660 4339 1690 4378 a
1719 4325 2126 4380 violentiSsimis

531 4418 906 4474 affectionibus
949 4417 1124 4470 anima
1147 4416 1278 4486 justi
1320 4415 1685 4484 impugnctnr,
1717 4423 1772 4470 et
1813 4416 1973 4470 timor
2003 4432 2123 4470 eum

537 4513 793 4566 incessat.
826 4510 892 4564 Et
914 4510 1161 4580 quamvis
1184 4508 1331 4578 prior
1357 4508 1538 4572 timor,
1567 4522 1634 4562 ne
1658 4506 1937 4562 mulierem
1969 4510 2126 4563 amit-

537 4614 633 4668 tat,
658 4603 834 4671 gravis
865 4601 1027 4656 fuerit
1049 4643 1063 4666 ,
1090 4601 1250 4655 timor
1281 4608 1458 4654 tamen
1504 4599 1694 4654 mortis
1719 4599 1867 4653 illutn
1899 4601 2124 4670 expulit.

537 4693 605 4748 lit
639 4695 778 4747 enim
806 4694 947 4747 lumc
977 4693 1267 4762 effugeret,
1290 4692 1546 4747 sustinuit
1575 4693 1689 4746 suis
1718 4691 1890 4746 oculis
1919 4692 2124 4758 videre,

533 4788 733 4841 sociam
761 4788 884 4837 vlta:
919 4800 1030 4836 sua:
1062 4785 1113 4836 in
1153 4785 1296 4853 regis
1339 4797 1528 4837 manus
1574 4783 1831 4838 incidere.
1863 4783 2030 4850 Quam
2059 4785 2130 4837 sit

535 4885 714 4929 autem
755 4874 853 4928 hoc
901 4875 1126 4926 toleratu
1161 4873 1410 4939 difficile,
1453 4873 1628 4926 sciunt
1675 4874 1763 4942 qui
1797 4889 1990 4928 uxores
2035 4874 2129 4927 Ita-

538 4973 687 5025 bent.
715 4967 866 5022 Unde
893 4975 948 5019 et
976 4967 1193 5034 sapiens
1238 4965 1455 5033 quidam
1499 4965 1746 5019 dicebat:
1783 4963 1976 5018 Plenus
2019 4967 2129 5018 zelo

537 5061 678 5132 {uror
699 5062 792 5115 viri
823 5062 934 5131 ejus
954 5102 968 5124 ,
1005 5076 1107 5112 non
1153 5068 1320 5128 parcet
1349 5059 1401 5111 in
1445 5059 1527 5111 die
1544 5058 1731 5128 judicii
1753 5099 1770 5125 ,
1798 5059 1939 5112 nullo
1969 5062 2129 5128 prrtfo

535 5155 744 5209 mutabit
773 5151 1064 5206 inimicitias
1086 5149 1445 5220 (Prov.6.34.
1470 5149 1582 5218 35).
1609 5148 1802 5204 Verum
1837 5164 1998 5219 grave
2028 5149 2130 5203 hoc

532 5259 587 5303 et
613 5248 862 5302 ontnibus
885 5243 1245 5308 intolerabile,
1260 5243 1383 5298 vide
1404 5243 1674 5311 quomodo
1703 5253 1921 5312 propter
1943 5243 2130 5298 mortis

535 5352 734 5397 metum
760 5343 848 5397 ille
874 5341 1012 5394 tulit.
1036 5337 1148 5393 Hoc
1178 5351 1310 5391 sane
1337 5345 1392 5389 et
1418 5337 1468 5389 in
1493 5335 1864 5403 corporalibus
1893 5335 2132 5389 affectio-

541 5435 697 5488 nibus
728 5435 1044 5504 contingere
1067 5431 1243 5487 solet:
1277 5445 1399 5484 nam
1433 5427 1650 5498 quando
1693 5428 1802 5481 duo
1840 5427 2013 5482 morbi
2052 5429 2130 5482 si-

535 5525 644 5579 mul
683 5525 936 5577 ittleslattl
961 5538 1160 5592 corpus
1203 5531 1485 5585 nostrum,
1531 5517 1690 5572 unius
1739 5519 2129 5573 incrementum

537 5618 668 5686 tegit
721 5617 913 5683 alium,
967 5626 1022 5671 et
1073 5625 1221 5670 totos-
1266 5629 1364 5670 nos
1430 5614 1521 5668 ille
1571 5612 1786 5683 gravior
1829 5612 1984 5666 dolor
2028 5612 2130 5666 sibi

543 5709 818 5774 vindieat,
856 5710 926 5763 ita
977 5717 1037 5764 ut
1083 5723 1228 5778 smpe
1273 5709 1536 5763 minorem
1587 5705 1829 5760 dolorem
1865 5720 1894 5758 a
1941 5704 2130 5773 majori

541 5798 785 5855 distracti
813 5816 920 5858 non
951 5801 1265 5858 sentiamus.
1298 5799 1501 5856 Eodem
1523 5799 1686 5856 modo
1712 5797 1890 5869 justus
1918 5810 2132 5868 quoque

1234 353 1292 409 S.
1331 348 1612 408 JOANNIS
1647 344 2126 404 CIlRYSOSTOMl
2164 345 2483 403 ARCHIEP.
2525 345 3060 404 CONSTANTINOP.

3723 349 3828 405 616

2234 461 2322 516 illc
2364 477 2505 516 nunc
2555 462 2744 518 videns
2814 478 3005 532 urgere
3054 461 3295 518 dolorem
3350 463 3579 530 mortis,
3629 475 3829 519 cmtcra

2230 553 2410 607 onmia
2445 553 2743 608 tolerabilia
2774 554 3050 609 censebat.

2305 645 2450 700 Mors
2480 647 2610 700 nihil
2636 657 2708 701 est
2738 647 2880 701 aliud
2907 664 3060 717 quam
3089 663 3392 702 sonmm.—
3419 646 3688 700 thtcrum
3714 645 3832 702 ha-c

2233 738 2480 804 audiens,
2508 738 2703 793 dilecte
2725 781 2738 803 ,
2769 755 2837 794 ne
2863 740 3411 809 condemnesjnstnm
3444 740 3512 793 ob
3543 740 3826 808 pusillani-

2236 832 2496 892 mitatcm,
2531 832 2671 897 quod
2705 838 2935 883 mortem
2979 830 3217 883 timuerit
3248 848 3260 882 :
3295 829 3387 883 sed
3439 831 3618 898 potius
3665 831 3833 884 admi-

2234 934 2354 973 rare
2381 919 2690 974 Conditoris
2718 921 2949 974 universi
2978 938 3099 992 erga
3125 938 3222 975 nos
3252 923 3657 991 benignitatem,
3687 924 3830 991 quod

2235 1021 2462 1065 mortem
2499 1011 2666 1080 justis
2698 1012 2876 1066 illiset
2905 1015 3104 1066 sanctis
3136 1022 3261 1066 tunc
3303 1011 3639 1080 terribilem,
3685 1031 3831 1068 nunc

2235 1101 2304 1155 ita
2331 1103 2727 1172 despiciendam
2761 1104 2970 1158 dederit
2995 1103 3266 1170 Christus,
3298 1115 3354 1158 ut
3383 1121 3542 1176 quant
3571 1107 3832 1160 formida-

2233 1193 2363 1248 bant
2390 1195 2488 1248 viri
2515 1195 2590 1248 illi
2625 1195 2822 1250 virtute
2845 1196 2973 1250 clari
3001 1237 3016 1262 ,
3040 1206 3095 1250 et
3123 1206 3262 1250 tanta
3293 1213 3418 1267 erga
3448 1199 3613 1252 Dcutn
3639 1199 3832 1253 fiducia

2236 1285 2380 1349 freti,
2414 1302 2556 1341 nunc
2582 1287 2860 1341 derideant
2887 1296 2940 1342 et
2963 1288 3190 1358 juvenes
3212 1333 3224 1353 ,
3255 1299 3310 1343 et
3339 1300 3536 1345 tenera:
3575 1291 3836 1361 virgiue~'.

2232 1375 2372 1428 Nihil
2401 1377 2544 1430 enim
2575 1377 2718 1430 aliud
2760 1392 2905 1432 mors
2931 1387 3034 1443 est,
3061 1394 3221 1448 quam
3249 1394 3472 1436 somnus
3499 1389 3556 1435 et
3595 1384 3835 1451 pcregri-

2235 1467 2402 1534 natio,
2424 1477 2583 1536 atque
2618 1470 3014 1540 transmigratio
3039 1486 3069 1525 a
3107 1470 3461 1528 deterioribus
3487 1473 3555 1528 ad
3584 1476 3834 1530 meliora.

2233 1558 2372 1614 Mors
2399 1561 2540 1614 enim
2571 1560 2782 1615 Domini
2811 1561 3265 1617 immortalitatem
3309 1565 3461 1620 nobis
3487 1564 3703 1620 donavit
3731 1608 3748 1632 ,
3778 1578 3836 1622 et

2236 1661 2290 1704 ut
2311 1649 2588 1706 descendit
2609 1653 2662 1706 in
2687 1653 2972 1718 infernum,
2998 1653 3241 1708 dissolvit
3260 1654 3378 1725 ejus
3399 1670 3617 1724 nervos,
3643 1658 3834 1712 robur-

2235 1756 2340 1811 que
2373 1745 2648 1798 destruxit
2675 1761 2688 1798 :
2715 1755 2768 1800 et
2793 1745 2937 1816 quod
2963 1755 3118 1801 antea
3148 1748 3384 1803 terribile
3405 1759 3520 1804 erat
3547 1759 3599 1804 et
3633 1751 3830 1819 impla-

2232 1834 2439 1900 cabile,
2473 1835 2574 1890 hoc
2612 1852 2756 1892 nunc
2781 1837 3186 1908 despiciendum
3215 1840 3397 1907 dedit,
3432 1841 3569 1896 adeo
3595 1853 3654 1897 ιιι
3691 1859 3831 1898 ιιοιι-

2234 1928 2364 1982 nulli
2395 1929 2644 1983 cxsiliant
2670 1939 2724 1984 et
2759 1931 3153 1987 festinentcum
3185 1935 3308 1989 hinc
3346 1945 3430 1990 est
3471 1937 3832 2006 migrandum.

2235 2019 2468 2076 Proinde
2516 2033 2570 2078 et
2615 2023 2810 2079 Paulus
2853 2025 3072 2093 clamat,
3101 2027 3288 2082 dicens
3320 2045 3334 2084 :
3369 2027 3592 2084 Dissolvi
3635 2041 3682 2085 et
3718 2049 3836 2086 cum

2233 2112 2435 2169 Christo
2465 2133 2571 2170 esse
2596 2119 2754 2172 multo
2782 2121 2961 2174 melius
2988 2121 3246 2192 (Philipp.
3280 2123 3470 2193 1.23).
3500 2124 3692 2179 Verum
3721 2127 3837 2181 lure

2235 2209 2450 2278 quidem
2496 2226 2639 2265 nunc
2669 2220 2789 2281 post
2825 2212 3022 2267 Christi
3052 2213 3360 2281 adventurm,
3382 2226 3660 2285 postquam
3701 2235 3838 2272 con--

2237 2296 2419 2352 fracta:
2448 2313 2567 2353 sunt
2593 2310 2764 2370 portae
2791 2302 2982 2357 inferni
3006 2320 3183 2370 mrem,
3208 2317 3487 2376 postquam
3509 2308 3586 2361 Sol
3613 2309 3838 2377 jnsti:ia2

2235 2390 2432 2460 ubique
2465 2401 2728 2448 terrarum
2774 2396 2994 2452 affulsit.
3023 2397 3175 2453 Tunc
3201 2408 3378 2454 autem
3423 2403 3714 2456 terribilem
3741 2404 3838 2457 ad-

2235 2481 2341 2537 huc
2372 2483 2603 2540 habebat
2633 2485 2840 2552 faciem,
2875 2490 3319 2560 concutiebatqne
3353 2493 3618 2561 justorum
3659 2495 3836 2548 homi-

2235 2591 2364 2629 num
2396 2575 2610 2630 illornm
2630 2587 2862 2632 mentem
2887 2598 2899 2632 :
2921 2577 3040 2635 idco
3067 2589 3123 2636 et
3144 2583 3320 2636 omnia
3345 2582 3447 2636 alia
3473 2583 3668 2639 leviter
3695 2585 3836 2640 fere-

2235 2668 2382 2734 bant,
2403 2671 2562 2724 ctiam
2583 2687 2702 2740 qum
2721 2671 3073 2727 intolerabilia
3089 2688 3210 2729 esse
3232 2673 3565 2729 videbantur.
3596 2675 3730 2730 llinc
3754 2688 3836 2733 est

2234 2761 2377 2830 quod
2407 2771 2461 2817 ct
2499 2764 2674 2832 justus
2704 2764 2794 2819 ille
2817 2766 3010 2818 timens
3052 2781 3259 2832 eorum,
3289 2769 3379 2838 qui
3413 2770 3461 2821 in
3491 2767 3707 2825 Gcraris
3738 2771 3836 2824 ha-

2236 2851 2514 2918 bitabant,
2549 2854 2796 2917 insidias,
2825 2855 3152 2911 domicilium
3200 2859 3270 2911 ibi
3317 2858 3592 2926 habuerit,
3625 2877 3727 2915 non
3779 2872 3838 2916 ut

2236 2960 2477 3008 uxorem,
2511 2948 2604 3002 sed
2633 2956 2690 3002 ιιι
2726 2964 2967 3003 sororem
3009 2965 3192 3004 secum
3233 2950 3473 3018 habens;
3509 2954 3577 3007 ita
3611 2971 3752 3009 nunc
3780 2957 3833 3009 in

2238 3037 2337 3091 hac
2366 3039 2584 3106 regione
2628 3041 2940 3109 peregrinus
2973 3041 3135 3110 degit.
3171 3041 3235 3095 Et
3262 3042 3402 3096 sicut
3430 3059 3550 3097 cum
3586 3044 3638 3098 itt
3669 3044 3838 3115 Egy-

2236 3137 2385 3198 ptttm
2419 3145 2540 3183 eum
2576 3130 2905 3185 descendere
2933 3132 3178 3201 permisit
3207 3131 3377 3199 Deus,
3402 3135 3589 3190 volens
3626 3135 3833 3205 impro-

2235 3219 2333 3274 bos
2359 3219 2481 3275 illos
2507 3231 2560 3274 et
2585 3221 2842 3277 socordes
2863 3221 3072 3278 discere
3095 3223 3222 3292 justi
3246 3225 3494 3280 virtutem
3515 3245 3529 3282 :
3552 3226 3620 3280 ita
3653 3237 3708 3282 et
3745 3227 3836 3283 hic

2236 3314 2573 3368 tolerantiam
2602 3329 2753 3368 suam
2785 3315 3002 3370 exhibet
3029 3317 3286 3372 Dominus
3306 3361 3318 3382 ,
3341 3327 3396 3372 ut
3418 3320 3548 3388 justi
3573 3321 3830 3390 patientia

2237 3407 2290 3460 in
2313 3408 2562 3462 omnibus
2588 3407 2816 3474 eluceat,
2839 3407 3034 3478 fiatque
3052 3409 3144 3464 Dei
3170 3411 3221 3464 in
3243 3411 3416 3479 ipsum
3451 3411 3830 3468 benevolentia

2238 3497 2522 3552 manifesta
2549 3498 2821 3552 omnibus.
2857 3498 2999 3553 Misit
3029 3511 3195 3555 autem
3235 3501 3520 3556 Abimcleclt
3560 3521 3651 3558 rea:
3673 3504 3834 3559 Gera-

2235 3605 2430 3654 rorum,
2462 3599 2516 3642 ut
2545 3591 2829 3660 acciperent
2857 3591 3092 3647 Sarram.
3116 3594 3302 3664 Cogita
3335 3597 3440 3662 hie,
3459 3613 3666 3666 qtneso,
3697 3608 3835 3652 tetu-

2205 3697 2210 3700 ·
2235 3690 2496 3751 pestatem
2523 3683 2902 3752 cogitationum
2929 3701 3087 3755 quam
3123 3689 3241 3741 tulit
3268 3689 3447 3758 justus
3469 3691 3656 3747 videns
3691 3709 3832 3747 uxo-

2236 3788 2349 3826 rem
2379 3788 2530 3827 suam
2553 3774 2766 3841 abduci,
2786 3784 2840 3829 et
2857 3791 2914 3830 se
2936 3777 3065 3830 nihil
3091 3794 3248 3848 posse
3265 3780 3452 3849 juvare
3473 3797 3614 3838 eam.
3645 3784 3829 3840 Silen~

2237 3875 2319 3918 ter
2344 3867 2486 3920 enim
2519 3866 2720 3922 ferebat
2746 3869 2957 3934 omnia,
2987 3871 3162 3925 sciens
3194 3871 3307 3928 fore
3338 3884 3394 3927 ut
3425 3890 3483 3929 se
3511 3891 3616 3929 non
3651 3877 3838 3948 despi-

2235 3971 2377 4013 ceret
2399 3960 2676 4027 Dominus,
2696 3961 2788 4017 sed
2819 3962 3173 4018 acceleratum
3204 3966 3486 4022 adhiberet
3512 3969 3832 4026 Slllbltllltlll.

2236 4051 2584 4106 Admirabilis
2623 4068 2836 4124 quoque
2877 4055 3050 4110 Sarra:
3082 4071 3234 4110 amor
3278 4069 3396 4126 est,
3425 4077 3544 4128 qua:
3591 4063 3835 4133 periculo

2237 4144 2430 4198 mortis
2456 4143 2657 4214 justum
2685 4146 2897 4215 eripere
2923 4149 3108 4202 voluit.
3133 4149 3342 4205 Poterat
3375 4153 3517 4206 enim
3546 4153 3658 4223 ipsa
3682 4155 3836 4210 dete-

2235 4237 2410 4308 gendo
2459 4237 2690 4305 factum,
2740 4251 2941 4294 certam
2991 4244 3368 4297 contumeliam
3418 4245 3694 4315 effugere:
3735 4249 3833 4302 sed

2236 4329 2449 4399 pertulit
2489 4331 2666 4384 omnia
2701 4330 2947 4398 fortiter,
2979 4345 3036 4388 ut
3077 4335 3196 4388 viro
3236 4336 3461 4389 salutem
3503 4350 3732 4407 pararet.
3769 4341 3835 4396 Et

2236 4420 2511 4489 impletum
2537 4431 2619 4475 est
2646 4421 2774 4476 illud
2798 4421 3017 4490 dictum,
3056 4423 3215 4478 Erunt
3239 4426 3340 4479 duo
3367 4428 3417 4480 in
3443 4445 3646 4482 carnem
3679 4446 3836 4484 imam

2236 4510 2391 4582 (Gen.
2419 4511 2473 4564 Ξ.
2501 4510 2616 4582 24).
2649 4513 2945 4583 Tamquam
2995 4515 3138 4569 enim
3187 4532 3290 4570 una
3339 4529 3518 4572 essent
3569 4534 3726 4585 caro,
3762 4522 3835 4576 ita

2236 4613 2435 4657 mutua:
2461 4603 2650 4659 salutis
2676 4621 2859 4659 curam
2888 4605 3122 4661 vicissim
3155 4609 3403 4677 agebant,
3424 4620 3478 4664 et
3508 4619 3708 4665 tantam
3733 4613 3837 4667 dc-

2235 4695 2512 4750 clarabant
2539 4696 2902 4764 concordiam,
2934 4700 3084 4766 quasi
3124 4717 3287 4754 unum
3328 4711 3511 4758 essent
3553 4719 3750 4773 corpus
3782 4715 3840 4761 et

2236 4802 2340 4841 una
2368 4788 2564 4842 anima.
2589 4789 2820 4843 Audiam
2845 4789 2960 4845 hinc
2985 4793 3107 4855 viri,
3141 4793 3358 4847 audiant
3385 4803 3440 4848 et
3469 4795 3760 4850 mulieres:
3783 4806 3840 4852 et

2237 4878 2351 4932 ista:
2375 4880 2621 4949 quidem,
2651 4889 2708 4933 ut
2746 4880 2995 4936 eumdem
3038 4897 3162 4951 erga
3205 4899 3332 4938 suos
3389 4885 3533 4938 viros
3581 4900 3832 4941 amorem

2237 4969 2551 5037 declarent,
2579 4971 2820 5042 nihilque
2860 4973 3002 5027 aliud
3046 4975 3259 5029 illorum
3308 4978 3593 5046 pra-ferant
3635 4980 3834 5036 saluti:

2238 5061 2337 5116 viri
2363 5071 2562 5128 autem,
2595 5072 2653 5117 ιιι
2677 5079 2802 5134 erga
2826 5081 3023 5120 uxores
3051 5067 3281 5122 habeant
3313 5070 3840 5137 benevolentiam,et

2237 5154 2389 5222 quasi
2415 5169 2571 5207 ttnam
2591 5156 2824 5209 animam
2853 5157 3113 5212 haberent
3141 5169 3196 5214 et
3223 5177 3387 5216 unum
3413 5178 3609 5234 corpus
3631 5177 3836 5231 essent,

2237 5243 2418 5299 omnia
2450 5245 2668 5300 faciant.

2308 5336 2364 5390 5.
2402 5334 2700 5407 Conjugalis
2719 5340 3006 5395 concordia:
3024 5341 3419 5400 bonum.—lloc
3459 5347 3603 5401 enim
3647 5363 3835 5402 verum

2239 5438 2324 5484 est
2348 5429 2651 5498 conjugium
2672 5469 2688 5496 ,
2711 5433 2926 5501 quando
2957 5442 3102 5488 tanta
3133 5435 3272 5490 inter
3296 5452 3390 5492 eos
3416 5448 3500 5493 est
3524 5441 3840 5507 concordia,

2237 5522 2452 5591 quando
2465 5522 2678 5578 vinculo
2689 5525 2926 5581 caritatis
2945 5528 3014 5581 ita
3029 5532 3676 5588 suntc0ncatcnati.Sicut
3691 5535 3838 5590 enim
3855 5551 3876 5564 ο

2237 5631 2436 5686 corpus
2461 5632 2750 5688 numquam
2795 5635 2826 5674 a
2866 5627 3156 5690 semetipso
3185 5623 3429 5692 dissidet,
3453 5641 3629 5697 neque
3659 5628 3840 5684 anima

2239 5707 2500 5764 adversus
2541 5710 2772 5779 seipsam
2804 5728 2818 5763 :
2847 5711 2917 5766 ita
2955 5713 3128 5767 virum
3158 5725 3212 5770 et
3241 5716 3523 5773 mulierem
3564 5733 3671 5773 non
3717 5735 3842 5774 coo-

2239 5798 2388 5855 vcnit
2415 5799 2701 5868 dissidere,
2724 5799 2819 5858 sed
2851 5802 3030 5860 unitos
3055 5817 3202 5861 esse.
3230 5804 3382 5862 Tunc
3403 5807 3546 5864 enim
3576 5809 3716 5867 bona
3757 5813 3842 5868 in-
