4078 6428
257 362 369 419 415

256 481 378 532 ἐκεῖ
401 478 499 541 τὰς
536 480 740 549 σκηνὰς
778 482 1096 552 ἐπήγνυντο,
1149 484 1400 558 καθάπερ
1441 489 1499 541 ἐν
1545 489 1670 562 ξένῃ
1714 491 1927 559 διάγον-

240 576 360 623 τεςο
385 562 448 614 οὐ
472 562 726 638 καθάπερ
747 565 906 634 ἡμεῖς
932 564 1214 636 ποιοῦμεν,
1264 569 1361 640 τὴν
1393 570 1549 642 ξένην
1581 573 1657 636 ώς
1691 575 1922 646 πατρίδα

239 644 541 708 οἰκοῦντες,
564 633 672 699 ’καὶ
690 633 868 710 οἰκίας
889 633 1294 720 οἰκοδομοῦντες
1319 633 1601 724 λαμπρὰς,
1631 633 1724 708 καὶ
1753 633 1914 720 στοὰς

238 727 336 779 καὶ
370 728 728 798 περιπάτους,
770 730 865 784 καὶ
917 732 1122 803 ἀγροὺς
1178 735 1544 805 κεκτημένοι,
1589 740 1682 790 καὶ
1720 739 1920 806 λουτρά

235 815 767 881 κατασκευάζοντες,
806 817 899 870 καὶ
929 818 1090 889 ἐτερα
1140 820 1329 893 μυρία.
1379 821 1517 874 Ἀλλ’
1549 825 1650 894 ὅρα
1702 825 1794 878 τὸν
1835 826 1911 878 δι’-

236 913 396 951 καιον
421 898 514 951 καὶ
554 899 612 950 ἐν
646 901 757 962 τοῖς
789 901 1088 969 οίκογενέσι
1137 903 1318 970 μόνοις
1350 905 1444 958 καὶ
1487 908 1601 969 τοῖς
1645 909 1918 978 ποιμνίοις

233 979 338 1050 τὴν
365 981 554 1034 οὐσίαν
584 981 801 1034 ἃπασαν
831 984 1187 1053 κεκτημένον,
1221 987 1313 1039 καὶ
1331 987 1567 1058 οὐδαμοῦ
1601 991 1909 1061 ἱστάμενον,

232 1066 373 1120 ἀλλά
401 1067 534 1120 ποτὲ
569 1067 667 1137 μὲν
703 1069 782 1130 είς
831 1068 929 1140 τὴν
978 1070 1149 1141 Βεθὴλ
1205 1071 1300 1142 τὴν
1344 1074 1548 1146 σκηνὴν
1608 1079 1910 1148 πηγνύντα,

233 1155 369 1207 ποτέ
419 1155 478 1208 δὲ
534 1154 685 1225 παρὰ
727 1156 827 1227 τὴν
875 1157 1008 1226 δρῦν
1047 1160 1316 1230 Μαμϐρῆ,
1365 1163 1458 1215 καὶ
1508 1165 1637 1217 ποτὲ
1688 1164 1784 1236 μὲν
1835 1170 1912 1230 εἰς

231 1243 513 1310 Αἴγυπτον
548 1243 824 1308 κατιόντα,
847 1247 963 1299 νυνὶ
989 1246 1044 1299 δέ
1071 1248 1127 1300 ἐν
1149 1248 1410 1321 Γεράροις
1437 1253 1906 1322 κατασκηνούντα,

231 1325 332 1378 καὶ
360 1325 542 1378 πάντα
588 1325 706 1394 μετ’
750 1327 999 1391 εὐκολίας
1033 1329 1392 1399 ὑπομένοντα,
1440 1333 1536 1386 καὶ
1572 1335 1672 1404 τὴν
1700 1337 1908 1404 εὐγνω-

233 1410 480 1481 μοσύνην
520 1411 618 1483 τὴν
656 1413 796 1483 πρὸς
830 1413 922 1467 τὸν
959 1415 1155 1468 οίκεῖον
1208 1417 1490 1488 Δεσπότην
1550 1418 1640 1473 διὰ
1686 1421 1904 1476 πάντων

233 1493 427 1561 σαφῶς
460 1493 924 1564 ἐπιδεικνύμενον.
956 1496 1066 1549 Kal
1099 1498 1235 1566 μετὰ
1277 1499 1542 1564 τοσαύτας
1586 1502 1909 1572 ὑποσχέσεις

232 1577 330 1629 καὶ
356 1577 692 1647 ἐπαγγελίας
728 1577 828 1642 τὰς
872 1579 1026 1650 παρά
1056 1579 1149 1633 τοῦ
1185 1582 1320 1634 Θεοῦ
1363 1585 1442 1646 είς
1475 1585 1638 1639 αὐτὸν
1677 1603 1909 1658 γεγενη-

236 1662 431 1732 μένας,
466 1663 608 1734 ὀρῶν
651 1664 839 1718 ἐαυτὸν
867 1666 1159 1731 τοσαύταις
1198 1671 1553 1740 περιστάσεσι
1600 1673 1908 1744 κυκλούμε-

231 1761 346 1808 νον,
370 1746 465 1798 καὶ
486 1747 754 1810 ποικίλοις
783 1748 877 1802 καὶ
905 1748 1184 1820 διαφόροις
1208 1757 1529 1823 πειρασμοῖς
1547 1755 1904 1826 ἐμπίπτοντα,

231 1832 490 1903 καθάπερ
519 1833 731 1904 ἀδάμας
766 1852 852 1899 τις
894 1836 1296 1907 ἀπερίτρεπτος
1343 1841 1620 1911 εἱστήκει,
1673 1842 1774 1914 τὴν
1821 1861 1909 1912 φι-

229 1919 419 2000 λόθεον
445 1919 609 2000 αὐτοῦ
638 1920 1164 2000 γνώμηνᾼδεικνύς,
1211 1925 1304 1977 καὶ
1357 1926 1534 1979 οὐδενὶ
1575 1926 1684 1981 τῶν
1734 1930 1790 1982 ἐν
1828 1929 1908 2000 τῷ

233 1999 391 2068 μέσῳ
425 1998 764 2075 κωλυμάτων
800 1997 1133 2068 νωθρότερος
1165 2001 1466 2071 γινόμενος.
1500 2004 1644 2074 Ὅρα
1672 2004 1778 2075 γὰρ
1813 1997 1908 2060 καὶ

231 2075 351 2142 νῦν,
375 2071 772 2147 ἀγαπητέ,οἷος
798 2077 959 2130 αὐτὸν
986 2079 1291 2148 πειρασμὸς
1313 2081 1392 2143 είς
1407 2081 1474 2135 τὰ
1499 2071 1715 2155 Γέραρα
1740 2071 1908 2137 κατα·
1939 2127 1948 2134 .

231 2162 524 2234 λαμϐάνει,
549 2163 643 2216 καὶ
667 2162 946 2234 θαύμασον
974 2166 1066 2218 τοῦ
1093 2165 1300 2220 δικαίου
1328 2167 1428 2238 τῆς
1457 2170 1656 2240 ἀρετῆς
1683 2172 1780 2240 τὴν
1813 2173 1896 2226 ἀν-

228 2246 436 2318 δρείαν,
465 2246 618 2318 [458]
649 2247 792 2310 ὅπως
820 2248 880 2299 τὸ
911 2250 1074 2301 πᾶσιν
1101 2249 1392 2319 ἀφόρητον,
1430 2253 1523 2304 καὶ
1549 2252 1576 2306 ὃ
1618 2254 1738 2306 οὐδὲ
1768 2256 1903 2326 ἀκοῇ

226 2349 314 2396 τις
345 2331 754 2404 παραδέξασθαι
782 2334 1088 2403 ἀνάσχοιτο,
1125 2335 1280 2388 τοῦτο
1310 2331 1460 2400 οὗτος
1499 2339 1814 2409 ὑπέμεινεν,
1841 2344 1903 2395 οὐ

225 2420 620 2492 δυσχεραίνων,
649 2421 768 2474 οὐδὲ
789 2421 1038 2475 ἀπαιτῶν
1082 2423 1312 2488 εὐθύνας
1340 2425 1447 2479 τῶν
1471 2428 1771 2498 γινομένων
1812 2429 1903 2483 τὸν

225 2507 529 2578 Δεσπότην,
559 2508 807 2580 καθάπερ
850 2510 899 2561 οἱ
940 2509 1122 2562 πολλοὶ
1168 2510 1276 2565 τῶν
1304 2511 1606 2582 ἀνθρώπων
1656 2514 1899 2582 ποιοῦσι,

226 2594 527 2647 καὶταῦτα
565 2594 780 2664 μυρίοις
825 2595 1237 2666 ἁμαρτημάτων
1279 2599 1519 2667 φορτίοις
1567 2600 1901 2670 πιεζόμενον

227 2682 326 2733 ἐπε
335 2680 452 2735 ιδάν
465 2681 750 2751 δυσχερέσι
765 2684 876 2734 τισὶ
891 2683 1282 2753 περιπέσωσιν,
1297 2683 1499 2749 εὐθέως
1524 2687 1904 2760 πολυπραγμο-

225 2769 446 2832 νοῦντες
470 2770 563 2822 καὶ
587 2768 1073 2841 περιεργαζόμενοι
1101 2771 1318 2839 λέγουσι
1343 2788 1356 2802 ο
1391 2774 1487 2827 Διὰ
1533 2774 1582 2826 τί
1621 2775 1680 2827 τὸ
1709 2777 1804 2828 καὶ⁵
1838 2778 1900 2830 τὸ

226 2857 462 2927 συνέϐη;
495 2858 590 2910 καὶ
617 2857 762 2936 τίνος
809 2856 995 2911 ἕνεκεν
1044 2857 1166 2911 τόδε
1206 2860 1590 2934 συνεχωρήθη;
1636 2863 1772 2915 Ἀλλ’
1803 2865 1900 2936 οὐχ

223 2945 484 3008 ὀδίκαιος
507 2938 680 3007 οὗτοςο
712 2933 781 2997 δι’
803 2943 832 2996 ὀ
857 2946 950 2997 καὶ
976 2945 1222 3008 πλείονος
1250 2933 1534 3018 ἀπήλαυσε
1561 2949 1658 3020 τῆς
1688 2933 1895 3004 ἀνωθεν

227 3033 425 3103 ῥοπῆς.
455 3031 620 3084 Τοῦτο
657 3034 766 3102 γὰρ
800 3031 1015 3102 ἀληθῶς
1065 3033 1408 3105 εὐγνώμονος
1447 3037 1678 3101 οἰκέτου,
1733 3041 1897 3110 μηδὲν

223 3118 332 3172 τῶν
365 3118 472 3172 ὑπὸ
503 3118 595 3172 τοῦ
625 3118 882 3172 δεσπότου
911 3120 1209 3190 γινομένων
1240 3121 1737 3193 πολυπραγμονεῖν,
1763 3127 1898 3180 ἀλλά

223 3210 352 3280 σιγῇ
386 3207 564 3262 πάντα
596 3207 1028 3278 καταδέχεσθαι,
1067 3208 1161 3262 καὶ
1191 3207 1332 3278 μετά
1368 3210 1569 3280 πολλῆς
1606 3213 1704 3282 τῆς
1733 3215 1896 3284 εὐχα-

224 3295 460 3366 ριστίας.

293 3403 364 3474 β’.
387 3401 501 3455 Kal
522 3401 734 3465 σκόπει,
765 3401 880 3466 πῶς
903 3402 998 3456 καὶ
1019 3402 1085 3456 δι’
1108 3403 1288 3458 αὐτῶν
1305 3403 1411 3457 τῶν
1431 3406 1897 3475 παρακολουθούν-

217 3504 328 3541 των
365 3486 689 3558 πειρασμῶν
717 3489 751 3560 ἡ
803 3489 897 3542 τοῦ
925 3489 1134 3542 δικαίου
1157 3490 1326 3562 ἀρετὴ
1368 3492 1568 3566 μᾷ>.λον
1599 3493 1893 3564 ἐξέλαμπε,

217 3575 314 3628 τοῦ
341 3575 477 3629 Θεοῦ
512 3576 746 3648 φανερὸν
780 3576 943 3630 αὐτὸν
972 3576 1058 3630 διά
1085 3579 1301 3632 πάντων
1334 3579 1659 3644 δεικνύντος.
1687 3581 1897 3652 Ὥσπερ

218 3663 330 3733 γάρ
352 3663 517 3733 ἡνίκα
541 3663 622 3726 είς
656 3661 755 3734 τὴν
777 3663 1054 3732 Αἴγυπτον
1080 3664 1368 3733 κατῆλθεν,
1401 3666 1476 3728 ὡς
1497 3667 1772 3734 ἄγνωστος
1803 3669 1895 3720 καὶ

219 3746 370 3812 ξένος
386 3747 480 3800 καὶ
499 3747 674 3800 οὐδενὶ
693 3745 989 3817 γνώριμος,
1012 3746 1078 3800 ἀθ
1088 3747 1207 3817 ρόον
1237 3748 1374 3818 μετὰ
1393 3748 1588 3818 πολλῆς
1612 3751 1708 3819 τῆς
1730 3751 1896 3820 τιμῆς

217 3835 430 3888 ἐκεῖθεν
453 3834 681 3904 ἐπανῄει
703 3852 716 3865 ·
743 3833 886 3886 οῦτω
914 3835 1007 3887 καὶ
1026 3834 1120 3887 νῦν
1148 3836 1491 3905 παροικήσας
1522 3835 1589 3888 ἐν’
1612 3836 1892 3907 Γεράροις,

218 3923 278 3975 ἐν
309 3923 408 3992 μὲν
439 3925 552 3985 τοῖς
604 3922 909 3993 προοιμίοις
963 3921 1035 3974 τὰ
1069 3923 1198 3994 παρ’
1248 3921 1440 3975 ἑαυτοῦ
1492 3923 1890 3977 ἐπιδείκνυται’

221 4010 359 4080 μετά
393 4010 450 4062 δέ
498 4009 668 4062 ταῦτα
704 4008 972 4080 τοσαύτης
1004 4009 1264 4062 ἀπολαύει
1303 4011 1401 4080 τῆς
1431 4013 1584 4081 παρά
1632 4011 1724 4063 τοῦ
1757 4010 1892 4064 Θεοῦ

218 4097 560 4168 συμμαχίας,
584 4097 660 4160 ὡς
685 4097 779 4149 καὶ
801 4097 893 4150 τὸν
923 4096 1167 4166 βασιλέα,
1199 4099 1293 4150 καὶ
1324 4097 1450 4160 τοὺς
1475 4098 1657 4151 αὐτόθι
1685 4099 1892 4163 πάντας

215 4183 520 4250 οίκοῦντας,
559 4186 690 4256 περὶ
731 4185 831 4256 τὴν
860 4183 1155 4254 θεραπείαν
1187 4185 1280 4237 τοῦ
1314 4185 1523 4238 δικαίου
1556 4187 1737 4238 πᾶσαν
1769 4188 1891 4238 ἐπι-

213 4271 528 4326 δείκνυσθαι
553 4272 652 4344 τὴν
687 4273 942 4344 σπουδήν.
974 4271 1124 4327 Εἷπε
1155 4273 1242 4338 δὲ,
1275 4274 1459 4343 φησὶν,
1492 4275 1736 4343 Ἀϐραὰμ
1756 4275 1889 4343 περὶ

213 4359 449 4430 Σάρῤας
496 4360 602 4428 τῆς
657 4360 945 4430 γυναικὸς
996 4361 1210 4414 αὐτοῦ’
1245 4359 1494 4428 Ἀδελφή
1528 4377 1647 4428 μου
1696 4362 1887 4417 ἐστίν.

224 4446 523 4516 Ἕφοόήθη
553 4445 666 4516 τὰρ
703 4447 918 4510 εἰπεῖν,
953 4447 1043 4501 ὅτι
1070 4447 1236 4514 Γυνή
1270 4466 1390 4517 μου
1427 4448 1580 4513 ἐστὶ,
1610 4447 1696 4516 μή
1747 4465 1889 4504 ποτε

210 4535 654 4589 ἀποκτείνωσιν
673 4534 860 4589 αὐτὸν
881 4538 934 4589 οἱ
962 4535 1177 4604 ἄνδρες
1197 4535 1306 4602 τῆς
1329 4538 1560 4602 πόλεως
1580 4536 1652 4589 δι’
1672 4539 1884 4604 αὐτήν.

211 4621 355 4690 Ὅρα
389 4622 506 4684 πῶς
537 4622 642 4675 ὑπὸ
687 4623 1173 4694 τυραννικωτάτων
1221 4622 1407 4676 παθῶν
1445 4623 1812 4693 ἐπολιορκεῖτο
1851 4627 1884 4695 ή

209 4708 304 4762 τοῦ
341 4709 554 4762 δικαίου
584 4708 751 4779 ψυχὴ,
787 4710 882 4763 καὶ
929 4711 957 4763 0
999 4710 1161 4778 φόϐος
1207 4709 1368 4763 αὐτὸν
1401 4709 1671 4774 ἐξωθεῖτο.
1726 4710 1886 4766 Ἀλλά

209 4797 390 4849 καίτοι
429 4796 634 4867 σφόδρα
687 4797 922 4867 χαλεπὸν
963 4797 1092 4850 ὅντα
1119 4797 1211 4850 τὸν
1256 4797 1518 4869 πρότερον
1555 4797 1753 4866 φόϐον,
1793 4798 1884 4852 τὸν

207 4881 312 4952 τῆς
351 4882 642 4952 προδοσίας
680 4883 780 4953 τῆς
808 4884 1082 4952 γυναικὸς,
1125 4883 1428 4955 παρωθεῖτο
1465 4886 1493 4937 0
1524 4883 1620 4938 τοῦ
1652 4884 1882 4940 θανάτου

207 4969 396 5039 φόϐος.
430 4970 547 5024 Ἵνα
578 4971 687 5042 γὰρ
729 4971 916 5026 τοῦτον
961 4971 1198 5044 διαφύγῃ
1222 5013 1237 5037 ,
1271 4972 1563 5043 ὑπέμεινεν
1605 4975 1742 5047 ὁρᾷν
1770 4976 1882 5037 τοῖς

205 5056 428 5121 οἰκείοις
448 5057 746 5130 ὀφθαλμοῖς
770 5059 868 5129 τὴν
902 5060 1155 5114 κοινωνὸν
1178 5059 1326 5130 αὐτῷ
1353 5059 1447 5114 τοῦ
1479 5060 1594 5130 βίου
1625 5060 1734 5114 ὑπὸ
1764 5065 1882 5126 ταῖς

203 5144 298 5198 τοῦ
347 5145 630 5223 βασιλέως.
654 5147 811 5218 χερσὶ
852 5147 1168 5218 γενομένην.
1218 5147 1381 5200 Ὅσον
1421 5146 1478 5201 δὲ
1516 5149 1680 5202 τοῦτό
1733 5149 1880 5202 ἐστιν

201 5232 502 5304 ἀφόρητον,
536 5231 714 5286 ἴσασιν
741 5234 855 5286 ὅσοι
899 5235 1160 5302 γυναῖκας
1202 5233 1403 5304 ἔχουσι.
1439 5235 1538 5288 Διὰ
1581 5236 1738 5290 τοῦτο
1785 5237 1879 5289 καὶ

203 5320 368 5388 σοφός
393 5337 477 5384 τις
506 5319 690 5390 ἐλεγε·
723 5321 956 5385 Μεστός
983 5319 1162 5385 ζήλου
1187 5320 1369 5389 θυμὸς
1396 5321 1612 5390 ἀνδρὸς
1648 5322 1874 5390 αὐτῆς·

199 5407 276 5459 σὺ
317 5407 592 5475 φείσεται
629 5407 700 5460 ἐν
742 5405 930 5476 ἡμέρᾳ
975 5405 1246 5474 κρίσεως,
1282 5407 1394 5459 οὐκ
1433 5409 1878 5474 ἀνταλλάξεται

197 5496 456 5564 οὐδενὸς
481 5499 704 5568 λύτρον
735 5497 849 5565 τὴν
874 5497 1114 5567 ἔχθραν.
1149 5495 1308 5548 Ἀλλά
1328 5497 1388 5549 τὸ
1423 5496 1558 5569 βαρὺ
1585 5499 1739 5554 τοῦτο
1777 5499 1878 5556 καὶ

197 5584 372 5639 πᾶσιν
423 5587 698 5657 ἀφόρητον
739 5585 840 5656 δρα
878 5583 994 5647 πῶς
1025 5583 1112 5637 διὰ
1151 5582 1244 5636 τὸν
1286 5581 1380 5636 τοῦ
1424 5583 1655 5639 θανάτου
1704 5588 1875 5656 φόϐον

193 5669 465 5738 γενναίως
489 5671 520 5722 0
555 5670 761 5735 δίκαιος
793 5671 1010 5742 ἤνεγκε.
1043 5668 1212 5723 Τοῦτο
1233 5669 1290 5722 δὲ
1313 5669 1405 5723 καὶ
1427 5669 1519 5723 ἐπὶ
1549 5670 1658 5724 τῶν
1684 5689 1869 5746 σωμα-

191 5759 370 5812 τικῶν
422 5758 609 5812 παθῶν
647 5757 965 5829 συμϐαίνειν
1009 5756 1162 5822 ἐθος’
1205 5757 1422 5811 ἐπειδὰν
1448 5757 1558 5830 γὰρ
1589 5760 1681 5814 δύο
1725 5765 1869 5819 κατά

191 5844 364 5899 ταύτὸ
401 5843 549 5914 πάθη
590 5844 850 5916 πολιορκῇ
874 5845 936 5897 τὸ
973 5843 1130 5914 σῶμα
1166 5843 1227 5897 τὸ
1254 5844 1538 5915 ἡμέτερον,
1564 5847 1598 5917 ἡ
1622 5847 1716 5901 τοῦ
1745 5850 1862 5915 ἐνὸς

191 5932 450 5995 ἐπίτασις
496 5931 842 6004 ἀποκρύπτει
894 5933 956 5985 τὸ
999 5932 1184 6003 ἓτερον
1207 5972 1222 5997 ,
1257 5932 1352 5985 καὶ
1393 5933 1503 5988 ὅλοι
1542 5935 1639 6006 τῆς
1669 5936 1862 6012 ὀδύνης

189 6020 411 6091 ἐξίνης
441 6019 723 6089 γινόμεθα,
745 6021 839 6072 καὶ
861 6019 1114 6082 πολλάκις
1140 6020 1260 6073 οὐδὲ
1281 6019 1528 6090 αἴσθησιν
1553 6023 1645 6076 τοῦ
1673 6026 1858 6098 ἐτέρου

481 6115 756 6176 ΡΔτιιοι..
792 6113 910 6174 Gn.
945 6112 1099 6174 LIV.

1384 371 1449 424 IN
1481 372 1631 428 CAP.
1675 374 1771 428 xx
1813 376 2060 434 GENES.
2104 382 2336 440 HOMIL.
2379 356 2569 446 XLV.-

3587 417 3691 473 416

2031 496 2400 595 λαμϐάνομεν,
2437 506 2538 595 τῆς
2573 509 2771 584 πολλῆς
2802 513 2989 584 ὀδύνης
3026 517 3380 592 περισπώσης
3421 524 3586 595 ἡμᾶς,
3609 531 3704 583 καὶ

2027 584 2415 677 οὐκᾼάφιείσης
2439 593 2534 645 τοῦ
2567 595 2846 662 ἐλάττονος
2884 584 3584 677 πάθους-πεῖραννλαϐεῖνί
3605 615 3710 668 Τὸν

2029 672 2194 725 αὐτὸν
2222 675 2286 745 δὴ
2321 678 2521 746 τρόπον
2547 683 2639 734 καὶ
2664 685 2692 735 0
2715 683 2919 750 δίκαιος
2944 681 3100 753 οὗτος
3129 672 3388 766 νῦν-ὀρῶν
3416 697 3507 750 τοῦ
3542 700 3706 756 θανά-

2245 762 2408 826 φόϐον
2423 767 2786 838 ἐπικείμενον,
2803 773 2980 827 πάντα
3001 775 3068 829 τὰ
3088 777 3248 832 λοιπά
3267 759 3476 854 φορητά
3496 788 3705 856 ἡγεῖτο.

2036 843 2390 937 ἈλλάΔταῦτα
2415 852 2647 918 ἀκούων,
2669 857 2939 929 ἀγαπητέ,
2971 863 3044 933 μὴ
3072 843 3358 937 καταγνῶς
3379 843 3471 924 τοῦ
3495 843 3705 928 δικαίου
3800 871 3807 877 ’

2025 933 2415 1028 μικροψυχίαν,
2447 939 2495 990 εἰ
2537 941 2628 995 τὸν
2658 943 2884 998 θάνατον
2911 947 3164 1004 ἐδεδοίκει
3189 965 3202 978 ·
3226 933 3383 1008 γάλλά
3419 957 3705 1028 θαύμασον

2019 1017 2114 1116 τοῦ
2139 1021 2353 1116 πάντων
2371 1025 2526 1095 ἡμῶν
2543 1029 2813 1084 Δεσπότου
2831 1032 2926 1103 τὴν
2945 1036 3386 1106 ὑπερϐάλλουσαν
3409 1061 3475 1095 πε
3483 1017 3540 1115 pl
3556 1048 3704 1116 ἡμᾶς

2020 1105 2460 1178 φιλανθρωπίαν,
2486 1113 2568 1166 ὅτι
2596 1116 2686 1168 τὸν
2717 1117 2945 1173 θάνατον
2973 1105 3065 1176 τὸν
3089 1128 3201 1188 τοῖς
3221 1127 3447 1194 δικαίοις
3473 1105 3703 1198 ἐκείνοις

2017 1193 2111 1246 καὶ
2163 1195 2339 1263 ἀγίοις
2394 1200 2516 1252 τότε
2551 1203 2815 1275 φοϐερὸν,
2847 1208 3034 1264 τοῦτον
3088 1211 3182 1266 νῦν
3228 1217 3698 1291 εὐκαταφρόνητον

2017 1281 2365 1378 εἰργάσατοό
2415 1287 2682 1357 Χριστὸς,
2730 1294 2824 1346 καὶ
2857 1294 2916 1346 ὃν
2959 1297 3316 1354 ἐδεδοίκεισαν
3354 1305 3402 1356 οί
3448 1281 3700 1378 ἐνάρετοι

2016 1366 2214 1422 ἐκεῖνοι
2264 1371 2360 1424 καὶ
2405 1375 2676 1447 τοσαύτην
2712 1383 3024 1452 παρρησίαν
3057 1386 3191 1454 πρὸς
3233 1389 3324 1442 τὸν
3366 1391 3498 1445 Θεὸν
3531 1366 3696 1465 ἐσχη-

2014 1457 2190 1521 κότες,
2217 1458 2403 1514 τοῦτον
2438 1463 2531 1515 νῦν
2560 1466 2901 1535 καταγελῶσι
2928 1483 2952 1510 ιι
2985 1474 3078 1524 καὶ
3105 1475 3212 1528 νέοι
3245 1479 3338 1532 καὶ
3366 1481 3524 1550 κόραι
3556 1483 3698 1537 ἀπα·

2013 1540 2123 1634 λαί.
2148 1545 2294 1634 -Οὐδὲ
2332 1547 2438 1634 γάρ
2491 1549 2716 1614 θάνατός
2760 1552 2910 1626 [459]
2961 1557 3076 1612 ἐστι
3116 1560 3332 1629 λοιπὸν,
3374 1540 3489 1619 ἀλλ’
3532 1567 3697 1634 ῦπνος

2013 1630 2108 1721 καὶ
2136 1631 2434 1721 ἀποδημία,
2472 1636 2563 1688 καὶ
2587 1640 2922 1707 μετάστασις
2948 1644 3054 1697 ἀπὸ
3085 1646 3192 1699 τῶν
3226 1651 3485 1721 χειρόνων
3509 1655 3598 1708 ἐπὶ
3625 1630 3698 1710 τά

2013 1713 2227 1783 βελτίω.
2279 1717 2351 1808 '07
2380 1722 2488 1791 γὰρ
2535 1722 2766 1789 θάνατος
2809 1729 2903 1781 τοῦ
2937 1713 3352 1808 Δεσπότουητην
3395 1739 3695 1796 ἀθανασίαν

2011 1803 2498 1894 ἡμῖν-ἐδωρήσατο
2521 1849 2534 1872 ,
2573 1812 2668 1864 καὶ
2699 1815 2976 1870 κατελθὼν
3009 1819 3090 1881 είς
3135 1820 3225 1873 τὸν
3269 1803 3401 1894 ᾅδην
3442 1826 3694 1891 ἐξέλυσεν

2011 1889 2178 1942 αὐτοῦ
2217 1891 2284 1943 τὰ
2318 1893 2502 1964 νεῦρα,
2543 1898 2637 1950 καὶ
2669 1899 2766 1968 τὴν
2801 1902 2953 1972 ἰσχὺν
2988 1904 3152 1957 αὐτοῦ
3185 1908 3432 1962 καθεῖλε·
3473 1914 3562 1965 καὶ
3599 1915 3692 1968 τὸν

2012 1975 2243 2046 φοϐερὸν
2272 1977 2378 2049 πρὸ
2405 1980 2595 2035 τούτου
2624 1985 2717 2037 καὶ
2745 1986 3080 2056 ἀμείλικτον,
3117 1991 3305 2047 τοῦτον
3333 1997 3505 2062 οῦτως
3527 2002 3694 2055 εὐκα-

2007 2066 2345 2135 ταφρόνητον
2371 2069 2685 2136 είργάσατο,
2709 2073 2789 2136 ὡς
2811 2077 2901 2128 καὶ
2933 2079 3206 2151 ἐπιπηδᾷν
3238 2100 3387 2148 τινας
3424 2088 3518 2139 καὶ
3550 2089 3693 2143 ἐπεί-

2007 2151 2199 2219 γεσθαι
2239 2155 2373 2225 πρὸς
2414 2156 2512 2227 τὴν
2552 2159 2800 2213 ἐντεῦθεν
2842 2165 3195 2232 μετάστασιν.
3242 2171 3339 2224 Διά
3384 2174 3542 2227 τοῦτο
3595 2177 3690 2230 καὶ

2008 2239 2220 2303 Παῦλος
2246 2242 2347 2314 βοᾷ
2364 2243 2556 2312 λέγων,
2583 2247 2652 2300 Τὸ
2684 2248 2988 2304 ἀναλῦσαι
3017 2254 3115 2307 καὶ
3141 2255 3266 2310 σὺν
3283 2261 3515 2326 Χριστῷ
3535 2260 3689 2317 εἶναι

2006 2326 2215 2392 πολλῷ
2237 2329 2485 2418 μᾶλλον
2520 2333 2833 2400 κρεῖσσον.
2875 2339 3035 2393 Ἀλλά
3069 2342 3240 2397 ταῦτα
3277 2345 3376 2415 μὲν
3417 2348 3510 2401 νῦν
3546 2350 3689 2418 μετὰ

2005 2412 2104 2480 τὴν
2135 2414 2228 2466 τοῦ
2261 2416 2497 2488 Χριστοῦ
2527 2423 2849 2492 παρουσίαν,
2885 2426 3022 2495 μετά
3067 2428 3124 2482 τὸ
3159 2431 3562 2504 συγκλασθῆναι
3587 2438 3688 2500 τὰς

2005 2499 2186 2598 πύλας.
2211 2501 2312 2566 τὰς
2339 2505 2576 2574 χαλκᾶς,
2618 2509 2756 2577 μετά
2804 2511 2863 2563 τὸ
2896 2515 3170 2585 πανταχοῦ
3212 2519 3312 2587 τῆς
3365 2499 3686 2598 οἰκουμένης

2003 2585 2095 2678 τὸν
2132 2587 2281 2678 ἥλιον
2322 2593 2421 2662 τῆς
2453 2593 2794 2667 δικαιοσύνης
2835 2599 3134 2670 ἐκλάμψαι.
3170 2585 3300 2658 Τότε
3324 2607 3380 2659 δὲ
3418 2585 3684 2678 ἐτιφοϐέὲ

2006 2671 2105 2741 ρὰν
2132 2669 2244 2744 εἶχε
2265 2675 2362 2746 τὴν
2391 2679 2674 2750 πρόσοψιν,
2697 2684 2789 2736 καὶ
2812 2686 3061 2740 κατέσειε
3085 2689 3190 2742 τῶν
3216 2691 3439 2746 δικαίων
3461 2696 3683 2751 ἐκείνων

2005 2759 2211 2830 ἀνδρῶν
2246 2761 2343 2832 τὴν
2385 2765 2657 2820 διάνοιαν’
2691 2769 2774 2822 διὸ
2818 2773 2911 2825 καὶ
2963 2775 3138 2829 πάντα
3170 2777 3238 2831 τά
3294 2780 3428 2833 ἄλλα
3467 2783 3682 2852 κούφως

2004 2846 2218 2916 ἔφερον,
2250 2851 2353 2903 κᾶν
2397 2853 2646 2925 ἀφόρητα
2684 2857 2979 2928 ἐτύγχανεν
3007 2861 3156 2917 ὄντα.
3188 2865 3286 2918 Διά
3320 2867 3478 2921 τοῦτο
3516 2846 3609 2924 καὶ

2002 2933 2206 3000 δίκαιος
2263 2934 2416 3004 οὗτος
2463 2943 2794 3014 φοϐούμενος
2826 2946 2935 3001 τῶν
2970 2949 3028 3001 ἐν
3080 2952 3344 3024 Γεράροις
3389 2957 3680 3013 οἰκούντων

2001 3021 2097 3092 τὴν
2128 3024 2438 3097 ἐπιϐουλὴν,
2480 3030 2578 3101 οὐχ
2611 3031 2687 3094 ώς
2721 3037 2985 3104 γυναῖκα,
3020 3038 3134 3091 ἀλλ’
3180 3041 3256 3105 ώς
3313 3044 3545 3117 ἀδελφὴν
3579 3050 3679 3101 ἐπ-

2002 3110 2296 3179 αγόμενος,
2333 3115 2473 3169 οῦτω
2501 3117 2598 3189 τὴν
2632 3121 2865 3177 ἐνταῦθα
2907 3126 3237 3197 παροίκησιν
3277 3135 3527 3188 ποιεῖται.
3567 3136 3678 3190 Καὶ

2000 3197 2250 3269 καθάπερ
2281 3203 2360 3264 είς
2381 3203 2478 3273 τὴν
2503 3205 2776 3273 Αἴγυπτον
2807 3211 3090 3266 κατελθεῖν
3111 3215 3271 3269 αὐτὸν
3297 3219 3676 3292 συνεχώρησεν

1997 3284 2027 3335 ὁ
2059 3283 2212 3348 Θεὸς,
2251 3286 2572 3359 βουλόμενος
2617 3294 2709 3345 καὶ
2753 3298 2876 3360 τοὺς
2912 3299 3234 3370 ἀγνώμονας
3283 3283 3532 3371 ἐκείνους
3564 3283 3677 3363 ’καὶ

2002 3371 2356 3443 ἀναισθήτους
2389 3375 2482 3428 τοῦ
2525 3377 2732 3432 δικαίου
2770 3382 2962 3451 μαθεῖν
2992 3387 3090 3455 τὴν
3138 3388 3368 3457 ἀρετήν’
3407 3391 3550 3448 οὕτω
3581 3398 3673 3450 καὶ

1999 3459 2231 3512 ἐνταῦθα
2276 3461 2373 3531 τὴν
2419 3465 2626 3518 οἰκείαν
2670 3468 3048 3540 μακροθυμίαν
3094 3474 3460 3530 ἐπιδείκνυται
3498 3482 3526 3531 ὁ
3576 3484 3672 3534 Δε-

1999 3545 2224 3616 σπότης,
2255 3547 2339 3602 ἵνα
2371 3549 2466 3601 xal
2497 3550 2591 3603 τοῦ
2627 3551 2888 3625 δικαίουή
2929 3558 3174 3631 ὑπομονὴ
3208 3561 3296 3615 διὰ
3336 3564 3554 3618 πάντων
3579 3568 3672 3620 ἐκ-

1997 3631 2204 3704 λάμψῃ,
2241 3637 2336 3688 καὶ
2380 3638 2412 3708 ἠ
2444 3637 2536 3689 τοῦ
2568 3639 2702 3692 Θεοῦ
2741 3643 2868 3712 περὶ
2915 3645 3076 3698 αὐτὸν
3114 3647 3296 3703 εὔνοια
3334 3653 3465 3705 πᾶσι
3499 3655 3668 3708 κατά-

1996 3721 2156 3792 δηλος
2188 3723 2430 3794 γένηται.
2473 3727 2810 3783 Ἀπέστειλε
2841 3731 2908 3784 δὲ
2945 3734 3251 3805 Ἀϐιμέλεχ
3292 3741 3324 3791 ό
3365 3740 3670 3808 ,βασιλεὺς

1995 3812 2294 3881 Γεράρων,
2332 3817 2541 3870 λαϐεῖν
2568 3818 2683 3902 τὴν
2705 3820 2960 3890 Σάρῤαν.
3006 3825 3284 3896 Ἐννόησόν
3315 3845 3402 3898 μοι
3434 3831 3525 3886 τὸν
3555 3851 3668 3902 χει-

1999 3899 2153 3969 μῶνα
2179 3900 2283 3952 τῶν
2305 3900 2602 3972 λογισμῶν,
2628 3899 2702 3958 ὧν
2738 3908 3028 3978 ὑπέμεινεν
3053 3911 3080 3961 ὁ
3107 3911 3313 3977 δίκαιος
3331 3915 3473 3985 ὀρῶν
3498 3919 3665 3973 αὐτοῦ

1993 3986 2093 4055 τὴν
2113 3990 2342 4054 γυναῖκα
2366 3991 2741 4062 ἀπαγομένην,
2759 3998 2852 4049 καὶ
2881 3997 3031 4050 οὐδὲν
3051 3998 3344 4070 δυνάμενος
3367 4003 3661 4074 ἐπαμῦναι.

1995 4075 2126 4147 Σιγῇ
2161 4076 2270 4149 γάρ
2302 4079 2516 4134 ἅπαντα
2543 4080 2756 4153 ἔφερεν,
2775 4084 2927 4148 εἰδὼς
2953 4086 3031 4139 ὅτι
3073 4088 3134 4140 οὐ
3164 4089 3478 4160 περιόψεται
3502 4093 3663 4147 αὐτὸν

1992 4167 2021 4220 0
2049 4168 2344 4238 Δεσπότης,
2375 4169 2511 4224 ἀλλὰ
2545 4175 2766 4241 ταχεῖαν
2795 4174 3023 4245 παρέξει
3057 4177 3156 4246 τὴν
3189 4181 3525 4250 συμμαχίαν.
3552 4185 3663 4238 Kal

1992 4250 2093 4320 τῆς
2125 4253 2342 4323 Σάρρας
2363 4254 2420 4306 δέ
2452 4254 2728 4326 θαυμάσαι
2751 4255 2864 4310 ἐστι
2895 4257 2990 4328 τὴν
3017 4261 3216 4329 πολλὴν
3255 4263 3657 4336 φιλοστοργίαν,

1992 4337 2111 4400 πῶς
2145 4338 2240 4391 τοῦ
2279 4339 2522 4394 κινδύνου
2566 4342 2659 4395 τοῦ
2705 4343 2936 4396 θανάτου
2978 4345 3069 4400 τὸν
3114 4347 3319 4406 δίκαιον
3352 4349 3658 4422 ἐξαρπάσαι

1992 4422 2290 4494 βουλομένη
2313 4443 2324 4454 ·
2353 4425 2479 4495 ἐξῆν
2507 4426 2614 4499 γὰρ
2641 4428 2810 4499 αὐτὴν
2834 4430 3217 4500 ἐκκαλύψασαν
3236 4434 3295 4487 τὸ
3320 4436 3517 4508 δρᾶμα,
3544 4439 3658 4494 δια-

1991 4513 2180 4577 φυγεῖν
2205 4511 2302 4580 τὴν
2328 4512 2762 4585 ὁμολογουμένην
2781 4516 2963 4587 ὕϐριν*
2989 4519 3102 4570 ἀλλ’
3129 4521 3417 4591 ὑπέμεινεν
3443 4525 3656 4581 ἅπαντα

1988 4597 2269 4664 γενναίως,
2295 4598 2379 4651 ἵνα
2404 4598 2482 4668 τῷ
2510 4599 2698 4672 δικαίῳ
2720 4602 2816 4672 τὴν
2841 4605 3112 4674 σωτηρίαν
3142 4609 3650 4682 πραγματεύσηται.

1989 4682 2100 4736 Kal
2138 4683 2441 4755 ἐπληροῦτο
2475 4686 2651 4740 ἐκεῖνο
2690 4688 2752 4740 τὸ
2797 4691 3106 4762 εἰρημένον,
3144 4693 3232 4746 ’ὅτι
3277 4697 3560 4752 Ἔσονται
3597 4703 3653 4754 οι

1985 4767 2096 4823 δύο
2122 4773 2210 4837 εις
2243 4769 2440 4837 σάρκα
2462 4773 2626 4841 μίαν.
2652 4773 2862 4846 Ὥσπερ
2892 4779 3000 4848 γὰρ
3031 4779 3126 4848 μία
3153 4780 3288 4851 σάρξ
3310 4782 3480 4850 ὄντες,
3509 4784 3652 4839 οὕτω

1985 4856 2084 4926 τῆς
2112 4856 2354 4927 ἀλλήλων
2387 4859 2660 4930 σωτηρίας
2700 4863 2972 4932 ἐκήδοντο,
3010 4867 3105 4918 καὶ
3133 4869 3400 4938 τοσαύτην
3439 4871 3648 4926 ἐπεδεί-

1985 4961 2179 4997 κνυντο
2205 4945 2302 5013 τὴν
2328 4945 2600 5015 ὁμόνοιαν,
2635 4947 2710 5011 ὡς
2735 4948 2794 5002 ἐν
2828 4949 2987 5022 σῶμα
3030 4955 3388 5025 τυγχάνοντες
3418 4958 3510 5010 καὶ
3551 4960 3648 5028 μία

1982 5029 2151 5102 ψυχή.
2177 5031 2363 5085 Ταῦτα
2391 5033 2732 5088 ἀκουέτωσαν
2757 5036 2968 5108 ἄνδρες,
2990 5039 3334 5096 ἀκουέτωσαν
3359 5047 3609 5112 γυναῖκες
3629 5061 3646 5078 ο

1983 5122 2260 5187 γυναῖκες,
2294 5120 2380 5174 ἵνα
2411 5122 2678 5192 τοσαύτην
2706 5125 2834 5196 περὶ
2861 5128 2988 5189 τοὺς
3009 5128 3208 5200 ἄνδρας
3239 5131 3337 5201 τὴν
3369 5130 3646 5208 φιλοστορ-

1982 5207 2107 5274 γίαν
2161 5207 2575 5275 ἐπιδεικνύωσι,
2619 5211 2713 5264 καὶ
2763 5212 2926 5284 μηδὲν
2968 5215 3152 5286 ἕτερον
3193 5217 3498 5286 προτιμῶσι
3546 5219 3644 5288 τῆς

1980 5293 2202 5348 ἐκείνων
2230 5296 2502 5368 σωτηρίας
2521 5314 2535 5328 ·
2569 5298 2662 5352 καὶ
2691 5297 2899 5370 ἄνδρες,
2926 5301 2991 5353 ἵν’
3012 5301 3152 5354 οὕτω
3173 5301 3369 5371 πολλὴν
3391 5305 3490 5374 τὴν
3517 5308 3644 5376 περὶ

1980 5382 2149 5445 αὐτάς
2171 5381 2383 5436 εὔνοιαν
2407 5383 2590 5454 ἐχωσι,
2609 5387 2704 5438 καὶ
2732 5385 2806 5448 ὡς
2839 5385 2962 5454 μίαν
2988 5387 3165 5457 ψυχὴν
3196 5388 3520 5457 κεκτημένοι
3549 5391 3642 5444 καὶ

1977 5467 2038 5521 ἓν
2077 5469 2236 5540 σῶμα
2267 5470 2437 5536 ὄντες,
2462 5470 2604 5525 οὑτω
2629 5473 2805 5526 πάντα
2831 5472 3280 5543 διαπράττωνται.

2042 5579 2288 5648 γ’.Τοῦτο
2305 5582 2414 5654 γάρ
2428 5582 2624 5652 ἀληθὲς
2637 5580 3361 5656 συνοικέσιον,ὂταντοσαύτη
3387 5586 3444 5638 ἐν
3460 5587 3641 5651 αὐτοῖς

1979 5667 2328 5740 πολιτεύηται
2375 5667 2662 5737 συμφωνία
2681 5705 2697 5732 ,
2727 5669 2855 5721 ὅταν
2883 5667 3135 5733 τοσοῦτος
3161 5666 3195 5744 ᾗ
3248 5672 3278 5724 0
3311 5669 3603 5743 σύνδεσμος
3621 5714 3638 5739 ,

1977 5753 2106 5808 ὅταν
2133 5755 2302 5819 οὕτως
2326 5749 2428 5808 ὦσι
2455 5757 2520 5825 τῇ
2554 5755 2746 5827 ἀγάπῃ¹
2773 5757 3210 5828 συνεσφιγμένοι.
3239 5757 3502 5830 Καθάπερ
3530 5759 3641 5830 γὰρ

1980 5841 2138 5913 σῶμα
2183 5843 2319 5913 πρὸς
2368 5843 2529 5896 ἑαυτὸ
2575 5844 2675 5896 οὐκ
2723 5845 2788 5898 ἄν
2824 5861 2954 5898 ποτε
3003 5845 3478 5909 διαστασιάσειεν,
3517 5845 3639 5899 οὐδὲ

1978 5930 2122 6001 ψυχὴ
2158 5930 2292 6000 πρὸς
2325 5931 2552 6001 ἑαυτήν·
2598 5930 2772 5996 οὑτως
2803 5933 2968 6002 ἄνδρα
3002 5934 3095 5987 καὶ
3136 5937 3368 6001 γυναῖκα
3411 5934 3471 5985 οὐ
3523 5932 3634 5984 δια-

2042 6034 2064 6060 “
2091 6033 2316 6095 Quinque
2336 6044 2447 6084 mss.
2469 6033 2637 6082 τούτου
2664 6032 2745 6082 νῦν
2767 6037 3081 6099 καταγελῶσι.

3216 6103 3255 6162 3
