4078 6448
255 453 377 534 m'

257 594 407 648 ﬁnita
427 589 565 661 ipsis
593 587 816 644 affluere
848 595 1118 659 poterunt.
1148 585 1280 641 Nam
1311 586 1401 640 ubi
1427 584 1714 640 concordia
1737 624 1753 651 ,
1784 583 1854 637 ibi

258 689 531 744 bonorum
558 683 863 748 conﬁuxus,
894 683 963 737 ibi
987 697 1111 752 pax,
1133 681 1204 735 ibi
1231 681 1446 743 caritas,
1477 679 1547 733 ibi
1570 677 1862 748 spiritualis

257 781 444 838 ﬁctilia
476 797 489 832 :
522 778 727 832 nullum
763 777 961 832 bellum
981 816 997 842 ,
1025 775 1166 829 nulla
1198 775 1309 828 rixa
1337 791 1350 828 :
1378 787 1638 841 nusquam
1682 771 1861 826 inimi-

257 872 402 927 citia:
433 877 488 925 et
515 867 794 923 contentio
826 867 953 922 :scd
986 867 1100 920 lucc
1129 866 1306 920 omnia
1335 881 1365 920 e
1393 864 1570 919 medio
1599 863 1859 917 tolluntur

258 977 360 1033 per
399 959 749 1016 concordiam
774 1001 788 1025 ,
827 959 1090 1013 bonorum
1149 957 1385 1011 omnium
1431 956 1662 1010 radicem
1687 997 1702 1018 ,
1742 969 1861 1023 qua:

260 1054 443 1109 omnia
475 1053 566 1108 illa
595 1052 755 1106 simul
779 1050 978 1104 abolet.
1010 1050 1063 1103 2.
1101 1049 1242 1102 Misit
1268 1059 1437 1102 autem
1458 1048 1742 1101 Abimeleclt
1773 1062 1861 1100 rex

263 1146 606 1211 Gerarorum,
636 1155 681 1198 et
709 1144 903 1213 accepit
950 1145 1182 1196 Sarram.
1215 1144 1266 1195 5.
1293 1141 1359 1194 Et
1399 1143 1602 1195 intravit
1629 1141 1761 1194 Deus
1793 1141 1860 1193 ad

262 1238 554 1294 Abimelech
578 1238 630 1291 in
655 1254 830 1291 somno
861 1238 873 1267 ¹
905 1245 1053 1289 noctu
1075 1278 1089 1302 ,
1121 1246 1166 1288 et
1195 1235 1323 1289 dixit
1349 1251 1366 1288 :
1395 1233 1525 1288 Ecce
1553 1245 1606 1287 tu
1635 1233 1860 1287 morieris

258 1339 470 1402 propter
496 1329 780 1394 mulierem,
799 1344 949 1398 quam
970 1327 1219 1381 abstulisti
1241 1343 1258 1380 :
1279 1327 1376 1380 ista
1404 1336 1571 1379 autem
1597 1327 1861 1380 contuber-

259 1424 398 1478 nalis
447 1431 520 1477 est
573 1423 700 1476 uiro.
729 1421 867 1476 Vide
908 1421 1001 1474 Dei
1041 1419 1380 1475 clementiam
1417 1439 1428 1472 :
1461 1420 1584 1490 quia
1620 1420 1752 1474 vidit
1775 1419 1859 1489 ju-

257 1523 402 1570 stum
425 1523 646 1584 promer
667 1523 863 1566 metum
890 1511 1076 1566 mortis
1115 1512 1328 1566 Sarram
1356 1512 1454 1566 sibi
1480 1512 1707 1564 ablatam
1739 1526 1859 1566 esse

259 1607 480 1664 fortiter
507 1606 650 1660 ferre
675 1648 690 1672 ,
725 1615 780 1660 et
809 1620 990 1675 regem
1017 1619 1136 1659 eam
1169 1612 1226 1658 ut
1255 1618 1498 1659 sororem
1524 1603 1650 1673 justi
1687 1603 1857 1656 abdu—

260 1713 423 1763 cere,
455 1712 606 1751 suam
645 1696 864 1751 demum
915 1695 1151 1750 declarat
1202 1694 1628 1766 providentiam,
1659 1696 1858 1765 justum

260 1805 479 1860 quoque
506 1787 853 1842 illustriorem
884 1787 1078 1850 reddit,
1101 1796 1155 1840 et
1181 1787 1395 1840 Sarram
1423 1787 1491 1841 ab
1533 1787 1743 1855 injuria,
1772 1803 1860 1842 re-

259 1897 386 1953 gem
415 1897 550 1937 vero
580 1896 607 1933 a
639 1889 861 1950 peccato
888 1881 1097 1935 liberat.
1126 1877 1194 1932 Et
1230 1880 1464 1943 intravit,
1486 1880 1692 1949 inquit,
1724 1877 1863 1933 Deus

262 1974 332 2027 ad
371 1972 661 2027 Abimeleclt
716 1973 770 2025 in
813 1987 990 2026 somno
1043 1982 1215 2025 noctu.
1260 1971 1365 2025 Per
1410 1971 1582 2040 ipsum
1611 2013 1624 2036 ,
1661 1971 1857 2040 inquit,

260 2067 444 2122 somni
475 2075 684 2134 tempus
714 2064 922 2134 eripere
942 2079 1063 2118 eum
1091 2064 1276 2118 volens
1302 2063 1370 2117 ab
1394 2063 1691 2132 iniquitate,
1715 2062 1863 2118 dedit

260 2159 435 2214 menti
473 2158 593 2227 ejus
632 2157 910 2212 scientiam
955 2164 1010 2210 et
1052 2155 1261 2209 occulta
1306 2155 1694 2218 manifestavit,
1725 2155 1864 2208 mul-

261 2261 487 2320 tumque
516 2258 717 2304 metum
757 2247 905 2302 auxit
927 2246 1326 2301 iutermiuando
1349 2255 1600 2301 mortem.
1629 2244 1865 2299 Morieris

261 2342 434 2407 enim,
468 2340 660 2411 inquit,
691 2349 898 2409 propter
923 2338 1217 2402 mulierem,
1249 2354 1400 2406 quam
1429 2337 1681 2390 abstulisti
1714 2352 1732 2390 :
1764 2338 1862 2390 ista

259 2445 435 2489 autem
476 2432 854 2487 contubernalis
897 2440 969 2485 est
1014 2431 1138 2484 uiro.
1172 2431 1226 2484 4.
1260 2429 1542 2484 Abimeleclt
1571 2440 1735 2484 autem
1764 2445 1865 2483 non

261 2528 502 2597 tetigerat
535 2525 699 2579 illaut.
738 2524 865 2578 limo
888 2534 1068 2578 autem
1112 2521 1288 2577 omnia
1320 2521 1456 2577 facta
1487 2531 1640 2587 sunt,
1675 2531 1732 2575 ut
1773 2523 1865 2576 Dei

261 2617 556 2690 promissio
611 2615 746 2670 facta
812 2614 1135 2687 patriarchae
1191 2613 1522 2682 impleretur.
1582 2613 1866 2667 Enimvero

261 2714 388 2783 quia
420 2711 580 2781 paulo
609 2718 768 2764 antea
796 2709 892 2779 ipsi
924 2708 1243 2778 promiserat
1285 2707 1432 2761 Isaac
1471 2721 1591 2762 esse
1632 2707 1866 2760 nascitu-

261 2822 409 2873 rum,
435 2815 489 2860 et
529 2819 698 2876 prope
735 2803 922 2858 aderat
965 2808 1299 2871 tempus:ut
1337 2815 1405 2855 ne
1453 2800 1578 2870 quid
1627 2799 1868 2854 ofﬁceret

264 2897 612 2970 promissioni
639 2897 752 2961 Dei,
773 2902 976 2948 tantum
1005 2894 1249 2948 timorem
1279 2892 1329 2945 in
1353 2891 1664 2946 Abimclcch
1692 2890 1867 2944 immi-

263 2993 357 3058 sit,
377 2999 440 3046 ut
465 2989 742 3059 perculsus
767 2988 946 3042 animo
967 2985 1182 3041 Sarram
1209 2986 1468 3055 attingere
1491 3001 1593 3040 non
1621 2985 1858 3039 auderet.

262 3083 498 3154 Propter
530 3082 633 3137 hoc
661 3081 803 3136 enim
830 3079 1025 3148 adjecit
1044 3077 1222 3132 divina
1249 3078 1558 3146 Scriptura;
1578 3076 1863 3130 Abimeleclt

263 3193 373 3231 non
406 3176 642 3246 tetigerat
667 3174 809 3226 illam
841 3186 860 3224 :
888 3169 979 3226 sed
1006 3179 1062 3224 et
1085 3168 1153 3224 de
1185 3169 1419 3222 facinore
1445 3182 1505 3221 se
1541 3167 1778 3221 defendit
1803 3182 1867 3222 ac

264 3269 401 3326 dicit
432 3287 445 3321 :
477 3267 719 3332 Domine,
745 3274 942 3337 gentem
975 3264 1170 3334 justam
1209 3271 1255 3315 et
1297 3261 1607 3330 ignorantem
1645 3260 1867 3330 perdes?

239 3360 539 3430 Numquid
569 3359 769 3425 sciens,
798 3357 987 3428 inquit,
1021 3369 1241 3410 uxorem
1264 3354 1381 3424 ejus
1403 3369 1520 3409 esse
1545 3395 1560 3419 ,
1586 3353 1690 3408 hoc
1717 3353 1818 3408 feci
1843 3354 1864 3407 ?

265 3453 533 3523 numquid
581 3452 775 3522 injuria
813 3451 1156 3520 peregrinum
1204 3447 1420 3501 afﬁcere
1457 3445 1680 3500 volens?
1708 3461 1867 3499 num-

264 3545 398 3616 quid
454 3552 514 3598 ut
564 3557 788 3596 uxorem
844 3540 962 3610 ejus
1013 3537 1300 3593 auferens?
1345 3537 1414 3594 Ut
1462 3552 1702 3592 sororem
1748 3553 1865 3592 eam

265 3643 589 3706 accepturus
611 3633 714 3687 hoc
742 3633 845 3703 egi,
874 3641 1022 3687 ratus
1045 3631 1148 3686 hoc
1166 3630 1381 3686 nomine
1407 3638 1459 3686 et
1483 3631 1625 3686 hunc
1652 3631 1864 3686 etillam

267 3724 779 3784 honorari.Centem
800 3726 980 3795 igitur,
995 3723 1189 3793 justam
1211 3732 1256 3777 et
1300 3724 1616 3794 ignorantem
1656 3724 1868 3794 perdes?

269 3837 439 3878 mene
476 3822 606 3892 justi
651 3819 832 3874 ofﬁcio
874 3819 1110 3872 functum
1143 3817 1336 3887 perdes
1361 3817 1418 3870 ’Ἰ
1445 3816 1644 3872 Deinde
1673 3818 1869 3872 clarius

266 3916 507 3971 afferens
555 3912 701 3984 quod
755 3912 998 3977 dicebat,
1035 3911 1242 3980 inquit:
1277 3911 1330 3965 5.
1368 3909 1553 3963 Nonne
1594 3912 1702 3980 ipse
1746 3911 1870 3964 mihi

268 4011 425 4070 dixit,
455 4007 620 4062 Soror
649 4021 761 4059 mea
799 4014 870 4058 est
891 4045 906 4069 ,
951 4012 997 4057 et
1027 4004 1142 4071 ipsa
1166 4002 1290 4055 nti/ti
1319 4001 1447 4056 dixit
1467 4043 1482 4066 ,
1515 4000 1702 4056 Frater
1729 4019 1870 4056 meus

267 4103 390 4157 est?
419 4099 554 4154 Vide
591 4114 713 4153 cum
765 4103 966 4166 quanto
1011 4109 1275 4149 consensu
1330 4103 1385 4149 et
1439 4094 1725 4149 concordia
1769 4094 1870 4148 hoc

267 4195 504 4266 egerint.
524 4192 592 4246 Et
618 4192 752 4262 ipsc,
784 4190 973 4259 inquit,
994 4187 1096 4242 hoc
1121 4187 1251 4241 mihi
1283 4187 1450 4252 dixit,
1482 4187 1676 4256 et-ipsa
1705 4186 1871 4242 adsti-

271 4288 454 4359 pulata
481 4293 566 4340 est
584 4283 743 4338 dictis
765 4282 903 4352 ejus.
929 4280 996 4336 In
1018 4280 1168 4336 corde
1189 4297 1339 4348 puro,
1377 4290 1421 4334 et
1448 4281 1499 4332 in
1529 4281 1729 4350 justitia
1756 4296 1870 4333 ma-

271 4395 433 4433 nuum
456 4377 554 4447 feci
578 4375 691 4443 hoc,
724 4374 917 4444 inquit,
946 4388 1052 4428 non
1086 4382 1144 4427 ut
1183 4373 1418 4441 iniquam
1464 4387 1576 4424 rem
1602 4370 1868 4434 facturus,

271 4471 368 4528 sed
393 4479 453 4525 nt
481 4467 772 4540 legitimam
795 4476 848 4521 et
873 4465 1070 4520 licitam
1099 4462 1726 4533 irreprchcnsibilcmque
1747 4463 1866 4518 feci.

271 4564 416 4632 Quid
461 4563 625 4633 igitur
680 4560 942 4629 benignus
977 4556 1274 4614 Dominus?
1327 4555 1379 4611 6.
1414 4555 1558 4610 Dixit
1606 4566 1773 4609 autem
1826 4556 1870 4610 ei

273 4655 415 4712 Deus
437 4655 490 4709 in
519 4669 716 4708 somno.
745 4652 874 4707 Vide
899 4648 1169 4722 quomodo
1196 4665 1255 4704 se
1283 4657 1602 4719 attemperat
1632 4650 1870 4704 omnium

275 4751 543 4808 Dominus
564 4789 578 4816 ,
621 4762 772 4804 suam
811 4747 1106 4800 bonitatem
1139 4759 1235 4813 per
1263 4743 1441 4797 omnia
1472 4743 1775 4797 declarans.
1805 4741 1873 4795 Et

271 4859 369 4914 ego
395 4842 504 4898 scio
532 4840 667 4912 quod
697 4840 848 4894 corde
873 4854 1001 4909 puro
1021 4838 1114 4891 hoc
1135 4838 1331 4907 feceris.
1356 4836 1498 4901 Scio,
1519 4837 1708 4907 inquit,
1731 4837 1875 4905 ipsos

273 4937 416 4992 banc
463 4935 694 4990 fabulam
741 4941 1075 4988 commentos
1119 4944 1271 4994 esse,
1306 4937 1358 4984 et
1389 4937 1440 4982 te
1470 4929 1750 4997 deceptum
1783 4944 1875 4983 eo-

272 5045 395 5084 rum
421 5027 586 5083 dictis
615 5025 719 5080 hoc
747 5023 945 5080 fecisse
972 5040 984 5076 :
1016 5023 1085 5076 ob
1113 5021 1244 5087 hoc,
1273 5029 1331 5074 ut
1359 5036 1428 5075 ne
1468 5035 1564 5090 per
1604 5019 1876 5090 deceptio-

273 5136 399 5177 nem
437 5121 578 5174 hanc
607 5132 819 5189 pecces,
854 5114 1066 5186 Peperci
1096 5114 1201 5179 tibi,
1236 5130 1298 5167 ne
1330 5121 1381 5166 tu
1408 5129 1638 5183 peccares
1679 5113 1732 5166 in
1775 5129 1871 5168 me.

272 5215 466 5285 Magna
517 5212 666 5267 verbi
713 5219 798 5265 cst
849 5205 1506 5276 attemperatio,maxima_
1547 5204 1753 5258 Domini
1794 5214 1877 5258 est

273 5305 588 5363 clementia.
623 5304 679 5358 ln
706 5317 828 5365 me,
863 5299 1068 5370 inquit,
1101 5298 1396 5354 rediturum
1427 5309 1543 5354 erat
1573 5308 1869 5367 peccatum.

351 5401 460 5468 Qui
502 5399 622 5452 colit
673 5411 842 5452 sertos
888 5394 1019 5457 Dei,
1047 5391 1211 5446 Deum
1238 5393 1373 5446 colit.
1401 5422 1472 5432 ——
1492 5392 1622 5447 Nam
1653 5394 1790 5448 sicut
1823 5394 1872 5447 in

275 5494 593 5551 hominibus
620 5507 744 5548 cum
771 5489 892 5560 quis
933 5488 1165 5557 aliquem
1207 5485 1561 5540 domesticum
1605 5486 1654 5539 in
1710 5487 1876 5540 multo

279 5587 491 5642 honore
516 5582 661 5656 apud
683 5580 962 5637 dominum
988 5595 1142 5635 suum
1194 5576 1386 5646 injuria
1421 5579 1649 5646 quadam
1676 5575 1836 5632 afﬁcit
1859 5619 1872 5644 ,

341 5711 481 5778 ’,με
506 5721 672 5769 voces,
700 5706 752 5756 in
769 5720 955 5778 somno,
978 5708 1134 5778 bic_et
1179 5712 1297 5778 infra
1323 5713 1500 5766 desunt
1536 5719 1581 5768 in
1605 5719 1777 5772 Savilio
1819 5732 1872 5778 et

270 5772 324 5880 ἓξ
549 5779 680 5832 tttss.;
693 5771 784 5820 sed
807 5770 1051 5822 habentur
1073 5773 1121 5822 in
1145 5776 1307 5825 Morel.
1336 5785 1388 5828 et
1407 5778 1532 5840 aliis,
1551 5791 1701 5846 atque
1723 5770 1870 5840 etiam

289 5970 324 6022 ὁ
351 5909 372 5939 ³
400 5903 598 6009 ξοῑειίῐι.
628 5898 812 5950 omittit
831 5895 1016 5956 verba,
1042 5893 1317 5959 utentium
1342 5893 1497 5963 oﬂt'cio
1538 5896 1756 5962 functum
1778 5914 1886 5965 per-

323 5986 370 6021 ες
1261 6017 1270 6022 .

323 5986 370 6021 ες

1042 6042 1070 6050 _

1333 469 1400 526 IN
1435 469 1587 528 CAP.
1633 468 1749 525 XX.
1793 466 2039 525 GENES.
2082 467 2309 524 llOMlL.
2354 468 2510 526 XLV.

3461 479 3561 533 H8

1974 585 2073 639 sibi
2115 584 2366 655 iujuriam
2399 583 2590 638 factam
2643 593 2794 654 putat
2840 585 3119 651 dominus,
3147 596 3198 643 et
3232 589 3360 644 dicit
3393 608 3406 644 :
3437 589 3562 646 Mihi

1972 679 2220 747 injuriam
2253 678 2422 733 fecisti
2443 693 2536 748 per
2560 693 2621 733 ea
2652 679 2844 748 quibus
2870 696 2900 735 a
2933 691 2983 736 te
3012 681 3340 738 domesticus
3368 682 3560 754 injuria

1971 781 2048 824 cst
2083 770 2304 825 affectus
2339 789 2351 824 :
2385 785 2446 824 ca
2473 772 2615 824 enim
2646 787 2762 840 qum
2794 772 2844 825 in
2875 773 3022 828 illum
3054 777 3479 841 committuntur,
3510 779 3564 834 in

1965 877 2052 916 nte
2079 869 2358 916 transeunt
2391 881 2403 916 :
2438 862 2630 917 eodem
2677 862 2837 918 modo
2861 873 2915 918 et
2937 863 3110 918 bonus
3143 865 3396 921 Dominus
3417 908 3433 934 ,
3458 866 3563 922 Pe-

1965 958 2098 1025 perci
2131 957 2237 1020 tibi,
2271 956 2459 1027 inquit,
2487 966 2542 1009 ut
2569 973 2630 1009 ne
2657 958 2958 1025 peccas-asin
2984 973 3081 1012 me.
3103 959 3224 1026 Mei,
3259 959 3452 1028 inquit,
3484 959 3563 1014 fa-

1964 1048 2092 1100 muli
2128 1055 2271 1112 sunt,
2301 1056 2356 1101 ct
2407 1047 2542 1101 adeo
2593 1049 2722 1101 mihi
2762 1049 3142 1112 commendati,
3171 1059 3229 1106 ut
3265 1051 3392 1104 mibi
3446 1051 3560 1106 fieri

1965 1140 2267 1194 existimem
2299 1155 2652 1209 qumcumque
2684 1140 2788 1193 illis
2818 1141 2970 1203 littut,
2995 1140 3107 1195 sive
3133 1142 3268 1196 bona
3302 1143 3428 1209 sint,
3449 1144 3562 1198 sire

1966 1249 2070 1287 non
2101 1233 2238 1286 bona
2276 1250 2287 1284 :
2324 1231 2604 1302 Propterea
2636 1249 2737 1285 non
2768 1232 2939 1285 dimisi
2963 1241 3037 1299 te,
3067 1242 3123 1285 ut
3167 1243 3400 1304 iungeres
3428 1250 3558 1287 ρων.

1963 1327 2226 1393 Quoniam
2281 1341 2529 1395 magnam
2585 1341 2770 1381 eorum
2819 1341 3000 1380 curam
3040 1342 3190 1396 gero,
3221 1330 3397 1383 sciens
3422 1331 3562 1398 quod

1967 1433 2062 1487 per
2090 1418 2444 1488 ignorantiam
2477 1418 2616 1474 hanc
2646 1419 2724 1473 eis
2745 1419 3123 1473 contumeliam
3155 1421 3388 1474 tacturus
3418 1436 3558 1487 eras,

1967 1509 2182 1579 Peperci
2212 1510 2320 1576 tibi,
2352 1519 2406 1563 ut
2431 1527 2492 1564 ne
2521 1525 2751 1580 peccares
2791 1509 2844 1563 in
2890 1527 2987 1564 me.
3021 1510 3100 1565 Ne
3147 1512 3459 1582 simpliciter
3507 1521 3565 1568 ut

1965 1604 2271 1674 quempiam
2297 1603 2593 1673 vulgarium
2615 1604 2876 1674 respicias
2899 1601 3042 1659 hunc
3069 1604 3274 1658 virum:
3301 1605 3393 1660 sed
3415 1604 3564 1660 disce

1967 1710 2089 1749 eum
2122 1710 2187 1750 ex
2211 1711 2437 1750 numero
2469 1696 2680 1749 illorum
2714 1710 2855 1763 esse,
2889 1712 3117 1767 quorum
3149 1713 3248 1767 ego
3274 1698 3564 1751 maximam

1965 1803 2147 1842 curam
2188 1803 2316 1858 gero
2337 1829 2351 1854 ,
2398 1799 2452 1843 et
2487 1789 2576 1858 qui
2605 1789 2948 1858 peculiariter
2974 1791 3080 1845 mei
3124 1798 3266 1844 sunt.
3303 1791 3354 1844 7.
3388 1790 3566 1846 Redde

1966 1880 2122 1950 igitur
2153 1897 2361 1933 uxorem
2391 1880 2518 1944 viro,
2547 1881 2668 1950 quia
2700 1881 2947 1950 prapheta
2973 1890 3067 1948 est,
3096 1891 3142 1936 et
3168 1882 3338 1936 orabit
3370 1899 3464 1952 pro
3489 1894 3555 1949 te,

1969 1982 2015 2027 et
2041 1975 2192 2027 vires.
2221 1973 2357 2028 Vide
2391 1973 2662 2044 quomodo
2703 1975 2957 2030 virtutem
2991 1975 3122 2045 justi
3167 1976 3403 2046 detegit:
3436 1992 3564 2047 pro-

1969 2066 2185 2134 phetam
2219 2065 2393 2134 ipsum
2425 2075 2615 2131 vocat,
2647 2076 2701 2121 et
2740 2066 3127 2135 propemodum
3158 2066 3355 2134 efficit,
3383 2077 3442 2121 ut.
3470 2083 3564 2123 rex

1968 2157 2265 2226 supplicem
2288 2171 2345 2211 se
2375 2158 2423 2210 ei
2452 2157 2707 2227 praebeat.
2739 2157 2916 2211 Orabit
2942 2158 3085 2212 enim
3118 2175 3209 2228 pro
3237 2169 3314 2225 te,
3335 2169 3381 2212 et
3411 2160 3564 2214 vives.

1970 2248 2063 2305 Ille
2093 2250 2289 2305 etenim
2313 2291 2328 2318 ,
2362 2251 2553 2320 inquit,
2578 2251 2780 2306 veritus
2812 2265 2880 2305 ne
2910 2249 3250 2306 occideretur
3278 2267 3307 2304 a
3341 2251 3567 2314 te,ltanc

1969 2342 2288 2397 commiliam
2321 2342 2590 2407 instruxit,
2627 2352 2679 2396 et
2707 2342 2858 2411 quasi
2889 2351 3212 2411 cooperatus
3243 2352 3326 2397 est
3358 2343 3408 2397 in
3439 2357 3567 2398 con-

1971 2436 2242 2489 tumeliam
2295 2435 2472 2489 Sarra:
2503 2452 2516 2487 :
2551 2435 2690 2488 scias
2743 2446 2924 2489 autem
2975 2436 3116 2489 illius
3167 2451 3354 2504 preces
3400 2437 3562 2491 vitam

1973 2530 2063 2583 tibi
2120 2529 2436 2598 przcbituras
2482 2543 2622 2582 esse.
2655 2528 2857 2583 Deinde
2905 2539 2964 2582 ut
3014 2545 3084 2584 ne
3131 2531 3565 2600 concupiscentia

1972 2623 2233 2693 flagrans,
2272 2632 2326 2678 et
2384 2621 2776 2692 pulchritudine
2829 2620 3008 2676 Sarra:
3060 2623 3270 2690 victus,
3312 2623 3562 2678 mandata

1971 2723 2300 2780 contemnat,
2324 2714 2560 2768 immittit
2589 2722 2645 2768 et
2669 2714 2917 2769 timorem
2941 2756 2954 2779 ,
2979 2723 3034 2768 et
3064 2715 3322 2784 majorem
3352 2730 3564 2784 pcenam

1974 2807 2204 2859 minatur
2223 2820 2284 2860 se
2309 2805 2670 2859 inducturum.
2704 2805 2854 2870 Quod
2884 2807 2926 2860 si
2956 2823 3056 2860 non
3087 2807 3282 2860 dederis
3306 2849 3320 2873 ,
3348 2808 3562 2878 inquit,

1971 2899 2103 2952 scias
2141 2897 2275 2966 quod
2319 2898 2547 2952 morieris
2583 2908 2636 2952 tu
2682 2908 2727 2951 et
2770 2899 2941 2952 onmia
2991 2909 3097 2953 tua.
3141 2898 3255 2952 Non
3307 2900 3480 2954 solum
3510 2910 3568 2955 tu

1973 2990 2349 3045 inobedientim
2378 3005 2595 3060 pmnam
2628 2990 2776 3058 lues,
2805 2989 2898 3044 sed
2927 3002 2984 3046 et
3012 2990 3192 3045 omnia
3225 2999 3311 3046 tua
3350 3001 3569 3064 propter

1976 3093 2025 3139 te
2053 3099 2198 3138 mors
2223 3083 2432 3154 perdet.
2462 3084 2543 3140 Ob
2570 3084 2672 3138 hoc
2695 3093 2872 3139 autem
2902 3099 2996 3155 per
3024 3093 3231 3154 tempus
3257 3087 3429 3140 noctis
3456 3087 3569 3142 lucc

1973 3177 2151 3230 omnia
2181 3175 2321 3231 Deus
2352 3176 2401 3231 ei
2431 3175 2682 3246 loquitur,
2714 3185 2774 3231 ut
2794 3177 2844 3230 in
2871 3177 3050 3246 quiete
3081 3185 3298 3244 accepta
3327 3177 3569 3232 admoui-

1974 3268 2140 3332 tione,
2173 3283 2370 3339 magno
2401 3267 2594 3322 timore
2618 3269 2872 3337 imperata
2904 3268 3078 3323 faciat.
3108 3269 3160 3323 8.
3193 3268 3322 3322 Nam
3350 3267 3565 3334 Statim,

1972 3361 2165 3431 inquit,
2200 3377 2348 3415 ntane
2379 3377 2592 3431 surgens
2616 3360 2903 3414 Abimelech
2933 3361 3121 3413 vocavit
3143 3378 3324 3432 pueros
3348 3378 3490 3427 suos,
3517 3372 3564 3416 et

1974 3453 2212 3524 loquutus
2231 3461 2302 3507 est
2332 3452 2502 3506 omnia
2534 3452 2680 3504 verba
2710 3449 2818 3503 haec
2852 3450 2903 3504 in
2933 3467 3083 3504 aures
3104 3468 3297 3505 eorum.

2045 3547 2099 3600 4.
2136 3545 2268 3599 Vide
2306 3543 2577 3614 quomodo
2620 3559 2714 3597 rex
2763 3541 2819 3595 ﬁt
2851 3557 3026 3612 prwco
3057 3543 3268 3597 virtutis
3289 3543 3418 3613 justi
3456 3586 3470 3611 ,
3515 3553 3569 3600 et

1976 3652 2096 3694 eum
2129 3637 2377 3692 omnibus
2404 3635 2742 3690 manifestum
2783 3635 2980 3690 reddit.
3021 3635 3237 3690 Vocatis
3268 3638 3411 3691 enim
3443 3678 3458 3701 ,
3491 3637 3570 3692 in.

1973 3732 2108 3800 quit,
2143 3730 2392 3784 omnibus
2413 3729 2592 3798 pueris
2619 3729 2730 3783 suis
2754 3770 2768 3794 ,
2809 3729 3046 3782 narravit
3074 3728 3249 3782 omnia
3273 3729 3371 3784 sibi
3403 3744 3431 3782 a
3462 3730 3572 3784 Deo

1975 3823 2334 3889 manifestata,
2355 3831 2411 3876 ut
2435 3837 2622 3876 omnes
2647 3822 2848 3876 scirent
2873 3829 2927 3875 et
2951 3821 3046 3876 Dei
3070 3837 3193 3892 erga
3228 3822 3371 3875 illum
3406 3821 3572 3876 bene-

1974 3918 2284 3979 volentiam,
2315 3925 2370 3971 et
2396 3924 2652 3987 quantum
2683 3915 2790 3970 Deo
2815 3929 2958 3969 cura:
2988 3923 3124 3968 esset
3160 3923 3376 3984 propter
3405 3913 3570 3982 ipsius

1975 4023 2156 4064 mores
2188 4017 2244 4064 et
2266 4009 2539 4062 virtutem.
2591 4007 2888 4061 Timuerunt
2919 4015 3083 4059 autem
3120 4022 3291 4060 onmes
3338 4006 3563 4060 homines

1975 4103 2142 4157 valde.
2171 4101 2360 4156 Vidisti
2389 4099 2658 4170 quomodo
2698 4113 2802 4152 non
2845 4099 3040 4152 frustra
3077 4106 3126 4151 et
3173 4097 3376 4166 absque
3406 4111 3566 4152 causa

1979 4197 2137 4251 toties
2165 4194 2582 4265 transmigrabat
2617 4192 2840 4263 justus?
2870 4191 3001 4246 Nam
3047 4191 3090 4244 si
3128 4191 3178 4243 in
3229 4190 3573 4246 tabernaculo

1977 4303 2074 4342 suo
2103 4288 2273 4358 primo
2301 4287 2583 4350 mansisset
2611 4326 2626 4352 ,
2659 4283 2800 4339 unde
2845 4284 3140 4352 potuiSsent
3165 4282 3426 4337 Gerarita:
3451 4299 3571 4337 om-

1979 4396 2072 4435 nes
2095 4379 2232 4434 scire
2252 4377 2691 4448 quantamjustus
2704 4375 2842 4444 apud
2865 4375 3030 4429 Deum
3057 4373 3272 4428 haberet
3299 4373 3572 4428 ﬁduciam?

1985 4471 2277 4526 Timueruut
2313 4482 2480 4523 autent
2504 4486 2675 4524 omnes
2700 4469 2924 4521 homines
2951 4467 3114 4520 valde.
3149 4467 3365 4536 Magnus
3395 4467 3445 4520 in
3471 4481 3566 4520 eos

1983 4566 2142 4618 timor
2189 4563 2458 4616 immissus
2502 4561 2568 4615 de
2613 4575 2788 4615 rerum
2830 4573 3037 4612 summa
3089 4557 3314 4611 faciebat
3361 4559 3568 4611 anxios.

1980 4656 2169 4710 Postea
2215 4655 2488 4724 sequitur:
2523 4652 2576 4706 9.
2620 4651 2824 4705 Vocavit
2862 4650 3149 4704 Abimeleclt
3197 4649 3568 4706 Abrahamum.

1979 4747 2269 4801 Considera
2302 4746 2354 4799 in
2395 4753 2591 4815 quanta
2619 4743 2781 4813 gloria
2807 4743 2984 4812 justus
3012 4751 3194 4810 postea
3219 4741 3355 4810 apud
3388 4758 3567 4812 regem

1979 4841 2108 4909 agit,
2141 4838 2227 4908 qui
2258 4837 2414 4908 paulo
2436 4844 2590 4892 antea
2609 4835 2676 4889 ab
2699 4835 2946 4888 omnibus
2963 4834 3234 4903 despectui
3257 4835 3573 4904 habebatur,

1980 4932 2130 5002 quasi
2161 4946 2284 4985 erro
2311 4936 2372 4985 et
2390 4928 2720 4999 peregrinus.
2748 4927 2909 4997 Igitur
2937 4942 3054 4981 cum
3079 4941 3266 4981 omnes
3286 4928 3570 4981 convenis-

1981 5032 2119 5088 sent,
2151 5033 2372 5078 voeatur
2398 5023 2576 5074 statim
2605 5018 2926 5090 patriarcha,
2948 5018 3036 5087 qui
3063 5018 3190 5072 nihil
3215 5017 3404 5071 borum
3437 5017 3584 5072 scio.

1982 5118 2072 5172 bat
2105 5117 2412 5185 ,didicitquc
2443 5122 2622 5184 postea
2654 5128 2682 5167 a
2708 5126 2834 5181 rege
2862 5111 2977 5179 ipso
3011 5152 3024 5175 ,
3057 5126 3175 5178 qua:
3214 5118 3430 5180 propter
3455 5123 3516 5164 se
3542 5123 3573 5164 a

1984 5211 2095 5266 Deo
2122 5211 2194 5264 illi
2239 5207 2372 5262 facta
2409 5214 2584 5262 erant.
2612 5205 2757 5258 Dixit
2795 5204 2927 5258 enim
2957 5203 3000 5256 ei
3021 5219 3039 5255 :
3071 5201 3239 5268 Quare
3272 5204 3366 5254 liac
3411 5201 3574 5273 fecisti

1983 5304 2123 5357 nobis
2149 5305 2174 5357 ?
2198 5302 2319 5373 quid
2346 5301 2657 5367 peccavimus
2684 5299 2736 5350 in
2765 5307 2812 5351 te
2837 5339 2850 5362 ,
2883 5297 3018 5365 quod
3039 5293 3286 5347 induxiin
3310 5309 3454 5360 super
3493 5309 3574 5348 me

1982 5407 2028 5452 et
2050 5411 2200 5465 super
2231 5409 2440 5462 regnum
2470 5408 2634 5446 meum
2654 5398 2909 5459 peccatum
2927 5401 3165 5452 magnum
3195 5384 3220 5435 ?
3241 5383 3389 5446 Rem,
3418 5401 3574 5451 quam

1983 5489 2154 5542 nullus
2176 5491 2382 5556 faceret,
2418 5485 2580 5554 fecisti
2608 5482 2772 5536 nobis.
2805 5479 2887 5536 l0.
2913 5477 3050 5542 Quid
3070 5475 3242 5530 videns
3267 5476 3432 5546 fecisti
3453 5477 3574 5532 hoc!I

1983 5581 2161 5648 Quare
2188 5579 2241 5635 in
2271 5587 2498 5640 tantum,
2531 5574 2718 5644 inquit,
2745 5571 2953 5624 voluisti
2989 5583 3076 5624 me
3114 5569 3348 5624 incidere
3378 5585 3574 5639 pecca-

1984 5673 2135 5726 tum?
2162 5687 2258 5726 cur
2278 5668 2471 5740 etquid
2501 5666 2740 5735 cogitans
2777 5662 2880 5717 ltoc
2909 5662 3123 5717 fecisti?
3148 5662 3280 5717 Vide
3307 5663 3578 5732 quomodo

1982 5782 2080 5838 per
2115 5764 2278 5821 verba
2324 5778 2418 5816 sua
2464 5759 2663 5814 indicat
2705 5758 2878 5811 minas
2909 5798 2923 5823 ,
2952 5771 3072 5826 quae
3118 5771 3148 5810 a
3190 5757 3299 5813 Deo
3326 5757 3425 5811 sibi
3453 5766 3577 5812 sunt

1983 5860 2154 5914 factte.
2178 5856 2438 5926 Quoniam
2458 5853 2600 5909 enim
2638 5850 2850 5906 dixerat
2878 5850 2950 5915 ei,
2983 5849 3130 5916 Quod
3151 5851 3196 5904 si
3218 5867 3317 5904 non
3343 5851 3579 5904 reddide-

1992 5955 2084 6022 ris,
2113 5949 2343 6005 mor-icris
2372 5956 2423 6001 tu
2461 5955 2506 6000 et
2533 5943 2704 5999 omnia
2734 5953 2862 5998 tua:
2894 5941 2994 5997 hoc
3025 5941 3196 6012 ipsum
3219 5941 3573 6017 interpretaris
