  <div class='ocr_page' id='page_1' title='image "/cluster/home/n/w/nwhite01/storage/ocr_20150623/54:no.4:pt.2/coo.31924054869544/047.png"; bbox 0 0 4078 6446; ppageno 0'>
   <div class='ocr_carea' id='block_1_1' title="bbox 536 464 643 521">
    <p class='ocr_par' dir='ltr' id='par_1_1' title="bbox 536 464 643 521">
     <span class='ocr_line' id='line_1_1' title="bbox 536 464 643 521; baseline -0.009 -1"><span class='ocrx_word' id='word_1_1' title='bbox 536 464 643 521; x_wconf 59' lang='lat' dir='ltr'><strong>IIS</strong></span> 
     </span>
    </p>
   </div>
   <div class='ocr_carea' id='block_1_2' title="bbox 535 559 2128 638">
    <p class='ocr_par' dir='ltr' id='par_1_2' title="bbox 535 559 2128 638">
     <span class='ocr_line' id='line_1_2' title="bbox 535 559 2128 638; baseline -0.009 -9"><span class='ocrx_word' id='word_1_2' title='bbox 535 571 850 629; x_wconf 74' lang='lat' dir='ltr'><strong>Aliinielccli</strong></span> <span class='ocrx_word' id='word_1_3' title='bbox 891 569 1022 626; x_wconf 86' lang='lat' dir='ltr'><strong>dicit</strong></span> <span class='ocrx_word' id='word_1_4' title='bbox 1056 590 1067 625; x_wconf 90' lang='lat'>:</span> <span class='ocrx_word' id='word_1_5' title='bbox 1105 567 1241 638; x_wconf 86' lang='lat' dir='ltr'><strong>Quid</strong></span> <span class='ocrx_word' id='word_1_6' title='bbox 1276 568 1476 638; x_wconf 75' lang='lat' dir='ltr'><strong>peccavi</strong></span> <span class='ocrx_word' id='word_1_7' title='bbox 1503 567 1556 621; x_wconf 91' lang='lat' dir='ltr'><strong>in</strong></span> <span class='ocrx_word' id='word_1_8' title='bbox 1586 575 1633 620; x_wconf 87' lang='lat' dir='ltr'><strong>te</strong></span> <span class='ocrx_word' id='word_1_9' title='bbox 1665 606 1681 631; x_wconf 93' lang='lat'><strong>,</strong></span> <span class='ocrx_word' id='word_1_10' title='bbox 1712 564 1849 632; x_wconf 89' lang='lat' dir='ltr'><strong>quod</strong></span> <span class='ocrx_word' id='word_1_11' title='bbox 1877 559 2128 616; x_wconf 67' lang='lat' dir='ltr'><strong>induisti</strong></span> 
     </span>
    </p>
   </div>
   <div class='ocr_carea' id='block_1_3' title="bbox 527 651 2129 733">
    <p class='ocr_par' dir='ltr' id='par_1_3' title="bbox 527 651 2129 733">
     <span class='ocr_line' id='line_1_3' title="bbox 527 651 2129 733; baseline -0.005 -19"><span class='ocrx_word' id='word_1_12' title='bbox 527 678 683 733; x_wconf 82' lang='lat' dir='ltr'><strong>super</strong></span> <span class='ocrx_word' id='word_1_13' title='bbox 719 680 799 718; x_wconf 88' lang='lat' dir='ltr'><strong>me</strong></span> <span class='ocrx_word' id='word_1_14' title='bbox 821 674 869 716; x_wconf 87' lang='lat' dir='ltr'><strong>ct</strong></span> <span class='ocrx_word' id='word_1_15' title='bbox 913 680 1065 733; x_wconf 84' lang='lat' dir='ltr'><strong>super</strong></span> <span class='ocrx_word' id='word_1_16' title='bbox 1095 677 1303 732; x_wconf 79' lang='lat' dir='ltr'><strong>regnum</strong></span> <span class='ocrx_word' id='word_1_17' title='bbox 1346 676 1512 713; x_wconf 89' lang='lat' dir='ltr'><strong>meum</strong></span> <span class='ocrx_word' id='word_1_18' title='bbox 1559 665 1820 730; x_wconf 86' lang='lat' dir='ltr'><strong>peccatum</strong></span> <span class='ocrx_word' id='word_1_19' title='bbox 1846 651 2129 726; x_wconf 74' lang='lat' dir='ltr'><strong>magnum?</strong></span> 
     </span>
    </p>
   </div>
   <div class='ocr_carea' id='block_1_4' title="bbox 530 749 2131 828">
    <p class='ocr_par' dir='ltr' id='par_1_4' title="bbox 530 749 2131 828">
     <span class='ocr_line' id='line_1_4' title="bbox 530 749 2131 828; baseline -0.009 -14"><span class='ocrx_word' id='word_1_20' title='bbox 530 757 794 828; x_wconf 78' lang='lat' dir='ltr'><strong>Numquid</strong></span> <span class='ocrx_word' id='word_1_21' title='bbox 837 756 984 812; x_wconf 90' lang='lat' dir='ltr'><strong>solus</strong></span> <span class='ocrx_word' id='word_1_22' title='bbox 1027 770 1214 826; x_wconf 65' lang='lat' dir='ltr'><strong>pinnas</strong></span> <span class='ocrx_word' id='word_1_23' title='bbox 1245 769 1395 810; x_wconf 88' lang='lat' dir='ltr'><strong>eram</strong></span> <span class='ocrx_word' id='word_1_24' title='bbox 1425 753 1650 807; x_wconf 90' lang='lat' dir='ltr'><strong>daturus</strong></span> <span class='ocrx_word' id='word_1_25' title='bbox 1669 751 1692 804; x_wconf 84' lang='lat'><strong>?</strong></span> <span class='ocrx_word' id='word_1_26' title='bbox 1713 749 1885 804; x_wconf 84' lang='lat' dir='ltr'><strong>Omne</strong></span> <span class='ocrx_word' id='word_1_27' title='bbox 1909 760 2131 818; x_wconf 89' lang='lat' dir='ltr'><strong>regnum</strong></span> 
     </span>
    </p>
   </div>
   <div class='ocr_carea' id='block_1_5' title="bbox 530 837 2130 918">
    <p class='ocr_par' dir='ltr' id='par_1_5' title="bbox 530 837 2130 918">
     <span class='ocr_line' id='line_1_5' title="bbox 530 837 2130 918; baseline -0.007 -16"><span class='ocrx_word' id='word_1_28' title='bbox 530 864 709 905; x_wconf 86' lang='lat' dir='ltr'><strong>meum</strong></span> <span class='ocrx_word' id='word_1_29' title='bbox 737 849 892 903; x_wconf 86' lang='lat' dir='ltr'><strong>simul</strong></span> <span class='ocrx_word' id='word_1_30' title='bbox 919 847 1250 918; x_wconf 90' lang='lat' dir='ltr'><strong>perdendum</strong></span> <span class='ocrx_word' id='word_1_31' title='bbox 1283 855 1400 903; x_wconf 89' lang='lat' dir='ltr'><strong>erat</strong></span> <span class='ocrx_word' id='word_1_32' title='bbox 1421 862 1485 900; x_wconf 81' lang='lat' dir='ltr'><strong>ex</strong></span> <span class='ocrx_word' id='word_1_33' title='bbox 1513 843 1827 912; x_wconf 75' lang='lat' dir='ltr'><strong>deceptione</strong></span> <span class='ocrx_word' id='word_1_34' title='bbox 1853 853 2015 912; x_wconf 85' lang='lat' dir='ltr'><strong>quam</strong></span> <span class='ocrx_word' id='word_1_35' title='bbox 2050 837 2130 892; x_wconf 84' lang='lat' dir='ltr'><strong>fe-</strong></span> 
     </span>
    </p>
   </div>
   <div class='ocr_carea' id='block_1_6' title="bbox 528 931 2132 1013">
    <p class='ocr_par' dir='ltr' id='par_1_6' title="bbox 528 931 2132 1013">
     <span class='ocr_line' id='line_1_6' title="bbox 528 931 2132 1013; baseline -0.007 -17"><span class='ocrx_word' id='word_1_36' title='bbox 528 941 672 997; x_wconf 80' lang='lat' dir='ltr'><strong>cisti.</strong></span> <span class='ocrx_word' id='word_1_37' title='bbox 689 940 826 1008; x_wconf 89' lang='lat' dir='ltr'><strong>Quid</strong></span> <span class='ocrx_word' id='word_1_38' title='bbox 848 941 1018 995; x_wconf 89' lang='lat' dir='ltr'><strong>vidisti</strong></span> <span class='ocrx_word' id='word_1_39' title='bbox 1041 950 1094 995; x_wconf 92' lang='lat' dir='ltr'><strong>ut</strong></span> <span class='ocrx_word' id='word_1_40' title='bbox 1116 941 1210 995; x_wconf 85' lang='lat' dir='ltr'><strong>hoc</strong></span> <span class='ocrx_word' id='word_1_41' title='bbox 1230 938 1464 1013; x_wconf 78' lang='lat' dir='ltr'><strong>faceres?</strong></span> <span class='ocrx_word' id='word_1_42' title='bbox 1484 935 1775 992; x_wconf 76' lang='lat' dir='ltr'><strong>Considera</strong></span> <span class='ocrx_word' id='word_1_43' title='bbox 1794 933 1901 998; x_wconf 91' lang='lat' dir='ltr'><strong>hic,</strong></span> <span class='ocrx_word' id='word_1_44' title='bbox 1917 931 2132 995; x_wconf 75' lang='lat' dir='ltr'><strong>dilecte,</strong></span> 
     </span>
    </p>
   </div>
   <div class='ocr_carea' id='block_1_7' title="bbox 532 1022 2137 1104">
    <p class='ocr_par' dir='ltr' id='par_1_7' title="bbox 532 1022 2137 1104">
     <span class='ocr_line' id='line_1_7' title="bbox 532 1022 2137 1104; baseline -0.007 -16"><span class='ocrx_word' id='word_1_45' title='bbox 532 1030 659 1101; x_wconf 83' lang='lat' dir='ltr'><strong>justi</strong></span> <span class='ocrx_word' id='word_1_46' title='bbox 680 1032 1042 1103; x_wconf 84' lang='lat' dir='ltr'><strong>prudentiam,</strong></span> <span class='ocrx_word' id='word_1_47' title='bbox 1063 1031 1332 1104; x_wconf 88' lang='lat' dir='ltr'><strong>quomodo</strong></span> <span class='ocrx_word' id='word_1_48' title='bbox 1349 1027 1731 1086; x_wconf 88' lang='lat' dir='ltr'><strong>satisfactiouis</strong></span> <span class='ocrx_word' id='word_1_49' title='bbox 1757 1025 1875 1080; x_wconf 83' lang='lat' dir='ltr'><strong>loco</strong></span> <span class='ocrx_word' id='word_1_50' title='bbox 1905 1023 1958 1078; x_wconf 88' lang='lat' dir='ltr'><strong>in</strong></span> <span class='ocrx_word' id='word_1_51' title='bbox 1985 1022 2137 1092; x_wconf 83' lang='lat' dir='ltr'><strong>agni-</strong></span> 
     </span>
    </p>
   </div>
   <div class='ocr_carea' id='block_1_8' title="bbox 538 1113 2131 1184">
    <p class='ocr_par' dir='ltr' id='par_1_8' title="bbox 538 1113 2131 1184">
     <span class='ocr_line' id='line_1_8' title="bbox 538 1113 2131 1184; baseline -0.008 -6"><span class='ocrx_word' id='word_1_52' title='bbox 538 1124 738 1178; x_wconf 93' lang='lat' dir='ltr'><strong>tionem</strong></span> <span class='ocrx_word' id='word_1_53' title='bbox 789 1124 885 1178; x_wconf 88' lang='lat' dir='ltr'><strong>Dei</strong></span> <span class='ocrx_word' id='word_1_54' title='bbox 937 1123 1060 1179; x_wconf 88' lang='lat' dir='ltr'><strong>illos</strong></span> <span class='ocrx_word' id='word_1_55' title='bbox 1108 1121 1432 1177; x_wconf 75' lang='lat' dir='ltr'><strong>inti-educat.</strong></span> <span class='ocrx_word' id='word_1_56' title='bbox 1465 1121 1550 1175; x_wconf 82' lang='lat' dir='ltr'><strong>ll.</strong></span> <span class='ocrx_word' id='word_1_57' title='bbox 1578 1113 2131 1184; x_wconf 74' lang='lat' dir='ltr'><strong>Dixienim,inquit,</strong></span> 
     </span>
    </p>
   </div>
   <div class='ocr_carea' id='block_1_9' title="bbox 517 1204 2137 1284">
    <p class='ocr_par' dir='ltr' id='par_1_9' title="bbox 517 1204 2137 1284">
     <span class='ocr_line' id='line_1_9' title="bbox 517 1204 2137 1284; baseline -0.007 -15"><span class='ocrx_word' id='word_1_58' title='bbox 517 1204 680 1269; x_wconf 43' lang='lat' dir='ltr'><strong>&#39;Num</strong></span> <span class='ocrx_word' id='word_1_59' title='bbox 720 1215 848 1284; x_wconf 76' lang='lat' dir='ltr'><strong>forte</strong></span> <span class='ocrx_word' id='word_1_60' title='bbox 878 1231 980 1268; x_wconf 90' lang='lat' dir='ltr'><strong>non</strong></span> <span class='ocrx_word' id='word_1_61' title='bbox 1003 1224 1078 1270; x_wconf 86' lang='lat' dir='ltr'><strong>est</strong></span> <span class='ocrx_word' id='word_1_62' title='bbox 1108 1215 1261 1268; x_wconf 88' lang='lat' dir='ltr'><strong>tintor</strong></span> <span class='ocrx_word' id='word_1_63' title='bbox 1286 1211 1383 1267; x_wconf 97' lang='lat' dir='ltr'><strong>Dei</strong></span> <span class='ocrx_word' id='word_1_64' title='bbox 1418 1213 1472 1266; x_wconf 86' lang='lat' dir='ltr'><strong>in</strong></span> <span class='ocrx_word' id='word_1_65' title='bbox 1508 1212 1620 1266; x_wconf 90' lang='lat' dir='ltr'><strong>loco</strong></span> <span class='ocrx_word' id='word_1_66' title='bbox 1646 1211 1764 1274; x_wconf 88' lang='lat' dir='ltr'><strong>isto,</strong></span> <span class='ocrx_word' id='word_1_67' title='bbox 1797 1223 1974 1277; x_wconf 87' lang='lat' dir='ltr'><strong>meque</strong></span> <span class='ocrx_word' id='word_1_68' title='bbox 2002 1205 2137 1261; x_wconf 87' lang='lat' dir='ltr'><strong>occi-</strong></span> 
     </span>
    </p>
   </div>
   <div class='ocr_carea' id='block_1_10' title="bbox 534 1303 2138 1382">
    <p class='ocr_par' dir='ltr' id='par_1_10' title="bbox 534 1303 2138 1382">
     <span class='ocr_line' id='line_1_10' title="bbox 534 1303 2138 1382; baseline -0.006 -17"><span class='ocrx_word' id='word_1_69' title='bbox 534 1312 655 1365; x_wconf 86' lang='lat' dir='ltr'><strong>dcnt</strong></span> <span class='ocrx_word' id='word_1_70' title='bbox 683 1320 888 1382; x_wconf 75' lang='lat' dir='ltr'><strong>propter</strong></span> <span class='ocrx_word' id='word_1_71' title='bbox 915 1327 1124 1366; x_wconf 66' lang='lat' dir='ltr'><strong>uxorem</strong></span> <span class='ocrx_word' id='word_1_72' title='bbox 1146 1308 1219 1382; x_wconf 89' lang='lat' dir='ltr'><strong>(a)</strong></span> <span class='ocrx_word' id='word_1_73' title='bbox 1246 1310 1272 1365; x_wconf 69' lang='grc' dir='ltr'><em>ἵ</em></span> <span class='ocrx_word' id='word_1_74' title='bbox 1309 1307 1471 1378; x_wconf 84' lang='lat' dir='ltr'><strong>Quasi</strong></span> <span class='ocrx_word' id='word_1_75' title='bbox 1491 1307 1715 1372; x_wconf 89' lang='lat' dir='ltr'><strong>diceret,</strong></span> <span class='ocrx_word' id='word_1_76' title='bbox 1735 1303 1899 1359; x_wconf 82' lang='lat' dir='ltr'><strong>Valde</strong></span> <span class='ocrx_word' id='word_1_77' title='bbox 1925 1315 2138 1357; x_wconf 91' lang='lat' dir='ltr'><strong>meeum</strong></span> 
     </span>
    </p>
   </div>
   <div class='ocr_carea' id='block_1_11' title="bbox 533 1393 2134 1471">
    <p class='ocr_par' dir='ltr' id='par_1_11' title="bbox 533 1393 2134 1471">
     <span class='ocr_line' id='line_1_11' title="bbox 533 1393 2134 1471; baseline -0.006 -16"><span class='ocrx_word' id='word_1_78' title='bbox 533 1403 727 1456; x_wconf 79' lang='lat' dir='ltr'><strong>anxius</strong></span> <span class='ocrx_word' id='word_1_79' title='bbox 755 1401 847 1468; x_wconf 89' lang='lat' dir='ltr'><strong>fui,</strong></span> <span class='ocrx_word' id='word_1_80' title='bbox 880 1418 948 1456; x_wconf 93' lang='lat' dir='ltr'><strong>ne</strong></span> <span class='ocrx_word' id='word_1_81' title='bbox 975 1404 1110 1456; x_wconf 88' lang='lat' dir='ltr'><strong>forte</strong></span> <span class='ocrx_word' id='word_1_82' title='bbox 1137 1416 1202 1457; x_wconf 91' lang='lat' dir='ltr'><strong>eo</strong></span> <span class='ocrx_word' id='word_1_83' title='bbox 1229 1400 1369 1471; x_wconf 87' lang='lat' dir='ltr'><strong>quod</strong></span> <span class='ocrx_word' id='word_1_84' title='bbox 1398 1399 1574 1454; x_wconf 89' lang='lat' dir='ltr'><strong>adhuc</strong></span> <span class='ocrx_word' id='word_1_85' title='bbox 1601 1397 1876 1452; x_wconf 90' lang='lat' dir='ltr'><strong>erroribus</strong></span> <span class='ocrx_word' id='word_1_86' title='bbox 1904 1393 2134 1450; x_wconf 87' lang='lat' dir='ltr'><strong>tenemi-</strong></span> 
     </span>
    </p>
   </div>
   <div class='ocr_carea' id='block_1_12' title="bbox 533 1485 2140 1564">
    <p class='ocr_par' dir='ltr' id='par_1_12' title="bbox 533 1485 2140 1564">
     <span class='ocr_line' id='line_1_12' title="bbox 533 1485 2140 1564; baseline -0.006 -14"><span class='ocrx_word' id='word_1_87' title='bbox 533 1494 626 1561; x_wconf 87' lang='lat' dir='ltr'><strong>ni,</strong></span> <span class='ocrx_word' id='word_1_88' title='bbox 660 1494 804 1548; x_wconf 91' lang='lat' dir='ltr'><strong>nulla</strong></span> <span class='ocrx_word' id='word_1_89' title='bbox 858 1491 1010 1549; x_wconf 80' lang='lat' dir='ltr'><strong>vobis</strong></span> <span class='ocrx_word' id='word_1_90' title='bbox 1063 1494 1283 1564; x_wconf 72' lang='lat' dir='ltr'><strong>justiti-az</strong></span> <span class='ocrx_word' id='word_1_91' title='bbox 1330 1509 1456 1548; x_wconf 90' lang='lat' dir='ltr'><strong>cura</strong></span> <span class='ocrx_word' id='word_1_92' title='bbox 1508 1493 1618 1547; x_wconf 87' lang='lat' dir='ltr'><strong>sit:</strong></span> <span class='ocrx_word' id='word_1_93' title='bbox 1652 1498 1868 1561; x_wconf 91' lang='lat' dir='ltr'><strong>propter</strong></span> <span class='ocrx_word' id='word_1_94' title='bbox 1917 1486 2022 1542; x_wconf 92' lang='lat' dir='ltr'><strong>hoc</strong></span> <span class='ocrx_word' id='word_1_95' title='bbox 2066 1485 2140 1540; x_wconf 88' lang='lat' dir='ltr'><strong>si-</strong></span> 
     </span>
    </p>
   </div>
   <div class='ocr_carea' id='block_1_13' title="bbox 536 1579 2142 1654">
    <p class='ocr_par' dir='ltr' id='par_1_13' title="bbox 536 1579 2142 1654">
     <span class='ocr_line' id='line_1_13' title="bbox 536 1579 2142 1654; baseline -0.005 -15"><span class='ocrx_word' id='word_1_96' title='bbox 536 1587 756 1652; x_wconf 90' lang='lat' dir='ltr'><strong>mulavi,</strong></span> <span class='ocrx_word' id='word_1_97' title='bbox 789 1586 939 1640; x_wconf 83' lang='lat' dir='ltr'><strong>vobis</strong></span> <span class='ocrx_word' id='word_1_98' title='bbox 962 1601 1185 1654; x_wconf 86' lang='lat' dir='ltr'><strong>parcens</strong></span> <span class='ocrx_word' id='word_1_99' title='bbox 1217 1625 1234 1650; x_wconf 95' lang='lat'><strong>,</strong></span> <span class='ocrx_word' id='word_1_100' title='bbox 1278 1595 1337 1639; x_wconf 93' lang='lat' dir='ltr'><strong>ut</strong></span> <span class='ocrx_word' id='word_1_101' title='bbox 1367 1600 1432 1639; x_wconf 91' lang='lat' dir='ltr'><strong>ne</strong></span> <span class='ocrx_word' id='word_1_102' title='bbox 1463 1625 1478 1649; x_wconf 89' lang='lat'><strong>,</strong></span> <span class='ocrx_word' id='word_1_103' title='bbox 1534 1583 1578 1639; x_wconf 89' lang='lat' dir='ltr'><strong>si</strong></span> <span class='ocrx_word' id='word_1_104' title='bbox 1628 1579 1994 1650; x_wconf 85' lang='lat' dir='ltr'><strong>intelligeretis</strong></span> <span class='ocrx_word' id='word_1_105' title='bbox 2022 1591 2142 1633; x_wconf 90' lang='lat' dir='ltr'><strong>eam</strong></span> 
     </span>
    </p>
   </div>
   <div class='ocr_carea' id='block_1_14' title="bbox 538 1670 2144 1748">
    <p class='ocr_par' dir='ltr' id='par_1_14' title="bbox 538 1670 2144 1748">
     <span class='ocr_line' id='line_1_14' title="bbox 538 1670 2144 1748; baseline -0.004 -16"><span class='ocrx_word' id='word_1_106' title='bbox 538 1692 762 1732; x_wconf 79' lang='lat' dir='ltr'><strong>uxorem</strong></span> <span class='ocrx_word' id='word_1_107' title='bbox 802 1694 978 1732; x_wconf 86' lang='lat' dir='ltr'><strong>meam</strong></span> <span class='ocrx_word' id='word_1_108' title='bbox 1018 1677 1184 1733; x_wconf 89' lang='lat' dir='ltr'><strong>fuisse</strong></span> <span class='ocrx_word' id='word_1_109' title='bbox 1213 1719 1230 1742; x_wconf 86' lang='lat'><strong>,</strong></span> <span class='ocrx_word' id='word_1_110' title='bbox 1259 1677 1399 1748; x_wconf 88' lang='lat' dir='ltr'><strong>capti</strong></span> <span class='ocrx_word' id='word_1_111' title='bbox 1427 1677 1544 1747; x_wconf 84' lang='lat' dir='ltr'><strong>ejus</strong></span> <span class='ocrx_word' id='word_1_112' title='bbox 1572 1689 1757 1730; x_wconf 90' lang='lat' dir='ltr'><strong>amore</strong></span> <span class='ocrx_word' id='word_1_113' title='bbox 1780 1670 2028 1728; x_wconf 92' lang='lat' dir='ltr'><strong>occidere</strong></span> <span class='ocrx_word' id='word_1_114' title='bbox 2056 1684 2144 1725; x_wconf 89' lang='lat' dir='ltr'><strong>me</strong></span> 
     </span>
    </p>
   </div>
   <div class='ocr_carea' id='block_1_15' title="bbox 535 1763 2145 1840">
    <p class='ocr_par' dir='ltr' id='par_1_15' title="bbox 535 1763 2145 1840">
     <span class='ocr_line' id='line_1_15' title="bbox 535 1763 2145 1840; baseline -0.005 -14"><span class='ocrx_word' id='word_1_115' title='bbox 535 1771 845 1838; x_wconf 72' lang='lat' dir='ltr'><strong>tentaretis.</strong></span> <span class='ocrx_word' id='word_1_116' title='bbox 879 1769 1013 1825; x_wconf 87' lang='lat' dir='ltr'><strong>Vide</strong></span> <span class='ocrx_word' id='word_1_117' title='bbox 1037 1769 1306 1840; x_wconf 91' lang='lat' dir='ltr'><strong>quomodo</strong></span> <span class='ocrx_word' id='word_1_118' title='bbox 1354 1785 1450 1839; x_wconf 90' lang='lat' dir='ltr'><strong>per</strong></span> <span class='ocrx_word' id='word_1_119' title='bbox 1489 1784 1656 1839; x_wconf 90' lang='lat' dir='ltr'><strong>pauca</strong></span> <span class='ocrx_word' id='word_1_120' title='bbox 1699 1767 1791 1821; x_wconf 88' lang='lat' dir='ltr'><strong>illa</strong></span> <span class='ocrx_word' id='word_1_121' title='bbox 1829 1764 1993 1821; x_wconf 82' lang='lat' dir='ltr'><strong>verba</strong></span> <span class='ocrx_word' id='word_1_122' title='bbox 2023 1763 2145 1818; x_wconf 86' lang='lat' dir='ltr'><strong>illos</strong></span> 
     </span>
    </p>
   </div>
   <div class='ocr_carea' id='block_1_16' title="bbox 535 1856 2145 1934">
    <p class='ocr_par' dir='ltr' id='par_1_16' title="bbox 535 1856 2145 1934">
     <span class='ocr_line' id='line_1_16' title="bbox 535 1856 2145 1934; baseline -0.004 -17"><span class='ocrx_word' id='word_1_123' title='bbox 535 1872 756 1932; x_wconf 82' lang='lat' dir='ltr'><strong>carpat,</strong></span> <span class='ocrx_word' id='word_1_124' title='bbox 783 1873 837 1919; x_wconf 90' lang='lat' dir='ltr'><strong>et</strong></span> <span class='ocrx_word' id='word_1_125' title='bbox 882 1864 1043 1919; x_wconf 89' lang='lat' dir='ltr'><strong>simul</strong></span> <span class='ocrx_word' id='word_1_126' title='bbox 1084 1864 1276 1918; x_wconf 90' lang='lat' dir='ltr'><strong>doceat</strong></span> <span class='ocrx_word' id='word_1_127' title='bbox 1314 1871 1564 1934; x_wconf 82' lang='lat' dir='ltr'><strong>oportere</strong></span> <span class='ocrx_word' id='word_1_128' title='bbox 1611 1877 1734 1917; x_wconf 88' lang='lat' dir='ltr'><strong>eum</strong></span> <span class='ocrx_word' id='word_1_129' title='bbox 1763 1860 1850 1931; x_wconf 92' lang='lat' dir='ltr'><strong>qui</strong></span> <span class='ocrx_word' id='word_1_130' title='bbox 1893 1859 2060 1914; x_wconf 90' lang='lat' dir='ltr'><strong>Deum</strong></span> <span class='ocrx_word' id='word_1_131' title='bbox 2089 1856 2145 1911; x_wconf 91' lang='lat' dir='ltr'><strong>in</strong></span> 
     </span>
    </p>
   </div>
   <div class='ocr_carea' id='block_1_17' title="bbox 535 1948 2142 2026">
    <p class='ocr_par' dir='ltr' id='par_1_17' title="bbox 535 1948 2142 2026">
     <span class='ocr_line' id='line_1_17' title="bbox 535 1948 2142 2026; baseline -0.003 -18"><span class='ocrx_word' id='word_1_132' title='bbox 535 1963 716 2009; x_wconf 87' lang='lat' dir='ltr'><strong>mente</strong></span> <span class='ocrx_word' id='word_1_133' title='bbox 746 1954 926 2022; x_wconf 80' lang='lat' dir='ltr'><strong>habet,</strong></span> <span class='ocrx_word' id='word_1_134' title='bbox 957 1955 1086 2009; x_wconf 86' lang='lat' dir='ltr'><strong>nihil</strong></span> <span class='ocrx_word' id='word_1_135' title='bbox 1114 1955 1353 2026; x_wconf 91' lang='lat' dir='ltr'><strong>iniquum</strong></span> <span class='ocrx_word' id='word_1_136' title='bbox 1379 1968 1541 2025; x_wconf 88' lang='lat' dir='ltr'><strong>agere</strong></span> <span class='ocrx_word' id='word_1_137' title='bbox 1568 1995 1583 2020; x_wconf 91' lang='lat'><strong>,</strong></span> <span class='ocrx_word' id='word_1_138' title='bbox 1614 1952 1711 2009; x_wconf 91' lang='lat' dir='ltr'><strong>sed</strong></span> <span class='ocrx_word' id='word_1_139' title='bbox 1740 1951 1956 2022; x_wconf 78' lang='lat' dir='ltr'><strong>vigilem</strong></span> <span class='ocrx_word' id='word_1_140' title='bbox 1987 1948 2142 2005; x_wconf 87' lang='lat' dir='ltr'><strong>illum</strong></span> 
     </span>
    </p>
   </div>
   <div class='ocr_carea' id='block_1_18' title="bbox 537 2043 2143 2119">
    <p class='ocr_par' dir='ltr' id='par_1_18' title="bbox 537 2043 2143 2119">
     <span class='ocr_line' id='line_1_18' title="bbox 537 2043 2143 2119; baseline -0.003 -18"><span class='ocrx_word' id='word_1_141' title='bbox 537 2047 754 2103; x_wconf 90' lang='lat' dir='ltr'><strong>oculum</strong></span> <span class='ocrx_word' id='word_1_142' title='bbox 788 2047 978 2103; x_wconf 91' lang='lat' dir='ltr'><strong>timere</strong></span> <span class='ocrx_word' id='word_1_143' title='bbox 998 2088 1016 2114; x_wconf 93' lang='lat'><strong>,</strong></span> <span class='ocrx_word' id='word_1_144' title='bbox 1047 2057 1101 2103; x_wconf 93' lang='lat' dir='ltr'><strong>et</strong></span> <span class='ocrx_word' id='word_1_145' title='bbox 1129 2048 1198 2104; x_wconf 91' lang='lat' dir='ltr'><strong>ob</strong></span> <span class='ocrx_word' id='word_1_146' title='bbox 1227 2063 1441 2119; x_wconf 72' lang='lat' dir='ltr'><strong>poenam</strong></span> <span class='ocrx_word' id='word_1_147' title='bbox 1475 2089 1490 2116; x_wconf 91' lang='lat'><strong>,</strong></span> <span class='ocrx_word' id='word_1_148' title='bbox 1512 2063 1632 2118; x_wconf 74' lang='lat' dir='ltr'><strong>qua:</strong></span> <span class='ocrx_word' id='word_1_149' title='bbox 1653 2045 1722 2101; x_wconf 90' lang='lat' dir='ltr'><strong>ab</strong></span> <span class='ocrx_word' id='word_1_150' title='bbox 1744 2045 1835 2102; x_wconf 90' lang='lat' dir='ltr'><strong>illo</strong></span> <span class='ocrx_word' id='word_1_151' title='bbox 1854 2043 2097 2100; x_wconf 88' lang='lat' dir='ltr'><strong>imminet</strong></span> <span class='ocrx_word' id='word_1_152' title='bbox 2125 2081 2143 2109; x_wconf 89' lang='lat'><strong>,</strong></span> 
     </span>
    </p>
   </div>
   <div class='ocr_carea' id='block_1_19' title="bbox 539 2138 2155 2212">
    <p class='ocr_par' dir='ltr' id='par_1_19' title="bbox 539 2138 2155 2212">
     <span class='ocr_line' id='line_1_19' title="bbox 539 2138 2155 2212; baseline -0.001 -19"><span class='ocrx_word' id='word_1_153' title='bbox 539 2141 762 2194; x_wconf 90' lang='lat' dir='ltr'><strong>multam</strong></span> <span class='ocrx_word' id='word_1_154' title='bbox 800 2139 1022 2210; x_wconf 71' lang='lat' dir='ltr'><strong>iustitia:</strong></span> <span class='ocrx_word' id='word_1_155' title='bbox 1057 2155 1240 2195; x_wconf 89' lang='lat' dir='ltr'><strong>curam</strong></span> <span class='ocrx_word' id='word_1_156' title='bbox 1284 2154 1494 2212; x_wconf 80' lang='lat' dir='ltr'><strong>gerere.</strong></span> <span class='ocrx_word' id='word_1_157' title='bbox 1526 2139 1720 2194; x_wconf 83' lang='lat' dir='ltr'><strong>Postea</strong></span> <span class='ocrx_word' id='word_1_158' title='bbox 1751 2138 1938 2194; x_wconf 85' lang='lat' dir='ltr'><strong>volens</strong></span> <span class='ocrx_word' id='word_1_159' title='bbox 1964 2152 2062 2208; x_wconf 90' lang='lat' dir='ltr'><strong>pro</strong></span> <span class='ocrx_word' id='word_1_160' title='bbox 2087 2139 2155 2192; x_wconf 81' lang='lat' dir='ltr'><strong>se</strong></span> 
     </span>
    </p>
   </div>
   <div class='ocr_carea' id='block_1_20' title="bbox 541 2228 2146 2302">
    <p class='ocr_par' dir='ltr' id='par_1_20' title="bbox 541 2228 2146 2302">
     <span class='ocr_line' id='line_1_20' title="bbox 541 2228 2146 2302; baseline 0 -18"><span class='ocrx_word' id='word_1_161' title='bbox 541 2229 911 2286; x_wconf 78' lang='lat' dir='ltr'><strong>defensionem</strong></span> <span class='ocrx_word' id='word_1_162' title='bbox 941 2231 1155 2298; x_wconf 74' lang='lat' dir='ltr'><strong>alierre,</strong></span> <span class='ocrx_word' id='word_1_163' title='bbox 1179 2230 1258 2288; x_wconf 85' lang='lat' dir='ltr'><strong>Ne</strong></span> <span class='ocrx_word' id='word_1_164' title='bbox 1288 2230 1505 2302; x_wconf 89' lang='lat' dir='ltr'><strong>putetis,</strong></span> <span class='ocrx_word' id='word_1_165' title='bbox 1532 2230 1737 2301; x_wconf 91' lang='lat' dir='ltr'><strong>inquit,</strong></span> <span class='ocrx_word' id='word_1_166' title='bbox 1773 2244 1858 2284; x_wconf 91' lang='lat' dir='ltr'><strong>me</strong></span> <span class='ocrx_word' id='word_1_167' title='bbox 1879 2228 2039 2285; x_wconf 88' lang='lat' dir='ltr'><strong>etiam</strong></span> <span class='ocrx_word' id='word_1_168' title='bbox 2065 2229 2146 2286; x_wconf 90' lang='lat' dir='ltr'><strong>sic</strong></span> 
     </span>
    </p>
   </div>
   <div class='ocr_carea' id='block_1_21' title="bbox 542 2319 2148 2392">
    <p class='ocr_par' dir='ltr' id='par_1_21' title="bbox 542 2319 2148 2392">
     <span class='ocr_line' id='line_1_21' title="bbox 542 2319 2148 2392; baseline -0.003 -14"><span class='ocrx_word' id='word_1_169' title='bbox 542 2323 824 2378; x_wconf 86' lang='lat' dir='ltr'><strong>mentitum</strong></span> <span class='ocrx_word' id='word_1_170' title='bbox 840 2338 992 2378; x_wconf 87' lang='lat' dir='ltr'><strong>esse.</strong></span> <span class='ocrx_word' id='word_1_171' title='bbox 1017 2324 1107 2378; x_wconf 62' lang='lat'><strong>.12.</strong></span> <span class='ocrx_word' id='word_1_172' title='bbox 1140 2322 1342 2379; x_wconf 80' lang='lat' dir='ltr'><strong>Etenim</strong></span> <span class='ocrx_word' id='word_1_173' title='bbox 1362 2339 1509 2378; x_wconf 89' lang='lat' dir='ltr'><strong>soror</strong></span> <span class='ocrx_word' id='word_1_174' title='bbox 1529 2339 1641 2376; x_wconf 89' lang='lat' dir='ltr'><strong>mea</strong></span> <span class='ocrx_word' id='word_1_175' title='bbox 1660 2331 1732 2376; x_wconf 89' lang='lat' dir='ltr'><strong>est</strong></span> <span class='ocrx_word' id='word_1_176' title='bbox 1762 2337 1825 2376; x_wconf 82' lang='lat' dir='ltr'><strong>ea:</strong></span> <span class='ocrx_word' id='word_1_177' title='bbox 1845 2330 1990 2392; x_wconf 80' lang='lat' dir='ltr'><strong>patre</strong></span> <span class='ocrx_word' id='word_1_178' title='bbox 2007 2360 2022 2385; x_wconf 91' lang='lat'><strong>,</strong></span> <span class='ocrx_word' id='word_1_179' title='bbox 2053 2319 2148 2376; x_wconf 81' lang='lat' dir='ltr'><strong>sed</strong></span> 
     </span>
    </p>
   </div>
   <div class='ocr_carea' id='block_1_22' title="bbox 541 2413 2150 2482">
    <p class='ocr_par' dir='ltr' id='par_1_22' title="bbox 541 2413 2150 2482">
     <span class='ocr_line' id='line_1_22' title="bbox 541 2413 2150 2482; baseline 0 -14"><span class='ocrx_word' id='word_1_180' title='bbox 541 2432 644 2469; x_wconf 86' lang='lat' dir='ltr'><strong>non</strong></span> <span class='ocrx_word' id='word_1_181' title='bbox 678 2432 741 2470; x_wconf 77' lang='lat' dir='ltr'><strong>ea:</strong></span> <span class='ocrx_word' id='word_1_182' title='bbox 770 2417 1115 2481; x_wconf 82' lang='lat' dir='ltr'><strong>ntatre;-data</strong></span> <span class='ocrx_word' id='word_1_183' title='bbox 1156 2427 1325 2470; x_wconf 80' lang='lat' dir='ltr'><strong>autem</strong></span> <span class='ocrx_word' id='word_1_184' title='bbox 1371 2415 1496 2470; x_wconf 87' lang='lat' dir='ltr'><strong>mihi</strong></span> <span class='ocrx_word' id='word_1_185' title='bbox 1539 2424 1613 2471; x_wconf 81' lang='lat' dir='ltr'><strong>est</strong></span> <span class='ocrx_word' id='word_1_186' title='bbox 1655 2415 1706 2469; x_wconf 90' lang='lat' dir='ltr'><strong>in</strong></span> <span class='ocrx_word' id='word_1_187' title='bbox 1754 2430 1986 2470; x_wconf 75' lang='lat' dir='ltr'><strong>uxorem.</strong></span> <span class='ocrx_word' id='word_1_188' title='bbox 2014 2413 2150 2482; x_wconf 78' lang='lat' dir='ltr'><strong>Quia</strong></span> 
     </span>
    </p>
   </div>
   <div class='ocr_carea' id='block_1_23' title="bbox 536 2505 2146 2580">
    <p class='ocr_par' dir='ltr' id='par_1_23' title="bbox 536 2505 2146 2580">
     <span class='ocr_line' id='line_1_23' title="bbox 536 2505 2146 2580; baseline -0.001 -17"><span class='ocrx_word' id='word_1_189' title='bbox 536 2509 787 2565; x_wconf 80' lang='lat' dir='ltr'><strong>eumdem</strong></span> <span class='ocrx_word' id='word_1_190' title='bbox 820 2520 1022 2580; x_wconf 88' lang='lat' dir='ltr'><strong>patrem</strong></span> <span class='ocrx_word' id='word_1_191' title='bbox 1053 2519 1240 2576; x_wconf 79' lang='lat' dir='ltr'><strong>vocat,</strong></span> <span class='ocrx_word' id='word_1_192' title='bbox 1276 2510 1483 2580; x_wconf 83' lang='lat' dir='ltr'><strong>inquit,</strong></span> <span class='ocrx_word' id='word_1_193' title='bbox 1512 2523 1674 2580; x_wconf 82' lang='lat' dir='ltr'><strong>quem</strong></span> <span class='ocrx_word' id='word_1_194' title='bbox 1701 2519 1755 2564; x_wconf 92' lang='lat' dir='ltr'><strong>et</strong></span> <span class='ocrx_word' id='word_1_195' title='bbox 1775 2521 1906 2578; x_wconf 89' lang='lat' dir='ltr'><strong>ego;</strong></span> <span class='ocrx_word' id='word_1_196' title='bbox 1938 2505 2060 2562; x_wconf 91' lang='lat' dir='ltr'><strong>ideo</strong></span> <span class='ocrx_word' id='word_1_197' title='bbox 2087 2513 2146 2562; x_wconf 87' lang='lat' dir='ltr'><strong>et</strong></span> 
     </span>
    </p>
   </div>
   <div class='ocr_carea' id='block_1_24' title="bbox 545 2598 2147 2672">
    <p class='ocr_par' dir='ltr' id='par_1_24' title="bbox 545 2598 2147 2672">
     <span class='ocr_line' id='line_1_24' title="bbox 545 2598 2147 2672; baseline -0.003 -15"><span class='ocrx_word' id='word_1_198' title='bbox 545 2617 788 2658; x_wconf 79' lang='lat' dir='ltr'><strong>sororem</strong></span> <span class='ocrx_word' id='word_1_199' title='bbox 838 2603 1006 2672; x_wconf 89' lang='lat' dir='ltr'><strong>ipsam</strong></span> <span class='ocrx_word' id='word_1_200' title='bbox 1058 2602 1267 2656; x_wconf 84' lang='lat' dir='ltr'><strong>vocavi.</strong></span> <span class='ocrx_word' id='word_1_201' title='bbox 1316 2601 1396 2657; x_wconf 80' lang='lat' dir='ltr'><strong>Ne</strong></span> <span class='ocrx_word' id='word_1_202' title='bbox 1432 2601 1592 2672; x_wconf 89' lang='lat' dir='ltr'><strong>igitur</strong></span> <span class='ocrx_word' id='word_1_203' title='bbox 1624 2598 1992 2656; x_wconf 89' lang='lat' dir='ltr'><strong>condemnetis</strong></span> <span class='ocrx_word' id='word_1_204' title='bbox 2039 2612 2147 2653; x_wconf 91' lang='lat' dir='ltr'><strong>me.</strong></span> 
     </span>
    </p>
   </div>
   <div class='ocr_carea' id='block_1_25' title="bbox 550 2690 2150 2748">
    <p class='ocr_par' dir='ltr' id='par_1_25' title="bbox 550 2690 2150 2748">
     <span class='ocr_line' id='line_1_25' title="bbox 550 2690 2150 2748; baseline -0.002 -2"><span class='ocrx_word' id='word_1_205' title='bbox 550 2692 682 2746; x_wconf 81' lang='lat' dir='ltr'><strong>Nam</strong></span> <span class='ocrx_word' id='word_1_206' title='bbox 722 2693 825 2748; x_wconf 85' lang='lat' dir='ltr'><strong>etsi</strong></span> <span class='ocrx_word' id='word_1_207' title='bbox 865 2702 1038 2747; x_wconf 86' lang='lat' dir='ltr'><strong>n.etus</strong></span> <span class='ocrx_word' id='word_1_208' title='bbox 1079 2693 1348 2746; x_wconf 90' lang='lat' dir='ltr'><strong>mortis-in</strong></span> <span class='ocrx_word' id='word_1_209' title='bbox 1375 2691 1511 2746; x_wconf 88' lang='lat' dir='ltr'><strong>hanc</strong></span> <span class='ocrx_word' id='word_1_210' title='bbox 1538 2706 1624 2746; x_wconf 90' lang='lat' dir='ltr'><strong>me</strong></span> <span class='ocrx_word' id='word_1_211' title='bbox 1649 2690 2028 2746; x_wconf 84' lang='lat' dir='ltr'><strong>necessitatem</strong></span> <span class='ocrx_word' id='word_1_212' title='bbox 2053 2703 2150 2744; x_wconf 89' lang='lat' dir='ltr'><strong>co-</strong></span> 
     </span>
    </p>
   </div>
   <div class='ocr_carea' id='block_1_26' title="bbox 551 2781 2152 2856">
    <p class='ocr_par' dir='ltr' id='par_1_26' title="bbox 551 2781 2152 2856">
     <span class='ocr_line' id='line_1_26' title="bbox 551 2781 2152 2856; baseline 0 -18"><span class='ocrx_word' id='word_1_213' title='bbox 551 2784 744 2855; x_wconf 77' lang='lat' dir='ltr'><strong>egerit,</strong></span> <span class='ocrx_word' id='word_1_214' title='bbox 767 2794 819 2839; x_wconf 90' lang='lat' dir='ltr'><strong>et</strong></span> <span class='ocrx_word' id='word_1_215' title='bbox 840 2784 960 2854; x_wconf 80' lang='lat' dir='ltr'><strong>quia</strong></span> <span class='ocrx_word' id='word_1_216' title='bbox 991 2785 1140 2838; x_wconf 88' lang='lat' dir='ltr'><strong>timui</strong></span> <span class='ocrx_word' id='word_1_217' title='bbox 1169 2783 1399 2840; x_wconf 38' lang='lat' dir='ltr'><strong>netforte</strong></span> <span class='ocrx_word' id='word_1_218' title='bbox 1427 2793 1643 2856; x_wconf 77' lang='lat' dir='ltr'><strong>propter</strong></span> <span class='ocrx_word' id='word_1_219' title='bbox 1667 2798 1787 2839; x_wconf 85' lang='lat' dir='ltr'><strong>eam</strong></span> <span class='ocrx_word' id='word_1_220' title='bbox 1821 2798 1908 2838; x_wconf 89' lang='lat' dir='ltr'><strong>me</strong></span> <span class='ocrx_word' id='word_1_221' title='bbox 1935 2781 2152 2838; x_wconf 81' lang='lat' dir='ltr'><strong>occide-</strong></span> 
     </span>
    </p>
   </div>
   <div class='ocr_carea' id='block_1_27' title="bbox 546 2875 2151 2946">
    <p class='ocr_par' dir='ltr' id='par_1_27' title="bbox 546 2875 2151 2946">
     <span class='ocr_line' id='line_1_27' title="bbox 546 2875 2151 2946; baseline -0.001 -16"><span class='ocrx_word' id='word_1_222' title='bbox 546 2878 715 2942; x_wconf 84' lang='lat' dir='ltr'><strong>retis,</strong></span> <span class='ocrx_word' id='word_1_223' title='bbox 746 2877 912 2946; x_wconf 81' lang='lat' dir='ltr'><strong>ipsam</strong></span> <span class='ocrx_word' id='word_1_224' title='bbox 967 2887 1145 2932; x_wconf 86' lang='lat' dir='ltr'><strong>autem</strong></span> <span class='ocrx_word' id='word_1_225' title='bbox 1199 2876 1251 2930; x_wconf 91' lang='lat' dir='ltr'><strong>in</strong></span> <span class='ocrx_word' id='word_1_226' title='bbox 1302 2875 1410 2930; x_wconf 77' lang='lat' dir='ltr'><strong>vita</strong></span> <span class='ocrx_word' id='word_1_227' title='bbox 1451 2875 2151 2931; x_wconf 80' lang='lat' dir='ltr'><strong>conservaretiszattamen</strong></span> 
     </span>
    </p>
   </div>
   <div class='ocr_carea' id='block_1_28' title="bbox 547 2965 2150 3038">
    <p class='ocr_par' dir='ltr' id='par_1_28' title="bbox 547 2965 2150 3038">
     <span class='ocr_line' id='line_1_28' title="bbox 547 2965 2150 3038; baseline -0.001 -17"><span class='ocrx_word' id='word_1_228' title='bbox 547 2981 722 3038; x_wconf 89' lang='lat' dir='ltr'><strong>neque</strong></span> <span class='ocrx_word' id='word_1_229' title='bbox 737 2968 818 3023; x_wconf 89' lang='lat' dir='ltr'><strong>sic</strong></span> <span class='ocrx_word' id='word_1_230' title='bbox 844 2975 927 3024; x_wconf 88' lang='lat' dir='ltr'><strong>est</strong></span> <span class='ocrx_word' id='word_1_231' title='bbox 951 2965 1286 3022; x_wconf 70' lang='lat' dir='ltr'><strong>mendacium</strong></span> <span class='ocrx_word' id='word_1_232' title='bbox 1317 2966 1459 3038; x_wconf 90' lang='lat' dir='ltr'><strong>quod</strong></span> <span class='ocrx_word' id='word_1_233' title='bbox 1489 2981 1518 3021; x_wconf 91' lang='lat' dir='ltr'><strong>a</strong></span> <span class='ocrx_word' id='word_1_234' title='bbox 1540 2981 1626 3022; x_wconf 89' lang='lat' dir='ltr'><strong>me</strong></span> <span class='ocrx_word' id='word_1_235' title='bbox 1655 2966 1854 3022; x_wconf 87' lang='lat' dir='ltr'><strong>dictum</strong></span> <span class='ocrx_word' id='word_1_236' title='bbox 1881 2973 1984 3022; x_wconf 88' lang='lat' dir='ltr'><strong>est.</strong></span> <span class='ocrx_word' id='word_1_237' title='bbox 2017 2965 2150 3020; x_wconf 86' lang='lat' dir='ltr'><strong>Vide</strong></span> 
     </span>
    </p>
   </div>
   <div class='ocr_carea' id='block_1_29' title="bbox 549 3054 2153 3130">
    <p class='ocr_par' dir='ltr' id='par_1_29' title="bbox 549 3054 2153 3130">
     <span class='ocr_line' id='line_1_29' title="bbox 549 3054 2153 3130; baseline -0.002 -16"><span class='ocrx_word' id='word_1_238' title='bbox 549 3074 708 3129; x_wconf 87' lang='lat' dir='ltr'><strong>quam</strong></span> <span class='ocrx_word' id='word_1_239' title='bbox 737 3057 1024 3128; x_wconf 87' lang='lat' dir='ltr'><strong>diligenter</strong></span> <span class='ocrx_word' id='word_1_240' title='bbox 1048 3058 1156 3130; x_wconf 87' lang='lat' dir='ltr'><strong>agit</strong></span> <span class='ocrx_word' id='word_1_241' title='bbox 1186 3058 1362 3130; x_wconf 88' lang='lat' dir='ltr'><strong>justus</strong></span> <span class='ocrx_word' id='word_1_242' title='bbox 1380 3099 1397 3125; x_wconf 87' lang='lat'><strong>,</strong></span> <span class='ocrx_word' id='word_1_243' title='bbox 1429 3067 1486 3114; x_wconf 91' lang='lat' dir='ltr'><strong>ut</strong></span> <span class='ocrx_word' id='word_1_244' title='bbox 1524 3064 1787 3113; x_wconf 86' lang='lat' dir='ltr'><strong>monstret</strong></span> <span class='ocrx_word' id='word_1_245' title='bbox 1809 3070 1868 3112; x_wconf 88' lang='lat' dir='ltr'><strong>se</strong></span> <span class='ocrx_word' id='word_1_246' title='bbox 1895 3071 2069 3128; x_wconf 85' lang='lat' dir='ltr'><strong>neque</strong></span> <span class='ocrx_word' id='word_1_247' title='bbox 2098 3054 2153 3111; x_wconf 88' lang='lat' dir='ltr'><strong>in</strong></span> 
     </span>
    </p>
   </div>
   <div class='ocr_carea' id='block_1_30' title="bbox 547 3149 2140 3220">
    <p class='ocr_par' dir='ltr' id='par_1_30' title="bbox 547 3149 2140 3220">
     <span class='ocr_line' id='line_1_30' title="bbox 547 3149 2140 3220; baseline 0.001 -17"><span class='ocrx_word' id='word_1_248' title='bbox 547 3149 654 3205; x_wconf 92' lang='lat' dir='ltr'><strong>hoc</strong></span> <span class='ocrx_word' id='word_1_249' title='bbox 677 3151 984 3206; x_wconf 88' lang='lat' dir='ltr'><strong>mentitum.</strong></span> <span class='ocrx_word' id='word_1_250' title='bbox 1018 3151 1084 3206; x_wconf 81' lang='lat' dir='ltr'><strong>Et</strong></span> <span class='ocrx_word' id='word_1_251' title='bbox 1113 3159 1173 3206; x_wconf 93' lang='lat' dir='ltr'><strong>ut</strong></span> <span class='ocrx_word' id='word_1_252' title='bbox 1199 3152 1377 3206; x_wconf 85' lang='lat' dir='ltr'><strong>omnia</strong></span> <span class='ocrx_word' id='word_1_253' title='bbox 1403 3192 1417 3218; x_wconf 93' lang='lat'><strong>,</strong></span> <span class='ocrx_word' id='word_1_254' title='bbox 1449 3150 1623 3220; x_wconf 81' lang='lat' dir='ltr'><strong>inquit</strong></span> <span class='ocrx_word' id='word_1_255' title='bbox 1650 3190 1665 3216; x_wconf 94' lang='lat'><strong>,</strong></span> <span class='ocrx_word' id='word_1_256' title='bbox 1693 3149 1975 3220; x_wconf 75' lang='lat' dir='ltr'><strong>diligenter</strong></span> <span class='ocrx_word' id='word_1_257' title='bbox 2002 3163 2032 3202; x_wconf 90' lang='lat' dir='ltr'><strong>a</strong></span> <span class='ocrx_word' id='word_1_258' title='bbox 2054 3163 2140 3204; x_wconf 86' lang='lat' dir='ltr'><strong>me</strong></span> 
     </span>
    </p>
   </div>
   <div class='ocr_carea' id='block_1_31' title="bbox 546 3242 2150 3314">
    <p class='ocr_par' dir='ltr' id='par_1_31' title="bbox 546 3242 2150 3314">
     <span class='ocr_line' id='line_1_31' title="bbox 546 3242 2150 3314; baseline -0.001 -16"><span class='ocrx_word' id='word_1_259' title='bbox 546 3242 752 3310; x_wconf 83' lang='lat' dir='ltr'><strong>sciatis,</strong></span> <span class='ocrx_word' id='word_1_260' title='bbox 778 3243 959 3299; x_wconf 87' lang='lat' dir='ltr'><strong>audite</strong></span> <span class='ocrx_word' id='word_1_261' title='bbox 980 3252 1034 3300; x_wconf 90' lang='lat' dir='ltr'><strong>et</strong></span> <span class='ocrx_word' id='word_1_262' title='bbox 1059 3244 1341 3300; x_wconf 91' lang='lat' dir='ltr'><strong>consilium</strong></span> <span class='ocrx_word' id='word_1_263' title='bbox 1367 3284 1382 3308; x_wconf 90' lang='lat'><strong>,</strong></span> <span class='ocrx_word' id='word_1_264' title='bbox 1412 3243 1555 3314; x_wconf 90' lang='lat' dir='ltr'><strong>quod</strong></span> <span class='ocrx_word' id='word_1_265' title='bbox 1579 3243 1716 3298; x_wconf 90' lang='lat' dir='ltr'><strong>inter</strong></span> <span class='ocrx_word' id='word_1_266' title='bbox 1755 3257 1855 3300; x_wconf 84' lang='lat' dir='ltr'><strong>nos</strong></span> <span class='ocrx_word' id='word_1_267' title='bbox 1879 3242 2150 3310; x_wconf 77' lang='lat' dir='ltr'><strong>ininmus,</strong></span> 
     </span>
    </p>
   </div>
   <div class='ocr_carea' id='block_1_32' title="bbox 539 3334 2152 3406">
    <p class='ocr_par' dir='ltr' id='par_1_32' title="bbox 539 3334 2152 3406">
     <span class='ocr_line' id='line_1_32' title="bbox 539 3334 2152 3406; baseline 0.001 -17"><span class='ocrx_word' id='word_1_268' title='bbox 539 3336 572 3398; x_wconf 62' lang='grc'><strong>,1</strong></span> <span class='ocrx_word' id='word_1_269' title='bbox 587 3336 639 3390; x_wconf 78' lang='grc'><strong>5.</strong></span> <span class='ocrx_word' id='word_1_270' title='bbox 671 3335 887 3401; x_wconf 87' lang='lat' dir='ltr'><strong>Quando</strong></span> <span class='ocrx_word' id='word_1_271' title='bbox 944 3337 1120 3392; x_wconf 75' lang='lat' dir='ltr'><strong>eduxit</strong></span> <span class='ocrx_word' id='word_1_272' title='bbox 1179 3353 1259 3392; x_wconf 87' lang='lat' dir='ltr'><strong>me</strong></span> <span class='ocrx_word' id='word_1_273' title='bbox 1317 3335 1454 3391; x_wconf 89' lang='lat' dir='ltr'><strong>Deus</strong></span> <span class='ocrx_word' id='word_1_274' title='bbox 1507 3336 1572 3391; x_wconf 89' lang='lat' dir='ltr'><strong>de</strong></span> <span class='ocrx_word' id='word_1_275' title='bbox 1612 3334 1762 3391; x_wconf 85' lang='lat' dir='ltr'><strong>domo</strong></span> <span class='ocrx_word' id='word_1_276' title='bbox 1821 3335 1980 3406; x_wconf 88' lang='lat' dir='ltr'><strong>patris</strong></span> <span class='ocrx_word' id='word_1_277' title='bbox 2032 3334 2152 3391; x_wconf 81' lang='lat' dir='ltr'><strong>mei.</strong></span> 
     </span>
    </p>
   </div>
   <div class='ocr_carea' id='block_1_33' title="bbox 553 3426 2150 3498">
    <p class='ocr_par' dir='ltr' id='par_1_33' title="bbox 553 3426 2150 3498">
     <span class='ocr_line' id='line_1_33' title="bbox 553 3426 2150 3498; baseline -0.004 -15"><span class='ocrx_word' id='word_1_278' title='bbox 553 3428 846 3483; x_wconf 76' lang='lat' dir='ltr'><strong>Considera</strong></span> <span class='ocrx_word' id='word_1_279' title='bbox 873 3469 890 3495; x_wconf 94' lang='lat'><strong>,</strong></span> <span class='ocrx_word' id='word_1_280' title='bbox 921 3429 1148 3484; x_wconf 87' lang='lat' dir='ltr'><strong>obsecro</strong></span> <span class='ocrx_word' id='word_1_281' title='bbox 1177 3470 1192 3496; x_wconf 91' lang='lat'><strong>,</strong></span> <span class='ocrx_word' id='word_1_282' title='bbox 1217 3428 1306 3482; x_wconf 82' lang='lat' dir='ltr'><strong>hic</strong></span> <span class='ocrx_word' id='word_1_283' title='bbox 1353 3442 1602 3498; x_wconf 87' lang='lat' dir='ltr'><strong>magnam</strong></span> <span class='ocrx_word' id='word_1_284' title='bbox 1629 3427 1760 3496; x_wconf 86' lang='lat' dir='ltr'><strong>justi</strong></span> <span class='ocrx_word' id='word_1_285' title='bbox 1789 3426 2108 3497; x_wconf 86' lang='lat' dir='ltr'><strong>sapientiam</strong></span> <span class='ocrx_word' id='word_1_286' title='bbox 2135 3466 2150 3484; x_wconf 90' lang='lat'><strong>.</strong></span> 
     </span>
    </p>
   </div>
   <div class='ocr_carea' id='block_1_34' title="bbox 546 3519 2150 3591">
    <p class='ocr_par' dir='ltr' id='par_1_34' title="bbox 546 3519 2150 3591">
     <span class='ocr_line' id='line_1_34' title="bbox 546 3519 2150 3591; baseline -0.002 -17"><span class='ocrx_word' id='word_1_287' title='bbox 546 3521 817 3591; x_wconf 87' lang='lat' dir='ltr'><strong>quomodo</strong></span> <span class='ocrx_word' id='word_1_288' title='bbox 847 3521 901 3574; x_wconf 90' lang='lat' dir='ltr'><strong>in</strong></span> <span class='ocrx_word' id='word_1_289' title='bbox 936 3521 1077 3576; x_wconf 90' lang='lat' dir='ltr'><strong>serie</strong></span> <span class='ocrx_word' id='word_1_290' title='bbox 1110 3521 1434 3575; x_wconf 84' lang='lat' dir='ltr'><strong>narrationis</strong></span> <span class='ocrx_word' id='word_1_291' title='bbox 1453 3520 1611 3576; x_wconf 91' lang='lat' dir='ltr'><strong>docet</strong></span> <span class='ocrx_word' id='word_1_292' title='bbox 1637 3535 1733 3575; x_wconf 91' lang='lat' dir='ltr'><strong>eos</strong></span> <span class='ocrx_word' id='word_1_293' title='bbox 1757 3560 1773 3588; x_wconf 92' lang='lat'><strong>,</strong></span> <span class='ocrx_word' id='word_1_294' title='bbox 1801 3534 1861 3575; x_wconf 90' lang='lat' dir='ltr'><strong>se</strong></span> <span class='ocrx_word' id='word_1_295' title='bbox 1887 3533 1916 3572; x_wconf 91' lang='lat' dir='ltr'><strong>a</strong></span> <span class='ocrx_word' id='word_1_296' title='bbox 1946 3519 2150 3588; x_wconf 86' lang='lat' dir='ltr'><strong>princi—</strong></span> 
     </span>
    </p>
   </div>
   <div class='ocr_carea' id='block_1_35' title="bbox 557 3610 2156 3680">
    <p class='ocr_par' dir='ltr' id='par_1_35' title="bbox 557 3610 2156 3680">
     <span class='ocr_line' id='line_1_35' title="bbox 557 3610 2156 3680; baseline 0.001 -18"><span class='ocrx_word' id='word_1_297' title='bbox 557 3611 646 3679; x_wconf 91' lang='lat' dir='ltr'><strong>pio</strong></span> <span class='ocrx_word' id='word_1_298' title='bbox 673 3611 836 3666; x_wconf 89' lang='lat' dir='ltr'><strong>fuisse</strong></span> <span class='ocrx_word' id='word_1_299' title='bbox 865 3611 1205 3680; x_wconf 87' lang='lat' dir='ltr'><strong>peculiariter</strong></span> <span class='ocrx_word' id='word_1_300' title='bbox 1250 3611 1524 3666; x_wconf 88' lang='lat' dir='ltr'><strong>addictum</strong></span> <span class='ocrx_word' id='word_1_301' title='bbox 1570 3611 1681 3666; x_wconf 90' lang='lat' dir='ltr'><strong>Deo</strong></span> <span class='ocrx_word' id='word_1_302' title='bbox 1707 3652 1724 3678; x_wconf 94' lang='lat'><strong>,</strong></span> <span class='ocrx_word' id='word_1_303' title='bbox 1755 3619 1812 3666; x_wconf 91' lang='lat' dir='ltr'><strong>et</strong></span> <span class='ocrx_word' id='word_1_304' title='bbox 1841 3610 2011 3666; x_wconf 88' lang='lat' dir='ltr'><strong>Deum</strong></span> <span class='ocrx_word' id='word_1_305' title='bbox 2039 3623 2098 3664; x_wconf 89' lang='lat' dir='ltr'><strong>se</strong></span> <span class='ocrx_word' id='word_1_306' title='bbox 2124 3623 2156 3664; x_wconf 82' lang='lat' dir='ltr'><strong>a</strong></span> 
     </span>
    </p>
   </div>
   <div class='ocr_carea' id='block_1_36' title="bbox 560 3703 2160 3770">
    <p class='ocr_par' dir='ltr' id='par_1_36' title="bbox 560 3703 2160 3770">
     <span class='ocr_line' id='line_1_36' title="bbox 560 3703 2160 3770; baseline 0 -14"><span class='ocrx_word' id='word_1_307' title='bbox 560 3703 724 3756; x_wconf 85' lang='lat' dir='ltr'><strong>domo</strong></span> <span class='ocrx_word' id='word_1_308' title='bbox 750 3718 845 3757; x_wconf 84' lang='lat' dir='ltr'><strong>sua</strong></span> <span class='ocrx_word' id='word_1_309' title='bbox 877 3703 1186 3758; x_wconf 82' lang='lat' dir='ltr'><strong>evocavisse</strong></span> <span class='ocrx_word' id='word_1_310' title='bbox 1207 3745 1222 3770; x_wconf 91' lang='lat'><strong>,</strong></span> <span class='ocrx_word' id='word_1_311' title='bbox 1255 3712 1310 3758; x_wconf 91' lang='lat' dir='ltr'><strong>et</strong></span> <span class='ocrx_word' id='word_1_312' title='bbox 1348 3704 1399 3758; x_wconf 92' lang='lat' dir='ltr'><strong>in</strong></span> <span class='ocrx_word' id='word_1_313' title='bbox 1445 3718 1568 3759; x_wconf 90' lang='lat' dir='ltr'><strong>eum</strong></span> <span class='ocrx_word' id='word_1_314' title='bbox 1598 3703 1773 3759; x_wconf 91' lang='lat' dir='ltr'><strong>locum</strong></span> <span class='ocrx_word' id='word_1_315' title='bbox 1815 3703 2069 3768; x_wconf 82' lang='lat' dir='ltr'><strong>duxisse;</strong></span> <span class='ocrx_word' id='word_1_316' title='bbox 2099 3709 2160 3756; x_wconf 89' lang='lat' dir='ltr'><strong>ut</strong></span> 
     </span>
    </p>
   </div>
   <div class='ocr_carea' id='block_1_37' title="bbox 553 3792 2156 3864">
    <p class='ocr_par' dir='ltr' id='par_1_37' title="bbox 553 3792 2156 3864">
     <span class='ocr_line' id='line_1_37' title="bbox 553 3792 2156 3864; baseline -0.001 -15"><span class='ocrx_word' id='word_1_317' title='bbox 553 3795 690 3849; x_wconf 82' lang='lat' dir='ltr'><strong>sciat</strong></span> <span class='ocrx_word' id='word_1_318' title='bbox 718 3811 812 3849; x_wconf 87' lang='lat' dir='ltr'><strong>rex</strong></span> <span class='ocrx_word' id='word_1_319' title='bbox 842 3835 860 3862; x_wconf 96' lang='lat'><strong>,</strong></span> <span class='ocrx_word' id='word_1_320' title='bbox 889 3810 956 3850; x_wconf 81' lang='lat' dir='ltr'><strong>ex</strong></span> <span class='ocrx_word' id='word_1_321' title='bbox 1000 3810 1185 3850; x_wconf 88' lang='lat' dir='ltr'><strong>eorum</strong></span> <span class='ocrx_word' id='word_1_322' title='bbox 1227 3809 1452 3850; x_wconf 88' lang='lat' dir='ltr'><strong>numero</strong></span> <span class='ocrx_word' id='word_1_323' title='bbox 1490 3809 1610 3851; x_wconf 89' lang='lat' dir='ltr'><strong>esse</strong></span> <span class='ocrx_word' id='word_1_324' title='bbox 1653 3793 2020 3850; x_wconf 84' lang='lat' dir='ltr'><strong>Abrahamum</strong></span> <span class='ocrx_word' id='word_1_325' title='bbox 2061 3792 2156 3864; x_wconf 90' lang='lat' dir='ltr'><strong>qui</strong></span> 
     </span>
    </p>
   </div>
   <div class='ocr_carea' id='block_1_38' title="bbox 554 3884 2155 3958">
    <p class='ocr_par' dir='ltr' id='par_1_38' title="bbox 554 3884 2155 3958">
     <span class='ocr_line' id='line_1_38' title="bbox 554 3884 2155 3958; baseline 0 -16"><span class='ocrx_word' id='word_1_326' title='bbox 554 3901 799 3958; x_wconf 86' lang='lat' dir='ltr'><strong>magnam</strong></span> <span class='ocrx_word' id='word_1_327' title='bbox 850 3887 904 3942; x_wconf 90' lang='lat' dir='ltr'><strong>in</strong></span> <span class='ocrx_word' id='word_1_328' title='bbox 938 3887 1049 3943; x_wconf 88' lang='lat' dir='ltr'><strong>Deo</strong></span> <span class='ocrx_word' id='word_1_329' title='bbox 1093 3887 1289 3943; x_wconf 84' lang='lat' dir='ltr'><strong>habent</strong></span> <span class='ocrx_word' id='word_1_330' title='bbox 1336 3886 1601 3942; x_wconf 77' lang='lat' dir='ltr'><strong>fiduciam.</strong></span> <span class='ocrx_word' id='word_1_331' title='bbox 1647 3885 1908 3954; x_wconf 81' lang='lat' dir='ltr'><strong>Quando,</strong></span> <span class='ocrx_word' id='word_1_332' title='bbox 1938 3884 2155 3956; x_wconf 88' lang='lat' dir='ltr'><strong>inquit,</strong></span> 
     </span>
    </p>
   </div>
   <div class='ocr_carea' id='block_1_39' title="bbox 559 3977 2157 4050">
    <p class='ocr_par' dir='ltr' id='par_1_39' title="bbox 559 3977 2157 4050">
     <span class='ocr_line' id='line_1_39' title="bbox 559 3977 2157 4050; baseline -0.004 -12"><span class='ocrx_word' id='word_1_333' title='bbox 559 3981 738 4039; x_wconf 74' lang='lat' dir='ltr'><strong>eduxit</strong></span> <span class='ocrx_word' id='word_1_334' title='bbox 763 3997 842 4034; x_wconf 86' lang='lat' dir='ltr'><strong>me</strong></span> <span class='ocrx_word' id='word_1_335' title='bbox 863 3978 1002 4035; x_wconf 86' lang='lat' dir='ltr'><strong>Deus</strong></span> <span class='ocrx_word' id='word_1_336' title='bbox 1026 3999 1088 4036; x_wconf 77' lang='lat' dir='ltr'><strong>ea:</strong></span> <span class='ocrx_word' id='word_1_337' title='bbox 1108 3981 1259 4036; x_wconf 89' lang='lat' dir='ltr'><strong>domo</strong></span> <span class='ocrx_word' id='word_1_338' title='bbox 1286 3981 1447 4050; x_wconf 86' lang='lat' dir='ltr'><strong>patris</strong></span> <span class='ocrx_word' id='word_1_339' title='bbox 1475 3981 1592 4046; x_wconf 88' lang='lat' dir='ltr'><strong>mei,</strong></span> <span class='ocrx_word' id='word_1_340' title='bbox 1615 3980 1840 4035; x_wconf 82' lang='lat' dir='ltr'><strong>dicebant</strong></span> <span class='ocrx_word' id='word_1_341' title='bbox 1869 3979 1914 4034; x_wconf 84' lang='lat' dir='ltr'><strong>ei</strong></span> <span class='ocrx_word' id='word_1_342' title='bbox 1944 3995 1964 4034; x_wconf 90' lang='lat'><strong><em>:</em></strong></span> <span class='ocrx_word' id='word_1_343' title='bbox 2005 3977 2157 4032; x_wconf 82' lang='lat' dir='ltr'><strong>Hanc</strong></span> 
     </span>
    </p>
   </div>
   <div class='ocr_carea' id='block_1_40' title="bbox 555 4071 2152 4143">
    <p class='ocr_par' dir='ltr' id='par_1_40' title="bbox 555 4071 2152 4143">
     <span class='ocr_line' id='line_1_40' title="bbox 555 4071 2152 4143; baseline 0 -18"><span class='ocrx_word' id='word_1_344' title='bbox 555 4073 800 4127; x_wconf 65' lang='lat' dir='ltr'><strong>iustitiam</strong></span> <span class='ocrx_word' id='word_1_345' title='bbox 830 4071 986 4142; x_wconf 76' lang='lat' dir='ltr'><strong>facies</strong></span> <span class='ocrx_word' id='word_1_346' title='bbox 1013 4074 1066 4127; x_wconf 90' lang='lat' dir='ltr'><strong>in</strong></span> <span class='ocrx_word' id='word_1_347' title='bbox 1088 4089 1184 4139; x_wconf 91' lang='lat' dir='ltr'><strong>me,</strong></span> <span class='ocrx_word' id='word_1_348' title='bbox 1210 4074 1262 4127; x_wconf 91' lang='lat' dir='ltr'><strong>in</strong></span> <span class='ocrx_word' id='word_1_349' title='bbox 1282 4074 1420 4128; x_wconf 87' lang='lat' dir='ltr'><strong>omni</strong></span> <span class='ocrx_word' id='word_1_350' title='bbox 1441 4074 1574 4137; x_wconf 89' lang='lat' dir='ltr'><strong>loco,</strong></span> <span class='ocrx_word' id='word_1_351' title='bbox 1598 4072 1650 4126; x_wconf 88' lang='lat' dir='ltr'><strong>in</strong></span> <span class='ocrx_word' id='word_1_352' title='bbox 1678 4088 1826 4143; x_wconf 84' lang='lat' dir='ltr'><strong>quem</strong></span> <span class='ocrx_word' id='word_1_353' title='bbox 1851 4071 2152 4136; x_wconf 72' lang='lat' dir='ltr'><strong>venerimus,</strong></span> 
     </span>
    </p>
   </div>
   <div class='ocr_carea' id='block_1_41' title="bbox 555 4163 2152 4235">
    <p class='ocr_par' dir='ltr' id='par_1_41' title="bbox 555 4163 2152 4235">
     <span class='ocr_line' id='line_1_41' title="bbox 555 4163 2152 4235; baseline -0.001 -17"><span class='ocrx_word' id='word_1_354' title='bbox 555 4167 639 4220; x_wconf 85' lang='lat' dir='ltr'><strong>die</strong></span> <span class='ocrx_word' id='word_1_355' title='bbox 671 4182 690 4220; x_wconf 92' lang='lat'><strong><em>:</em></strong></span> <span class='ocrx_word' id='word_1_356' title='bbox 725 4165 909 4220; x_wconf 81' lang='lat' dir='ltr'><strong>Frater</strong></span> <span class='ocrx_word' id='word_1_357' title='bbox 937 4182 1078 4221; x_wconf 84' lang='lat' dir='ltr'><strong>meus</strong></span> <span class='ocrx_word' id='word_1_358' title='bbox 1099 4176 1192 4220; x_wconf 90' lang='lat' dir='ltr'><strong>est.</strong></span> <span class='ocrx_word' id='word_1_359' title='bbox 1241 4166 1374 4233; x_wconf 80' lang='lat' dir='ltr'><strong>Quia</strong></span> <span class='ocrx_word' id='word_1_360' title='bbox 1423 4169 1566 4221; x_wconf 91' lang='lat' dir='ltr'><strong>enim</strong></span> <span class='ocrx_word' id='word_1_361' title='bbox 1611 4164 1857 4235; x_wconf 89' lang='lat' dir='ltr'><strong>superius</strong></span> <span class='ocrx_word' id='word_1_362' title='bbox 1901 4163 2110 4218; x_wconf 79' lang='lat' dir='ltr'><strong>dixerat</strong></span> <span class='ocrx_word' id='word_1_363' title='bbox 2139 4179 2152 4216; x_wconf 93' lang='lat'><strong>:</strong></span> 
     </span>
    </p>
   </div>
   <div class='ocr_carea' id='block_1_42' title="bbox 558 4255 2158 4330">
    <p class='ocr_par' dir='ltr' id='par_1_42' title="bbox 558 4255 2158 4330">
     <span class='ocr_line' id='line_1_42' title="bbox 558 4255 2158 4330; baseline -0.003 -18"><span class='ocrx_word' id='word_1_364' title='bbox 558 4258 684 4313; x_wconf 73' lang='lat' dir='ltr'><strong>Dixi</strong></span> <span class='ocrx_word' id='word_1_365' title='bbox 713 4259 869 4324; x_wconf 87' lang='lat' dir='ltr'><strong>enim,</strong></span> <span class='ocrx_word' id='word_1_366' title='bbox 902 4273 1027 4311; x_wconf 90' lang='lat' dir='ltr'><strong>num</strong></span> <span class='ocrx_word' id='word_1_367' title='bbox 1055 4261 1189 4330; x_wconf 79' lang='lat' dir='ltr'><strong>forte</strong></span> <span class='ocrx_word' id='word_1_368' title='bbox 1217 4275 1318 4313; x_wconf 89' lang='lat' dir='ltr'><strong>non</strong></span> <span class='ocrx_word' id='word_1_369' title='bbox 1336 4266 1413 4312; x_wconf 82' lang='lat' dir='ltr'><strong>est</strong></span> <span class='ocrx_word' id='word_1_370' title='bbox 1435 4259 1586 4312; x_wconf 81' lang='lat' dir='ltr'><strong>timor</strong></span> <span class='ocrx_word' id='word_1_371' title='bbox 1601 4255 1698 4310; x_wconf 89' lang='lat' dir='ltr'><strong>Dei</strong></span> <span class='ocrx_word' id='word_1_372' title='bbox 1717 4256 1772 4310; x_wconf 92' lang='lat' dir='ltr'><strong>in</strong></span> <span class='ocrx_word' id='word_1_373' title='bbox 1794 4256 1906 4310; x_wconf 91' lang='lat' dir='ltr'><strong>loco</strong></span> <span class='ocrx_word' id='word_1_374' title='bbox 1931 4255 2029 4309; x_wconf 90' lang='lat' dir='ltr'><strong>isto</strong></span> <span class='ocrx_word' id='word_1_375' title='bbox 2058 4294 2072 4317; x_wconf 92' lang='lat'><strong>,</strong></span> <span class='ocrx_word' id='word_1_376' title='bbox 2103 4263 2158 4309; x_wconf 90' lang='lat' dir='ltr'><strong>et</strong></span> 
     </span>
    </p>
   </div>
   <div class='ocr_carea' id='block_1_43' title="bbox 531 4347 2154 4420">
    <p class='ocr_par' dir='ltr' id='par_1_43' title="bbox 531 4347 2154 4420">
     <span class='ocr_line' id='line_1_43' title="bbox 531 4347 2154 4420; baseline -0.004 -13"><span class='ocrx_word' id='word_1_377' title='bbox 531 4349 834 4407; x_wconf 85' lang='lat' dir='ltr'><strong>.videbatur</strong></span> <span class='ocrx_word' id='word_1_378' title='bbox 871 4364 965 4405; x_wconf 90' lang='lat' dir='ltr'><strong>eos</strong></span> <span class='ocrx_word' id='word_1_379' title='bbox 989 4349 1212 4404; x_wconf 89' lang='lat' dir='ltr'><strong>nimium</strong></span> <span class='ocrx_word' id='word_1_380' title='bbox 1239 4364 1480 4420; x_wconf 84' lang='lat' dir='ltr'><strong>carpere,</strong></span> <span class='ocrx_word' id='word_1_381' title='bbox 1514 4348 1699 4403; x_wconf 90' lang='lat' dir='ltr'><strong>volens</strong></span> <span class='ocrx_word' id='word_1_382' title='bbox 1725 4347 1970 4417; x_wconf 86' lang='lat' dir='ltr'><strong>mitigare</strong></span> <span class='ocrx_word' id='word_1_383' title='bbox 1996 4360 2154 4416; x_wconf 88' lang='lat' dir='ltr'><strong>aspe-</strong></span> 
     </span>
    </p>
   </div>
   <div class='ocr_carea' id='block_1_44' title="bbox 551 4437 2156 4510">
    <p class='ocr_par' dir='ltr' id='par_1_44' title="bbox 551 4437 2156 4510">
     <span class='ocr_line' id='line_1_44' title="bbox 551 4437 2156 4510; baseline -0.005 -11"><span class='ocrx_word' id='word_1_384' title='bbox 551 4444 766 4500; x_wconf 85' lang='lat' dir='ltr'><strong>ritatem</strong></span> <span class='ocrx_word' id='word_1_385' title='bbox 796 4441 964 4508; x_wconf 85' lang='lat' dir='ltr'><strong>verbi,</strong></span> <span class='ocrx_word' id='word_1_386' title='bbox 990 4440 1077 4497; x_wconf 92' lang='lat' dir='ltr'><strong>hic</strong></span> <span class='ocrx_word' id='word_1_387' title='bbox 1114 4441 1263 4506; x_wconf 85' lang='lat' dir='ltr'><strong>dicit,</strong></span> <span class='ocrx_word' id='word_1_388' title='bbox 1285 4440 1364 4496; x_wconf 86' lang='lat' dir='ltr'><strong>Ne</strong></span> <span class='ocrx_word' id='word_1_389' title='bbox 1387 4439 1587 4510; x_wconf 88' lang='lat' dir='ltr'><strong>putetis</strong></span> <span class='ocrx_word' id='word_1_390' title='bbox 1615 4454 1700 4494; x_wconf 89' lang='lat' dir='ltr'><strong>me</strong></span> <span class='ocrx_word' id='word_1_391' title='bbox 1726 4437 1830 4492; x_wconf 91' lang='lat' dir='ltr'><strong>hoc</strong></span> <span class='ocrx_word' id='word_1_392' title='bbox 1859 4438 2029 4492; x_wconf 91' lang='lat' dir='ltr'><strong>solum</strong></span> <span class='ocrx_word' id='word_1_393' title='bbox 2067 4451 2156 4491; x_wconf 81' lang='lat' dir='ltr'><strong>ve-</strong></span> 
     </span>
    </p>
   </div>
   <div class='ocr_carea' id='block_1_45' title="bbox 556 4527 2156 4604">
    <p class='ocr_par' dir='ltr' id='par_1_45' title="bbox 556 4527 2156 4604">
     <span class='ocr_line' id='line_1_45' title="bbox 556 4527 2156 4604; baseline -0.004 -15"><span class='ocrx_word' id='word_1_394' title='bbox 556 4535 654 4590; x_wconf 88' lang='lat' dir='ltr'><strong>stri</strong></span> <span class='ocrx_word' id='word_1_395' title='bbox 680 4534 850 4604; x_wconf 84' lang='lat' dir='ltr'><strong>gratia</strong></span> <span class='ocrx_word' id='word_1_396' title='bbox 871 4532 1082 4588; x_wconf 86' lang='lat' dir='ltr'><strong>fecisse.</strong></span> <span class='ocrx_word' id='word_1_397' title='bbox 1105 4532 1292 4588; x_wconf 87' lang='lat' dir='ltr'><strong>Statim</strong></span> <span class='ocrx_word' id='word_1_398' title='bbox 1314 4532 1456 4588; x_wconf 91' lang='lat' dir='ltr'><strong>enim</strong></span> <span class='ocrx_word' id='word_1_399' title='bbox 1487 4529 1708 4597; x_wconf 86' lang='lat' dir='ltr'><strong>Quando</strong></span> <span class='ocrx_word' id='word_1_400' title='bbox 1730 4529 1905 4584; x_wconf 71' lang='lat' dir='ltr'><strong>eduxit</strong></span> <span class='ocrx_word' id='word_1_401' title='bbox 1923 4544 2000 4582; x_wconf 89' lang='lat' dir='ltr'><strong>me</strong></span> <span class='ocrx_word' id='word_1_402' title='bbox 2019 4527 2156 4582; x_wconf 89' lang='lat' dir='ltr'><strong>Deus</strong></span> 
     </span>
    </p>
   </div>
   <div class='ocr_carea' id='block_1_46' title="bbox 560 4621 2155 4696">
    <p class='ocr_par' dir='ltr' id='par_1_46' title="bbox 560 4621 2155 4696">
     <span class='ocr_line' id='line_1_46' title="bbox 560 4621 2155 4696; baseline -0.003 -17"><span class='ocrx_word' id='word_1_403' title='bbox 560 4629 620 4680; x_wconf 83' lang='lat' dir='ltr'><strong>de</strong></span> <span class='ocrx_word' id='word_1_404' title='bbox 647 4627 796 4681; x_wconf 90' lang='lat' dir='ltr'><strong>domo</strong></span> <span class='ocrx_word' id='word_1_405' title='bbox 832 4627 990 4696; x_wconf 79' lang='lat' dir='ltr'><strong>patris</strong></span> <span class='ocrx_word' id='word_1_406' title='bbox 1017 4629 1136 4692; x_wconf 88' lang='lat' dir='ltr'><strong>mei,</strong></span> <span class='ocrx_word' id='word_1_407' title='bbox 1170 4626 1397 4680; x_wconf 88' lang='lat' dir='ltr'><strong>dicebam</strong></span> <span class='ocrx_word' id='word_1_408' title='bbox 1425 4624 1494 4678; x_wconf 92' lang='lat' dir='ltr'><strong>ad</strong></span> <span class='ocrx_word' id='word_1_409' title='bbox 1539 4639 1651 4678; x_wconf 87' lang='lat' dir='ltr'><strong>eam</strong></span> <span class='ocrx_word' id='word_1_410' title='bbox 1680 4639 1700 4678; x_wconf 83' lang='lat'><strong>.&#39;</strong></span> <span class='ocrx_word' id='word_1_411' title='bbox 1735 4621 1883 4676; x_wconf 85' lang='lat' dir='ltr'><strong>Hanc</strong></span> <span class='ocrx_word' id='word_1_412' title='bbox 1897 4621 2155 4692; x_wconf 82' lang='lat' dir='ltr'><strong>justitiam</strong></span> 
     </span>
    </p>
   </div>
   <div class='ocr_carea' id='block_1_47' title="bbox 559 4712 2156 4786">
    <p class='ocr_par' dir='ltr' id='par_1_47' title="bbox 559 4712 2156 4786">
     <span class='ocr_line' id='line_1_47' title="bbox 559 4712 2156 4786; baseline -0.001 -19"><span class='ocrx_word' id='word_1_413' title='bbox 559 4718 713 4786; x_wconf 78' lang='lat' dir='ltr'><strong>{acies</strong></span> <span class='ocrx_word' id='word_1_414' title='bbox 753 4717 876 4770; x_wconf 84' lang='lat' dir='ltr'><strong>mihi</strong></span> <span class='ocrx_word' id='word_1_415' title='bbox 905 4719 959 4770; x_wconf 88' lang='lat' dir='ltr'><strong>in</strong></span> <span class='ocrx_word' id='word_1_416' title='bbox 994 4718 1130 4771; x_wconf 88' lang='lat' dir='ltr'><strong>onmi</strong></span> <span class='ocrx_word' id='word_1_417' title='bbox 1158 4717 1267 4772; x_wconf 85' lang='lat' dir='ltr'><strong>loco</strong></span> <span class='ocrx_word' id='word_1_418' title='bbox 1294 4758 1309 4782; x_wconf 94' lang='lat'><strong>,</strong></span> <span class='ocrx_word' id='word_1_419' title='bbox 1353 4717 1409 4770; x_wconf 88' lang='lat' dir='ltr'><strong>in</strong></span> <span class='ocrx_word' id='word_1_420' title='bbox 1449 4731 1597 4786; x_wconf 89' lang='lat' dir='ltr'><strong>quem</strong></span> <span class='ocrx_word' id='word_1_421' title='bbox 1624 4714 1820 4770; x_wconf 88' lang='lat' dir='ltr'><strong>venturi</strong></span> <span class='ocrx_word' id='word_1_422' title='bbox 1849 4729 2044 4767; x_wconf 86' lang='lat' dir='ltr'><strong>sumus.</strong></span> <span class='ocrx_word' id='word_1_423' title='bbox 2081 4712 2156 4766; x_wconf 83' lang='lat' dir='ltr'><strong>De</strong></span> 
     </span>
    </p>
   </div>
   <div class='ocr_carea' id='block_1_48' title="bbox 555 4807 2156 4883">
    <p class='ocr_par' dir='ltr' id='par_1_48' title="bbox 555 4807 2156 4883">
     <span class='ocr_line' id='line_1_48' title="bbox 555 4807 2156 4883; baseline 0.001 -23"><span class='ocrx_word' id='word_1_424' title='bbox 555 4807 827 4876; x_wconf 81' lang='lat' dir='ltr'><strong>otiinibus,</strong></span> <span class='ocrx_word' id='word_1_425' title='bbox 857 4810 1046 4880; x_wconf 89' lang='lat' dir='ltr'><strong>inquit,</strong></span> <span class='ocrx_word' id='word_1_426' title='bbox 1076 4811 1165 4878; x_wconf 88' lang='lat' dir='ltr'><strong>qui</strong></span> <span class='ocrx_word' id='word_1_427' title='bbox 1199 4822 1394 4866; x_wconf 90' lang='lat' dir='ltr'><strong>terram</strong></span> <span class='ocrx_word' id='word_1_428' title='bbox 1412 4809 1553 4866; x_wconf 89' lang='lat' dir='ltr'><strong>hanc</strong></span> <span class='ocrx_word' id='word_1_429' title='bbox 1579 4809 1901 4877; x_wconf 86' lang='lat' dir='ltr'><strong>inhabitant,</strong></span> <span class='ocrx_word' id='word_1_430' title='bbox 1936 4807 2156 4883; x_wconf 85' lang='lat' dir='ltr'><strong>manda-</strong></span> 
     </span>
    </p>
   </div>
   <div class='ocr_carea' id='block_1_49' title="bbox 559 4898 2156 4956">
    <p class='ocr_par' dir='ltr' id='par_1_49' title="bbox 559 4898 2156 4956">
     <span class='ocr_line' id='line_1_49' title="bbox 559 4898 2156 4956; baseline 0.001 -3"><span class='ocrx_word' id='word_1_431' title='bbox 559 4911 670 4953; x_wconf 86' lang='lat' dir='ltr'><strong>tum</strong></span> <span class='ocrx_word' id='word_1_432' title='bbox 721 4898 771 4953; x_wconf 89' lang='lat' dir='ltr'><strong>ei</strong></span> <span class='ocrx_word' id='word_1_433' title='bbox 820 4898 940 4953; x_wconf 89' lang='lat' dir='ltr'><strong>dedi</strong></span> <span class='ocrx_word' id='word_1_434' title='bbox 965 4917 977 4953; x_wconf 95' lang='lat'>:</span> <span class='ocrx_word' id='word_1_435' title='bbox 1001 4909 1057 4954; x_wconf 89' lang='lat' dir='ltr'><strong>et</strong></span> <span class='ocrx_word' id='word_1_436' title='bbox 1083 4900 1264 4954; x_wconf 89' lang='lat' dir='ltr'><strong>docuit</strong></span> <span class='ocrx_word' id='word_1_437' title='bbox 1303 4901 1464 4956; x_wconf 89' lang='lat' dir='ltr'><strong>etiam</strong></span> <span class='ocrx_word' id='word_1_438' title='bbox 1493 4901 1572 4956; x_wconf 92' lang='lat' dir='ltr'><strong>sic</strong></span> <span class='ocrx_word' id='word_1_439' title='bbox 1612 4901 2005 4956; x_wconf 83' lang='lat' dir='ltr'><strong>simulationem</strong></span> <span class='ocrx_word' id='word_1_440' title='bbox 2038 4899 2156 4954; x_wconf 89' lang='lat' dir='ltr'><strong>sine</strong></span> 
     </span>
    </p>
   </div>
   <div class='ocr_carea' id='block_1_50' title="bbox 559 4988 2170 5046">
    <p class='ocr_par' dir='ltr' id='par_1_50' title="bbox 559 4988 2170 5046">
     <span class='ocr_line' id='line_1_50' title="bbox 559 4988 2170 5046; baseline -0.002 -2"><span class='ocrx_word' id='word_1_441' title='bbox 559 4988 838 5044; x_wconf 83' lang='lat' dir='ltr'><strong>mendacio</strong></span> <span class='ocrx_word' id='word_1_442' title='bbox 859 5002 1000 5044; x_wconf 86' lang='lat' dir='ltr'><strong>esse.</strong></span> <span class='ocrx_word' id='word_1_443' title='bbox 1030 4989 1216 5044; x_wconf 82' lang='lat' dir='ltr'><strong>Mortis</strong></span> <span class='ocrx_word' id='word_1_444' title='bbox 1251 4991 1393 5045; x_wconf 87' lang='lat' dir='ltr'><strong>enim</strong></span> <span class='ocrx_word' id='word_1_445' title='bbox 1425 4992 1585 5045; x_wconf 90' lang='lat' dir='ltr'><strong>timor</strong></span> <span class='ocrx_word' id='word_1_446' title='bbox 1632 4991 1698 5045; x_wconf 90' lang='lat' dir='ltr'><strong>ad</strong></span> <span class='ocrx_word' id='word_1_447' title='bbox 1739 4991 1842 5046; x_wconf 91' lang='lat' dir='ltr'><strong>hoc</strong></span> <span class='ocrx_word' id='word_1_448' title='bbox 1882 5005 1980 5045; x_wconf 91' lang='lat' dir='ltr'><strong>nos</strong></span> <span class='ocrx_word' id='word_1_449' title='bbox 2003 5006 2170 5046; x_wconf 83' lang='lat' dir='ltr'><strong>com-.</strong></span> 
     </span>
    </p>
   </div>
   <div class='ocr_carea' id='block_1_51' title="bbox 558 5079 2152 5153">
    <p class='ocr_par' dir='ltr' id='par_1_51' title="bbox 558 5079 2152 5153">
     <span class='ocr_line' id='line_1_51' title="bbox 558 5079 2152 5153; baseline 0.001 -18"><span class='ocrx_word' id='word_1_450' title='bbox 558 5083 712 5153; x_wconf 86' lang='lat' dir='ltr'><strong>pulit.</strong></span> <span class='ocrx_word' id='word_1_451' title='bbox 762 5079 888 5136; x_wconf 70' lang='lat' dir='ltr'><strong>llaic</strong></span> <span class='ocrx_word' id='word_1_452' title='bbox 919 5089 978 5136; x_wconf 89' lang='lat' dir='ltr'><strong>ut</strong></span> <span class='ocrx_word' id='word_1_453' title='bbox 1011 5080 1143 5136; x_wconf 79' lang='lat' dir='ltr'><strong>dixit</strong></span> <span class='ocrx_word' id='word_1_454' title='bbox 1189 5081 1364 5152; x_wconf 87' lang='lat' dir='ltr'><strong>justus</strong></span> <span class='ocrx_word' id='word_1_455' title='bbox 1393 5123 1410 5149; x_wconf 93' lang='lat'><strong>,</strong></span> <span class='ocrx_word' id='word_1_456' title='bbox 1457 5083 1590 5136; x_wconf 89' lang='lat' dir='ltr'><strong>iram</strong></span> <span class='ocrx_word' id='word_1_457' title='bbox 1629 5097 1814 5137; x_wconf 85' lang='lat' dir='ltr'><strong>eorum</strong></span> <span class='ocrx_word' id='word_1_458' title='bbox 1863 5082 2152 5150; x_wconf 83' lang='lat' dir='ltr'><strong>demulsit,</strong></span> 
     </span>
    </p>
   </div>
   <div class='ocr_carea' id='block_1_52' title="bbox 555 5174 2157 5246">
    <p class='ocr_par' dir='ltr' id='par_1_52' title="bbox 555 5174 2157 5246">
     <span class='ocr_line' id='line_1_52' title="bbox 555 5174 2157 5246; baseline -0.001 -15"><span class='ocrx_word' id='word_1_459' title='bbox 555 5189 819 5246; x_wconf 83' lang='lat' dir='ltr'><strong>suamque</strong></span> <span class='ocrx_word' id='word_1_460' title='bbox 844 5174 1045 5240; x_wconf 84' lang='lat' dir='ltr'><strong>detexit</strong></span> <span class='ocrx_word' id='word_1_461' title='bbox 1073 5174 1320 5229; x_wconf 60' lang='lat' dir='ltr'><strong>Virtutem</strong></span> <span class='ocrx_word' id='word_1_462' title='bbox 1353 5215 1368 5238; x_wconf 92' lang='lat'><strong>,</strong></span> <span class='ocrx_word' id='word_1_463' title='bbox 1421 5184 1474 5229; x_wconf 84' lang='lat' dir='ltr'><strong>et</strong></span> <span class='ocrx_word' id='word_1_464' title='bbox 1503 5175 1852 5230; x_wconf 82' lang='lat' dir='ltr'><strong>sufficientem</strong></span> <span class='ocrx_word' id='word_1_465' title='bbox 1884 5174 2157 5246; x_wconf 86' lang='lat' dir='ltr'><strong>religionis</strong></span> 
     </span>
    </p>
   </div>
   <div class='ocr_carea' id='block_1_53' title="bbox 557 5264 2153 5336">
    <p class='ocr_par' dir='ltr' id='par_1_53' title="bbox 557 5264 2153 5336">
     <span class='ocr_line' id='line_1_53' title="bbox 557 5264 2153 5336; baseline 0 -16"><span class='ocrx_word' id='word_1_466' title='bbox 557 5282 702 5322; x_wconf 78' lang='lat' dir='ltr'><strong>vera:</strong></span> <span class='ocrx_word' id='word_1_467' title='bbox 753 5265 1053 5321; x_wconf 87' lang='lat' dir='ltr'><strong>doctrinam</strong></span> <span class='ocrx_word' id='word_1_468' title='bbox 1101 5265 1180 5319; x_wconf 76' lang='lat' dir='ltr'><strong>eis</strong></span> <span class='ocrx_word' id='word_1_469' title='bbox 1224 5264 1460 5320; x_wconf 88' lang='lat' dir='ltr'><strong>tradidit.</strong></span> <span class='ocrx_word' id='word_1_470' title='bbox 1515 5265 1798 5321; x_wconf 80' lang='lat' dir='ltr'><strong>Reveritus</strong></span> <span class='ocrx_word' id='word_1_471' title='bbox 1843 5265 2004 5336; x_wconf 86' lang='lat' dir='ltr'><strong>igitur</strong></span> <span class='ocrx_word' id='word_1_472' title='bbox 2060 5281 2153 5322; x_wconf 80' lang='lat' dir='ltr'><strong>rex</strong></span> 
     </span>
    </p>
   </div>
   <div class='ocr_carea' id='block_1_54' title="bbox 560 5354 2156 5428">
    <p class='ocr_par' dir='ltr' id='par_1_54' title="bbox 560 5354 2156 5428">
     <span class='ocr_line' id='line_1_54' title="bbox 560 5354 2156 5428; baseline 0.001 -16"><span class='ocrx_word' id='word_1_473' title='bbox 560 5372 806 5428; x_wconf 82' lang='lat' dir='ltr'><strong>magnam</strong></span> <span class='ocrx_word' id='word_1_474' title='bbox 829 5357 959 5428; x_wconf 80' lang='lat' dir='ltr'><strong>justi</strong></span> <span class='ocrx_word' id='word_1_475' title='bbox 983 5354 1445 5411; x_wconf 86' lang='lat' dir='ltr'><strong>mansuetudinem</strong></span> <span class='ocrx_word' id='word_1_476' title='bbox 1471 5397 1486 5424; x_wconf 90' lang='lat'><strong>,</strong></span> <span class='ocrx_word' id='word_1_477' title='bbox 1517 5370 1706 5426; x_wconf 90' lang='lat' dir='ltr'><strong>magna</strong></span> <span class='ocrx_word' id='word_1_478' title='bbox 1734 5355 2050 5412; x_wconf 88' lang='lat' dir='ltr'><strong>liberalitate</strong></span> <span class='ocrx_word' id='word_1_479' title='bbox 2069 5372 2156 5413; x_wconf 91' lang='lat' dir='ltr'><strong>re-</strong></span> 
     </span>
    </p>
   </div>
   <div class='ocr_carea' id='block_1_55' title="bbox 561 5445 2157 5528">
    <p class='ocr_par' dir='ltr' id='par_1_55' title="bbox 561 5445 2157 5528">
     <span class='ocr_line' id='line_1_55' title="bbox 561 5445 2157 5528; baseline -0.002 -23"><span class='ocrx_word' id='word_1_480' title='bbox 561 5460 814 5507; x_wconf 85' lang='lat' dir='ltr'><strong>tnunerat</strong></span> <span class='ocrx_word' id='word_1_481' title='bbox 857 5448 1238 5528; x_wconf 85' lang='lat' dir='ltr'><strong>patriarcham.</strong></span> <span class='ocrx_word' id='word_1_482' title='bbox 1287 5447 1423 5504; x_wconf 86' lang='lat' dir='ltr'><strong>Dicit</strong></span> <span class='ocrx_word' id='word_1_483' title='bbox 1469 5449 1612 5502; x_wconf 92' lang='lat' dir='ltr'><strong>enim</strong></span> <span class='ocrx_word' id='word_1_484' title='bbox 1644 5447 1771 5512; x_wconf 64' lang='grc' dir='ltr'><strong>πμ.</strong></span> <span class='ocrx_word' id='word_1_485' title='bbox 1806 5445 2011 5519; x_wconf 81' lang='lat' dir='ltr'><strong>Accepit</strong></span> <span class='ocrx_word' id='word_1_486' title='bbox 2035 5448 2157 5502; x_wconf 80' lang='lat' dir='ltr'><strong>Abi-</strong></span> 
     </span>
    </p>
   </div>
   <div class='ocr_carea' id='block_1_56' title="bbox 625 5579 2155 5646">
    <p class='ocr_par' dir='ltr' id='par_1_56' title="bbox 625 5579 2155 5646">
     <span class='ocr_line' id='line_1_56' title="bbox 625 5579 2155 5646; baseline 0 -16"><span class='ocrx_word' id='word_1_487' title='bbox 625 5581 698 5646; x_wconf 82' lang='grc' dir='ltr'><strong>(α)</strong></span> <span class='ocrx_word' id='word_1_488' title='bbox 732 5581 1189 5646; x_wconf 60' lang='lat' dir='ltr'><strong>timeAbrabamum</strong></span> <span class='ocrx_word' id='word_1_489' title='bbox 1210 5580 1523 5646; x_wconf 48' lang='lat' dir='ltr'><strong>loquentem</strong></span> <span class='ocrx_word' id='word_1_490' title='bbox 1569 5579 1751 5646; x_wconf 80' lang='lat' dir='ltr'><strong>inducit</strong></span> <span class='ocrx_word' id='word_1_491' title='bbox 1765 5582 2155 5646; x_wconf 59' lang='lat' dir='ltr'><strong>ghrg&#39;sostomus,</strong></span> 
     </span>
    </p>
   </div>
   <div class='ocr_carea' id='block_1_57' title="bbox 557 5641 2160 5706">
    <p class='ocr_par' dir='ltr' id='par_1_57' title="bbox 557 5641 2160 5706">
     <span class='ocr_line' id='line_1_57' title="bbox 557 5641 2160 5706; baseline 0.001 -14"><span class='ocrx_word' id='word_1_492' title='bbox 557 5641 698 5706; x_wconf 73' lang='lat' dir='ltr'><strong>quasi</strong></span> <span class='ocrx_word' id='word_1_493' title='bbox 719 5641 945 5706; x_wconf 74' lang='lat' dir='ltr'><strong>videlicet</strong></span> <span class='ocrx_word' id='word_1_494' title='bbox 965 5643 1243 5696; x_wconf 65' lang='lat' dir='ltr'><strong>Abimelech</strong></span> <span class='ocrx_word' id='word_1_495' title='bbox 1267 5641 1320 5696; x_wconf 79' lang='lat' dir='ltr'><strong>ei</strong></span> <span class='ocrx_word' id='word_1_496' title='bbox 1341 5641 1522 5695; x_wconf 79' lang='lat' dir='ltr'><strong>subditi</strong></span> <span class='ocrx_word' id='word_1_497' title='bbox 1545 5644 1672 5694; x_wconf 86' lang='lat' dir='ltr'><strong>circa</strong></span> <span class='ocrx_word' id='word_1_498' title='bbox 1705 5641 2160 5706; x_wconf 13' lang='lat' dir='ltr'><strong>religionemrerra-</strong></span> 
     </span>
    </p>
   </div>
   <div class='ocr_carea' id='block_1_58' title="bbox 559 5703 2157 5766">
    <p class='ocr_par' dir='ltr' id='par_1_58' title="bbox 559 5703 2157 5766">
     <span class='ocr_line' id='line_1_58' title="bbox 559 5703 2157 5766; baseline 0 -13"><span class='ocrx_word' id='word_1_499' title='bbox 559 5703 689 5766; x_wconf 69' lang='lat' dir='ltr'><strong>r&#39;ent.</strong></span> <span class='ocrx_word' id='word_1_500' title='bbox 719 5703 768 5766; x_wconf 82' lang='lat' dir='ltr'><strong>Id</strong></span> <span class='ocrx_word' id='word_1_501' title='bbox 787 5709 973 5766; x_wconf 21' lang='lat' dir='ltr'><strong>tamen,</strong></span> <span class='ocrx_word' id='word_1_502' title='bbox 996 5706 1250 5766; x_wconf 61' lang='lat' dir='ltr'><strong>Scriptura!</strong></span> <span class='ocrx_word' id='word_1_503' title='bbox 1272 5707 1420 5755; x_wconf 87' lang='lat' dir='ltr'><strong>seriei</strong></span> <span class='ocrx_word' id='word_1_504' title='bbox 1461 5718 1558 5755; x_wconf 90' lang='lat' dir='ltr'><strong>non</strong></span> <span class='ocrx_word' id='word_1_505' title='bbox 1590 5703 1827 5766; x_wconf 79' lang='lat' dir='ltr'><strong>consonat</strong></span> <span class='ocrx_word' id='word_1_506' title='bbox 1849 5718 1861 5754; x_wconf 91' lang='lat'><strong>:</strong></span> <span class='ocrx_word' id='word_1_507' title='bbox 1890 5705 2157 5766; x_wconf 81' lang='lat' dir='ltr'><strong>exhibetur</strong></span> 
     </span>
    </p>
   </div>
   <div class='ocr_carea' id='block_1_59' title="bbox 561 5763 2156 5826">
    <p class='ocr_par' dir='ltr' id='par_1_59' title="bbox 561 5763 2156 5826">
     <span class='ocr_line' id='line_1_59' title="bbox 561 5763 2156 5826; baseline 0.001 -14"><span class='ocrx_word' id='word_1_508' title='bbox 561 5764 694 5826; x_wconf 85' lang='lat' dir='ltr'><strong>enim</strong></span> <span class='ocrx_word' id='word_1_509' title='bbox 717 5763 995 5813; x_wconf 74' lang='lat' dir='ltr'><strong>Abimelech</strong></span> <span class='ocrx_word' id='word_1_510' title='bbox 1017 5763 1155 5826; x_wconf 77' lang='lat' dir='ltr'><strong>quasi</strong></span> <span class='ocrx_word' id='word_1_511' title='bbox 1177 5778 1275 5814; x_wconf 87' lang='lat' dir='ltr'><strong>non</strong></span> <span class='ocrx_word' id='word_1_512' title='bbox 1305 5766 1450 5816; x_wconf 88' lang='lat' dir='ltr'><strong>modo</strong></span> <span class='ocrx_word' id='word_1_513' title='bbox 1473 5767 1578 5814; x_wconf 89' lang='lat' dir='ltr'><strong>veri</strong></span> <span class='ocrx_word' id='word_1_514' title='bbox 1603 5767 1688 5815; x_wconf 89' lang='lat' dir='ltr'><strong>Dei</strong></span> <span class='ocrx_word' id='word_1_515' title='bbox 1704 5765 1876 5825; x_wconf 85' lang='lat' dir='ltr'><strong>cultor,</strong></span> <span class='ocrx_word' id='word_1_516' title='bbox 1901 5765 1991 5814; x_wconf 88' lang='lat' dir='ltr'><strong>sed</strong></span> <span class='ocrx_word' id='word_1_517' title='bbox 2011 5766 2156 5814; x_wconf 84' lang='lat' dir='ltr'><strong>etiam</strong></span> 
     </span>
    </p>
   </div>
   <div class='ocr_carea' id='block_1_60' title="bbox 561 5825 2158 5894">
    <p class='ocr_par' dir='ltr' id='par_1_60' title="bbox 561 5825 2158 5894">
     <span class='ocr_line' id='line_1_60' title="bbox 561 5825 2158 5894; baseline 0.003 -23"><span class='ocrx_word' id='word_1_518' title='bbox 561 5825 690 5894; x_wconf 58' lang='lat' dir='ltr'><strong>sequi</strong></span> <span class='ocrx_word' id='word_1_519' title='bbox 713 5836 895 5894; x_wconf 68' lang='lat' dir='ltr'><strong>amans.</strong></span> <span class='ocrx_word' id='word_1_520' title='bbox 917 5827 1070 5894; x_wconf 80' lang='lat' dir='ltr'><strong>_Quod</strong></span> <span class='ocrx_word' id='word_1_521' title='bbox 1086 5828 1237 5894; x_wconf 73' lang='lat' dir='ltr'><strong>enim</strong></span> <span class='ocrx_word' id='word_1_522' title='bbox 1268 5829 1499 5894; x_wconf 57' lang='lat' dir='ltr'><strong>attraham</strong></span> <span class='ocrx_word' id='word_1_523' title='bbox 1521 5827 1655 5885; x_wconf 85' lang='lat' dir='ltr'><strong>dicit,</strong></span> <span class='ocrx_word' id='word_1_524' title='bbox 1679 5835 1816 5894; x_wconf 69' lang='lat' dir='ltr'><strong>Nam</strong></span> <span class='ocrx_word' id='word_1_525' title='bbox 1825 5827 1947 5889; x_wconf 83' lang='lat' dir='ltr'><strong>forte</strong></span> <span class='ocrx_word' id='word_1_526' title='bbox 1968 5837 2062 5894; x_wconf 82' lang='lat' dir='ltr'><strong>non</strong></span> <span class='ocrx_word' id='word_1_527' title='bbox 2084 5834 2158 5894; x_wconf 75' lang='lat' dir='ltr'><strong>est</strong></span> 
     </span>
    </p>
   </div>
   <div class='ocr_carea' id='block_1_61' title="bbox 560 5884 2155 5951">
    <p class='ocr_par' dir='ltr' id='par_1_61' title="bbox 560 5884 2155 5951">
     <span class='ocr_line' id='line_1_61' title="bbox 560 5884 2155 5951; baseline 0.005 -19"><span class='ocrx_word' id='word_1_528' title='bbox 560 5884 704 5951; x_wconf 71' lang='lat' dir='ltr'><strong>timor</strong></span> <span class='ocrx_word' id='word_1_529' title='bbox 728 5884 817 5934; x_wconf 81' lang='lat' dir='ltr'><strong>Dei</strong></span> <span class='ocrx_word' id='word_1_530' title='bbox 837 5884 887 5933; x_wconf 86' lang='lat' dir='ltr'><strong>in</strong></span> <span class='ocrx_word' id='word_1_531' title='bbox 911 5884 1012 5935; x_wconf 84' lang='lat' dir='ltr'><strong>loco</strong></span> <span class='ocrx_word' id='word_1_532' title='bbox 1033 5886 1123 5937; x_wconf 83' lang='lat' dir='ltr'><strong>isto</strong></span> <span class='ocrx_word' id='word_1_533' title='bbox 1144 5887 1167 5951; x_wconf 62' lang='grc'><em>2</em></span> <span class='ocrx_word' id='word_1_534' title='bbox 1191 5887 1237 5935; x_wconf 92' lang='lat' dir='ltr'><strong>id</strong></span> <span class='ocrx_word' id='word_1_535' title='bbox 1267 5888 1532 5951; x_wconf 80' lang='lat' dir='ltr'><strong>dubitantis</strong></span> <span class='ocrx_word' id='word_1_536' title='bbox 1554 5884 1690 5936; x_wconf 88' lang='lat' dir='ltr'><strong>more</strong></span> <span class='ocrx_word' id='word_1_537' title='bbox 1727 5884 1861 5951; x_wconf 76' lang='lat' dir='ltr'><strong>dicit,</strong></span> <span class='ocrx_word' id='word_1_538' title='bbox 1903 5889 2017 5951; x_wconf 85' lang='lat' dir='ltr'><strong>quia</strong></span> <span class='ocrx_word' id='word_1_539' title='bbox 2039 5888 2155 5940; x_wconf 83' lang='lat' dir='ltr'><strong>reli-</strong></span> 
     </span>
    </p>
   </div>
   <div class='ocr_carea' id='block_1_62' title="bbox 558 5944 1824 6013">
    <p class='ocr_par' dir='ltr' id='par_1_62' title="bbox 558 5944 1824 6013">
     <span class='ocr_line' id='line_1_62' title="bbox 558 5944 1824 6013; baseline 0.006 -19"><span class='ocrx_word' id='word_1_540' title='bbox 558 5944 679 6004; x_wconf 74' lang='lat' dir='ltr'><strong>gion</strong></span> <span class='ocrx_word' id='word_1_541' title='bbox 691 5959 738 5996; x_wconf 66' lang='grc' dir='ltr'><strong>ης</strong></span> <span class='ocrx_word' id='word_1_542' title='bbox 759 5953 810 5998; x_wconf 87' lang='lat' dir='ltr'><strong>et</strong></span> <span class='ocrx_word' id='word_1_543' title='bbox 833 5957 996 5998; x_wconf 82' lang='lat' dir='ltr'><strong>mores</strong></span> <span class='ocrx_word' id='word_1_544' title='bbox 1018 5949 1184 6009; x_wconf 75' lang='lat' dir='ltr'><strong>gentis</strong></span> <span class='ocrx_word' id='word_1_545' title='bbox 1207 5948 1417 5998; x_wconf 85' lang='lat' dir='ltr'><strong>nondum</strong></span> <span class='ocrx_word' id='word_1_546' title='bbox 1441 5958 1678 6013; x_wconf 84' lang='lat' dir='ltr'><strong>expertus</strong></span> <span class='ocrx_word' id='word_1_547' title='bbox 1701 5957 1824 6002; x_wconf 80' lang='lat' dir='ltr'><strong>erat.</strong></span> 
     </span>
    </p>
   </div>
   <div class='ocr_carea' id='block_1_63' title="bbox 1339 439 3142 509">
    <p class='ocr_par' dir='ltr' id='par_1_63' title="bbox 1339 439 3142 509">
     <span class='ocr_line' id='line_1_63' title="bbox 1339 439 3142 509; baseline -0.007 -1"><span class='ocrx_word' id='word_1_548' title='bbox 1339 450 1395 509; x_wconf 81' lang='lat' dir='ltr'><strong>S.</strong></span> <span class='ocrx_word' id='word_1_549' title='bbox 1437 449 1718 508; x_wconf 74' lang='lat' dir='ltr'><strong>JOANNIS</strong></span> <span class='ocrx_word' id='word_1_550' title='bbox 1749 441 2220 505; x_wconf 72' lang='lat' dir='ltr'><strong>CHRYSOSTOMI</strong></span> <span class='ocrx_word' id='word_1_551' title='bbox 2249 440 2567 500; x_wconf 78' lang='lat' dir='ltr'><strong>ARCHIEP.</strong></span> <span class='ocrx_word' id='word_1_552' title='bbox 2610 439 3142 499; x_wconf 78' lang='lat' dir='ltr'><strong>CONSTANTINOP.</strong></span> 
     </span>
    </p>
   </div>
   <div class='ocr_carea' id='block_1_64' title="bbox 3741 444 3850 509">
    <p class='ocr_par' dir='ltr' id='par_1_64' title="bbox 3741 444 3850 509">
     <span class='ocr_line' id='line_1_64' title="bbox 3741 444 3850 509; baseline 0 0"><span class='ocrx_word' id='word_1_553' title='bbox 3741 444 3850 509; x_wconf 56' lang='grc' dir='ltr'><strong>ια)</strong></span> 
     </span>
    </p>
   </div>
   <div class='ocr_carea' id='block_1_65' title="bbox 2240 555 3844 624">
    <p class='ocr_par' dir='ltr' id='par_1_65' title="bbox 2240 555 3844 624">
     <span class='ocr_line' id='line_1_65' title="bbox 2240 555 3844 624; baseline 0 -12"><span class='ocrx_word' id='word_1_554' title='bbox 2240 557 2432 612; x_wconf 83' lang='lat' dir='ltr'><strong>melech</strong></span> <span class='ocrx_word' id='word_1_555' title='bbox 2456 555 2598 613; x_wconf 79' lang='lat' dir='ltr'><strong>mille</strong></span> <span class='ocrx_word' id='word_1_556' title='bbox 2625 557 2954 612; x_wconf 70' lang='lat' dir='ltr'><strong>didrachmas</strong></span> <span class='ocrx_word' id='word_1_557' title='bbox 2977 596 2993 624; x_wconf 87' lang='lat'><strong>,</strong></span> <span class='ocrx_word' id='word_1_558' title='bbox 3019 566 3067 612; x_wconf 83' lang='lat' dir='ltr'><strong>et</strong></span> <span class='ocrx_word' id='word_1_559' title='bbox 3095 571 3238 623; x_wconf 85' lang='lat' dir='ltr'><strong>oves,</strong></span> <span class='ocrx_word' id='word_1_560' title='bbox 3267 563 3312 611; x_wconf 89' lang='lat' dir='ltr'><strong>et</strong></span> <span class='ocrx_word' id='word_1_561' title='bbox 3333 555 3541 624; x_wconf 89' lang='lat' dir='ltr'><strong>vitulos,</strong></span> <span class='ocrx_word' id='word_1_562' title='bbox 3570 564 3620 612; x_wconf 85' lang='lat' dir='ltr'><strong>et</strong></span> <span class='ocrx_word' id='word_1_563' title='bbox 3648 573 3844 621; x_wconf 74' lang='lat' dir='ltr'><strong>servos.</strong></span> 
     </span>
    </p>
   </div>
   <div class='ocr_carea' id='block_1_66' title="bbox 2238 649 3848 720">
    <p class='ocr_par' dir='ltr' id='par_1_66' title="bbox 2238 649 3848 720">
     <span class='ocr_line' id='line_1_66' title="bbox 2238 649 3848 720; baseline 0.002 -16"><span class='ocrx_word' id='word_1_564' title='bbox 2238 661 2284 705; x_wconf 85' lang='lat' dir='ltr'><strong>et</strong></span> <span class='ocrx_word' id='word_1_565' title='bbox 2310 651 2530 706; x_wconf 79' lang='lat' dir='ltr'><strong>ancillas</strong></span> <span class='ocrx_word' id='word_1_566' title='bbox 2554 693 2570 720; x_wconf 92' lang='lat'><strong>,</strong></span> <span class='ocrx_word' id='word_1_567' title='bbox 2615 661 2664 707; x_wconf 88' lang='lat' dir='ltr'><strong>ct</strong></span> <span class='ocrx_word' id='word_1_568' title='bbox 2711 650 2933 706; x_wconf 83' lang='lat' dir='ltr'><strong>reddidit</strong></span> <span class='ocrx_word' id='word_1_569' title='bbox 2959 651 3036 706; x_wconf 82' lang='lat' dir='ltr'><strong>illi</strong></span> <span class='ocrx_word' id='word_1_570' title='bbox 3065 649 3284 708; x_wconf 82' lang='lat' dir='ltr'><strong>Sarram</strong></span> <span class='ocrx_word' id='word_1_571' title='bbox 3311 666 3523 707; x_wconf 69' lang='lat' dir='ltr'><strong>uxorem</strong></span> <span class='ocrx_word' id='word_1_572' title='bbox 3552 668 3723 708; x_wconf 81' lang='lat' dir='ltr'><strong>suam.</strong></span> <span class='ocrx_word' id='word_1_573' title='bbox 3757 651 3848 708; x_wconf 85' lang='lat' dir='ltr'><strong>Vi-</strong></span> 
     </span>
    </p>
   </div>
   <div class='ocr_carea' id='block_1_67' title="bbox 2238 743 3849 816">
    <p class='ocr_par' dir='ltr' id='par_1_67' title="bbox 2238 743 3849 816">
     <span class='ocr_line' id='line_1_67' title="bbox 2238 743 3849 816; baseline 0 -16"><span class='ocrx_word' id='word_1_574' title='bbox 2238 744 2366 800; x_wconf 89' lang='lat' dir='ltr'><strong>disti</strong></span> <span class='ocrx_word' id='word_1_575' title='bbox 2394 786 2410 811; x_wconf 94' lang='lat'><strong>,</strong></span> <span class='ocrx_word' id='word_1_576' title='bbox 2442 743 2635 800; x_wconf 86' lang='lat' dir='ltr'><strong>dilecte</strong></span> <span class='ocrx_word' id='word_1_577' title='bbox 2657 784 2674 810; x_wconf 92' lang='lat'><strong>,</strong></span> <span class='ocrx_word' id='word_1_578' title='bbox 2706 746 3128 814; x_wconf 87' lang='lat' dir='ltr'><strong>omnipotentem</strong></span> <span class='ocrx_word' id='word_1_579' title='bbox 3171 753 3225 800; x_wconf 89' lang='lat' dir='ltr'><strong>et</strong></span> <span class='ocrx_word' id='word_1_580' title='bbox 3270 745 3473 801; x_wconf 85' lang='lat' dir='ltr'><strong>variam</strong></span> <span class='ocrx_word' id='word_1_581' title='bbox 3500 744 3601 802; x_wconf 87' lang='lat' dir='ltr'><strong>Dei</strong></span> <span class='ocrx_word' id='word_1_582' title='bbox 3629 745 3849 816; x_wconf 79' lang='lat' dir='ltr'><strong>sapien-</strong></span> 
     </span>
    </p>
   </div>
   <div class='ocr_carea' id='block_1_68' title="bbox 2241 837 3848 909">
    <p class='ocr_par' dir='ltr' id='par_1_68' title="bbox 2241 837 3848 909">
     <span class='ocr_line' id='line_1_68' title="bbox 2241 837 3848 909; baseline 0.002 -17"><span class='ocrx_word' id='word_1_583' title='bbox 2241 837 2368 893; x_wconf 86' lang='lat' dir='ltr'><strong>tiam</strong></span> <span class='ocrx_word' id='word_1_584' title='bbox 2390 839 2414 892; x_wconf 65' lang='grc' dir='ltr'><strong>’ἒ</strong></span> <span class='ocrx_word' id='word_1_585' title='bbox 2433 837 2534 906; x_wconf 87' lang='lat' dir='ltr'><strong>Qui</strong></span> <span class='ocrx_word' id='word_1_586' title='bbox 2561 839 2704 894; x_wconf 89' lang='lat' dir='ltr'><strong>enim</strong></span> <span class='ocrx_word' id='word_1_587' title='bbox 2731 839 2784 893; x_wconf 91' lang='lat' dir='ltr'><strong>in</strong></span> <span class='ocrx_word' id='word_1_588' title='bbox 2815 839 3006 894; x_wconf 88' lang='lat' dir='ltr'><strong>mortis</strong></span> <span class='ocrx_word' id='word_1_589' title='bbox 3041 839 3280 909; x_wconf 89' lang='lat' dir='ltr'><strong>periculo</strong></span> <span class='ocrx_word' id='word_1_590' title='bbox 3317 841 3644 897; x_wconf 79' lang='lat' dir='ltr'><strong>constitutus</strong></span> <span class='ocrx_word' id='word_1_591' title='bbox 3677 851 3800 898; x_wconf 81' lang='lat' dir='ltr'><strong>erat</strong></span> <span class='ocrx_word' id='word_1_592' title='bbox 3831 883 3848 908; x_wconf 86' lang='lat'><strong>,</strong></span> 
     </span>
    </p>
   </div>
   <div class='ocr_carea' id='block_1_69' title="bbox 2241 929 3851 1002">
    <p class='ocr_par' dir='ltr' id='par_1_69' title="bbox 2241 929 3851 1002">
     <span class='ocr_line' id='line_1_69' title="bbox 2241 929 3851 1002; baseline 0.001 -15"><span class='ocrx_word' id='word_1_593' title='bbox 2241 939 2295 987; x_wconf 91' lang='lat' dir='ltr'><strong>et</strong></span> <span class='ocrx_word' id='word_1_594' title='bbox 2315 931 2494 986; x_wconf 88' lang='lat' dir='ltr'><strong>omnia</strong></span> <span class='ocrx_word' id='word_1_595' title='bbox 2515 929 2748 986; x_wconf 85' lang='lat' dir='ltr'><strong>faciebat</strong></span> <span class='ocrx_word' id='word_1_596' title='bbox 2770 940 2828 986; x_wconf 90' lang='lat' dir='ltr'><strong>ut</strong></span> <span class='ocrx_word' id='word_1_597' title='bbox 2851 939 3078 986; x_wconf 90' lang='lat' dir='ltr'><strong>mortem</strong></span> <span class='ocrx_word' id='word_1_598' title='bbox 3111 939 3294 1002; x_wconf 88' lang='lat' dir='ltr'><strong>posset</strong></span> <span class='ocrx_word' id='word_1_599' title='bbox 3320 931 3558 1002; x_wconf 74' lang='lat' dir='ltr'><strong>eﬂ&#39;ugere</strong></span> <span class='ocrx_word' id='word_1_600' title='bbox 3579 975 3594 997; x_wconf 94' lang='lat'><strong>,</strong></span> <span class='ocrx_word' id='word_1_601' title='bbox 3627 948 3737 988; x_wconf 87' lang='lat' dir='ltr'><strong>non</strong></span> <span class='ocrx_word' id='word_1_602' title='bbox 3761 948 3851 989; x_wconf 85' lang='lat' dir='ltr'><strong>so-</strong></span> 
     </span>
    </p>
   </div>
   <div class='ocr_carea' id='block_1_70' title="bbox 2240 1021 3850 1095">
    <p class='ocr_par' dir='ltr' id='par_1_70' title="bbox 2240 1021 3850 1095">
     <span class='ocr_line' id='line_1_70' title="bbox 2240 1021 3850 1095; baseline 0.002 -17"><span class='ocrx_word' id='word_1_603' title='bbox 2240 1023 2352 1078; x_wconf 89' lang='lat' dir='ltr'><strong>lum</strong></span> <span class='ocrx_word' id='word_1_604' title='bbox 2379 1032 2606 1078; x_wconf 90' lang='lat' dir='ltr'><strong>mortem</strong></span> <span class='ocrx_word' id='word_1_605' title='bbox 2633 1021 2837 1092; x_wconf 83' lang='lat' dir='ltr'><strong>effugit,</strong></span> <span class='ocrx_word' id='word_1_606' title='bbox 2859 1022 2954 1079; x_wconf 91' lang='lat' dir='ltr'><strong>sed</strong></span> <span class='ocrx_word' id='word_1_607' title='bbox 2977 1031 3030 1077; x_wconf 92' lang='lat' dir='ltr'><strong>et</strong></span> <span class='ocrx_word' id='word_1_608' title='bbox 3045 1038 3290 1094; x_wconf 87' lang='lat' dir='ltr'><strong>magnam</strong></span> <span class='ocrx_word' id='word_1_609' title='bbox 3312 1023 3544 1080; x_wconf 82' lang='lat' dir='ltr'><strong>obtinuit</strong></span> <span class='ocrx_word' id='word_1_610' title='bbox 3566 1024 3850 1095; x_wconf 76' lang='lat' dir='ltr'><strong>ﬁduciam,</strong></span> 
     </span>
    </p>
   </div>
   <div class='ocr_carea' id='block_1_71' title="bbox 2241 1111 3480 1185">
    <p class='ocr_par' dir='ltr' id='par_1_71' title="bbox 2241 1111 3480 1185">
     <span class='ocr_line' id='line_1_71' title="bbox 2241 1111 3480 1185; baseline -0.002 -15"><span class='ocrx_word' id='word_1_611' title='bbox 2241 1123 2298 1170; x_wconf 90' lang='lat' dir='ltr'><strong>et</strong></span> <span class='ocrx_word' id='word_1_612' title='bbox 2326 1123 2546 1184; x_wconf 90' lang='lat' dir='ltr'><strong>repente</strong></span> <span class='ocrx_word' id='word_1_613' title='bbox 2569 1113 2834 1185; x_wconf 89' lang='lat' dir='ltr'><strong>gloriosus</strong></span> <span class='ocrx_word' id='word_1_614' title='bbox 2859 1115 3028 1170; x_wconf 89' lang='lat' dir='ltr'><strong>factus</strong></span> <span class='ocrx_word' id='word_1_615' title='bbox 3052 1123 3156 1170; x_wconf 91' lang='lat' dir='ltr'><strong>est.</strong></span> <span class='ocrx_word' id='word_1_616' title='bbox 3477 1111 3480 1114; x_wconf 78' lang='grc'><strong>’</strong></span> 
     </span>
    </p>
   </div>
   <div class='ocr_carea' id='block_1_72' title="bbox 2316 1205 3850 1278">
    <p class='ocr_par' dir='ltr' id='par_1_72' title="bbox 2316 1205 3850 1278">
     <span class='ocr_line' id='line_1_72' title="bbox 2316 1205 3850 1278; baseline 0.005 -17"><span class='ocrx_word' id='word_1_617' title='bbox 2316 1206 2372 1261; x_wconf 83' lang='grc'><strong>5.</strong></span> <span class='ocrx_word' id='word_1_618' title='bbox 2401 1205 2458 1260; x_wconf 91' lang='lat' dir='ltr'><strong>lu</strong></span> <span class='ocrx_word' id='word_1_619' title='bbox 2489 1205 2633 1261; x_wconf 91' lang='lat' dir='ltr'><strong>hunc</strong></span> <span class='ocrx_word' id='word_1_620' title='bbox 2657 1207 2799 1262; x_wconf 89' lang='lat' dir='ltr'><strong>enim</strong></span> <span class='ocrx_word' id='word_1_621' title='bbox 2819 1205 3037 1262; x_wconf 92' lang='lat' dir='ltr'><strong>modum</strong></span> <span class='ocrx_word' id='word_1_622' title='bbox 3053 1222 3215 1278; x_wconf 89' lang='lat' dir='ltr'><strong>agere</strong></span> <span class='ocrx_word' id='word_1_623' title='bbox 3236 1207 3374 1264; x_wconf 90' lang='lat' dir='ltr'><strong>solet</strong></span> <span class='ocrx_word' id='word_1_624' title='bbox 3399 1208 3542 1266; x_wconf 90' lang='lat' dir='ltr'><strong>Deus</strong></span> <span class='ocrx_word' id='word_1_625' title='bbox 3572 1227 3588 1265; x_wconf 91' lang='lat'><strong>:</strong></span> <span class='ocrx_word' id='word_1_626' title='bbox 3617 1225 3726 1267; x_wconf 89' lang='lat' dir='ltr'><strong>non</strong></span> <span class='ocrx_word' id='word_1_627' title='bbox 3751 1225 3850 1268; x_wconf 81' lang='lat' dir='ltr'><strong>so-</strong></span> 
     </span>
    </p>
   </div>
   <div class='ocr_carea' id='block_1_73' title="bbox 2243 1297 3851 1374">
    <p class='ocr_par' dir='ltr' id='par_1_73' title="bbox 2243 1297 3851 1374">
     <span class='ocr_line' id='line_1_73' title="bbox 2243 1297 3851 1374; baseline 0.004 -21"><span class='ocrx_word' id='word_1_628' title='bbox 2243 1297 2354 1354; x_wconf 92' lang='lat' dir='ltr'><strong>lum</strong></span> <span class='ocrx_word' id='word_1_629' title='bbox 2385 1313 2414 1352; x_wconf 90' lang='lat' dir='ltr'><strong>a</strong></span> <span class='ocrx_word' id='word_1_630' title='bbox 2451 1297 2692 1354; x_wconf 89' lang='lat' dir='ltr'><strong>tristibus</strong></span> <span class='ocrx_word' id='word_1_631' title='bbox 2725 1297 2918 1354; x_wconf 85' lang='lat' dir='ltr'><strong>liberat</strong></span> <span class='ocrx_word' id='word_1_632' title='bbox 2959 1313 3053 1355; x_wconf 86' lang='lat' dir='ltr'><strong>cos</strong></span> <span class='ocrx_word' id='word_1_633' title='bbox 3094 1300 3186 1370; x_wconf 89' lang='lat' dir='ltr'><strong>qui</strong></span> <span class='ocrx_word' id='word_1_634' title='bbox 3222 1298 3436 1357; x_wconf 89' lang='lat' dir='ltr'><strong>fortiter</strong></span> <span class='ocrx_word' id='word_1_635' title='bbox 3477 1317 3538 1358; x_wconf 91' lang='lat' dir='ltr'><strong>se</strong></span> <span class='ocrx_word' id='word_1_636' title='bbox 3571 1315 3766 1374; x_wconf 89' lang='lat' dir='ltr'><strong>gerunt</strong></span> <span class='ocrx_word' id='word_1_637' title='bbox 3795 1307 3851 1359; x_wconf 87' lang='lat' dir='ltr'><strong>in</strong></span> 
     </span>
    </p>
   </div>
   <div class='ocr_carea' id='block_1_74' title="bbox 2246 1389 3856 1463">
    <p class='ocr_par' dir='ltr' id='par_1_74' title="bbox 2246 1389 3856 1463">
     <span class='ocr_line' id='line_1_74' title="bbox 2246 1389 3856 1463; baseline 0.005 -19"><span class='ocrx_word' id='word_1_638' title='bbox 2246 1389 2630 1447; x_wconf 88' lang='lat' dir='ltr'><strong>tentationibus</strong></span> <span class='ocrx_word' id='word_1_639' title='bbox 2648 1432 2664 1459; x_wconf 92' lang='lat'><strong>,</strong></span> <span class='ocrx_word' id='word_1_640' title='bbox 2696 1391 2749 1446; x_wconf 91' lang='lat' dir='ltr'><strong>in</strong></span> <span class='ocrx_word' id='word_1_641' title='bbox 2775 1406 2910 1463; x_wconf 88' lang='lat' dir='ltr'><strong>quas</strong></span> <span class='ocrx_word' id='word_1_642' title='bbox 2929 1391 3208 1460; x_wconf 87' lang='lat' dir='ltr'><strong>incidunt;</strong></span> <span class='ocrx_word' id='word_1_643' title='bbox 3240 1393 3336 1449; x_wconf 88' lang='lat' dir='ltr'><strong>sed</strong></span> <span class='ocrx_word' id='word_1_644' title='bbox 3361 1403 3415 1450; x_wconf 92' lang='lat' dir='ltr'><strong>et</strong></span> <span class='ocrx_word' id='word_1_645' title='bbox 3439 1402 3642 1451; x_wconf 85' lang='lat' dir='ltr'><strong>tantam</strong></span> <span class='ocrx_word' id='word_1_646' title='bbox 3669 1396 3723 1451; x_wconf 91' lang='lat' dir='ltr'><strong>in</strong></span> <span class='ocrx_word' id='word_1_647' title='bbox 3752 1396 3856 1452; x_wconf 80' lang='lat' dir='ltr'><strong>sd-</strong></span> 
     </span>
    </p>
   </div>
   <div class='ocr_carea' id='block_1_75' title="bbox 2246 1485 3852 1557">
    <p class='ocr_par' dir='ltr' id='par_1_75' title="bbox 2246 1485 3852 1557">
     <span class='ocr_line' id='line_1_75' title="bbox 2246 1485 3852 1557; baseline 0.004 -17"><span class='ocrx_word' id='word_1_648' title='bbox 2246 1486 2416 1542; x_wconf 70' lang='lat' dir='ltr'><strong>Versis</strong></span> <span class='ocrx_word' id='word_1_649' title='bbox 2443 1485 2647 1557; x_wconf 68' lang='lat' dir='ltr'><strong>praebet</strong></span> <span class='ocrx_word' id='word_1_650' title='bbox 2675 1485 2934 1552; x_wconf 63' lang='lat' dir='ltr'><strong>laetitiam,</strong></span> <span class='ocrx_word' id='word_1_651' title='bbox 2967 1494 3025 1540; x_wconf 91' lang='lat' dir='ltr'><strong>ut</strong></span> <span class='ocrx_word' id='word_1_652' title='bbox 3050 1485 3102 1541; x_wconf 94' lang='lat' dir='ltr'><strong>in</strong></span> <span class='ocrx_word' id='word_1_653' title='bbox 3132 1502 3318 1542; x_wconf 91' lang='lat' dir='ltr'><strong>eorum</strong></span> <span class='ocrx_word' id='word_1_654' title='bbox 3357 1488 3684 1544; x_wconf 84' lang='lat' dir='ltr'><strong>oblivionem</strong></span> <span class='ocrx_word' id='word_1_655' title='bbox 3725 1504 3852 1546; x_wconf 85' lang='lat' dir='ltr'><strong>om-</strong></span> 
     </span>
    </p>
   </div>
   <div class='ocr_carea' id='block_1_76' title="bbox 2247 1577 3857 1644">
    <p class='ocr_par' dir='ltr' id='par_1_76' title="bbox 2247 1577 3857 1644">
     <span class='ocr_line' id='line_1_76' title="bbox 2247 1577 3857 1644; baseline 0.004 -12"><span class='ocrx_word' id='word_1_656' title='bbox 2247 1577 2376 1633; x_wconf 89' lang='lat' dir='ltr'><strong>nino</strong></span> <span class='ocrx_word' id='word_1_657' title='bbox 2403 1578 2648 1644; x_wconf 87' lang='lat' dir='ltr'><strong>veniant,</strong></span> <span class='ocrx_word' id='word_1_658' title='bbox 2676 1585 2730 1632; x_wconf 91' lang='lat' dir='ltr'><strong>et</strong></span> <span class='ocrx_word' id='word_1_659' title='bbox 2757 1577 2809 1632; x_wconf 94' lang='lat' dir='ltr'><strong>in</strong></span> <span class='ocrx_word' id='word_1_660' title='bbox 2839 1577 3005 1632; x_wconf 86' lang='lat' dir='ltr'><strong>multa</strong></span> <span class='ocrx_word' id='word_1_661' title='bbox 3029 1577 3138 1634; x_wconf 90' lang='lat' dir='ltr'><strong>sint</strong></span> <span class='ocrx_word' id='word_1_662' title='bbox 3163 1577 3423 1634; x_wconf 89' lang='lat' dir='ltr'><strong>bonorum</strong></span> <span class='ocrx_word' id='word_1_663' title='bbox 3449 1579 3747 1636; x_wconf 83' lang='lat' dir='ltr'><strong>afﬂuentia.</strong></span> <span class='ocrx_word' id='word_1_664' title='bbox 3781 1581 3857 1638; x_wconf 78' lang='lat' dir='ltr'><strong>Et</strong></span> 
     </span>
    </p>
   </div>
   <div class='ocr_carea' id='block_1_77' title="bbox 2247 1668 3854 1740">
    <p class='ocr_par' dir='ltr' id='par_1_77' title="bbox 2247 1668 3854 1740">
     <span class='ocr_line' id='line_1_77' title="bbox 2247 1668 3854 1740; baseline 0.003 -16"><span class='ocrx_word' id='word_1_665' title='bbox 2247 1668 2370 1725; x_wconf 83' lang='lat' dir='ltr'><strong>vide</strong></span> <span class='ocrx_word' id='word_1_666' title='bbox 2412 1669 2632 1740; x_wconf 87' lang='lat' dir='ltr'><strong>insuper</strong></span> <span class='ocrx_word' id='word_1_667' title='bbox 2670 1668 2813 1740; x_wconf 90' lang='lat' dir='ltr'><strong>regis</strong></span> <span class='ocrx_word' id='word_1_668' title='bbox 2851 1684 2978 1740; x_wconf 90' lang='lat' dir='ltr'><strong>erga</strong></span> <span class='ocrx_word' id='word_1_669' title='bbox 3013 1668 3218 1739; x_wconf 90' lang='lat' dir='ltr'><strong>justum</strong></span> <span class='ocrx_word' id='word_1_670' title='bbox 3249 1670 3401 1726; x_wconf 88' lang='lat' dir='ltr'><strong>illum</strong></span> <span class='ocrx_word' id='word_1_671' title='bbox 3436 1670 3698 1728; x_wconf 82' lang='lat' dir='ltr'><strong>ofﬁcium.</strong></span> <span class='ocrx_word' id='word_1_672' title='bbox 3729 1672 3854 1730; x_wconf 83' lang='lat' dir='ltr'><strong>Non</strong></span> 
     </span>
    </p>
   </div>
   <div class='ocr_carea' id='block_1_78' title="bbox 2248 1761 3856 1831">
    <p class='ocr_par' dir='ltr' id='par_1_78' title="bbox 2248 1761 3856 1831">
     <span class='ocr_line' id='line_1_78' title="bbox 2248 1761 3856 1831; baseline 0.001 -12"><span class='ocrx_word' id='word_1_673' title='bbox 2248 1763 2420 1819; x_wconf 90' lang='lat' dir='ltr'><strong>solum</strong></span> <span class='ocrx_word' id='word_1_674' title='bbox 2441 1762 2582 1816; x_wconf 92' lang='lat' dir='ltr'><strong>enim</strong></span> <span class='ocrx_word' id='word_1_675' title='bbox 2601 1761 2762 1816; x_wconf 88' lang='lat' dir='ltr'><strong>tantis</strong></span> <span class='ocrx_word' id='word_1_676' title='bbox 2786 1762 3097 1817; x_wconf 85' lang='lat' dir='ltr'><strong>muneribus</strong></span> <span class='ocrx_word' id='word_1_677' title='bbox 3123 1761 3270 1818; x_wconf 90' lang='lat' dir='ltr'><strong>illum</strong></span> <span class='ocrx_word' id='word_1_678' title='bbox 3291 1762 3540 1831; x_wconf 89' lang='lat' dir='ltr'><strong>honorat,</strong></span> <span class='ocrx_word' id='word_1_679' title='bbox 3564 1765 3661 1821; x_wconf 89' lang='lat' dir='ltr'><strong>sed</strong></span> <span class='ocrx_word' id='word_1_680' title='bbox 3684 1766 3856 1821; x_wconf 87' lang='lat' dir='ltr'><strong>etiam</strong></span> 
     </span>
    </p>
   </div>
   <div class='ocr_carea' id='block_1_79' title="bbox 2254 1853 3860 1925">
    <p class='ocr_par' dir='ltr' id='par_1_79' title="bbox 2254 1853 3860 1925">
     <span class='ocr_line' id='line_1_79' title="bbox 2254 1853 3860 1925; baseline 0.004 -16"><span class='ocrx_word' id='word_1_681' title='bbox 2254 1862 2574 1925; x_wconf 86' lang='lat' dir='ltr'><strong>potestatem</strong></span> <span class='ocrx_word' id='word_1_682' title='bbox 2611 1853 2660 1910; x_wconf 93' lang='lat' dir='ltr'><strong>ei</strong></span> <span class='ocrx_word' id='word_1_683' title='bbox 2705 1853 2831 1919; x_wconf 85' lang='lat' dir='ltr'><strong>dat,</strong></span> <span class='ocrx_word' id='word_1_684' title='bbox 2886 1862 2943 1908; x_wconf 93' lang='lat' dir='ltr'><strong>ut</strong></span> <span class='ocrx_word' id='word_1_685' title='bbox 2970 1853 3023 1908; x_wconf 93' lang='lat' dir='ltr'><strong>in</strong></span> <span class='ocrx_word' id='word_1_686' title='bbox 3053 1864 3194 1910; x_wconf 90' lang='lat' dir='ltr'><strong>terra</strong></span> <span class='ocrx_word' id='word_1_687' title='bbox 3219 1870 3314 1910; x_wconf 88' lang='lat' dir='ltr'><strong>sua</strong></span> <span class='ocrx_word' id='word_1_688' title='bbox 3345 1854 3567 1912; x_wconf 84' lang='lat' dir='ltr'><strong>habitet.</strong></span> <span class='ocrx_word' id='word_1_689' title='bbox 3601 1858 3688 1914; x_wconf 77' lang='lat' dir='ltr'><strong>t5.</strong></span> <span class='ocrx_word' id='word_1_690' title='bbox 3719 1857 3860 1915; x_wconf 83' lang='lat' dir='ltr'><strong>Ecce</strong></span> 
     </span>
    </p>
   </div>
   <div class='ocr_carea' id='block_1_80' title="bbox 2251 1945 3858 2020">
    <p class='ocr_par' dir='ltr' id='par_1_80' title="bbox 2251 1945 3858 2020">
     <span class='ocr_line' id='line_1_80' title="bbox 2251 1945 3858 2020; baseline 0.004 -20"><span class='ocrx_word' id='word_1_691' title='bbox 2251 1947 2384 2000; x_wconf 86' lang='lat' dir='ltr'><strong>enim</strong></span> <span class='ocrx_word' id='word_1_692' title='bbox 2412 1987 2428 2011; x_wconf 92' lang='lat'><strong>,</strong></span> <span class='ocrx_word' id='word_1_693' title='bbox 2463 1945 2634 2016; x_wconf 88' lang='lat' dir='ltr'><strong>inquit</strong></span> <span class='ocrx_word' id='word_1_694' title='bbox 2657 1985 2674 2013; x_wconf 94' lang='lat'><strong>,</strong></span> <span class='ocrx_word' id='word_1_695' title='bbox 2706 1954 2841 2000; x_wconf 85' lang='lat' dir='ltr'><strong>terra</strong></span> <span class='ocrx_word' id='word_1_696' title='bbox 2867 1961 2978 2000; x_wconf 87' lang='lat' dir='ltr'><strong>mea</strong></span> <span class='ocrx_word' id='word_1_697' title='bbox 3003 1962 3178 2001; x_wconf 90' lang='lat' dir='ltr'><strong>coram</strong></span> <span class='ocrx_word' id='word_1_698' title='bbox 3207 1957 3257 2002; x_wconf 92' lang='lat' dir='ltr'><strong>te</strong></span> <span class='ocrx_word' id='word_1_699' title='bbox 3277 1957 3352 2003; x_wconf 88' lang='lat' dir='ltr'><strong>est</strong></span> <span class='ocrx_word' id='word_1_700' title='bbox 3377 1965 3398 2014; x_wconf 86' lang='lat'><strong>,&#39;</strong></span> <span class='ocrx_word' id='word_1_701' title='bbox 3435 1948 3742 2020; x_wconf 79' lang='lat' dir='ltr'><strong>ubicumque</strong></span> <span class='ocrx_word' id='word_1_702' title='bbox 3761 1953 3858 2007; x_wconf 83' lang='lat' dir='ltr'><strong>tibi</strong></span> 
     </span>
    </p>
   </div>
   <div class='ocr_carea' id='block_1_81' title="bbox 2251 2035 3860 2112">
    <p class='ocr_par' dir='ltr' id='par_1_81' title="bbox 2251 2035 3860 2112">
     <span class='ocr_line' id='line_1_81' title="bbox 2251 2035 3860 2112; baseline 0.005 -22"><span class='ocrx_word' id='word_1_703' title='bbox 2251 2035 2537 2106; x_wconf 85' lang='lat' dir='ltr'><strong>placuerit,</strong></span> <span class='ocrx_word' id='word_1_704' title='bbox 2568 2035 2762 2092; x_wconf 86' lang='lat' dir='ltr'><strong>habita.</strong></span> <span class='ocrx_word' id='word_1_705' title='bbox 2791 2035 2920 2091; x_wconf 84' lang='lat' dir='ltr'><strong>Nam</strong></span> <span class='ocrx_word' id='word_1_706' title='bbox 2951 2037 3072 2108; x_wconf 90' lang='lat' dir='ltr'><strong>quia</strong></span> <span class='ocrx_word' id='word_1_707' title='bbox 3102 2038 3286 2094; x_wconf 89' lang='lat' dir='ltr'><strong>didicit</strong></span> <span class='ocrx_word' id='word_1_708' title='bbox 3316 2049 3534 2112; x_wconf 91' lang='lat' dir='ltr'><strong>propter</strong></span> <span class='ocrx_word' id='word_1_709' title='bbox 3557 2041 3708 2097; x_wconf 88' lang='lat' dir='ltr'><strong>illum</strong></span> <span class='ocrx_word' id='word_1_710' title='bbox 3741 2085 3760 2111; x_wconf 89' lang='lat'><strong>,</strong></span> <span class='ocrx_word' id='word_1_711' title='bbox 3800 2052 3860 2099; x_wconf 92' lang='lat' dir='ltr'><strong>et</strong></span> 
     </span>
    </p>
   </div>
   <div class='ocr_carea' id='block_1_82' title="bbox 2253 2131 3856 2202">
    <p class='ocr_par' dir='ltr' id='par_1_82' title="bbox 2253 2131 3856 2202">
     <span class='ocr_line' id='line_1_82' title="bbox 2253 2131 3856 2202; baseline 0.004 -17"><span class='ocrx_word' id='word_1_712' title='bbox 2253 2141 2473 2202; x_wconf 88' lang='lat' dir='ltr'><strong>propter</strong></span> <span class='ocrx_word' id='word_1_713' title='bbox 2500 2131 2640 2186; x_wconf 90' lang='lat' dir='ltr'><strong>illius</strong></span> <span class='ocrx_word' id='word_1_714' title='bbox 2664 2146 2854 2202; x_wconf 87' lang='lat' dir='ltr'><strong>preces</strong></span> <span class='ocrx_word' id='word_1_715' title='bbox 2893 2131 3057 2187; x_wconf 85' lang='lat' dir='ltr'><strong>vitam</strong></span> <span class='ocrx_word' id='word_1_716' title='bbox 3085 2132 3186 2188; x_wconf 91' lang='lat' dir='ltr'><strong>sibi</strong></span> <span class='ocrx_word' id='word_1_717' title='bbox 3211 2132 3392 2188; x_wconf 89' lang='lat' dir='ltr'><strong>datam</strong></span> <span class='ocrx_word' id='word_1_718' title='bbox 3427 2148 3552 2191; x_wconf 86' lang='lat' dir='ltr'><strong>esse</strong></span> <span class='ocrx_word' id='word_1_719' title='bbox 3578 2175 3595 2201; x_wconf 92' lang='lat'><strong>,</strong></span> <span class='ocrx_word' id='word_1_720' title='bbox 3629 2135 3754 2191; x_wconf 90' lang='lat' dir='ltr'><strong>ideo</strong></span> <span class='ocrx_word' id='word_1_721' title='bbox 3781 2137 3856 2192; x_wconf 86' lang='lat' dir='ltr'><strong>ita</strong></span> 
     </span>
    </p>
   </div>
   <div class='ocr_carea' id='block_1_83' title="bbox 2251 2224 3857 2302">
    <p class='ocr_par' dir='ltr' id='par_1_83' title="bbox 2251 2224 3857 2302">
     <span class='ocr_line' id='line_1_83' title="bbox 2251 2224 3857 2302; baseline 0.004 -22"><span class='ocrx_word' id='word_1_722' title='bbox 2251 2224 2309 2280; x_wconf 90' lang='lat' dir='ltr'><strong>in</strong></span> <span class='ocrx_word' id='word_1_723' title='bbox 2349 2224 2722 2297; x_wconf 88' lang='lat' dir='ltr'><strong>peregrinum,</strong></span> <span class='ocrx_word' id='word_1_724' title='bbox 2748 2240 3028 2294; x_wconf 91' lang='lat' dir='ltr'><strong>erronem,</strong></span> <span class='ocrx_word' id='word_1_725' title='bbox 3066 2235 3120 2282; x_wconf 87' lang='lat' dir='ltr'><strong>et</strong></span> <span class='ocrx_word' id='word_1_726' title='bbox 3165 2237 3323 2284; x_wconf 88' lang='lat' dir='ltr'><strong>antea</strong></span> <span class='ocrx_word' id='word_1_727' title='bbox 3365 2228 3495 2284; x_wconf 90' lang='lat' dir='ltr'><strong>nulli</strong></span> <span class='ocrx_word' id='word_1_728' title='bbox 3541 2232 3857 2302; x_wconf 85' lang='lat' dir='ltr'><strong>cognitum,</strong></span> 
     </span>
    </p>
   </div>
   <div class='ocr_carea' id='block_1_84' title="bbox 2253 2318 3862 2392">
    <p class='ocr_par' dir='ltr' id='par_1_84' title="bbox 2253 2318 3862 2392">
     <span class='ocr_line' id='line_1_84' title="bbox 2253 2318 3862 2392; baseline 0.004 -17"><span class='ocrx_word' id='word_1_729' title='bbox 2253 2320 2407 2390; x_wconf 86' lang='lat' dir='ltr'><strong>quasi</strong></span> <span class='ocrx_word' id='word_1_730' title='bbox 2453 2319 2509 2375; x_wconf 92' lang='lat' dir='ltr'><strong>in</strong></span> <span class='ocrx_word' id='word_1_731' title='bbox 2551 2318 2945 2376; x_wconf 87' lang='lat' dir='ltr'><strong>benefactorem</strong></span> <span class='ocrx_word' id='word_1_732' title='bbox 2974 2328 3029 2376; x_wconf 91' lang='lat' dir='ltr'><strong>et</strong></span> <span class='ocrx_word' id='word_1_733' title='bbox 3056 2328 3288 2377; x_wconf 88' lang='lat' dir='ltr'><strong>tutorem</strong></span> <span class='ocrx_word' id='word_1_734' title='bbox 3313 2322 3546 2392; x_wconf 87' lang='lat' dir='ltr'><strong>aliquem</strong></span> <span class='ocrx_word' id='word_1_735' title='bbox 3575 2323 3862 2381; x_wconf 84' lang='lat' dir='ltr'><strong>ofﬁciosus</strong></span> 
     </span>
    </p>
   </div>
   <div class='ocr_carea' id='block_1_85' title="bbox 2255 2413 3862 2485">
    <p class='ocr_par' dir='ltr' id='par_1_85' title="bbox 2255 2413 3862 2485">
     <span class='ocr_line' id='line_1_85' title="bbox 2255 2413 3862 2485; baseline 0.002 -15"><span class='ocrx_word' id='word_1_736' title='bbox 2255 2413 2373 2470; x_wconf 85' lang='lat' dir='ltr'><strong>fuit.</strong></span> <span class='ocrx_word' id='word_1_737' title='bbox 2403 2415 2491 2470; x_wconf 73' lang='grc'><strong>16.</strong></span> <span class='ocrx_word' id='word_1_738' title='bbox 2523 2415 2703 2470; x_wconf 72' lang='lat' dir='ltr'><strong>Same</strong></span> <span class='ocrx_word' id='word_1_739' title='bbox 2726 2424 2897 2469; x_wconf 90' lang='lat' dir='ltr'><strong>autem</strong></span> <span class='ocrx_word' id='word_1_740' title='bbox 2923 2456 2938 2479; x_wconf 94' lang='lat'><strong>,</strong></span> <span class='ocrx_word' id='word_1_741' title='bbox 2971 2414 3162 2485; x_wconf 89' lang='lat' dir='ltr'><strong>inquit,</strong></span> <span class='ocrx_word' id='word_1_742' title='bbox 3190 2416 3324 2471; x_wconf 66' lang='lat' dir='ltr'><strong>dixit</strong></span> <span class='ocrx_word' id='word_1_743' title='bbox 3354 2431 3374 2470; x_wconf 91' lang='lat'><strong><em>:</em></strong></span> <span class='ocrx_word' id='word_1_744' title='bbox 3414 2415 3552 2471; x_wconf 86' lang='lat' dir='ltr'><strong>Ecce</strong></span> <span class='ocrx_word' id='word_1_745' title='bbox 3574 2418 3695 2473; x_wconf 80' lang='lat' dir='ltr'><strong>dedi</strong></span> <span class='ocrx_word' id='word_1_746' title='bbox 3717 2420 3862 2474; x_wconf 77' lang='lat' dir='ltr'><strong>mille</strong></span> 
     </span>
    </p>
   </div>
   <div class='ocr_carea' id='block_1_86' title="bbox 2254 2505 3862 2580">
    <p class='ocr_par' dir='ltr' id='par_1_86' title="bbox 2254 2505 3862 2580">
     <span class='ocr_line' id='line_1_86' title="bbox 2254 2505 3862 2580; baseline 0.004 -20"><span class='ocrx_word' id='word_1_747' title='bbox 2254 2507 2585 2562; x_wconf 85' lang='lat' dir='ltr'><strong>didrachmas</strong></span> <span class='ocrx_word' id='word_1_748' title='bbox 2609 2508 2758 2578; x_wconf 80' lang='lat' dir='ltr'><strong>fratri</strong></span> <span class='ocrx_word' id='word_1_749' title='bbox 2785 2517 2893 2562; x_wconf 89' lang='lat' dir='ltr'><strong>tuo.</strong></span> <span class='ocrx_word' id='word_1_750' title='bbox 2923 2505 3058 2562; x_wconf 80' lang='lat' dir='ltr'><strong>Vide</strong></span> <span class='ocrx_word' id='word_1_751' title='bbox 3085 2506 3378 2578; x_wconf 90' lang='lat' dir='ltr'><strong>quomodo,</strong></span> <span class='ocrx_word' id='word_1_752' title='bbox 3409 2518 3631 2580; x_wconf 83' lang='lat' dir='ltr'><strong>accepta</strong></span> <span class='ocrx_word' id='word_1_753' title='bbox 3657 2525 3688 2565; x_wconf 85' lang='lat' dir='ltr'><strong>a</strong></span> <span class='ocrx_word' id='word_1_754' title='bbox 3710 2510 3862 2580; x_wconf 82' lang='lat' dir='ltr'><strong>justo</strong></span> 
     </span>
    </p>
   </div>
   <div class='ocr_carea' id='block_1_87' title="bbox 2252 2597 3860 2670">
    <p class='ocr_par' dir='ltr' id='par_1_87' title="bbox 2252 2597 3860 2670">
     <span class='ocr_line' id='line_1_87' title="bbox 2252 2597 3860 2670; baseline 0.003 -16"><span class='ocrx_word' id='word_1_755' title='bbox 2252 2597 2494 2654; x_wconf 88' lang='lat' dir='ltr'><strong>doctrina</strong></span> <span class='ocrx_word' id='word_1_756' title='bbox 2519 2639 2534 2665; x_wconf 94' lang='lat'><strong>,</strong></span> <span class='ocrx_word' id='word_1_757' title='bbox 2562 2599 2789 2654; x_wconf 89' lang='lat' dir='ltr'><strong>credidit</strong></span> <span class='ocrx_word' id='word_1_758' title='bbox 2807 2599 2925 2669; x_wconf 90' lang='lat' dir='ltr'><strong>ejus</strong></span> <span class='ocrx_word' id='word_1_759' title='bbox 2945 2597 3103 2655; x_wconf 92' lang='lat' dir='ltr'><strong>dictis</strong></span> <span class='ocrx_word' id='word_1_760' title='bbox 3121 2641 3136 2664; x_wconf 89' lang='lat'><strong>,</strong></span> <span class='ocrx_word' id='word_1_761' title='bbox 3167 2607 3328 2670; x_wconf 89' lang='lat' dir='ltr'><strong>atque</strong></span> <span class='ocrx_word' id='word_1_762' title='bbox 3355 2601 3471 2670; x_wconf 87' lang='lat' dir='ltr'><strong>ipse</strong></span> <span class='ocrx_word' id='word_1_763' title='bbox 3498 2599 3720 2658; x_wconf 72' lang='lat' dir='ltr'><strong>fratrem</strong></span> <span class='ocrx_word' id='word_1_764' title='bbox 3753 2603 3860 2659; x_wconf 79' lang='lat' dir='ltr'><strong>bu-</strong></span> 
     </span>
    </p>
   </div>
   <div class='ocr_carea' id='block_1_88' title="bbox 2255 2689 3862 2765">
    <p class='ocr_par' dir='ltr' id='par_1_88' title="bbox 2255 2689 3862 2765">
     <span class='ocr_line' id='line_1_88' title="bbox 2255 2689 3862 2765; baseline 0.003 -20"><span class='ocrx_word' id='word_1_765' title='bbox 2255 2689 2342 2761; x_wconf 77' lang='lat' dir='ltr'><strong>jus</strong></span> <span class='ocrx_word' id='word_1_766' title='bbox 2372 2691 2519 2746; x_wconf 89' lang='lat' dir='ltr'><strong>illum</strong></span> <span class='ocrx_word' id='word_1_767' title='bbox 2547 2701 2720 2745; x_wconf 88' lang='lat' dir='ltr'><strong>vocat.</strong></span> <span class='ocrx_word' id='word_1_768' title='bbox 2757 2691 2838 2745; x_wconf 86' lang='lat' dir='ltr'><strong>Ea</strong></span> <span class='ocrx_word' id='word_1_769' title='bbox 2858 2708 2971 2764; x_wconf 73' lang='lat' dir='ltr'><strong>qua</strong></span> <span class='ocrx_word' id='word_1_770' title='bbox 2998 2691 3137 2759; x_wconf 88' lang='lat' dir='ltr'><strong>dedi,</strong></span> <span class='ocrx_word' id='word_1_771' title='bbox 3170 2693 3361 2764; x_wconf 90' lang='lat' dir='ltr'><strong>inquit,</strong></span> <span class='ocrx_word' id='word_1_772' title='bbox 3393 2695 3548 2765; x_wconf 84' lang='lat' dir='ltr'><strong>fratri</strong></span> <span class='ocrx_word' id='word_1_773' title='bbox 3573 2705 3682 2762; x_wconf 89' lang='lat' dir='ltr'><strong>tuo,</strong></span> <span class='ocrx_word' id='word_1_774' title='bbox 3710 2707 3862 2750; x_wconf 82' lang='lat' dir='ltr'><strong>erunt</strong></span> 
     </span>
    </p>
   </div>
   <div class='ocr_carea' id='block_1_89' title="bbox 2254 2783 3858 2857">
    <p class='ocr_par' dir='ltr' id='par_1_89' title="bbox 2254 2783 3858 2857">
     <span class='ocr_line' id='line_1_89' title="bbox 2254 2783 3858 2857; baseline 0.005 -20"><span class='ocrx_word' id='word_1_775' title='bbox 2254 2783 2309 2838; x_wconf 90' lang='lat' dir='ltr'><strong>in</strong></span> <span class='ocrx_word' id='word_1_776' title='bbox 2334 2783 2576 2838; x_wconf 78' lang='lat' dir='ltr'><strong>honorent</strong></span> <span class='ocrx_word' id='word_1_777' title='bbox 2604 2783 2775 2838; x_wconf 86' lang='lat' dir='ltr'><strong>vultus</strong></span> <span class='ocrx_word' id='word_1_778' title='bbox 2803 2787 2902 2842; x_wconf 80' lang='lat' dir='ltr'><strong>tui.</strong></span> <span class='ocrx_word' id='word_1_779' title='bbox 2923 2793 2971 2839; x_wconf 82' lang='lat' dir='ltr'><strong>et</strong></span> <span class='ocrx_word' id='word_1_780' title='bbox 2986 2786 3157 2840; x_wconf 86' lang='lat' dir='ltr'><strong>omnia</strong></span> <span class='ocrx_word' id='word_1_781' title='bbox 3183 2802 3298 2842; x_wconf 83' lang='lat' dir='ltr'><strong>vere</strong></span> <span class='ocrx_word' id='word_1_782' title='bbox 3318 2787 3420 2842; x_wconf 90' lang='lat' dir='ltr'><strong>dic.</strong></span> <span class='ocrx_word' id='word_1_783' title='bbox 3451 2787 3590 2856; x_wconf 83' lang='lat' dir='ltr'><strong>Quid</strong></span> <span class='ocrx_word' id='word_1_784' title='bbox 3619 2798 3742 2857; x_wconf 89' lang='lat' dir='ltr'><strong>est,</strong></span> <span class='ocrx_word' id='word_1_785' title='bbox 3786 2789 3858 2845; x_wconf 76' lang='lat' dir='ltr'><strong>lu</strong></span> 
     </span>
    </p>
   </div>
   <div class='ocr_carea' id='block_1_90' title="bbox 2257 2876 3864 2952">
    <p class='ocr_par' dir='ltr' id='par_1_90' title="bbox 2257 2876 3864 2952">
     <span class='ocr_line' id='line_1_90' title="bbox 2257 2876 3864 2952; baseline 0.004 -21"><span class='ocrx_word' id='word_1_786' title='bbox 2257 2876 2498 2931; x_wconf 75' lang='lat' dir='ltr'><strong>honorem</strong></span> <span class='ocrx_word' id='word_1_787' title='bbox 2525 2877 2690 2932; x_wconf 86' lang='lat' dir='ltr'><strong>vultus</strong></span> <span class='ocrx_word' id='word_1_788' title='bbox 2715 2878 2823 2944; x_wconf 88' lang='lat' dir='ltr'><strong>tui,</strong></span> <span class='ocrx_word' id='word_1_789' title='bbox 2854 2885 2904 2931; x_wconf 88' lang='lat' dir='ltr'><strong>et</strong></span> <span class='ocrx_word' id='word_1_790' title='bbox 2947 2879 3119 2932; x_wconf 88' lang='lat' dir='ltr'><strong>omnia</strong></span> <span class='ocrx_word' id='word_1_791' title='bbox 3155 2895 3270 2933; x_wconf 87' lang='lat' dir='ltr'><strong>vere</strong></span> <span class='ocrx_word' id='word_1_792' title='bbox 3306 2879 3389 2934; x_wconf 84' lang='lat' dir='ltr'><strong>dic</strong></span> <span class='ocrx_word' id='word_1_793' title='bbox 3422 2879 3447 2933; x_wconf 69' lang='grc' dir='ltr'><em>γ</em></span> <span class='ocrx_word' id='word_1_794' title='bbox 3500 2879 3606 2936; x_wconf 86' lang='lat' dir='ltr'><strong>Pro</strong></span> <span class='ocrx_word' id='word_1_795' title='bbox 3636 2880 3702 2937; x_wconf 87' lang='lat' dir='ltr'><strong>iis</strong></span> <span class='ocrx_word' id='word_1_796' title='bbox 3737 2897 3864 2952; x_wconf 62' lang='lat' dir='ltr'><strong>qua</strong></span> 
     </span>
    </p>
   </div>
   <div class='ocr_carea' id='block_1_91' title="bbox 2259 2969 3860 3044">
    <p class='ocr_par' dir='ltr' id='par_1_91' title="bbox 2259 2969 3860 3044">
     <span class='ocr_line' id='line_1_91' title="bbox 2259 2969 3860 3044; baseline 0.004 -21"><span class='ocrx_word' id='word_1_797' title='bbox 2259 2983 2356 3039; x_wconf 88' lang='lat' dir='ltr'><strong>per</strong></span> <span class='ocrx_word' id='word_1_798' title='bbox 2379 2969 2730 3040; x_wconf 86' lang='lat' dir='ltr'><strong>ignorantiam</strong></span> <span class='ocrx_word' id='word_1_799' title='bbox 2761 2984 3042 3041; x_wconf 85' lang='lat' dir='ltr'><strong>aggressus</strong></span> <span class='ocrx_word' id='word_1_800' title='bbox 3061 2986 3177 3025; x_wconf 91' lang='lat' dir='ltr'><strong>sum</strong></span> <span class='ocrx_word' id='word_1_801' title='bbox 3198 3011 3215 3037; x_wconf 93' lang='lat'><strong>,</strong></span> <span class='ocrx_word' id='word_1_802' title='bbox 3245 2979 3297 3026; x_wconf 91' lang='lat' dir='ltr'><strong>te</strong></span> <span class='ocrx_word' id='word_1_803' title='bbox 3319 2987 3440 3044; x_wconf 68' lang='lat' dir='ltr'><strong>qua:</strong></span> <span class='ocrx_word' id='word_1_804' title='bbox 3464 2987 3525 3028; x_wconf 89' lang='lat' dir='ltr'><strong>es</strong></span> <span class='ocrx_word' id='word_1_805' title='bbox 3549 2989 3688 3028; x_wconf 90' lang='lat' dir='ltr'><strong>uxor</strong></span> <span class='ocrx_word' id='word_1_806' title='bbox 3701 2974 3860 3044; x_wconf 82' lang='lat' dir='ltr'><strong>justi,</strong></span> 
     </span>
    </p>
   </div>
   <div class='ocr_carea' id='block_1_92' title="bbox 2259 3059 3862 3136">
    <p class='ocr_par' dir='ltr' id='par_1_92' title="bbox 2259 3059 3862 3136">
     <span class='ocr_line' id='line_1_92' title="bbox 2259 3059 3862 3136; baseline 0.002 -20"><span class='ocrx_word' id='word_1_807' title='bbox 2259 3061 2313 3116; x_wconf 90' lang='lat' dir='ltr'><strong>in</strong></span> <span class='ocrx_word' id='word_1_808' title='bbox 2343 3060 2562 3117; x_wconf 90' lang='lat' dir='ltr'><strong>domum</strong></span> <span class='ocrx_word' id='word_1_809' title='bbox 2593 3077 2768 3117; x_wconf 89' lang='lat' dir='ltr'><strong>meam</strong></span> <span class='ocrx_word' id='word_1_810' title='bbox 2808 3059 3198 3117; x_wconf 90' lang='lat' dir='ltr'><strong>introducendo</strong></span> <span class='ocrx_word' id='word_1_811' title='bbox 3223 3081 3237 3117; x_wconf 89' lang='lat'><strong>:</strong></span> <span class='ocrx_word' id='word_1_812' title='bbox 3268 3077 3364 3132; x_wconf 90' lang='lat' dir='ltr'><strong>pro</strong></span> <span class='ocrx_word' id='word_1_813' title='bbox 3395 3063 3500 3120; x_wconf 88' lang='lat' dir='ltr'><strong>hoc</strong></span> <span class='ocrx_word' id='word_1_814' title='bbox 3527 3064 3707 3120; x_wconf 89' lang='lat' dir='ltr'><strong>solum</strong></span> <span class='ocrx_word' id='word_1_815' title='bbox 3733 3065 3862 3136; x_wconf 79' lang='lat' dir='ltr'><strong>quis</strong></span> 
     </span>
    </p>
   </div>
   <div class='ocr_carea' id='block_1_93' title="bbox 2256 3147 3864 3220">
    <p class='ocr_par' dir='ltr' id='par_1_93' title="bbox 2256 3147 3864 3220">
     <span class='ocr_line' id='line_1_93' title="bbox 2256 3147 3864 3220; baseline 0.002 -11"><span class='ocrx_word' id='word_1_816' title='bbox 2256 3153 2595 3210; x_wconf 76' lang='lat' dir='ltr'><strong>contumelia:</strong></span> <span class='ocrx_word' id='word_1_817' title='bbox 2622 3153 2715 3209; x_wconf 89' lang='lat' dir='ltr'><strong>tibi</strong></span> <span class='ocrx_word' id='word_1_818' title='bbox 2736 3162 2922 3210; x_wconf 88' lang='lat' dir='ltr'><strong>auctor</strong></span> <span class='ocrx_word' id='word_1_819' title='bbox 2942 3153 3037 3219; x_wconf 89' lang='lat' dir='ltr'><strong>fui,</strong></span> <span class='ocrx_word' id='word_1_820' title='bbox 3066 3153 3210 3210; x_wconf 89' lang='lat' dir='ltr'><strong>mille</strong></span> <span class='ocrx_word' id='word_1_821' title='bbox 3233 3147 3356 3210; x_wconf 84' lang='lat' dir='ltr'><strong>dedi</strong></span> <span class='ocrx_word' id='word_1_822' title='bbox 3384 3154 3750 3220; x_wconf 89' lang='lat' dir='ltr'><strong>didrachmas,</strong></span> <span class='ocrx_word' id='word_1_823' title='bbox 3774 3171 3864 3213; x_wconf 75' lang='lat' dir='ltr'><strong>re-</strong></span> 
     </span>
    </p>
   </div>
   <div class='ocr_carea' id='block_1_94' title="bbox 2258 3245 3864 3316">
    <p class='ocr_par' dir='ltr' id='par_1_94' title="bbox 2258 3245 3864 3316">
     <span class='ocr_line' id='line_1_94' title="bbox 2258 3245 3864 3316; baseline 0.002 -17"><span class='ocrx_word' id='word_1_824' title='bbox 2258 3255 2502 3301; x_wconf 84' lang='lat' dir='ltr'><strong>sarturus</strong></span> <span class='ocrx_word' id='word_1_825' title='bbox 2528 3261 2592 3301; x_wconf 88' lang='lat' dir='ltr'><strong>ea</strong></span> <span class='ocrx_word' id='word_1_826' title='bbox 2622 3261 2788 3316; x_wconf 72' lang='lat' dir='ltr'><strong>quzea</strong></span> <span class='ocrx_word' id='word_1_827' title='bbox 2810 3260 2896 3301; x_wconf 91' lang='lat' dir='ltr'><strong>me</strong></span> <span class='ocrx_word' id='word_1_828' title='bbox 2923 3246 2975 3300; x_wconf 88' lang='lat' dir='ltr'><strong>in</strong></span> <span class='ocrx_word' id='word_1_829' title='bbox 3004 3255 3058 3301; x_wconf 91' lang='lat' dir='ltr'><strong>te</strong></span> <span class='ocrx_word' id='word_1_830' title='bbox 3080 3245 3470 3301; x_wconf 87' lang='lat' dir='ltr'><strong>suntadmissa.</strong></span> <span class='ocrx_word' id='word_1_831' title='bbox 3496 3245 3695 3302; x_wconf 89' lang='lat' dir='ltr'><strong>Verum</strong></span> <span class='ocrx_word' id='word_1_832' title='bbox 3730 3246 3864 3303; x_wconf 78' lang='lat' dir='ltr'><strong>Otu-</strong></span> 
     </span>
    </p>
   </div>
   <div class='ocr_carea' id='block_1_95' title="bbox 2259 3336 3864 3408">
    <p class='ocr_par' dir='ltr' id='par_1_95' title="bbox 2259 3336 3864 3408">
     <span class='ocr_line' id='line_1_95' title="bbox 2259 3336 3864 3408; baseline 0.002 -18"><span class='ocrx_word' id='word_1_833' title='bbox 2259 3336 2344 3391; x_wconf 86' lang='lat' dir='ltr'><strong>nia</strong></span> <span class='ocrx_word' id='word_1_834' title='bbox 2363 3353 2478 3392; x_wconf 86' lang='lat' dir='ltr'><strong>vere</strong></span> <span class='ocrx_word' id='word_1_835' title='bbox 2504 3337 2608 3391; x_wconf 86' lang='lat' dir='ltr'><strong>dic.</strong></span> <span class='ocrx_word' id='word_1_836' title='bbox 2637 3337 2773 3406; x_wconf 87' lang='lat' dir='ltr'><strong>Quid</strong></span> <span class='ocrx_word' id='word_1_837' title='bbox 2795 3337 3092 3408; x_wconf 84' lang='lat' dir='ltr'><strong>significat,</strong></span> <span class='ocrx_word' id='word_1_838' title='bbox 3119 3336 3306 3391; x_wconf 88' lang='lat' dir='ltr'><strong>Omnia</strong></span> <span class='ocrx_word' id='word_1_839' title='bbox 3331 3354 3446 3393; x_wconf 87' lang='lat' dir='ltr'><strong>vere</strong></span> <span class='ocrx_word' id='word_1_840' title='bbox 3461 3338 3545 3391; x_wconf 89' lang='lat' dir='ltr'><strong>dic</strong></span> <span class='ocrx_word' id='word_1_841' title='bbox 3565 3339 3591 3392; x_wconf 77' lang='lat'><strong><em>?</em></strong></span> <span class='ocrx_word' id='word_1_842' title='bbox 3614 3337 3823 3394; x_wconf 88' lang='lat' dir='ltr'><strong>Omnes</strong></span> <span class='ocrx_word' id='word_1_843' title='bbox 3846 3380 3864 3404; x_wconf 90' lang='lat'><strong>,</strong></span> 
     </span>
    </p>
   </div>
   <div class='ocr_carea' id='block_1_96' title="bbox 2260 3428 3865 3500">
    <p class='ocr_par' dir='ltr' id='par_1_96' title="bbox 2260 3428 3865 3500">
     <span class='ocr_line' id='line_1_96' title="bbox 2260 3428 3865 3500; baseline 0.001 -17"><span class='ocrx_word' id='word_1_844' title='bbox 2260 3429 2451 3499; x_wconf 89' lang='lat' dir='ltr'><strong>inquit,</strong></span> <span class='ocrx_word' id='word_1_845' title='bbox 2479 3443 2509 3484; x_wconf 90' lang='lat' dir='ltr'><strong>a</strong></span> <span class='ocrx_word' id='word_1_846' title='bbox 2541 3437 2592 3483; x_wconf 91' lang='lat' dir='ltr'><strong>te</strong></span> <span class='ocrx_word' id='word_1_847' title='bbox 2621 3428 2831 3484; x_wconf 84' lang='lat' dir='ltr'><strong>discant</strong></span> <span class='ocrx_word' id='word_1_848' title='bbox 2862 3428 2994 3484; x_wconf 91' lang='lat' dir='ltr'><strong>nihil</strong></span> <span class='ocrx_word' id='word_1_849' title='bbox 3031 3429 3270 3500; x_wconf 81' lang='lat' dir='ltr'><strong>iniquum</strong></span> <span class='ocrx_word' id='word_1_850' title='bbox 3297 3445 3329 3484; x_wconf 88' lang='lat' dir='ltr'><strong>a</strong></span> <span class='ocrx_word' id='word_1_851' title='bbox 3364 3445 3452 3485; x_wconf 90' lang='lat' dir='ltr'><strong>me</strong></span> <span class='ocrx_word' id='word_1_852' title='bbox 3478 3428 3677 3484; x_wconf 89' lang='lat' dir='ltr'><strong>factum</strong></span> <span class='ocrx_word' id='word_1_853' title='bbox 3701 3444 3865 3496; x_wconf 83' lang='lat' dir='ltr'><strong>esse,</strong></span> 
     </span>
    </p>
   </div>
   <div class='ocr_carea' id='block_1_97' title="bbox 2260 3521 3867 3602">
    <p class='ocr_par' dir='ltr' id='par_1_97' title="bbox 2260 3521 3867 3602">
     <span class='ocr_line' id='line_1_97' title="bbox 2260 3521 3867 3602; baseline 0.001 -26"><span class='ocrx_word' id='word_1_854' title='bbox 2260 3523 2384 3592; x_wconf 89' lang='lat' dir='ltr'><strong>quia</strong></span> <span class='ocrx_word' id='word_1_855' title='bbox 2406 3522 2604 3578; x_wconf 87' lang='lat' dir='ltr'><strong>intacta</strong></span> <span class='ocrx_word' id='word_1_856' title='bbox 2630 3523 2838 3578; x_wconf 89' lang='lat' dir='ltr'><strong>exivisti</strong></span> <span class='ocrx_word' id='word_1_857' title='bbox 2863 3523 2932 3579; x_wconf 91' lang='lat' dir='ltr'><strong>de</strong></span> <span class='ocrx_word' id='word_1_858' title='bbox 2959 3521 3119 3578; x_wconf 92' lang='lat' dir='ltr'><strong>domo</strong></span> <span class='ocrx_word' id='word_1_859' title='bbox 3145 3537 3285 3577; x_wconf 87' lang='lat' dir='ltr'><strong>mea.</strong></span> <span class='ocrx_word' id='word_1_860' title='bbox 3315 3522 3459 3577; x_wconf 89' lang='lat' dir='ltr'><strong>Doce</strong></span> <span class='ocrx_word' id='word_1_861' title='bbox 3477 3564 3493 3588; x_wconf 89' lang='lat'><strong>,</strong></span> <span class='ocrx_word' id='word_1_862' title='bbox 3529 3523 3703 3602; x_wconf 69' lang='lat' dir='ltr'><strong>inquit</strong></span> <span class='ocrx_word' id='word_1_863' title='bbox 3726 3564 3744 3590; x_wconf 89' lang='lat'><strong>,</strong></span> <span class='ocrx_word' id='word_1_864' title='bbox 3781 3525 3867 3578; x_wconf 83' lang='lat' dir='ltr'><strong>vi-</strong></span> 
     </span>
    </p>
   </div>
   <div class='ocr_carea' id='block_1_98' title="bbox 2261 3614 3866 3685">
    <p class='ocr_par' dir='ltr' id='par_1_98' title="bbox 2261 3614 3866 3685">
     <span class='ocr_line' id='line_1_98' title="bbox 2261 3614 3866 3685; baseline -0.001 -15"><span class='ocrx_word' id='word_1_865' title='bbox 2261 3630 2380 3670; x_wconf 92' lang='lat' dir='ltr'><strong>rum</strong></span> <span class='ocrx_word' id='word_1_866' title='bbox 2407 3623 2555 3671; x_wconf 90' lang='lat' dir='ltr'><strong>tuum</strong></span> <span class='ocrx_word' id='word_1_867' title='bbox 2587 3657 2603 3684; x_wconf 88' lang='lat'><strong>,</strong></span> <span class='ocrx_word' id='word_1_868' title='bbox 2637 3631 2758 3672; x_wconf 88' lang='lat' dir='ltr'><strong>esse</strong></span> <span class='ocrx_word' id='word_1_869' title='bbox 2784 3632 2870 3672; x_wconf 92' lang='lat' dir='ltr'><strong>me</strong></span> <span class='ocrx_word' id='word_1_870' title='bbox 2893 3617 3232 3671; x_wconf 89' lang='lat' dir='ltr'><strong>innocentem</strong></span> <span class='ocrx_word' id='word_1_871' title='bbox 3261 3630 3288 3669; x_wconf 87' lang='lat' dir='ltr'><strong>a</strong></span> <span class='ocrx_word' id='word_1_872' title='bbox 3319 3623 3538 3685; x_wconf 89' lang='lat' dir='ltr'><strong>peccato</strong></span> <span class='ocrx_word' id='word_1_873' title='bbox 3571 3632 3585 3669; x_wconf 91' lang='lat'>:</span> <span class='ocrx_word' id='word_1_874' title='bbox 3630 3614 3809 3670; x_wconf 90' lang='lat' dir='ltr'><strong>discat</strong></span> <span class='ocrx_word' id='word_1_875' title='bbox 3834 3630 3866 3669; x_wconf 91' lang='lat' dir='ltr'><strong>a</strong></span> 
     </span>
    </p>
   </div>
   <div class='ocr_carea' id='block_1_99' title="bbox 2264 3707 3870 3775">
    <p class='ocr_par' dir='ltr' id='par_1_99' title="bbox 2264 3707 3870 3775">
     <span class='ocr_line' id='line_1_99' title="bbox 2264 3707 3870 3775; baseline -0.001 -11"><span class='ocrx_word' id='word_1_876' title='bbox 2264 3715 2336 3774; x_wconf 86' lang='lat' dir='ltr'><strong>te,</strong></span> <span class='ocrx_word' id='word_1_877' title='bbox 2365 3708 2499 3764; x_wconf 89' lang='lat' dir='ltr'><strong>nihil</strong></span> <span class='ocrx_word' id='word_1_878' title='bbox 2519 3723 2548 3762; x_wconf 89' lang='lat' dir='ltr'><strong>a</strong></span> <span class='ocrx_word' id='word_1_879' title='bbox 2578 3725 2665 3764; x_wconf 90' lang='lat' dir='ltr'><strong>me</strong></span> <span class='ocrx_word' id='word_1_880' title='bbox 2695 3708 2892 3764; x_wconf 85' lang='lat' dir='ltr'><strong>factum</strong></span> <span class='ocrx_word' id='word_1_881' title='bbox 2915 3723 3055 3764; x_wconf 90' lang='lat' dir='ltr'><strong>esse.</strong></span> <span class='ocrx_word' id='word_1_882' title='bbox 3086 3709 3265 3775; x_wconf 82' lang='lat' dir='ltr'><strong>Quare</strong></span> <span class='ocrx_word' id='word_1_883' title='bbox 3289 3723 3417 3762; x_wconf 76' lang='lat' dir='ltr'><strong>vero</strong></span> <span class='ocrx_word' id='word_1_884' title='bbox 3447 3707 3562 3762; x_wconf 65' lang='lat' dir='ltr'><strong>haec</strong></span> <span class='ocrx_word' id='word_1_885' title='bbox 3587 3707 3720 3764; x_wconf 89' lang='lat' dir='ltr'><strong>dicit</strong></span> <span class='ocrx_word' id='word_1_886' title='bbox 3744 3708 3768 3762; x_wconf 72' lang='grc'><strong><em>2</em></strong></span> <span class='ocrx_word' id='word_1_887' title='bbox 3798 3708 3870 3765; x_wconf 85' lang='lat' dir='ltr'><strong>Ut</strong></span> 
     </span>
    </p>
   </div>
   <div class='ocr_carea' id='block_1_100' title="bbox 2261 3797 3868 3871">
    <p class='ocr_par' dir='ltr' id='par_1_100' title="bbox 2261 3797 3868 3871">
     <span class='ocr_line' id='line_1_100' title="bbox 2261 3797 3868 3871; baseline -0.001 -15"><span class='ocrx_word' id='word_1_888' title='bbox 2261 3813 2384 3856; x_wconf 91' lang='lat' dir='ltr'><strong>cum</strong></span> <span class='ocrx_word' id='word_1_889' title='bbox 2406 3801 2582 3871; x_wconf 87' lang='lat' dir='ltr'><strong>justus</strong></span> <span class='ocrx_word' id='word_1_890' title='bbox 2620 3800 2690 3856; x_wconf 91' lang='lat' dir='ltr'><strong>ab</strong></span> <span class='ocrx_word' id='word_1_891' title='bbox 2718 3815 2782 3856; x_wconf 89' lang='lat' dir='ltr'><strong>ea</strong></span> <span class='ocrx_word' id='word_1_892' title='bbox 2810 3799 3098 3864; x_wconf 90' lang='lat' dir='ltr'><strong>didicerit,</strong></span> <span class='ocrx_word' id='word_1_893' title='bbox 3128 3799 3415 3869; x_wconf 90' lang='lat' dir='ltr'><strong>multisque</strong></span> <span class='ocrx_word' id='word_1_894' title='bbox 3452 3798 3611 3853; x_wconf 90' lang='lat' dir='ltr'><strong>fuerit</strong></span> <span class='ocrx_word' id='word_1_895' title='bbox 3638 3797 3868 3854; x_wconf 82' lang='lat' dir='ltr'><strong>rationi-</strong></span> 
     </span>
    </p>
   </div>
   <div class='ocr_carea' id='block_1_101' title="bbox 2263 3888 3866 3961">
    <p class='ocr_par' dir='ltr' id='par_1_101' title="bbox 2263 3888 3866 3961">
     <span class='ocr_line' id='line_1_101' title="bbox 2263 3888 3866 3961; baseline -0.002 -14"><span class='ocrx_word' id='word_1_896' title='bbox 2263 3892 2366 3947; x_wconf 91' lang='lat' dir='ltr'><strong>bus</strong></span> <span class='ocrx_word' id='word_1_897' title='bbox 2416 3891 2640 3947; x_wconf 91' lang='lat' dir='ltr'><strong>edoctus</strong></span> <span class='ocrx_word' id='word_1_898' title='bbox 2662 3933 2678 3960; x_wconf 89' lang='lat'><strong>,</strong></span> <span class='ocrx_word' id='word_1_899' title='bbox 2711 3906 2809 3961; x_wconf 91' lang='lat' dir='ltr'><strong>pro</strong></span> <span class='ocrx_word' id='word_1_900' title='bbox 2849 3905 2916 3945; x_wconf 91' lang='lat' dir='ltr'><strong>eo</strong></span> <span class='ocrx_word' id='word_1_901' title='bbox 2964 3904 3150 3960; x_wconf 84' lang='lat' dir='ltr'><strong>preces</strong></span> <span class='ocrx_word' id='word_1_902' title='bbox 3199 3889 3426 3944; x_wconf 91' lang='lat' dir='ltr'><strong>Domino</strong></span> <span class='ocrx_word' id='word_1_903' title='bbox 3468 3888 3682 3946; x_wconf 77' lang='lat' dir='ltr'><strong>offerat.</strong></span> <span class='ocrx_word' id='word_1_904' title='bbox 3731 3889 3866 3944; x_wconf 87' lang='lat' dir='ltr'><strong>Nam</strong></span> 
     </span>
    </p>
   </div>
   <div class='ocr_carea' id='block_1_102' title="bbox 2264 3981 3863 4056">
    <p class='ocr_par' dir='ltr' id='par_1_102' title="bbox 2264 3981 3863 4056">
     <span class='ocr_line' id='line_1_102' title="bbox 2264 3981 3863 4056; baseline 0 -17"><span class='ocrx_word' id='word_1_905' title='bbox 2264 3995 2542 4056; x_wconf 88' lang='lat' dir='ltr'><strong>postquam</strong></span> <span class='ocrx_word' id='word_1_906' title='bbox 2565 3984 2657 4040; x_wconf 90' lang='lat' dir='ltr'><strong>ille</strong></span> <span class='ocrx_word' id='word_1_907' title='bbox 2679 3984 2812 4038; x_wconf 79' lang='lat' dir='ltr'><strong>dixit</strong></span> <span class='ocrx_word' id='word_1_908' title='bbox 2839 4023 2854 4048; x_wconf 92' lang='lat'><strong>,</strong></span> <span class='ocrx_word' id='word_1_909' title='bbox 2903 3982 3089 4038; x_wconf 87' lang='lat' dir='ltr'><strong>Omnia</strong></span> <span class='ocrx_word' id='word_1_910' title='bbox 3116 3997 3229 4036; x_wconf 85' lang='lat' dir='ltr'><strong>vere</strong></span> <span class='ocrx_word' id='word_1_911' title='bbox 3253 3982 3336 4035; x_wconf 88' lang='lat' dir='ltr'><strong>dic</strong></span> <span class='ocrx_word' id='word_1_912' title='bbox 3356 3998 3376 4037; x_wconf 91' lang='lat'><strong><em>:</em></strong></span> <span class='ocrx_word' id='word_1_913' title='bbox 3420 3981 3521 4038; x_wconf 92' lang='lat' dir='ltr'><strong>hoc</strong></span> <span class='ocrx_word' id='word_1_914' title='bbox 3557 3991 3676 4037; x_wconf 87' lang='lat' dir='ltr'><strong>est:</strong></span> <span class='ocrx_word' id='word_1_915' title='bbox 3715 3983 3863 4039; x_wconf 88' lang='lat' dir='ltr'><strong>Doce</strong></span> 
     </span>
    </p>
   </div>
   <div class='ocr_carea' id='block_1_103' title="bbox 2264 4073 3868 4145">
    <p class='ocr_par' dir='ltr' id='par_1_103' title="bbox 2264 4073 3868 4145">
     <span class='ocr_line' id='line_1_103' title="bbox 2264 4073 3868 4145; baseline -0.001 -14"><span class='ocrx_word' id='word_1_916' title='bbox 2264 4079 2436 4133; x_wconf 88' lang='lat' dir='ltr'><strong>virum</strong></span> <span class='ocrx_word' id='word_1_917' title='bbox 2464 4087 2610 4132; x_wconf 91' lang='lat' dir='ltr'><strong>tuum</strong></span> <span class='ocrx_word' id='word_1_918' title='bbox 2647 4091 2709 4131; x_wconf 89' lang='lat' dir='ltr'><strong>ea</strong></span> <span class='ocrx_word' id='word_1_919' title='bbox 2730 4092 2849 4145; x_wconf 73' lang='lat' dir='ltr'><strong>qua:</strong></span> <span class='ocrx_word' id='word_1_920' title='bbox 2876 4073 3012 4130; x_wconf 90' lang='lat' dir='ltr'><strong>facta</strong></span> <span class='ocrx_word' id='word_1_921' title='bbox 3043 4083 3188 4142; x_wconf 90' lang='lat' dir='ltr'><strong>sunt,</strong></span> <span class='ocrx_word' id='word_1_922' title='bbox 3217 4075 3396 4130; x_wconf 86' lang='lat' dir='ltr'><strong>statim</strong></span> <span class='ocrx_word' id='word_1_923' title='bbox 3425 4073 3667 4129; x_wconf 85' lang='lat' dir='ltr'><strong>subdidit</strong></span> <span class='ocrx_word' id='word_1_924' title='bbox 3710 4073 3868 4130; x_wconf 81' lang='lat' dir='ltr'><strong>Scri-</strong></span> 
     </span>
    </p>
   </div>
   <div class='ocr_carea' id='block_1_104' title="bbox 2263 4167 3868 4242">
    <p class='ocr_par' dir='ltr' id='par_1_104' title="bbox 2263 4167 3868 4242">
     <span class='ocr_line' id='line_1_104' title="bbox 2263 4167 3868 4242; baseline -0.001 -17"><span class='ocrx_word' id='word_1_925' title='bbox 2263 4182 2416 4242; x_wconf 86' lang='lat' dir='ltr'><strong>ptura</strong></span> <span class='ocrx_word' id='word_1_926' title='bbox 2442 4189 2455 4226; x_wconf 91' lang='lat'>:</span> <span class='ocrx_word' id='word_1_927' title='bbox 2481 4173 2570 4226; x_wconf 80' lang='lat' dir='ltr'><strong>l7.</strong></span> <span class='ocrx_word' id='word_1_928' title='bbox 2606 4171 2675 4224; x_wconf 82' lang='lat' dir='ltr'><strong>Et</strong></span> <span class='ocrx_word' id='word_1_929' title='bbox 2713 4170 2874 4224; x_wconf 89' lang='lat' dir='ltr'><strong>oravit</strong></span> <span class='ocrx_word' id='word_1_930' title='bbox 2901 4169 3156 4223; x_wconf 80' lang='lat' dir='ltr'><strong>Abraham</strong></span> <span class='ocrx_word' id='word_1_931' title='bbox 3196 4167 3379 4234; x_wconf 88' lang='lat' dir='ltr'><strong>Deunt,</strong></span> <span class='ocrx_word' id='word_1_932' title='bbox 3413 4179 3461 4224; x_wconf 90' lang='lat' dir='ltr'><strong>et</strong></span> <span class='ocrx_word' id='word_1_933' title='bbox 3494 4168 3696 4224; x_wconf 85' lang='lat' dir='ltr'><strong>sanavit</strong></span> <span class='ocrx_word' id='word_1_934' title='bbox 3726 4167 3868 4224; x_wconf 87' lang='lat' dir='ltr'><strong>Deus</strong></span> 
     </span>
    </p>
   </div>
   <div class='ocr_carea' id='block_1_105' title="bbox 2231 4261 3870 4331">
    <p class='ocr_par' dir='ltr' id='par_1_105' title="bbox 2231 4261 3870 4331">
     <span class='ocr_line' id='line_1_105' title="bbox 2231 4261 3870 4331; baseline -0.001 -13"><span class='ocrx_word' id='word_1_935' title='bbox 2231 4295 2234 4298; x_wconf 84' lang='lat'><strong><em>~</em></strong></span> <span class='ocrx_word' id='word_1_936' title='bbox 2263 4263 2549 4318; x_wconf 77' lang='lat' dir='ltr'><strong>Abimelech</strong></span> <span class='ocrx_word' id='word_1_937' title='bbox 2571 4305 2584 4328; x_wconf 94' lang='lat'><strong>,</strong></span> <span class='ocrx_word' id='word_1_938' title='bbox 2607 4272 2653 4317; x_wconf 89' lang='lat' dir='ltr'><strong>et</strong></span> <span class='ocrx_word' id='word_1_939' title='bbox 2682 4277 2887 4316; x_wconf 70' lang='lat' dir='ltr'><strong>uxorem</strong></span> <span class='ocrx_word' id='word_1_940' title='bbox 2909 4263 3016 4331; x_wconf 87' lang='lat' dir='ltr'><strong>ejus</strong></span> <span class='ocrx_word' id='word_1_941' title='bbox 3043 4303 3056 4327; x_wconf 93' lang='lat'><strong>,</strong></span> <span class='ocrx_word' id='word_1_942' title='bbox 3087 4271 3133 4316; x_wconf 90' lang='lat' dir='ltr'><strong>et</strong></span> <span class='ocrx_word' id='word_1_943' title='bbox 3150 4261 3366 4316; x_wconf 83' lang='lat' dir='ltr'><strong>ancillas</strong></span> <span class='ocrx_word' id='word_1_944' title='bbox 3389 4262 3504 4328; x_wconf 75' lang='lat' dir='ltr'><strong>eius</strong></span> <span class='ocrx_word' id='word_1_945' title='bbox 3529 4301 3545 4326; x_wconf 92' lang='lat'><strong>,</strong></span> <span class='ocrx_word' id='word_1_946' title='bbox 3575 4269 3623 4314; x_wconf 88' lang='lat' dir='ltr'><strong>et</strong></span> <span class='ocrx_word' id='word_1_947' title='bbox 3653 4276 3870 4330; x_wconf 77' lang='lat' dir='ltr'><strong>pepere-</strong></span> 
     </span>
    </p>
   </div>
   <div class='ocr_carea' id='block_1_106' title="bbox 2262 4351 3867 4424">
    <p class='ocr_par' dir='ltr' id='par_1_106' title="bbox 2262 4351 3867 4424">
     <span class='ocr_line' id='line_1_106' title="bbox 2262 4351 3867 4424; baseline -0.004 -14"><span class='ocrx_word' id='word_1_948' title='bbox 2262 4365 2381 4410; x_wconf 88' lang='lat' dir='ltr'><strong>runt</strong></span> <span class='ocrx_word' id='word_1_949' title='bbox 2413 4370 2432 4409; x_wconf 92' lang='lat'><strong><em>:</em></strong></span> <span class='ocrx_word' id='word_1_950' title='bbox 2461 4354 2548 4410; x_wconf 74' lang='lat'><strong>18.</strong></span> <span class='ocrx_word' id='word_1_951' title='bbox 2577 4353 2698 4424; x_wconf 86' lang='lat' dir='ltr'><strong>quia</strong></span> <span class='ocrx_word' id='word_1_952' title='bbox 2727 4352 3035 4406; x_wconf 88' lang='lat' dir='ltr'><strong>concludens</strong></span> <span class='ocrx_word' id='word_1_953' title='bbox 3056 4351 3369 4405; x_wconf 85' lang='lat' dir='ltr'><strong>concluserat</strong></span> <span class='ocrx_word' id='word_1_954' title='bbox 3399 4351 3712 4406; x_wconf 73' lang='lat' dir='ltr'><strong>extrinsecus</strong></span> <span class='ocrx_word' id='word_1_955' title='bbox 3746 4366 3867 4404; x_wconf 87' lang='lat' dir='ltr'><strong>ont-</strong></span> 
     </span>
    </p>
   </div>
   <div class='ocr_carea' id='block_1_107' title="bbox 2263 4442 3870 4514">
    <p class='ocr_par' dir='ltr' id='par_1_107' title="bbox 2263 4442 3870 4514">
     <span class='ocr_line' id='line_1_107' title="bbox 2263 4442 3870 4514; baseline -0.003 -14"><span class='ocrx_word' id='word_1_956' title='bbox 2263 4465 2377 4500; x_wconf 82' lang='lat' dir='ltr'><strong>nem</strong></span> <span class='ocrx_word' id='word_1_957' title='bbox 2408 4447 2604 4501; x_wconf 81' lang='lat' dir='ltr'><strong>vulvam</strong></span> <span class='ocrx_word' id='word_1_958' title='bbox 2632 4447 2688 4500; x_wconf 89' lang='lat' dir='ltr'><strong>in</strong></span> <span class='ocrx_word' id='word_1_959' title='bbox 2714 4444 2865 4499; x_wconf 88' lang='lat' dir='ltr'><strong>domo</strong></span> <span class='ocrx_word' id='word_1_960' title='bbox 2895 4443 3175 4498; x_wconf 84' lang='lat' dir='ltr'><strong>Abimelech</strong></span> <span class='ocrx_word' id='word_1_961' title='bbox 3193 4451 3398 4514; x_wconf 86' lang='lat' dir='ltr'><strong>propter</strong></span> <span class='ocrx_word' id='word_1_962' title='bbox 3415 4442 3634 4497; x_wconf 88' lang='lat' dir='ltr'><strong>Sarram</strong></span> <span class='ocrx_word' id='word_1_963' title='bbox 3651 4457 3870 4497; x_wconf 68' lang='lat' dir='ltr'><strong>uxorem</strong></span> 
     </span>
    </p>
   </div>
   <div class='ocr_carea' id='block_1_108' title="bbox 2263 4532 3869 4608">
    <p class='ocr_par' dir='ltr' id='par_1_108' title="bbox 2263 4532 3869 4608">
     <span class='ocr_line' id='line_1_108' title="bbox 2263 4532 3869 4608; baseline -0.002 -15"><span class='ocrx_word' id='word_1_964' title='bbox 2263 4540 2503 4594; x_wconf 78' lang='lat' dir='ltr'><strong>Abrulne.</strong></span> <span class='ocrx_word' id='word_1_965' title='bbox 2536 4539 2667 4594; x_wconf 88' lang='lat' dir='ltr'><strong>Vide</strong></span> <span class='ocrx_word' id='word_1_966' title='bbox 2705 4535 2976 4608; x_wconf 92' lang='lat' dir='ltr'><strong>quomodo</strong></span> <span class='ocrx_word' id='word_1_967' title='bbox 3005 4535 3262 4590; x_wconf 89' lang='lat' dir='ltr'><strong>Dominus</strong></span> <span class='ocrx_word' id='word_1_968' title='bbox 3299 4534 3491 4590; x_wconf 88' lang='lat' dir='ltr'><strong>volens</strong></span> <span class='ocrx_word' id='word_1_969' title='bbox 3527 4532 3734 4602; x_wconf 83' lang='lat' dir='ltr'><strong>justum</strong></span> <span class='ocrx_word' id='word_1_970' title='bbox 3769 4549 3869 4604; x_wconf 87' lang='lat' dir='ltr'><strong>per</strong></span> 
     </span>
    </p>
   </div>
   <div class='ocr_carea' id='block_1_109' title="bbox 2263 4625 3872 4697">
    <p class='ocr_par' dir='ltr' id='par_1_109' title="bbox 2263 4625 3872 4697">
     <span class='ocr_line' id='line_1_109' title="bbox 2263 4625 3872 4697; baseline -0.004 -11"><span class='ocrx_word' id='word_1_971' title='bbox 2263 4634 2440 4688; x_wconf 87' lang='lat' dir='ltr'><strong>omnia</strong></span> <span class='ocrx_word' id='word_1_972' title='bbox 2473 4632 2698 4687; x_wconf 87' lang='lat' dir='ltr'><strong>reddere</strong></span> <span class='ocrx_word' id='word_1_973' title='bbox 2724 4630 3070 4685; x_wconf 88' lang='lat' dir='ltr'><strong>illustriorem</strong></span> <span class='ocrx_word' id='word_1_974' title='bbox 3097 4668 3112 4694; x_wconf 95' lang='lat'><strong>,</strong></span> <span class='ocrx_word' id='word_1_975' title='bbox 3142 4627 3392 4697; x_wconf 88' lang='lat' dir='ltr'><strong>precibus</strong></span> <span class='ocrx_word' id='word_1_976' title='bbox 3424 4625 3751 4696; x_wconf 72' lang='lat' dir='ltr'><strong>patriarcha:</strong></span> <span class='ocrx_word' id='word_1_977' title='bbox 3779 4641 3872 4680; x_wconf 84' lang='lat' dir='ltr'><strong>sa-</strong></span> 
     </span>
    </p>
   </div>
   <div class='ocr_carea' id='block_1_110' title="bbox 2265 4717 3873 4794">
    <p class='ocr_par' dir='ltr' id='par_1_110' title="bbox 2265 4717 3873 4794">
     <span class='ocr_line' id='line_1_110' title="bbox 2265 4717 3873 4794; baseline -0.006 -12"><span class='ocrx_word' id='word_1_978' title='bbox 2265 4727 2428 4782; x_wconf 88' lang='lat' dir='ltr'><strong>lutem</strong></span> <span class='ocrx_word' id='word_1_979' title='bbox 2463 4725 2602 4794; x_wconf 89' lang='lat' dir='ltr'><strong>regis</strong></span> <span class='ocrx_word' id='word_1_980' title='bbox 2630 4734 2684 4778; x_wconf 89' lang='lat' dir='ltr'><strong>et</strong></span> <span class='ocrx_word' id='word_1_981' title='bbox 2713 4721 2952 4777; x_wconf 90' lang='lat' dir='ltr'><strong>omnium</strong></span> <span class='ocrx_word' id='word_1_982' title='bbox 2975 4735 3094 4790; x_wconf 71' lang='lat' dir='ltr'><strong>qua:</strong></span> <span class='ocrx_word' id='word_1_983' title='bbox 3122 4720 3173 4774; x_wconf 89' lang='lat' dir='ltr'><strong>in</strong></span> <span class='ocrx_word' id='word_1_984' title='bbox 3195 4721 3358 4774; x_wconf 91' lang='lat' dir='ltr'><strong>domo</strong></span> <span class='ocrx_word' id='word_1_985' title='bbox 3387 4717 3529 4772; x_wconf 88' lang='lat' dir='ltr'><strong>illius</strong></span> <span class='ocrx_word' id='word_1_986' title='bbox 3559 4725 3739 4784; x_wconf 89' lang='lat' dir='ltr'><strong>erant,</strong></span> <span class='ocrx_word' id='word_1_987' title='bbox 3772 4718 3873 4773; x_wconf 60' lang='lat' dir='ltr'><strong>do.</strong></span> 
     </span>
    </p>
   </div>
   <div class='ocr_carea' id='block_1_111' title="bbox 2263 4809 3871 4884">
    <p class='ocr_par' dir='ltr' id='par_1_111' title="bbox 2263 4809 3871 4884">
     <span class='ocr_line' id='line_1_111' title="bbox 2263 4809 3871 4884; baseline -0.006 -12"><span class='ocrx_word' id='word_1_988' title='bbox 2263 4828 2374 4872; x_wconf 87' lang='lat' dir='ltr'><strong>nat.</strong></span> <span class='ocrx_word' id='word_1_989' title='bbox 2410 4816 2582 4870; x_wconf 85' lang='lat' dir='ltr'><strong>Oravit</strong></span> <span class='ocrx_word' id='word_1_990' title='bbox 2612 4815 2779 4882; x_wconf 87' lang='lat' dir='ltr'><strong>enim,</strong></span> <span class='ocrx_word' id='word_1_991' title='bbox 2815 4813 3002 4884; x_wconf 91' lang='lat' dir='ltr'><strong>inquit,</strong></span> <span class='ocrx_word' id='word_1_992' title='bbox 3035 4810 3294 4864; x_wconf 80' lang='lat' dir='ltr'><strong>Abraham</strong></span> <span class='ocrx_word' id='word_1_993' title='bbox 3323 4809 3491 4864; x_wconf 91' lang='lat' dir='ltr'><strong>Deum</strong></span> <span class='ocrx_word' id='word_1_994' title='bbox 3528 4849 3544 4876; x_wconf 94' lang='lat'><strong>,</strong></span> <span class='ocrx_word' id='word_1_995' title='bbox 3574 4819 3622 4863; x_wconf 87' lang='lat' dir='ltr'><strong>et</strong></span> <span class='ocrx_word' id='word_1_996' title='bbox 3663 4825 3871 4864; x_wconf 78' lang='lat' dir='ltr'><strong>sanavit</strong></span> 
     </span>
    </p>
   </div>
   <div class='ocr_carea' id='block_1_112' title="bbox 2263 4903 3875 4974">
    <p class='ocr_par' dir='ltr' id='par_1_112' title="bbox 2263 4903 3875 4974">
     <span class='ocr_line' id='line_1_112' title="bbox 2263 4903 3875 4974; baseline -0.005 -10"><span class='ocrx_word' id='word_1_997' title='bbox 2263 4909 2403 4965; x_wconf 88' lang='lat' dir='ltr'><strong>Deus</strong></span> <span class='ocrx_word' id='word_1_998' title='bbox 2435 4905 2741 4972; x_wconf 81' lang='lat' dir='ltr'><strong>Abimelech;</strong></span> <span class='ocrx_word' id='word_1_999' title='bbox 2766 4917 2813 4962; x_wconf 86' lang='lat' dir='ltr'><strong>et</strong></span> <span class='ocrx_word' id='word_1_1000' title='bbox 2839 4923 3047 4960; x_wconf 75' lang='lat' dir='ltr'><strong>uxorem</strong></span> <span class='ocrx_word' id='word_1_1001' title='bbox 3070 4907 3198 4974; x_wconf 82' lang='lat' dir='ltr'><strong>ejus,</strong></span> <span class='ocrx_word' id='word_1_1002' title='bbox 3230 4913 3277 4958; x_wconf 87' lang='lat' dir='ltr'><strong>et</strong></span> <span class='ocrx_word' id='word_1_1003' title='bbox 3301 4903 3518 4958; x_wconf 86' lang='lat' dir='ltr'><strong>ancillas</strong></span> <span class='ocrx_word' id='word_1_1004' title='bbox 3541 4911 3677 4972; x_wconf 71' lang='lat' dir='ltr'><strong>ejus,</strong></span> <span class='ocrx_word' id='word_1_1005' title='bbox 3703 4913 3751 4956; x_wconf 87' lang='lat' dir='ltr'><strong>et</strong></span> <span class='ocrx_word' id='word_1_1006' title='bbox 3782 4921 3875 4973; x_wconf 83' lang='lat' dir='ltr'><strong>pe-</strong></span> 
     </span>
    </p>
   </div>
   <div class='ocr_carea' id='block_1_113' title="bbox 2264 4993 3869 5073">
    <p class='ocr_par' dir='ltr' id='par_1_113' title="bbox 2264 4993 3869 5073">
     <span class='ocr_line' id='line_1_113' title="bbox 2264 4993 3869 5073; baseline -0.006 -18"><span class='ocrx_word' id='word_1_1007' title='bbox 2264 5010 2500 5073; x_wconf 86' lang='lat' dir='ltr'><strong>pererunt</strong></span> <span class='ocrx_word' id='word_1_1008' title='bbox 2520 5016 2538 5053; x_wconf 92' lang='lat'><strong><em>:</em></strong></span> <span class='ocrx_word' id='word_1_1009' title='bbox 2561 5000 2679 5068; x_wconf 88' lang='lat' dir='ltr'><strong>quia</strong></span> <span class='ocrx_word' id='word_1_1010' title='bbox 2707 4997 3012 5052; x_wconf 87' lang='lat' dir='ltr'><strong>concludens</strong></span> <span class='ocrx_word' id='word_1_1011' title='bbox 3038 4996 3352 5050; x_wconf 80' lang='lat' dir='ltr'><strong>concluserat</strong></span> <span class='ocrx_word' id='word_1_1012' title='bbox 3382 4993 3636 5049; x_wconf 87' lang='lat' dir='ltr'><strong>Dominus</strong></span> <span class='ocrx_word' id='word_1_1013' title='bbox 3662 4996 3869 5050; x_wconf 65' lang='lat' dir='ltr'><strong>attriu-</strong></span> 
     </span>
    </p>
   </div>
   <div class='ocr_carea' id='block_1_114' title="bbox 2261 5085 3967 5157">
    <p class='ocr_par' dir='ltr' id='par_1_114' title="bbox 2261 5085 3967 5157">
     <span class='ocr_line' id='line_1_114' title="bbox 2261 5085 3967 5157; baseline -0.004 -9"><span class='ocrx_word' id='word_1_1014' title='bbox 2261 5111 2402 5149; x_wconf 86' lang='lat' dir='ltr'><strong>secus</strong></span> <span class='ocrx_word' id='word_1_1015' title='bbox 2441 5107 2640 5147; x_wconf 89' lang='lat' dir='ltr'><strong>onmem</strong></span> <span class='ocrx_word' id='word_1_1016' title='bbox 2668 5090 2864 5144; x_wconf 82' lang='lat' dir='ltr'><strong>vulvam</strong></span> <span class='ocrx_word' id='word_1_1017' title='bbox 2912 5090 2966 5143; x_wconf 88' lang='lat' dir='ltr'><strong>in</strong></span> <span class='ocrx_word' id='word_1_1018' title='bbox 3004 5089 3154 5142; x_wconf 89' lang='lat' dir='ltr'><strong>domo</strong></span> <span class='ocrx_word' id='word_1_1019' title='bbox 3178 5087 3488 5142; x_wconf 82' lang='lat' dir='ltr'><strong>Abimelech.</strong></span> <span class='ocrx_word' id='word_1_1020' title='bbox 3521 5085 3826 5157; x_wconf 80' lang='lat' dir='ltr'><strong>Propterea</strong></span> <span class='ocrx_word' id='word_1_1021' title='bbox 3851 5128 3872 5153; x_wconf 87' lang='lat'><strong>,</strong></span> <span class='ocrx_word' id='word_1_1022' title='bbox 3959 5085 3967 5093; x_wconf 88' lang='grc'><em>’</em></span> 
     </span>
    </p>
   </div>
   <div class='ocr_carea' id='block_1_115' title="bbox 2261 5177 3873 5257">
    <p class='ocr_par' dir='ltr' id='par_1_115' title="bbox 2261 5177 3873 5257">
     <span class='ocr_line' id='line_1_115' title="bbox 2261 5177 3873 5257; baseline -0.003 -20"><span class='ocrx_word' id='word_1_1023' title='bbox 2261 5184 2506 5257; x_wconf 80' lang='lat' dir='ltr'><strong>quamvis</strong></span> <span class='ocrx_word' id='word_1_1024' title='bbox 2553 5181 2760 5238; x_wconf 88' lang='lat' dir='ltr'><strong>alienus</strong></span> <span class='ocrx_word' id='word_1_1025' title='bbox 2797 5189 2941 5237; x_wconf 89' lang='lat' dir='ltr'><strong>esset</strong></span> <span class='ocrx_word' id='word_1_1026' title='bbox 2979 5195 3006 5232; x_wconf 89' lang='lat' dir='ltr'><strong>a</strong></span> <span class='ocrx_word' id='word_1_1027' title='bbox 3046 5189 3266 5250; x_wconf 87' lang='lat' dir='ltr'><strong>peccato</strong></span> <span class='ocrx_word' id='word_1_1028' title='bbox 3298 5195 3394 5234; x_wconf 90' lang='lat' dir='ltr'><strong>rex</strong></span> <span class='ocrx_word' id='word_1_1029' title='bbox 3423 5220 3439 5246; x_wconf 90' lang='lat'><strong>,</strong></span> <span class='ocrx_word' id='word_1_1030' title='bbox 3466 5177 3684 5250; x_wconf 89' lang='lat' dir='ltr'><strong>plagam</strong></span> <span class='ocrx_word' id='word_1_1031' title='bbox 3727 5177 3873 5232; x_wconf 81' lang='lat' dir='ltr'><strong>hanc</strong></span> 
     </span>
    </p>
   </div>
   <div class='ocr_carea' id='block_1_116' title="bbox 2263 5273 3874 5344">
    <p class='ocr_par' dir='ltr' id='par_1_116' title="bbox 2263 5273 3874 5344">
     <span class='ocr_line' id='line_1_116' title="bbox 2263 5273 3874 5344; baseline -0.004 -11"><span class='ocrx_word' id='word_1_1032' title='bbox 2263 5278 2472 5334; x_wconf 79' lang='lat' dir='ltr'><strong>induxit</strong></span> <span class='ocrx_word' id='word_1_1033' title='bbox 2513 5278 2686 5333; x_wconf 88' lang='lat' dir='ltr'><strong>bonus</strong></span> <span class='ocrx_word' id='word_1_1034' title='bbox 2723 5274 3019 5339; x_wconf 90' lang='lat' dir='ltr'><strong>Dominus,</strong></span> <span class='ocrx_word' id='word_1_1035' title='bbox 3065 5283 3121 5328; x_wconf 90' lang='lat' dir='ltr'><strong>ut</strong></span> <span class='ocrx_word' id='word_1_1036' title='bbox 3165 5274 3411 5344; x_wconf 84' lang='lat' dir='ltr'><strong>precibus</strong></span> <span class='ocrx_word' id='word_1_1037' title='bbox 3447 5273 3580 5342; x_wconf 88' lang='lat' dir='ltr'><strong>justi</strong></span> <span class='ocrx_word' id='word_1_1038' title='bbox 3617 5285 3874 5326; x_wconf 87' lang='lat' dir='ltr'><strong>annuens</strong></span> 
     </span>
    </p>
   </div>
   <div class='ocr_carea' id='block_1_117' title="bbox 2263 5365 3872 5438">
    <p class='ocr_par' dir='ltr' id='par_1_117' title="bbox 2263 5365 3872 5438">
     <span class='ocr_line' id='line_1_117' title="bbox 2263 5365 3872 5438; baseline -0.004 -12"><span class='ocrx_word' id='word_1_1039' title='bbox 2263 5386 2380 5426; x_wconf 75' lang='lat' dir='ltr'><strong>eam</strong></span> <span class='ocrx_word' id='word_1_1040' title='bbox 2410 5371 2683 5438; x_wconf 90' lang='lat' dir='ltr'><strong>solveret,</strong></span> <span class='ocrx_word' id='word_1_1041' title='bbox 2709 5376 2764 5424; x_wconf 92' lang='lat' dir='ltr'><strong>et</strong></span> <span class='ocrx_word' id='word_1_1042' title='bbox 2787 5368 2990 5438; x_wconf 88' lang='lat' dir='ltr'><strong>justum</strong></span> <span class='ocrx_word' id='word_1_1043' title='bbox 3011 5366 3295 5422; x_wconf 78' lang='lat' dir='ltr'><strong>clariorem</strong></span> <span class='ocrx_word' id='word_1_1044' title='bbox 3317 5375 3372 5422; x_wconf 90' lang='lat' dir='ltr'><strong>et</strong></span> <span class='ocrx_word' id='word_1_1045' title='bbox 3397 5365 3756 5422; x_wconf 90' lang='lat' dir='ltr'><strong>illustriorem</strong></span> <span class='ocrx_word' id='word_1_1046' title='bbox 3789 5365 3872 5420; x_wconf 86' lang='lat' dir='ltr'><strong>ef-</strong></span> 
     </span>
    </p>
   </div>
   <div class='ocr_carea' id='block_1_118' title="bbox 2264 5461 3875 5533">
    <p class='ocr_par' dir='ltr' id='par_1_118' title="bbox 2264 5461 3875 5533">
     <span class='ocr_line' id='line_1_118' title="bbox 2264 5461 3875 5533; baseline -0.005 -13"><span class='ocrx_word' id='word_1_1047' title='bbox 2264 5466 2467 5520; x_wconf 79' lang='lat' dir='ltr'><strong>ficeret.</strong></span> <span class='ocrx_word' id='word_1_1048' title='bbox 2513 5465 2646 5520; x_wconf 88' lang='lat' dir='ltr'><strong>Nam</strong></span> <span class='ocrx_word' id='word_1_1049' title='bbox 2691 5477 2904 5533; x_wconf 89' lang='lat' dir='ltr'><strong>semper</strong></span> <span class='ocrx_word' id='word_1_1050' title='bbox 2948 5463 3126 5516; x_wconf 91' lang='lat' dir='ltr'><strong>omnia</strong></span> <span class='ocrx_word' id='word_1_1051' title='bbox 3175 5461 3245 5515; x_wconf 89' lang='lat' dir='ltr'><strong>ita</strong></span> <span class='ocrx_word' id='word_1_1052' title='bbox 3281 5461 3406 5516; x_wconf 89' lang='lat' dir='ltr'><strong>facit</strong></span> <span class='ocrx_word' id='word_1_1053' title='bbox 3443 5469 3500 5515; x_wconf 89' lang='lat' dir='ltr'><strong>et</strong></span> <span class='ocrx_word' id='word_1_1054' title='bbox 3541 5467 3786 5524; x_wconf 80' lang='lat' dir='ltr'><strong>tractat,</strong></span> <span class='ocrx_word' id='word_1_1055' title='bbox 3816 5467 3875 5512; x_wconf 86' lang='lat' dir='ltr'><strong>et</strong></span> 
     </span>
    </p>
   </div>
   <div class='ocr_carea' id='block_1_119' title="bbox 2260 5553 3865 5630">
    <p class='ocr_par' dir='ltr' id='par_1_119' title="bbox 2260 5553 3865 5630">
     <span class='ocr_line' id='line_1_119' title="bbox 2260 5553 3865 5630; baseline -0.004 -15"><span class='ocrx_word' id='word_1_1056' title='bbox 2260 5559 2466 5630; x_wconf 88' lang='lat' dir='ltr'><strong>singula</strong></span> <span class='ocrx_word' id='word_1_1057' title='bbox 2493 5558 2786 5628; x_wconf 89' lang='lat' dir='ltr'><strong>dispensat,</strong></span> <span class='ocrx_word' id='word_1_1058' title='bbox 2812 5565 2869 5611; x_wconf 92' lang='lat' dir='ltr'><strong>ut</strong></span> <span class='ocrx_word' id='word_1_1059' title='bbox 2889 5555 2978 5625; x_wconf 89' lang='lat' dir='ltr'><strong>qui</strong></span> <span class='ocrx_word' id='word_1_1060' title='bbox 3003 5555 3105 5610; x_wconf 88' lang='lat' dir='ltr'><strong>sibi</strong></span> <span class='ocrx_word' id='word_1_1061' title='bbox 3131 5554 3373 5610; x_wconf 92' lang='lat' dir='ltr'><strong>serviunt</strong></span> <span class='ocrx_word' id='word_1_1062' title='bbox 3397 5595 3413 5621; x_wconf 94' lang='lat'><strong>,</strong></span> <span class='ocrx_word' id='word_1_1063' title='bbox 3447 5555 3602 5625; x_wconf 87' lang='lat' dir='ltr'><strong>quasi</strong></span> <span class='ocrx_word' id='word_1_1064' title='bbox 3628 5553 3865 5609; x_wconf 74' lang='lat' dir='ltr'><strong>luminu—</strong></span> 
     </span>
    </p>
   </div>
   <div class='ocr_carea' id='block_1_120' title="bbox 2263 5641 3866 5716">
    <p class='ocr_par' dir='ltr' id='par_1_120' title="bbox 2263 5641 3866 5716">
     <span class='ocr_line' id='line_1_120' title="bbox 2263 5641 3866 5716; baseline -0.004 -10"><span class='ocrx_word' id='word_1_1065' title='bbox 2263 5652 2344 5706; x_wconf 89' lang='lat' dir='ltr'><strong>ria</strong></span> <span class='ocrx_word' id='word_1_1066' title='bbox 2371 5647 2645 5708; x_wconf 88' lang='lat' dir='ltr'><strong>reluceant</strong></span> <span class='ocrx_word' id='word_1_1067' title='bbox 2663 5689 2679 5716; x_wconf 93' lang='lat'><strong>,</strong></span> <span class='ocrx_word' id='word_1_1068' title='bbox 2720 5657 2777 5704; x_wconf 91' lang='lat' dir='ltr'><strong>et</strong></span> <span class='ocrx_word' id='word_1_1069' title='bbox 2804 5662 2990 5703; x_wconf 90' lang='lat' dir='ltr'><strong>eorum</strong></span> <span class='ocrx_word' id='word_1_1070' title='bbox 3020 5647 3187 5702; x_wconf 88' lang='lat' dir='ltr'><strong>virtus</strong></span> <span class='ocrx_word' id='word_1_1071' title='bbox 3220 5645 3418 5716; x_wconf 89' lang='lat' dir='ltr'><strong>ubique</strong></span> <span class='ocrx_word' id='word_1_1072' title='bbox 3445 5645 3776 5701; x_wconf 88' lang='lat' dir='ltr'><strong>celebretur.</strong></span> <span class='ocrx_word' id='word_1_1073' title='bbox 3801 5641 3866 5700; x_wconf 79' lang='lat' dir='ltr'><strong>Et</strong></span> 
     </span>
    </p>
   </div>
   <div class='ocr_carea' id='block_1_121' title="bbox 2264 5735 3870 5812">
    <p class='ocr_par' dir='ltr' id='par_1_121' title="bbox 2264 5735 3870 5812">
     <span class='ocr_line' id='line_1_121' title="bbox 2264 5735 3870 5812; baseline -0.005 -14"><span class='ocrx_word' id='word_1_1074' title='bbox 2264 5745 2405 5812; x_wconf 80' lang='lat' dir='ltr'><strong>vide,</strong></span> <span class='ocrx_word' id='word_1_1075' title='bbox 2435 5743 2662 5800; x_wconf 88' lang='lat' dir='ltr'><strong>obsecro</strong></span> <span class='ocrx_word' id='word_1_1076' title='bbox 2681 5783 2698 5812; x_wconf 94' lang='lat'><strong>,</strong></span> <span class='ocrx_word' id='word_1_1077' title='bbox 2726 5740 2953 5808; x_wconf 88' lang='lat' dir='ltr'><strong>dilecte,</strong></span> <span class='ocrx_word' id='word_1_1078' title='bbox 2983 5749 3263 5810; x_wconf 87' lang='lat' dir='ltr'><strong>postquam</strong></span> <span class='ocrx_word' id='word_1_1079' title='bbox 3282 5739 3488 5809; x_wconf 86' lang='lat' dir='ltr'><strong>justum</strong></span> <span class='ocrx_word' id='word_1_1080' title='bbox 3517 5738 3592 5792; x_wconf 85' lang='lat' dir='ltr'><strong>ita</strong></span> <span class='ocrx_word' id='word_1_1081' title='bbox 3616 5735 3870 5793; x_wconf 87' lang='lat' dir='ltr'><strong>liberavit</strong></span> 
     </span>
    </p>
   </div>
   <div class='ocr_carea' id='block_1_122' title="bbox 2263 5825 3869 5903">
    <p class='ocr_par' dir='ltr' id='par_1_122' title="bbox 2263 5825 3869 5903">
     <span class='ocr_line' id='line_1_122' title="bbox 2263 5825 3869 5903; baseline -0.008 -12"><span class='ocrx_word' id='word_1_1082' title='bbox 2263 5852 2291 5891; x_wconf 88' lang='lat' dir='ltr'><strong>a</strong></span> <span class='ocrx_word' id='word_1_1083' title='bbox 2320 5837 2587 5892; x_wconf 88' lang='lat' dir='ltr'><strong>molestiis</strong></span> <span class='ocrx_word' id='word_1_1084' title='bbox 2615 5875 2634 5903; x_wconf 94' lang='lat'><strong>,</strong></span> <span class='ocrx_word' id='word_1_1085' title='bbox 2662 5831 2933 5903; x_wconf 90' lang='lat' dir='ltr'><strong>quomodo</strong></span> <span class='ocrx_word' id='word_1_1086' title='bbox 2958 5832 3150 5890; x_wconf 89' lang='lat' dir='ltr'><strong>iterum</strong></span> <span class='ocrx_word' id='word_1_1087' title='bbox 3181 5843 3390 5884; x_wconf 85' lang='lat' dir='ltr'><strong>summa</strong></span> <span class='ocrx_word' id='word_1_1088' title='bbox 3422 5828 3692 5884; x_wconf 90' lang='lat' dir='ltr'><strong>bonorum</strong></span> <span class='ocrx_word' id='word_1_1089' title='bbox 3717 5825 3869 5896; x_wconf 78' lang='lat' dir='ltr'><strong>justo</strong></span> 
     </span>
    </p>
   </div>
   <div class='ocr_carea' id='block_1_123' title="bbox 2264 5919 3872 6002">
    <p class='ocr_par' dir='ltr' id='par_1_123' title="bbox 2264 5919 3872 6002">
     <span class='ocr_line' id='line_1_123' title="bbox 2264 5919 3872 6002; baseline -0.008 -16"><span class='ocrx_word' id='word_1_1090' title='bbox 2264 5929 2506 6000; x_wconf 80' lang='lat' dir='ltr'><strong>traditur,</strong></span> <span class='ocrx_word' id='word_1_1091' title='bbox 2531 5924 2924 6002; x_wconf 88' lang='lat' dir='ltr'><strong>pollicitationis</strong></span> <span class='ocrx_word' id='word_1_1092' title='bbox 2949 5923 3190 5995; x_wconf 78' lang='lat' dir='ltr'><strong>effectus,</strong></span> <span class='ocrx_word' id='word_1_1093' title='bbox 3213 5932 3267 5980; x_wconf 91' lang='lat' dir='ltr'><strong>et</strong></span> <span class='ocrx_word' id='word_1_1094' title='bbox 3294 5935 3440 5978; x_wconf 82' lang='lat' dir='ltr'><strong>nunc</strong></span> <span class='ocrx_word' id='word_1_1095' title='bbox 3470 5919 3732 5978; x_wconf 87' lang='lat' dir='ltr'><strong>eveniunt</strong></span> <span class='ocrx_word' id='word_1_1096' title='bbox 3744 5931 3872 5990; x_wconf 71' lang='lat' dir='ltr'><strong>qua:</strong></span> 
     </span>
    </p>
   </div>
  </div>
