4078 6440
421 250 518 319 ίει

420 387 580 458 πητέ,
637 385 773 458 μετὰ
810 385 910 457 τήν
944 383 1059 439 τῶν
1098 383 1361 457 λυπηρῶν
1392 384 1737 457 ἀπαλλαγὴν,
1791 384 1909 449 πῶς
1938 384 2101 439 πάλιν

419 473 724 545 διαδέχεται
786 474 879 527 τὸν
916 473 1121 527 δίκαιον
1157 474 1192 545 ή
1221 473 1453 544 κορωνὶς
1495 472 1606 526 τῶν
1646 471 1889 541 ἀγαθῶν,
1929 474 1963 544 ή
2002 473 2104 544 τῆς

421 562 749 631 ἐπαγγελίας
780 561 1094 632 ὑπόσχεσις,
1122 561 1216 613 καὶ
1236 562 1317 624 είς
1338 559 1497 631 ἔργον
1526 559 1711 614 λοιπὸν
1732 558 1878 631 ἐξῄει
1906 561 1975 613 τά
2004 562 2080 615 πά

420 650 511 705 λαι
545 651 697 724 παρά
741 650 835 704 τοῦ
881 648 1018 705 Θεοῦ
1060 649 1467 720 ἐπαγγελθέντα
1503 648 1673 716 αὐτῷ.
1714 649 1826 703 Kal
1859 651 2097 717 Κύριος,

421 741 607 811 φησὶν,
671 739 1053 809 ἐπεσκέψατο
1109 737 1225 807 τὴν
1271 735 1531 807 Σάρῤαν,
1584 738 1739 794 καθὰ
1791 733 1942 801 εἷπε,
2003 736 2096 792 καί

388 841 392 845 '
418 827 675 897 ἐποίησε
713 826 786 896 τῇ
815 826 1034 896 Σάρῤᾳ,
1060 827 1212 881 καθὰ
1231 825 1520 894 ἐλάλησε.
1547 826 1658 881 Kal
1693 826 2098 881 συλλαϐοῦσα

417 912 584 968 ἔτεκε
608 913 805 983 Σάρῤα
838 912 919 979 τῷ
962 913 1209 984 Ἀϐραὰμ
1242 915 1377 969 υίόν
1404 916 1493 980 είς
1526 913 1594 967 τὸ
1620 913 1830 984 γῆρας,
1861 917 1949 980 εις
1996 914 2094 968 τὸν

418 1000 644 1069 καιρὸν,
676 1001 829 1058 καθὰ
853 1001 1165 1070 ἐλάλησεν
1189 1001 1350 1067 αὐτῷ
1383 999 1622 1071 Κύριος.
1655 1002 1720 1055 Τί
1756 1002 1893 1065 ἐστι,
1928 1003 2095 1057 (mea

414 1080 700 1158 ἐλάλησε,
734 1090 851 1153 καὶ,
884 1091 1047 1145 Καθὰ
1073 1086 1203 1145 εἶπε
1219 1106 1238 1154 ;
1273 1088 1563 1161 Καθάπερ,
1590 1091 1773 1162 φησὶν,
1802 1090 2089 1162 ὑπέσχετο,

412 1178 575 1248 ήνίκα
616 1178 922 1251 ἐπεξενώθη
973 1180 1111 1251 μετά
1152 1180 1258 1233 τῶν
1303 1180 1552 1250 ἀγγέλων
1584 1182 1664 1245 είς
1692 1180 1791 1251 τὴν
1833 1180 1964 1252 δρῦν
1990 1182 2089 1254 τὴν

411 1266 681 1340 Μαμϐρῆ,
720 1267 955 1339 εἰρηκὼς
980 1269 1062 1321 ὅτι
1092 1270 1197 1335 Είς
1216 1270 1325 1322 τὸν
1347 1268 1559 1338 καιρόν
1595 1268 1807 1323 τοῦτον
1837 1269 2090 1326 ἐλεύσο-

406 1372 531 1423 μαι,
569 1355 666 1410 καί
692 1355 861 1411 ἔσται
888 1355 963 1425 τῇ
988 1357 1187 1427 reipr
1215 1359 1364 1424 υἱός.
1397 1358 1581 1413 Ταῦτα
1609 1356 1786 1411 τοίνυν
1824 1360 1903 1421 είς
1929 1359 2089 1432 ἔργον

411 1443 621 1517 ἐξῆλθε,
646 1447 741 1499 καὶ
760 1448 826 1499 τὰ
850 1448 916 1518 τῇ
940 1444 1099 1516 φύσει
1122 1446 1566 1519 ἀπηγορευμένα,
1591 1448 1765 1504 ταῦτα
1791 1450 1980 1524 ἐώρων
2008 1455 2088 1517 είς

409 1533 567 1604 ἔργον
591 1534 948 1607 ἐκϐεϐηκότα,
967 1536 1026 1589 οὐ
1054 1536 1194 1591 κατὰ
1223 1537 1571 1610 ἀνθρωπίνην
1588 1539 1930 1608 ἀκολουθίαν,
1950 1541 2088 1598 ἀλλὰ

407 1628 548 1677 κατά
581 1622 729 1677 θείαν
758 1624 937 1695 χάριν.
964 1625 1073 1678 Kal
1095 1623 1353 1679 ἐκάλεσε
1376 1626 1442 1679 τὸ
1474 1627 1661 1696 ὄνομα
1683 1628 1791 1683 τοῦ
1816 1629 1949 1685 υἱοῦ
1979 1631 2085 1685 αὐ-

406 1710 532 1776 τοῦ,
558 1710 631 1765 ὃν
647 1712 849 1765 ἔτεκεν
865 1710 1024 1777 αὐτῷ
1043 1711 1262 1781 Σὰῤῥα,
1290 1712 1515 1770 Ἰσαάκ.
1538 1715 1648 1787 Οὐχ
1666 1716 1854 1783 ἁπλῶς
1884 1720 2085 1791 ἐπεση-

406 1799 614 1870 μήνατο
642 1800 674 1870 ή
703 1798 823 1852 θεία
859 1799 1050 1872 Γραφὴ
1082 1801 1162 1864 τὸ,
1196 1803 1305 1854 ’ον
1329 1800 1537 1855 ἔτεκεν
1568 1802 1729 1869 αὐτῷ
1767 1803 1980 1875 Σάρῤα·
2021 1807 2080 1860 οὐ

401 1888 510 1959 γὰρ
545 1884 696 1941 εἶπεν
725 1886 873 1960 [465]
904 1887 1109 1953 ἁπλῶς,
1152 1887 1442 1943 Ἐκάνῑεσε
1491 1890 1559 1944 τὸ
1593 1890 1781 1961 ὄνομα
1811 1893 1919 1948 τοῦ
1947 1893 2082 1948 υἱοῦ

398 1975 607 2038 αὐτοῦ,
660 1975 797 2029 ἀλλὰ
837 1976 1196 2049 προσέθηκεν,
1241 1978 1351 2030 ’ον
1401 1976 1610 2032 ἔτεκεν
1644 1980 1807 2046 αὐτῷ
1860 1981 2079 2052 Eappa,

400 2064 544 2117 τοῦτ’
577 2063 774 2136 ἔστινὴ
805 2064 1013 2137 στεῖρα,
1038 2066 1073 2136 ή
1102 2064 1316 2133 ἀγονος,
1344 2066 1378 2136 ή
1405 2071 1766 2138 γεγηρακυῖα.
1788 2070 1897 2125 Καὶ
1922 2087 2083 2140 περι-

397 2151 606 2223 έτεμεν
633 2152 841 2219 αὑτὸν,
875 2153 1028 2224 φησὶ,
1067 2150 1143 2221 τῇ
1170 2151 1361 2222 ἡμέρῃ
1383 2152 1457 2223 τῇ
1477 2154 1657 2226 ὀγδόῃ
1690 2157 1844 2212 καθὰ
1870 2159 2077 2215 durata.

396 2244 547 2294 λατο
568 2237 966 2310 Κύριος-,Οὕτω
990 2238 1099 2311 γὰρ
1119 2235 1186 2311 ἦν
1212 2240 1626 2313 διαταξάμενος,
1644 2243 1786 2298 ὥστε
1806 2249 1871 2318 τῇ
1895 2249 2080 2322 ήμέρᾳ

396 2327 464 2399 τῇ
501 2327 663 2402 ὀγδόῃ
696 2327 1126 2400 περιτέμνεσθαι
1152 2328 1336 2382 λοιπὸν
1374 2329 1442 2384 τά
1471 2331 1783 2402 τικτόμενα.
1825 2329 1957 2387 Εἶτα
1991 2335 2075 2389 ’ίνα

402 2415 669 2489 μάθωμεν
689 2416 877 2471 λοιπὸν
902 2418 1003 2489 τήν
1027 2416 1235 2489 ἄφατον
1250 2417 1476 2489 δύναμιν
1493 2418 1587 2473 τοῦ
1604 2420 1760 2486 Θεοῦ,
1786 2421 1867 2475 ὄτι
1899 2423 1992 2476 καὶ
2008 2424 2079 2478 τά

397 2507 549 2580 παρά
577 2506 884 2578 ἀνθρώποις
918 2508 1155 2564 ἀδύνατα
1187 2508 1319 2580 παρ’
1348 2509 1498 2582 αὺτῷ
1537 2510 1760 2579 δυνατὰ,
1795 2513 1884 2568 διὰ
1916 2515 2077 2571 τοῦτο

393 2596 490 2649 καὶ
516 2595 609 2649 τὸν
635 2595 825 2667 χρόνον
853 2598 989 2667 ἡμῖν
1008 2596 1171 2650 πάλιν
1195 2598 1616 2668 ἐπισημαίνεται
1642 2602 1675 2671 ή
1711 2599 1832 2657 θεία
1860 2604 2072 2677 Γραφή,

392 2683 489 2738 καὶ
522 2684 660 2754 μετά
688 2683 780 2738 τὸν
803 2683 962 2737 τόκον
988 2684 1228 2739 διδάσκει
1254 2687 1403 2757 ἡμᾶς
1431 2686 1685 2755 λέγουσα.
1729 2690 1986 2762 Ἀϐραὰμ
2006 2692 2075 2747 δὲ

391 2768 475 2841 ἦν
507 2770 660 2826 ἐτῶν
691 2772 929 2836 ἑκατὸν,
956 2772 1142 2841 ἡνίκα
1181 2773 1419 2844 ἐγένετο
1451 2773 1614 2841 αὐτῷ
1655 2777 1853 2832 Ἰσαὰκ
1881 2782 1914 2833 ὁ
1942 2784 2073 2848 υίὸς

390 2858 601 2916 αὐτοῦ.
631 2855 780 2914 Εῖπε
803 2858 872 2913 δὲ
909 2857 1128 2930 Σάρῤα·
1163 2859 1408 2916 Γέλωτοί
1435 2879 1539 2931 μοι
1567 2863 1859 2932 ἐποίησεν
1885 2870 1919 2921 ό
1950 2870 2071 2923 Κύ-

386 2962 536 3017 ριοςο
568 2946 639 3015 ὃς
689 2948 799 3019 γὰρ
843 2946 921 3002 ἂν
961 2948 1222 3017 ἀκούσῃ,
1257 2949 1650 3019 συγχαρεῒταί
1680 2970 1803 3022 μοι.
1836 2954 1901 3008 Τί
1929 2958 2067 3021 ἐστι,

388 3033 637 3091 Γέλωτά
656 3051 759 3105 μοι
781 3035 1074 3104 ἐποίησεν
1095 3039 1127 3091 ὀ
1151 3037 1369 3105 Κύριος
1383 3053 1404 3102 ;
1432 3038 1789 3110 Εὑφροσύνης
1816 3041 2072 3109 ὑπόθεσίς

392 3140 484 3196 μοι
512 3124 542 3177 ό
564 3122 721 3188 τόκος
750 3123 916 3178 ἐστίν.
946 3125 1059 3178 Καὶ
1084 3124 1137 3177 τί
1166 3124 1497 3196 θαυμαστὸν,
1532 3130 1580 3181 εί
1611 3129 1768 3199 ἐμοί;
1801 3132 1908 3185 Καὶ
1936 3132 2071 3187 πάν-

387 3227 488 3274 τας
516 3212 642 3275 τοὺς
673 3209 973 3275 ἀκούοντας
1003 3212 1401 3285 συνηδομένους
1429 3213 1556 3279 ἐξω,
1587 3216 1691 3269 οὐκ
1725 3218 1911 3293 ἐπειδὴ
1954 3219 2069 3274 ἔτε-

386 3315 504 3365 κον,
524 3297 658 3353 ἀλλ’
679 3298 868 3370 ἐπειδὴ
893 3297 1065 3362 οῦτως
1089 3299 1294 3357 ἔτεκον.
1329 3301 1402 3355 Τὸ
1440 3303 1746 3374 παράδοξον
1781 3307 1876 3362 τοῦ
1910 3326 2069 3380 γεγε-

385 3386 623 3459 νημένου
653 3387 863 3451 πάντας
896 3388 977 3452 είς
998 3386 1183 3460 θαῦμα
1210 3392 1563 3462 καταστήσει,
1598 3395 1691 3449 καὶ
1714 3395 1934 3451 πλείονα
1961 3400 2067 3452 πᾶ-

385 3493 438 3530 σι
472 3474 699 3547 παρέξει
728 3476 829 3548 τὴν
868 3475 1084 3548 ήδονὴν,
1130 3478 1258 3530 ὅταν
1311 3478 1575 3550 μάθωσιν,
1610 3481 1691 3536 ὅτι
1733 3484 1844 3552 ἐγὼ
1875 3488 1908 3556 ή
1954 3489 2065 3543 τῶν

382 3561 593 3634 νεκρῶν
617 3562 771 3616 οὐδὲν
799 3562 1022 3649 ἀμεινον
1053 3562 1390 3636 διακειμένη,
1414 3564 1608 3637 ἀθρόον
1631 3571 1814 3649 μήτηρ
1843 3573 2063 3644 γέγονα,

384 3649 482 3704 καὶ
518 3649 625 3703 ἀπὸ
647 3647 1070 3719 κατεψυγμένης
1106 3650 1318 3722 μήτρας
1351 3652 1563 3707 παιδίον
1590 3647 1795 3722 ἔτεκον,
1827 3660 1921 3713 καὶ⁵
1956 3664 2063 3735 μήν

385 3737 639 3809 θηλάζειν
664 3736 921 3808 δύναμαι,
950 3737 1047 3790 καὶ
1077 3738 1261 3810 πηγάς
1284 3740 1556 3809 γάλακτος
1581 3745 1801 3814 ἀφιέναι
1835 3751 1867 3821 ή
1903 3751 2064 3822 μηδε-

387 3827 518 3898 μίαν
553 3825 743 3878 ἐλπίδα
779 3824 965 3882 λοιπὺν
990 3827 1339 3897 τεκνογονίας
1375 3829 1593 3900 ἔχουσα.
1620 3835 1731 3888 Kal
1771 3832 1921 3892 εἴπεο
1964 3838 2063 3908 Τίς

382 3911 709 3984 ἀναγγελεῖ
721 3910 802 3979 τῷ
830 3913 1094 3984 Ἀϐραὰμ,
1124 3913 1213 3969 ὅτι
1234 3914 1469 3985 θηλάζει
1487 3917 1552 3973 τὸ
1574 3921 1818 3978 παιδίον
1830 3926 2030 3997 Σάρῤα
2041 3947 2062 3995 ;

381 4000 481 4056 Διά
506 4001 616 4073 γάρ
649 4002 809 4054 τοῦτο
846 4002 940 4055 καὶ
981 4001 1076 4056 τοῦ
1102 4002 1373 4071 γάλακτος
1404 4007 1461 4059 al
1506 4011 1681 4080 πηγαὶ
1715 4018 2060 4089 παρεσχέθη..

383 4106 506 4153 σαν,
539 4089 626 4143 ἵνα
654 4089 745 4143 τὸν
772 4089 930 4143 τόκον
963 4089 1365 4160 πιστώσωνται,
1402 4094 1496 4149 καὶ
1542 4098 1617 4168 μή
1649 4116 1733 4163 τις
1756 4102 2060 4177 ὑπόϐλητον

381 4172 520 4232 εἶναι
545 4176 742 4251 νομίσῃ
772 4177 836 4231 τὸ
861 4178 1091 4232 παιδίον
1127 4181 1185 4233 al
1206 4179 1315 4252 γάρ
1343 4183 1517 4252 πηγαὶ
1541 4184 1634 4238 τοῦ
1662 4187 1931 4257 γάλακτος
1951 4172 2058 4246 πᾶ-

382 4280 467 4319 σιν
499 4265 796 4337 ἐκήρυττον
832 4265 982 4331 παρά
1014 4267 1195 4319 πᾶσαν
1226 4268 1574 4342 ἀνθρωπίνην
1623 4277 1949 4346 προσδοκίαν
1980 4279 2058 4336 εἷ..

379 4370 467 4408 ναι
526 4352 589 4406 τὸ
644 4353 1030 4424 γεγενημένον.
1089 4355 1184 4420 Τίς
1246 4356 1596 4428 ἀναγγελεῖ,
1667 4361 1757 4416 ὅτι
1819 4368 2056 4435 θηλάζει

379 4440 621 4494 παιδίον
671 4438 909 4510 Eappa,-
959 4439 1049 4494 ὅτι
1105 4440 1316 4497 ἔτεκον
1371 4444 1506 4500 υίόν
1557 4447 1629 4502 ἐν
1690 4449 1846 4521 γήρᾳ
1899 4472 2020 4523 μου
2033 4472 2054 4520 ;

376 4529 458 4583 ὅτι
502 4527 615 4599 ἐγὼ
654 4530 687 4601 ἡ
718 4533 1060 4601 γεγηρακυῖα
1088 4534 1267 4586 τεκεῖν
1315 4533 1603 4607 ήδυνήθην,
1640 4540 1734 4593 καὶ
1778 4542 1838 4594 ὲν
1865 4543 2053 4617 ἡλικίᾳ

376 4616 600 4691 τοιαύτῃ
638 4617 853 4673 παιδίον
892 4619 1114 4690 τρέφειν
1140 4619 1411 4693 δύναμαι;
1454 4625 1565 4679 Kal
1599 4626 1856 4698 ηὐξήθη,
1894 4616 2049 4704 φησὶ,

374 4701 443 4756 τὸ
513 4703 776 4770 παιδίον,
836 4706 937 4761 καί
994 4707 1512 4780 ἀπεγαλακτίσθη.
1568 4713 1680 4768 Kal
1756 4701 2053 4788 ἐποίησεν

389 4789 636 4860 Ἀϐραὰμ
660 4791 855 4862 δοχὴν
883 4792 1178 4864 μεγάλην,
1206 4790 1247 4867 ᾖ
1269 4796 1460 4866 ἡμέρᾳ
1483 4800 1977 4875 ἀπεγαίακτίσθη
2016 4808 2050 4862 ό

373 4877 505 4946 υίὸς
526 4878 736 4936 αὐτοῦ.

441 4975 507 5033 ς’.
530 4964 685 5033 Εἶδες
706 4967 802 5023 τοῦ
817 4969 952 5024 Θεοῦ
974 4970 1072 5044 τήν
1097 4971 1303 5042 ἄφατον
1324 4976 1536 5043 σοφίαν,
1550 4979 1700 5044 ὅπως
1718 4980 1807 5036 διά
1828 4983 2046 5039 πάντων

369 5058 471 5128 τὴν
513 5057 794 5129 ὑπομονὴν
834 5059 930 5111 τοῦ
967 5059 1177 5114 δικαίου
1210 5060 1525 5130 βασανίσας,
1561 5067 1650 5121 ὅτε
1678 5072 2046 5144 ἀπαγορεύειν
2070 5130 2093 5137 _

370 5143 517 5212 ῐδοξε
549 5146 646 5199 καὶ
679 5146 842 5210 αὐτὸς
876 5148 970 5201 καὶ
1014 5148 1216 5212 πάντες
1261 5152 1311 5203 οἱ
1358 5154 1439 5216 είς
1477 5154 1641 5209 αὐτὸν
1683 5158 1938 5228 ὁρῶντες,
1972 5166 2037 5236 τῇ

369 5230 690 5307 ἀνθρωπεία
725 5234 886 5304 φύσει
934 5236 1481 5304 κατακολουθοῦντες,
1514 5242 1635 5297 τότε
1682 5245 1782 5318 τὴν
1833 5230 2040 5307 οἰκείαν

369 5318 663 5391 ὑπόσχεσιν
691 5324 773 5387 εἰς
794 5321 954 5393 ἔργον
974 5325 1182 5395 ἧγαγε;
1207 5326 1317 5380 Kal
1339 5330 1503 5398 ἡμεῖς
1525 5332 1724 5399 τοίνυν,
1743 5337 2040 5410 ἀγαπητοὶ,

366 5408 468 5479 τὴν
519 5409 690 5480 αὐτὴν
722 5410 799 5481 τῷ
845 5413 1041 5485 δικαίῳ
1085 5414 1365 5486 ὑπομονὴν
1408 5419 1894 5494 ἐπιδεικνυώμεθα,
1921 5408 2041 5483 ήκαὶ

370 5494 640 5567 μηδέποτε
667 5499 978 5570 ναρκῶμεν,
1008 5500 1145 5555 ἀλλὰ
1167 5505 1288 5569 ταῖς
1312 5500 1578 5577 χρησταῖς
1615 5510 1798 5565 ἐλπίσι
1830 5515 2044 5585 τρεφώ-

370 5581 532 5651 μεθα,
558 5583 763 5647 ειδότες
788 5585 871 5637 ὅτι
899 5586 1023 5641 οὗτε
1047 5589 1304 5646 δυσκολία
1320 5595 1682 5665 πραγμάτοιν,
1700 5596 1826 5651 οὔτε
1854 5581 2042 5669 ἑτέρω

365 5683 419 5724 τι
448 5668 558 5722 τῶν
588 5671 942 5741 ἀνθρωπίνων
972 5676 1152 5730 ἱκανὸν
1184 5678 1560 5753 κώλυμαήμῖν
1590 5685 1866 5754 γενέσθαι,
1891 5668 2040 5743 ἐπει-

364 5756 463 5815 δὰν
495 5758 529 5827 ή
562 5756 657 5810 τοῦ
688 5756 824 5812 Θεοῦ
854 5762 1010 5832 χάρις
1040 5761 1138 5833 τὴν
1167 5767 1373 5822 οἰκείαν
1405 5770 1718 5843 φιλοτιμίαν
1764 5775 2035 5844 ἐπιδείξαέ-

367 5841 490 5899 σθαι
524 5845 778 5916 βουληθῇ.
812 5849 980 5904 Ὅταν
1000 5850 1108 5922 γάρ
1138 5854 1341 5921 ἐκεῖνος
1365 5859 1552 5929 νεύσῃ,
1577 5841 1753 5916 πάντα
1779 5849 1917 5919 εἴκεί
1942 5841 2033 5923 καὶ

1178 262 1240 321 S.
1283 261 1567 323 ,ιοΑΝΝιε
1601 262 2093 321 CHRYSOSTUMI
2141 268 2464 327 ARCHIEP.
2505 273 3051 333 CONSTANTINOP.

3783 290 3892 348 ΗΞ

2208 393 2549 461 παραχωρεῖ,
2582 392 2675 447 καὶ
2706 395 2776 448 τὰ
2797 394 3031 450 δύσκολα
3060 396 3259 455 εὔκολα
3289 402 3519 471 γίνεται,
3538 407 3636 462 καὶ
3657 407 3728 461 τὰ
3756 409 3888 462 ἀδύ-

2202 493 2336 530 νατα
2379 480 2614 535 δυνατά’
2648 484 2809 553 μόνον
2844 485 2941 539 ἐὰν
2973 489 3134 559 ἡμεῖς
3189 492 3427 563 στερρὰν
3450 494 3552 566 τὴν
3595 498 3680 559 είς
3725 501 3890 555 αὐτὸν

2202 566 2386 619 πίστιν
2413 568 2903 642 ἐπιδεικνυώμεθα,
2934 575 3027 628 καὶ
3060 577 3198 647 πρὸς
3230 578 3291 631 τὸ
3321 581 3555 651 μέγεθος
3591 586 3763 640 αὐτοῦ
3791 590 3891 658 ἀφ-

2199 651 2455 723 ορῶντες,
2488 655 2751 730 ἀνώτεροι
2782 661 3061 732 γινώμεθα
3086 664 3193 718 τῶν
3214 667 3573 740 ἀνθρωπίνων
3601 651 3884 733 ἁπάντων.

2210 738 2268 795 Ὁ
2300 741 2410 813 γὰρ
2450 743 2519 797 τὰ
2560 745 2825 814 μέλλοντα
2869 750 3050 818 ἀγαθά
3096 755 3191 806 καὶ
3230 738 3328 809 τὰ-
3356 756 3651 831 ἀπόρρητα
3696 764 3886 820 ἐκεῖνα

2198 827 2567 901 ὑποσχόμενος
2593 837 2707 897 τοῖς
2739 838 2859 906 μετ’
2888 839 3092 911 ἀρετῆς
3141 842 3240 912 τήν
3291 827 3530 901 ἐνταῦθα
3565 827 3719 921 ζωήν
3761 853 3884 907 δια-

2196 916 2432 986 νύουσιν,
2459 920 2730 1007 ούᾼπολλῷ
2767 925 2968 996 μᾶλλον
3000 930 3096 983 καὶ
3126 931 3197 984 τὰ
3226 932 3462 988 ἐνταῦθα
3494 916 3747 1007 παρέξει,
3786 944 3884 996 καὶ

2197 1004 2456 1073 μάλιστα,
2490 1005 2585 1059 ἐὰν
2618 1008 2781 1078 ἡμεῖς
2822 1013 3046 1068 ἐκείνων
3092 1017 3390 1089 ἐφιέμενοι,
3429 1022 3536 1076 τῶν
3580 1004 3881 1097 παρόντων

2193 1092 2555 1167 ὑπερορῶμεν
2571 1112 2585 1162 ;
2605 1096 2757 1173 [466]
2772 1101 2905 1155 Τότε
2921 1102 3030 1173 γάρ
3043 1104 3221 1157 αὐτῶν
3239 1106 3473 1176 μάλιστα
3489 1092 3882 1185 ἀπολαύσομεν

2194 1182 2333 1251 μετά
2347 1184 2650 1256 δαψιλείας,
2668 1191 2797 1244 ὅταν
2813 1191 2991 1245 αὐτῶν
3012 1192 3287 1265 ὑπεριδεῖν
3308 1195 3682 1270 βουληθῶμεν.
3706 1182 3880 1256 Ταῦτ’

2188 1265 2282 1325 οῦν
2307 1271 2509 1340 εἰδότες
2531 1286 2573 1345 ⁸,
2599 1278 2785 1332 ἐκεῖνα
2819 1278 3075 1351 ποθῶμεν
3103 1281 3171 1335 τὰ
3198 1265 3428 1353 μένοντα
3453 1265 3547 1340 καὶ
3562 1265 3733 1362 1466]
3753 1292 3882 1345 axz-

2188 1374 2324 1430 νητα
2348 1361 2549 1431 ἀγαθὰ,
2577 1365 2647 1421 τὰ
2672 1366 2822 1432 τέλος
2844 1368 2945 1422 οὐκ
2973 1370 3331 1442 ἐπιστάμενα,
3363 1373 3449 1426 ἵνα
3482 1376 3576 1428 καὶ
3605 1378 3698 1431 τὸν
3718 1361 3878 1451 ίπαρ-

2186 1447 2316 1504 όντα
2370 1451 2484 1523 βίον
2545 1455 2766 1537 ἀλύπως
2824 1457 3195 1531 διανύσωμεν,
3254 1463 3524 1519 κάκείνων
3589 1447 3877 1537 ἐπιτυχείν

2188 1534 2530 1611 δυνηθῶμεν,
2553 1536 2629 1599 ὧν
2658 1545 2872 1613 γένοιτο
2898 1548 3109 1612 πάντας
3140 1550 3291 1620 ἡμᾶς
3317 1551 3647 1619 ἀπολαῦσαι,
3680 1534 3876 1627 χάριτι

2185 1626 2278 1678 καὶ
2311 1628 2694 1713 φιλανθρωπίᾳ
2737 1634 2832 1688 τοῦ
2879 1636 3085 1707 Κυρίου
3140 1637 3296 1709 ήμῶν
3360 1640 3535 1712 Ἰησοῦ
3591 1641 3871 1713 Χριστοῦ,

2187 1712 2308 1783 μεθ’
2339 1709 2401 1770 οὗ
2435 1718 2513 1790 τῷ
2547 1720 2726 1793 Πατρί⁵
2763 1725 2798 1794 ή
2829 1723 2976 1790 δόξα,
3013 1725 3131 1796 ἅμα
3155 1726 3234 1798 τῷ
3268 1709 3742 1801 ἁγίῳ-Πνεύματι,
3771 1709 3873 1785 νῦν

2183 1802 2277 1856 καὶ
2305 1805 2412 1870 ἀεὶ,
2449 1809 2544 1862 καὶ
2572 1811 2653 1873 είς
2678 1812 2803 1874 τοὺς
2834 1811 3038 1875 αἰῶνας
3061 1814 3169 1867 τῶν
3202 1814 3434 1872 αίώνων.
3454 1818 3651 1890 Ἀμήν.

2802 1900 3047 1953 OMIAIA
3092 1902 3244 1969 Μςθ.

2178 1978 2287 2066 Kal
2315 1975 2448 2066 εἶπε
2473 1983 2673 2066 Σάρρα
2696 2004 2733 2066 °_
2875 1990 3202 2066 ἀναγγελεῖ
3220 1990 3301 2057 τῷ
3340 1993 3611 2066 Ἀϐραὰμ,
3646 1997 3740 2052 ὅτι
3760 2004 3872 2066 θη-

2248 2050 2409 2112 λάζει
2426 2050 2666 2109 παιδίον
2686 2050 2921 2126 Σάρῤιυ
2945 2050 3512 2118 ὄέι’ἐτεκονύίὸν’ἐν

2249 2145 2318 2192 α’.
2358 2140 2494 2212 Φέρε
2520 2144 2614 2197 καὶ
2640 2148 2903 2218 σήμερον,
2931 2150 3228 2223 ἀγαπητοὶ,
3258 2153 3357 2223 τήν
3389 2154 3717 2213 ἀκολουθίαν
3752 2158 3868 2211 τῶν

2177 2225 2304 2296 χθὲς
2341 2229 2644 2301 εἰρημένων
2674 2234 3037 2301 ἀναλαϐόντες
3059 2277 3076 2303 ,
3112 2238 3259 2293 οῦτω
3308 2241 3408 2313 τὴν
3442 2244 3691 2300 ἑστίασιν
3729 2247 3867 2316 ὑμῖν

2177 2316 2513 2390 παραϐῶμεν
2528 2321 2733 2394 ταύτην
2742 2323 2843 2396 τὴν
2863 2330 3262 2401 πνευματικὴν,
3285 2330 3371 2383 ἵνα
3387 2332 3652 2405 μάθωμεν
3667 2335 3863 2403 πάλιν,

2176 2403 2429 2478 καθάπερ
2463 2408 2586 2479 χθὲς
2620 2412 2914 2483 ἠκούσατε,
2953 2416 3048 2469 τοῦ
3078 2418 3284 2486 ἀγαθοῦ
3331 2420 3471 2474 Θεοῦ
3505 2403 3604 2494 τήν
3649 2424 3864 2494 ἄφατον

2175 2492 2504 2565 κηδεμονίαν
2530 2500 2625 2553 καὶ
2655 2502 3088 2570 συγκατάϐασιν,
3124 2506 3219 2560 καὶ
3261 2505 3356 2561 τοῦ
3387 2492 3730 2583 πατριάρχου
3756 2514 3864 2585 τὴν

2175 2580 2376 2654 πολλὴν
2415 2586 2664 2656 ὑπακοὴν
2695 2589 2790 2642 καὶ
2821 2592 3263 2665 εὐγνωμοσύνην.
3306 2580 3664 2664 Είδετε
3694 2601 3729 2672 ή
3757 2580 3859 2655 τοῦ

2186 2670 2373 2726 Ἰσαὰκ
2401 2673 2655 2745 γέννησις
2681 2681 2958 2751 περιχαρῆ
2991 2681 3091 2753 τὴν
3137 2683 3358 2756 Σάρραν
3389 2670 3859 2758 ἐποίησενςΕἾπε

2172 2757 2301 2829 γὰρ,
2334 2762 2487 2830 φησὶ,
2526 2763 2765 2818 ι’έλωτά
2800 2784 2905 2836 μοι
2940 2768 3233 2838 ἐποίησεν
3262 2776 3296 2827 ὀ
3324 2776 3469 2841 Θεός
3491 2792 3504 2805 ·
3532 2757 3602 2842 ὃς
3634 2777 3747 2848 γὰρ
3775 2777 3859 2833 ἂν

2171 2845 2430 2916 ἀκούσῃ,
2456 2853 2849 2921 συγχαρεῖταί
2860 2873 2984 2925 μοι.
3002 2857 3292 2927 Ἕκαστον,
3318 2863 3474 2934 φησὶ,
3491 2864 3603 2918 τῶν
3623 2845 3855 2921 ἀκουόν-

2169 2952 2278 2988 των
2313 2939 2394 3001 είς
2416 2939 2702 2994 κοινωνίαν
2726 2944 2827 3013 τῆς
2855 2947 3033 3017 χαρᾶς
3054 2947 3453 3021 ἐπισπάσομαι.
3485 2953 3714 3026 Μεγάλη
3740 2957 3853 3026 γάρ

2169 3026 2318 3080 ἐστιν
2354 3028 2387 3099 ή
2433 3028 2585 3099 παρά
2622 3031 2717 3085 τοῦ
2747 3033 2882 3088 Θεοῦ
2931 3037 3346 3108 παρασχεθεῖσά
3397 3057 3490 3112 μοι
3514 3041 3715 3113 δωρεὰ,
3757 3049 3854 3101 καὶ

2169 3113 2575 3186 ὑπερϐαίνουσα
2615 3119 2714 3193 τήν
2742 3121 3093 3196 ἀνθρωπίνην
3116 3125 3421 3184 ἀσθένειαν.
3452 3129 3549 3194 Τίς
3579 3132 3709 3203 γὰρ,
3745 3151 3854 3207 φη-

2169 3203 2274 3267 σὶν,
2298 3204 2401 3258 οὐκ
2426 3206 2494 3259 ἂν
2524 3208 2828 3280 ἐκπλαγείη
2858 3212 3002 3283 ὁρῶν
3030 3214 3133 3285 ἐμὲ
3154 3214 3707 3290 γαλακτοτροφοῦσαν
3752 3203 3853 3278 καὶ

2164 3294 2582 3369 τιθηνουμένην,
2609 3298 2710 3370 τὴν
2737 3300 2796 3353 ἐν
2820 3301 3038 3373 ἐσχάτῳ
3060 3303 3209 3375 γήρᾳ
3233 3305 3511 3380 καὶμέχρι
3527 3308 3623 3362 τοῦ
3647 3313 3853 3384 παρόν-

2163 3398 2253 3445 τος
2290 3384 2359 3435 ἐν’
2377 3385 2605 3457 ἀπαιδίᾳ
2649 3389 3059 3465 γεγενημένην;
3108 3392 3218 3445 Καὶ
3248 3394 3451 3449 ὡσανεὶ
3487 3396 3849 3469 θαυμάζουσα

2163 3470 2257 3522 καὶ
2287 3471 2700 3545 ὲκπληττομένη
2731 3475 2792 3528 τὸ
2814 3479 3058 3545 γεγονὸς,
3085 3480 3333 3552 ἐπήγαγε
3354 3501 3369 3514 ·
3405 3485 3499 3551 Τίς
3523 3486 3856 3558 ἀναγγελεῖ

2162 3554 2243 3620 τῷ
2285 3559 2551 3628 Ἀϐραὰμ,
2577 3560 2668 3615 ὅτι
2695 3562 2937 3632 θηλάζει
2972 3566 3216 3622 παιδίον
3244 3570 3479 3641 Σάῤῥα;
3511 3573 3598 3628 ὅτι

2162 3644 2297 3697 υἱὸν
2315 3645 2385 3698 ἐν
2406 3646 2559 3716 γήρᾳ
2585 3667 2739 3718 μου;
2768 3653 2984 3727 Ἐπειδὴ
3012 3657 3150 3727 ὑπὲρ
3173 3656 3334 3728 φύσιν
3366 3662 3483 3715 ἐστὶ
3513 3662 3573 3716 τὸ
3594 3667 3840 3733 γεγονὸς,

2161 3731 2250 3786 διά
2275 3732 2434 3787 τοῦτό
2459 3752 2614 3807 φησι,
2648 3740 2746 3806 Τίς
2775 3741 3132 3813 ἀναγγελεῖ;
3156 3746 3276 3800 ἀντὶ
3310 3746 3427 3814 τοῦ,
3461 3750 3557 3816 Τίς
3589 3731 3844 3821 ἀναλογίέ

2165 3833 2315 3873 σεται
2340 3839 2353 3887 ;
2384 3823 2471 3887 τίς
2498 3824 2565 3878 ἂν
2593 3825 2959 3901 ἐνθυμηθείη;
2993 3832 3119 3886 ποία
3147 3831 3356 3889 διάνοια
3378 3837 3708 3894 καταλαϐεῖν
3745 3842 3842 3895 δυ-

2162 3909 2415 3977 νήσεται;
2442 3914 2595 3975 ποῖος
2623 3913 2881 3986 λογισμὸς
2913 3918 3094 3990 εὑρεῖν
3126 3921 3310 3986 ἱκανὸς
3342 3922 3437 3976 τοῦ
3465 3929 3841 3998 γεγενημένου

2158 3997 2257 4070 τὴν
2287 4001 2609 4072 ἁκρίϐειανς
2644 4005 2755 4076 Οὐχ
2790 4006 2934 4061 οὕτω
2964 4007 3276 4078 θαυμαστὸν
3301 4006 3391 4085 ἦν,
3428 4014 3489 4068 τὸ
3517 4016 3581 4069 ἐκ
3609 3997 3709 4088 τῆς
3738 4021 3840 4073 πέ-

2155 4102 2295 4157 τρας
2333 4089 2473 4143 κατά
2501 4090 2600 4162 τὴν
2642 4091 2846 4164 ἔρημον
2876 4096 3179 4152 ἀναϐλύσαι
3212 4099 3310 4163 τάς
3352 4102 3537 4173 πηγάς
3570 4105 3680 4159 τῶν
3712 4106 3841 4163 ὑδά-

2155 4190 2284 4236 των,
2318 4177 2479 4247 ήνίκα
2508 4181 2574 4250 τῇ
2604 4180 2785 4252 ῥάϐδῳ
2814 4184 3057 4255 Μωῦσῆς
3078 4186 3285 4259 ταύτην
3312 4188 3556 4257 ἔπαισεν,
3574 4192 3651 4258 ὡς
3676 4195 3840 4249 τοῦτο

2154 4261 2215 4315 τὸ
2244 4263 2353 4316 ἀπὸ
2389 4266 2605 4337 μήτρας
2625 4268 2723 4340 ήδη
2753 4275 3171 4348 νενεκρωμένης
3191 4279 3403 4333 παιδίον
3426 4282 3710 4353 τεχθῆναι,
3742 4288 3837 4340 καὶ

2155 4350 2426 4438 γάλακτος
2452 4356 2636 4426 πηγάς
2650 4358 2971 4415 ἀναϐλύσαι.
3008 4364 3124 4417 Ἷνα
3159 4366 3267 4438 γάρ
3293 4369 3459 4422 πᾶσιν
3544 4350 3705 4436 τόκος
3729 4391 3834 4428 κα-

2153 4437 2382 4511 τάδηλος
2420 4441 2662 4514 γένηται,
2715 4446 2810 4500 καὶ
2841 4449 3073 4515 πάντας,
3107 4437 3354 4520 καὶτοὺς
3404 4457 3526 4510 τότε
3556 4460 3836 4531 παρόντας

2153 4527 2248 4580 καὶ
2273 4529 2398 4593 τοὺς
2432 4532 2571 4601 μετά
2601 4534 2775 4588 ταῦτα
2805 4537 3127 4608 ἀκούοντας,
3154 4544 3235 4607 είς
3267 4545 3449 4599 πίστιν
3480 4547 3576 4600 τοῦ
3613 4527 3835 4620 θαύμα-

2150 4630 2241 4676 τος
2264 4617 2528 4690 ἐναγάγῃ,
2558 4618 2644 4674 διά
2674 4621 2830 4677 τοῦτο
2861 4626 2954 4679 καὶ
2979 4627 3115 4699 αὐτὴ
3147 4630 3338 4701 τρέφει
3362 4634 3577 4688 παιδίον
3606 4637 3701 4690 καὶ
3725 4617 3835 4709 τῆς

2150 4701 2615 4793 γαλακτοτροφίας
2644 4709 2917 4780 ἀνέχεται.
2954 4715 3060 4769 Καί
3101 4734 3255 4788 φησι,
3291 4720 3385 4788 Τίς
3408 4701 3835 4793 ἀναγγελεῖτῷ

2161 4788 2437 4876 ’ᾼϐραάμ,
2488 4792 2578 4847 ὅτι
2607 4797 2844 4864 θηλάζει
2881 4802 3125 4857 παιδίον
3148 4806 3385 4876 Eappa;
3414 4788 3583 4865 τοῦτο⁷
3605 4812 3668 4866 τὸ
3702 4788 3833 4869 acan-

2147 4875 2256 4939 νὺν,
2298 4880 2619 4969 παράδοξον,
2653 4886 2748 4939 καὶ
2783 4889 2914 4960 παρ’
2946 4890 3136 4947 ἐλπίδα
3173 4875 3297 4966 ἐμοὶ
3330 4899 3835 4969 παρασχεθὺθίΌτι

2145 4964 2355 5019 ἔτεκον
2380 4968 2598 5038 υἱὸν-ἐν
2615 4971 2767 5041 γήρᾳ
2788 4993 2910 5044 μου
2934 4978 2961 5017 ιο
2975 4996 2995 5043 ;
3026 4981 3092 5034 Τί
3117 4964 3286 5050 ἐστιν,
3322 4964 3444 5037 Ὅτι
3464 4964 3834 5043 ἔτεκον-υἱὸν

2145 5051 2213 5104 ἐν
2245 5052 2397 5123 γήρᾳ
2418 5074 2574 5125 μου;
2604 5059 2725 5113 Ὅτι
2757 5064 2851 5116 καὶ
2878 5065 3005 5119 ἄνευ
3030 5067 3133 5139 τῆς
3158 5072 3500 5143 στειρώσεως
3525 5075 3709 5140 ἱκανὸς
3734 5072 3827 5149 ἦν,

2145 5138 2303 5226 φησι,
2339 5140 2481 5226 καὶᾲό
2516 5144 2629 5226 τῆς,
2651 5144 2866 5214 ήλικίας
2897 5138 3097 5221 χρόνος
3115 5138 3495 5226 ἀπαγορεῦσαι
3523 5158 3615 5211 τὸν
3641 5138 3826 5213 τόκονξ

2157 5219 2317 5273 Ἀλλά
2362 5221 2536 5276 ταῦτα
2560 5225 2738 5313 πάντα
2784 5229 2855 5284 τὰ
2893 5219 3191 5304 κωλύματα
3212 5219 3256 5289 ὁ⁷
3268 5219 3549 5313 Δεσπότης
3575 5242 3830 5298 ἐκποδὼν

2144 5307 2533 5379 ποιησάμενος,
2556 5312 2764 5368 καὶτοῦ
2804 5319 2992 5385 παιδὸς
3016 5323 3110 5376 τὸν
3130 5324 3287 5379 τόκον
3318 5327 3444 5398 ἐμοὶ
3473 5307 3826 5401 κεχάρισται,

2145 5394 2241 5447 καί
2269 5396 2363 5489 τοῦ
2378 5397 2651 5489 γάλακτος
2668 5403 2767 5467 τὰς
2788 5409 2986 5477 πηγάς,
3009 5411 3148 5465 Ἀλλ’
3169 5394 3368 5485 ἴδωμεν
3383 5394 3574 5470 λοιπὸν
3584 5394 3653 5471 τά
3672 5394 3823 5489 ἐξῆςξ

2154 5481 2370 5574 Ἰξπειδὴ
2409 5484 2518 5557 γὰρ
2549 5487 2851 5560 ἀπήρτιστο
2879 5495 2948 5549 τά
2978 5498 3081 5567 τῆς
3114 5481 3281 5574 [46η
3315 5481 3821 5574 γαλακτοτροφίας,

2139 5565 2293 5633 Εἷδε,
2319 5574 2473 5644 φησὶ,
2507 5575 2703 5645 Σοίρῤα
2728 5592 2839 5635 τον
2859 5583 2994 5637 υἱὸν
3019 5565 3206 5657 ’Ἅγαρ
3372 5565 3720 5661 Αἰγυπτίας,
3750 5565 3825 5661 δέ

2141 5658 2374 5727 ἐγένετο
2395 5662 2476 5729 τῷ
2513 5665 2789 5737 Ἀϐραὰμ,
2818 5670 3102 5733 παίζοντα
3127 5676 3281 5746 μετὰ
3318 5658 3516 5735 Ἰσαάκ
3546 5681 3656 5736 τοῦ
3676 5658 3823 5737 ivlo?)

2146 5824 2164 5837 Ν
2202 5765 2226 5792 ³
2256 5765 2507 5845 Mor91.et
2543 5773 2740 5832 quidam
2786 5788 2897 5827 mss.
2923 5778 3057 5827 ταῦτ’
3107 5780 3188 5828 οὖν
3229 5782 3419 5840 εἰδότες.
3464 5785 3615 5837 Savil.
3640 5793 3694 5837 cl
3735 5783 3831 5835 alii

2141 5840 2254 5889 οπερ
2275 5840 2602 5889 γινώσκοντες.

2209 5887 2238 5926 ὅ
2262 5888 2411 5939 Sam.
2439 5901 2491 5940 et
2506 5894 2701 5955 quidam
2723 5911 2839 5949 mss.
2862 5901 2910 5949 έν
2929 5901 3057 5966 γήρει
3083 5918 3190 5967 μου.
