4078 6442
415 295 514 351 ιΞΙ

414 433 546 488 olim
580 431 654 486 illi
681 447 709 483 a
745 429 855 484 Deo
880 428 1134 498 promissa
1167 432 1307 478 sunt.
1357 423 1423 477 Et
1458 422 1714 504 Dominus
1740 461 1754 486 ,
1789 421 1959 489 inquit
1994 459 2008 483 ,

416 524 636 579 uisitauit
667 522 883 578 Sarram
905 563 920 584 ,
938 520 1064 573 sicut
1085 519 1211 573 dixit
1238 559 1251 581 ,
1274 528 1319 572 et
1345 516 1459 589 fecit
1478 514 1654 570 Sarra:
1678 518 1805 568 sicut
1837 515 2014 583 loquu-

415 625 499 670 tus
527 625 618 670 est.
651 614 704 667 2.
731 611 797 666 Et
826 612 1066 682 concepit.
1096 610 1384 680 peperitque
1413 607 1574 662 Sarra
1601 606 1820 660 Abrahae
1849 605 2014 673 [illum

420 708 475 760 in
506 713 793 765 senectute.
837 704 889 757 in
927 715 1147 772 tempore
1172 701 1300 755 sicut
1329 701 1564 770 loquutus
1591 709 1662 752 cst
1693 698 1737 752 ei
1767 697 2014 750 Dominus

419 797 575 868 (Cap.
605 796 716 865 2|).
747 795 883 863 Quid
911 803 1011 859 est,
1041 794 1183 848 Sicut
1207 793 1441 863 loquutus
1467 801 1558 852 est,
1579 800 1650 856 et,
1676 789 1822 845 Sicut
1843 789 1969 842 dixit
1991 788 2017 841 ?

423 884 1118 954 Quemadmodum,inquit,
1143 886 1402 954 promisit,
1428 884 1638 954 quando
1666 883 1892 952 hospitio
1918 897 2015 935 ex-

417 989 607 1049 ceptus
641 988 723 1032 est
749 993 871 1034 cum
907 979 1110 1049 angelis
1139 979 1276 1047 apud
1308 993 1562 1048 quot-eum
1593 977 1847 1032 Mamhre.
1878 974 2008 1029 Nam

413 1072 562 1141 quod
593 1071 763 1126 dixit:
800 1069 864 1124 In
894 1080 1114 1139 tempore
1138 1071 1232 1122 hoc
1257 1071 1471 1124 veniam.
1503 1078 1548 1122 et
1570 1069 1663 1121 erit
1682 1068 1858 1122 Sarra:
1873 1067 2012 1135 [ilius

421 1161 578 1232 (Gen.
611 1161 697 1217 18.
729 1160 820 1232 2i)
849 1180 860 1214 :
893 1161 993 1216 hoc
1022 1176 1161 1215 nunc
1185 1176 1346 1228 opere
1375 1160 1646 1229 impletum
1675 1167 1773 1213 est.
1800 1159 1864 1212 Et
1893 1173 2011 1227 qua:

419 1261 613 1305 natura
642 1251 959 1322 denegabat,
993 1266 1053 1305 ea
1080 1251 1330 1304 videbant
1365 1250 1608 1305 evenisse
1632 1291 1646 1314 ,
1681 1264 1784 1302 non
1817 1263 2010 1301 secun-

417 1342 550 1396 dum
594 1342 882 1396 humanum
923 1350 977 1395 et
1005 1342 1218 1395 solitum
1249 1354 1450 1394 morem
1486 1382 1500 1405 ,
1531 1339 1626 1395 sed
1654 1355 1746 1409 per
1775 1338 2009 1394 divinam

417 1436 669 1504 gratiam.
713 1435 766 1489 5.
803 1431 865 1487 Et
906 1434 1095 1487 vocarit
1137 1450 1314 1486 nomen
1357 1433 1450 1501 ﬁlii
1485 1433 1564 1485 sui
1590 1473 1604 1498 ,
1646 1448 1790 1502 quem
1821 1430 2014 1501 peperit

417 1528 519 1596 ipsi
543 1525 726 1590 Sarra,
775 1525 943 1580 Isaac.
970 1525 1084 1581 Non
1111 1527 1310 1596 absque
1334 1540 1488 1580 causa
1514 1523 1821 1594 assignavit,
1854 1523 2016 1588 Quem

424 1619 623 1687 peperit
651 1618 746 1688 ipsi
771 1619 969 1671 Sarra:
998 1634 1102 1670 non
1130 1617 1270 1670 enim
1297 1616 1429 1670 dixit
1451 1616 1767 1686 simpliciter
1785 1655 1800 1680 ,
1847 1613 2012 1667 Voca-

419 1712 492 1762 eit
514 1725 692 1762 nomen
707 1709 801 1776 lilii
825 1709 941 1773 sui;
971 1709 1064 1764 sed
1079 1709 1290 1779 adjecit,
1318 1709 1474 1775 Quem
1489 1710 1680 1779 peperit
1703 1709 1801 1778 ipsi
1827 1707 2011 1771 Sarra,

420 1801 707 1858 infecunda
736 1802 820 1855 illa
847 1812 900 1856 et
924 1802 1116 1856 vetula.
1147 1801 1198 1855 4.
1225 1800 1292 1854 Et
1330 1800 1645 1853 circumcidit
1673 1817 1806 1866 eum,
1827 1799 2013 1867 inquit,

421 1894 508 1946 die
533 1903 706 1946 octavo
735 1933 749 1956 ,
782 1892 908 1946 sicut
950 1901 1254 1961 prteceperat
1283 1889 1556 1943 Dominus.
1584 1890 1671 1944 Sic
1702 1889 1846 1943 enim
1878 1905 2013 1958 prte-

418 1993 638 2051 ceptum
681 1992 1002 2051 acceperat,
1053 1991 1108 2035 ut
1145 1981 1232 2036 die
1275 1993 1463 2035 octavo
1507 1979 2017 2034 circumeiderentur

419 2074 514 2142 qui
551 2073 769 2141 posthac
800 2085 1164 2127 nasceremur.

503 2163 688 2216 Omnia
721 2161 826 2218 Deo
856 2165 1212 2233 possibilia.-—
1231 2164 1395 2218 Porro
1419 2172 1475 2217 ut
1504 2164 1724 2218 ulterius
1750 2163 2020 2218 discamus

423 2255 746 2309 ineffabilem
774 2255 1062 2324 potentiam
1095 2256 1185 2310 Dei
1217 2299 1230 2322 ,
1262 2265 1314 2310 et
1353 2271 1414 2310 ea
1446 2271 1565 2325 qua:
1605 2256 1745 2326 apud
1773 2255 2019 2311 homines

422 2346 776 2414 impossibilia
803 2355 964 2412 sunt,
994 2347 1132 2416 apud
1156 2362 1276 2401 eum
1306 2346 1576 2416 possibilia
1605 2362 1724 2402 esse
1764 2365 1776 2401 :
1820 2347 2021 2402 idcirco

422 2442 586 2494 nobis
621 2450 828 2509 tempus
859 2441 1146 2510 assignavit
1181 2442 1368 2494 iterum
1409 2440 1586 2495 divina
1617 2439 1888 2508 Scriptura
1925 2482 1938 2504 ,
1969 2449 2022 2493 et

421 2543 549 2601 post
580 2541 784 2601 partum
819 2532 976 2586 docet
1017 2546 1112 2585 nos
1159 2531 1242 2586 his
1287 2531 1464 2587 verbis
1495 2550 1504 2584 :
1537 2532 1589 2586 5.
1621 2531 1875 2584 Abraham
1916 2542 2023 2585 erat

421 2639 682 2675 mmorant
711 2632 930 2686 centum,
953 2624 1156 2692 quando
1193 2635 1339 2676 natus
1373 2631 1445 2676 est
1471 2623 1516 2675 ei
1543 2620 1694 2676 Isaac
1714 2621 1853 2688 ﬁlius
1879 2641 2020 2676 suas.

423 2715 482 2768 6.
515 2713 664 2767 Dixit
687 2725 853 2766 autent
878 2713 1073 2768 Sarra:
1093 2713 1273 2768 Risum
1301 2715 1418 2785 fecit
1443 2714 1566 2767 mihi
1588 2713 1844 2770 Dominus
1863 2731 1882 2768 :
1908 2732 2026 2768 nam

418 2807 514 2878 qui
544 2808 736 2872 audiet,
755 2807 1000 2877 gaudebit
1024 2822 1244 2861 mecum.
1267 2806 1403 2874 Quid
1429 2815 1530 2872 est,
1551 2807 1731 2861 Risum
1761 2809 1876 2880 fecit
1901 2808 2026 2861 mihi

425 2900 682 2955 Dominus
713 2899 983 2955 ?L:etittce
1026 2901 1236 2954 occasio
1282 2899 1411 2952 mihi
1454 2909 1631 2969 partus
1669 2909 1770 2954 est.
1805 2901 1865 2954 Et
1899 2899 2025 2970 quid

423 2993 648 3058 mirum,
677 2994 721 3047 si
754 2992 882 3046 tnihi
910 2993 1205 3062 gaudium?
1235 2992 1433 3047 Omnes
1460 2995 1623 3047 etiam
1648 2995 1736 3064 qui
1765 2995 2017 3060 audient,

425 3085 641 3140 habebo
667 3084 1116 3154 congratulantes,
1150 3099 1255 3138 non
1283 3084 1404 3153 quia
1439 3085 1649 3153 peperi.
1678 3085 1770 3139 sed
1799 3087 1920 3156 quia
1948 3089 2026 3141 sic

426 3168 637 3246 peperi.
667 3175 798 3229 Tam
843 3174 1174 3230 admirabilis
1216 3190 1473 3244 ratusque
1515 3188 1696 3245 partus
1743 3193 1930 3232 omnes
1973 3180 2025 3232 in

428 3269 838 3322 admirationem
867 3267 1055 3336 rapiet,
1080 3277 1133 3322 et
1155 3267 1410 3336 majorem
1429 3267 1677 3322 omnibus
1699 3268 2023 3337 voluptatem

425 3360 621 3416 aﬂ'eret
646 3403 659 3424 ,
689 3375 810 3415 cmn
837 3360 1088 3414 sciveriut
1112 3373 1199 3412 me
1223 3400 1237 3424 ,
1263 3375 1382 3428 qua:
1405 3358 1536 3411 nihil
1561 3375 1589 3412 a
1622 3361 1844 3414 mortuis
1873 3359 2026 3415 dilfe-

428 3454 618 3507 rebam
666 3463 927 3522 quantum
969 3451 1035 3506 ad
1079 3451 1478 3522 generationem
1513 3492 1529 3518 ,
1578 3451 1753 3506 subito
1799 3462 2026 3507 matrem

429 3545 626 3600 factam
648 3560 789 3608 esse,
818 3554 918 3599 ete
949 3545 1102 3598 vulva
1121 3545 1386 3599 exsiccata
1416 3545 1648 3614 puellum
1673 3546 1946 3614 peperisse
1972 3555 2026 3600 et

429 3637 635 3691 lactare
662 3651 818 3706 posse
842 3678 858 3702 ,
891 3645 945 3690 ct
972 3635 1144 3690 fontes
1175 3635 1326 3689 laetis
1358 3636 1600 3690 emittere
1631 3678 1644 3703 ,
1678 3651 1796 3705 qua:
1829 3637 2027 3691 nullam

427 3744 584 3798 spem
627 3727 868 3798 pariendi
919 3727 1198 3782 habebam.
1230 3728 1282 3780 7.
1321 3727 1382 3780 Et
1412 3727 1728 3794 dixit:Quis
1749 3729 2027 3781 annuntia-

430 3820 503 3872 bit
533 3818 773 3883 Abralue,
794 3817 930 3888 quod
955 3820 1110 3872 lactat
1145 3834 1357 3887 puerum
1389 3800 1550 3872 Sarra
1581 3817 1606 3870 Ρ
1648 3817 1782 3872 Nam
1812 3826 2027 3886 propter

430 3914 538 3968 hoc
583 3921 637 3966 et
682 3912 836 3966 lactis
867 3913 1038 3966 fontes
1067 3911 1307 3966 concessi
1338 3920 1500 3974 sunt,
1536 3919 1591 3963 ut
1623 3923 1828 3980 partum
1861 3911 2028 3981 magis

429 4004 746 4060 credibilem
767 4003 978 4067 faciant,
1003 4011 1057 4056 et
1080 4017 1147 4057 ne
1173 4003 1290 4070 quis
1311 4002 1705 4070 supposititium
1733 4017 1854 4057 esse
1880 4011 2029 4072 putet

430 4112 661 4168 puerum
699 4113 713 4150 :
747 4095 922 4149 fontes
962 4096 1103 4148 enim
1161 4094 1313 4148 laetis
1357 4095 1606 4148 onmibus
1670 4093 2033 4163 praedicabant

429 4197 630 4260 praeter
672 4188 956 4242 humanam
989 4187 1443 4256 exspectationem
1475 4187 1575 4240 hoc
1611 4187 1871 4242 evenisse.
1902 4187 2027 4252 Quis

429 4283 756 4338 annuntiabit
776 4325 791 4348 ,
833 4281 968 4350 quod
998 4282 1151 4335 lactat
1183 4298 1392 4350 puerum
1417 4281 1579 4334 Sarra
1601 4283 1627 4334 γ
1652 4282 1786 4351 quod
1815 4297 2025 4352 pepere-

426 4379 532 4430 rim
554 4377 719 4444 ﬁlium
742 4375 798 4428 in
828 4383 1078 4428 senectute
1107 4389 1217 4426 mea
1241 4373 1266 4426 ?
1293 4371 1436 4441 quod
1466 4387 1564 4442 ego
1586 4388 1704 4442 qua:
1725 4372 1900 4438 senui,
1934 4387 2025 4440 pa-

427 4483 557 4524 rere
584 4466 848 4537 potuerim
881 4506 895 4532 ,
937 4473 988 4519 et
1019 4466 1070 4518 in
1099 4465 1198 4518 hac
1223 4471 1379 4518 auate
1408 4462 1571 4516 tilium
1612 4461 1756 4517 alere
1784 4463 1980 4532 possint
2006 4463 2028 4516 ?

430 4563 487 4618 8.
511 4559 576 4614 Et
623 4563 800 4626 crevit,
831 4559 1019 4628 inquit,
1067 4574 1211 4628 puer,
1261 4567 1309 4610 et
1351 4557 1632 4609 obluctatus
1677 4566 1769 4610 est.
1801 4555 1864 4609 Et
1909 4557 2028 4625 fecit

428 4653 694 4707 Abraham
739 4651 1016 4706 convivium
1057 4666 1296 4720 magnum
1330 4649 1411 4702 die
1440 4665 1537 4718 quo
1560 4647 1841 4702 obluctatus
1863 4659 1932 4704 est
1964 4650 2029 4718 ﬁ—

427 4745 532 4798 lius
567 4760 708 4799 suus.

503 4835 558 4893 6.
595 4834 648 4889 Μ
654 4834 811 4889 oratis
830 4834 1132 4888 exhortatio.
1151 4829 1296 4886 Nihil
1313 4848 1412 4885 non
1435 4831 1564 4884 cedit
1585 4832 1730 4884 nuttti
1747 4830 1932 4884 divino.
1957 4861 2028 4870 —

431 4927 622 4985 Vidisti
652 4926 746 4982 Dei
777 4924 1102 4980 ineffabilem
1138 4923 1455 4992 sapientiam
1476 4963 1492 4989 ,
1519 4920 1788 4990 quomodo
1823 4921 2028 4990 patien-

427 5024 560 5079 tiam
573 5020 704 5092 justi
723 5019 896 5074 modis
914 5018 1165 5072 omnibus
1190 5016 1454 5086 probavit,
1479 5013 1691 5085 quando
1709 5014 1823 5084 ipse
1843 5023 1897 5067 et
1914 5030 2028 5067 out-

425 5131 527 5173 nes
545 5115 636 5186 qui
652 5113 829 5185 ipsum
843 5111 1111 5175 videbant,
1137 5109 1382 5164 humana:
1401 5117 1604 5164 naturae
1616 5108 1758 5163 vires
1777 5117 2026 5177 spectan-

429 5201 689 5269 tes.'nihil
714 5218 934 5274 sperare
964 5201 1250 5267 audebant,
1279 5210 1404 5255 tunc
1433 5201 1542 5271 ipsa
1572 5199 1854 5268 promissio
1881 5214 2027 5253 com-

429 5301 576 5368 pleta
591 5297 708 5352 est?
729 5295 912 5366 Igitur,
938 5293 1139 5356 dilecti,
1168 5300 1222 5346 et
1249 5307 1345 5346 nos
1371 5291 1638 5357 eamdem,
1669 5306 1828 5360 quam
1851 5290 2029 5359 justus

428 5390 524 5444 ille
553 5388 862 5459 patientiam
892 5383 1242 5442 exhibeamus
1266 5425 1280 5450 ,
1311 5394 1366 5438 et
1395 5399 1683 5453 numquam
1709 5383 1921 5438 desides
1948 5384 2024 5435 si-

428 5497 554 5538 mus
581 5499 594 5534 :
617 5480 711 5537 sed
735 5495 832 5551 spe
860 5479 1001 5536 bona
1028 5491 1354 5542 recreemur,
1384 5477 1615 5532 scientes
1647 5492 1818 5546 neque
1846 5493 2024 5532 rerum

431 5575 808 5632 difﬁcultatem
828 5616 842 5641 ,
873 5588 1046 5644 neque
1067 5572 1208 5627 aliud
1229 5569 1355 5643 quid
1382 5569 1670 5626 humanum
1694 5570 2024 5626 obstaculum

430 5667 591 5723 nobis
611 5681 732 5722 esse
758 5679 938 5735 posse,
962 5664 1006 5720 si
1033 5661 1248 5733 quando
1267 5660 1440 5731 gratia
1459 5660 1554 5715 Dei
1575 5675 1725 5714 suam
1749 5660 2026 5715 declarare

431 5761 667 5816 voluerit
692 5756 1089 5817 liberalitatem.
1106 5755 1326 5825 Quoties
1343 5753 1485 5810 enim
1507 5751 1595 5808 ille
1617 5752 1822 5822 annuit,
1843 5751 2023 5808 omnia

1475 286 1536 341 IN
1579 286 1728 342 CAP.
1772 283 1916 341 XXI.
1960 278 2208 339 GE'NES.
2241 278 2470 336 lIOMIL.
2514 278 2696 334 XLVI.

3597 275 3725 331 422';

2122 396 2317 450 cedunt
2343 406 2396 451 et
2432 396 2826 466 obtemperant,
2880 405 2930 450 ct
2974 396 3206 450 difﬁcilia
3251 393 3420 450 facilia
3468 405 3609 460 sunt,
3649 405 3706 451 et

2122 489 2471 556 impossibilia
2501 489 2770 558 possibilia
2790 531 2804 552 ,
2835 491 2879 542 si
2908 489 3242 544 solummodo
3269 487 3475 542 ﬁrmam
3509 487 3562 542 in
3590 488 3707 557 ipso

2121 579 2280 633 iidem
2301 594 2702 651 conservemus,
2717 589 2770 633 et
2791 580 2856 634 ad
2877 580 3296 649 magnitudinem
3317 579 3434 651 ejus
3455 580 3706 650 potentia:

2117 679 2426 738 spectantes
2450 645 2697 724 humanis
2732 671 2980 725 omnibus
3009 670 3316 739 superiores
3350 670 3536 724 simus.
3574 669 3706 722 Nam

2120 762 2209 831 qui
2240 762 2413 816 futura
2442 762 2579 817 bona
2601 771 2654 817 et
2686 762 2966 817 inell‘abilia
2996 763 3080 816 illa
3103 762 3340 832 promisit
3375 761 3441 816 iis
3469 761 3558 830 qui
3585 776 3707 814 cum

2124 855 2316 909 virtute
2347 855 2508 908 vitam
2539 855 2622 909 hic
2653 857 2973 925 pcregetint,
3002 864 3201 925 quanto
3230 857 3397 925 magis
3424 864 3478 910 et
3500 870 3560 909 ca
3591 856 3706 923 qni-
3769 846 3777 852 ’

2122 947 2220 1000 bus
2253 947 2337 1000 hic
2359 962 2492 1015 opus
2522 957 2602 1001 est
2628 946 2885 1016 prtehebit
2917 965 2927 999 :
2961 956 3015 1000 ct
3041 947 3271 1001 maxime
3301 948 3345 1000 si
3377 961 3474 1001 uos
3499 947 3584 1000 illa
3614 945 3708 999 de-

2122 1038 2420 1093 siderantes
2468 1041 2752 1108 praesentia
2806 1039 3201 1108 despiciamns?
3244 1041 3391 1096 Tunc
3435 1042 3580 1096 enim
3625 1043 3705 1095 eis

2121 1130 2352 1183 maxime
2379 1138 2432 1183 et
2460 1130 2687 1184 ubertim
2721 1131 2988 1189 fruemur.
3019 1131 3232 1200 quando
3261 1148 3323 1187 ea
3359 1141 3704 1187 contemnere

2123 1222 2476 1278 voluerimus.
2513 1222 2742 1278 Proinde
2781 1223 2894 1278 hzec
2931 1225 3194 1290 scientes,
3228 1223 3314 1278 illa
3343 1225 3710 1279 desideremus

2125 1315 2262 1370 bona
2292 1331 2408 1384 qua:
2440 1325 2658 1369 manent
2696 1324 2751 1369 et
2793 1315 3082 1368 immobilia
3115 1324 3259 1380 sunt,
3307 1324 3507 1384 etquae
3551 1316 3708 1368 tinem

2128 1407 2416 1462 nesciunt:
2465 1416 2517 1460 ut
2565 1417 2617 1460 et
2665 1416 2984 1475 pt'a'sentetn
3034 1409 3193 1459 vitam
3251 1407 3381 1460 citra
3440 1405 3708 1460 tristitiam

2123 1497 2568 1561 transmittamus,
2614 1507 2668 1550 ct
2704 1498 2788 1551 illa
2825 1494 3072 1567 assequi,
3121 1497 3331 1566 illisque
3375 1513 3563 1551 outnes
3607 1497 3709 1550 fini

2123 1592 2412 1656 valeamus,
2446 1592 2614 1661 gratia
2648 1601 2701 1646 et
2728 1590 3094 1646 misericordia
3130 1589 3338 1644 Domini
3384 1591 3550 1643 nostri
3588 1589 3714 1643 .Iesu

2121 1681 2342 1749 Christi,
2374 1683 2457 1736 cui
2503 1697 2623 1737 cum
2668 1683 2822 1737 Patre
2869 1692 2922 1736 et
2949 1681 3148 1751 Spiritu
3195 1691 3380 1736 sancto
3407 1683 3474 1734 sit
3515 1681 3706 1750 gloria,

2125 1788 2265 1828 nunc
2292 1782 2345 1826 et
2371 1787 2604 1841 semper,
2633 1781 2686 1827 et
2713 1773 2763 1826 in
2791 1773 2984 1827 saecula
3015 1772 3350 1826 surculorum.
3389 1773 3580 1825 Amen.

2670 1884 2949 1939 llOMllJA
2991 1883 3175 1940 XLVI.

2125 1979 2192 2034 Et
2218 1982 2343 2035 dixit
2385 1981 2546 2036 Sarra
2579 1999 2591 2035 :
2628 1980 2751 2045 Quis
2778 1981 3098 2033 annuntiabit
3131 1980 3373 2036 Abrahaz.
3402 1983 3536 2048 quod
3559 1981 3708 2033 lactat

2197 2068 2406 2119 puerum
2439 2052 2602 2122 Sarra
2621 2053 2646 2105 Ρ
2671 2051 2807 2122 quod
2839 2051 3009 2121 peperi
3038 2052 3204 2118 ﬁlium
3234 2051 3283 2103 in
3315 2061 3566 2104 senectute
3597 2067 3707 2104 mea

2197 2122 2350 2191 (Gen.
2379 2122 2467 2176 at.
2503 2121 2598 2189 7)?

2200 2238 2249 2291 1.
2279 2238 2392 2307 Age
2423 2245 2476 2292 ct
2505 2234 2662 2290 hodie
2683 2277 2698 2302 ,
2727 2235 2928 2299 dilecti,
2965 2235 3078 2289 heri
3117 2234 3377 2289 dictorum
3410 2235 3602 2290 seriem
3634 2249 3716 2289 ro-

2132 2339 2393 2399 pctentes,
2424 2329 2724 2384 convivium
2752 2327 2852 2382 hoc
2883 2317 3034 2382 vobis
3055 2329 3328 2399 spirituale
3354 2329 3677 2383 instruamus
3703 2346 3715 2380 :

2129 2432 2185 2476 ut
2217 2423 2430 2486 iterum,
2480 2422 2618 2476 sicut
2651 2420 2787 2487 heri,
2832 2421 3102 2475 ἀὶδοιιιηιιε
3143 2429 3192 2475 et
3226 2419 3353 2474 boni
3394 2421 3486 2476 Dei
3530 2420 3718 2476 inetia—

2129 2512 2290 2567 bilem
2317 2513 2718 2583 benignitatem,
2743 2527 2842 2582 qua
2865 2521 3045 2565 nostra
3068 2520 3238 2577 curat,
3269 2511 3422 2566 nobis
3443 2528 3499 2565 se
3522 2520 3717 2566 attem-

2131 2620 2351 2672 perans,
2403 2613 2456 2657 ct
2503 2618 2748 2673 magnam
2791 2603 3103 2672 patriarcha:
3145 2603 3504 2659 obedientiam
3554 2613 3713 2673 atque

2129 2703 2336 2764 gratum
2382 2695 2638 2749 animum.
2703 2694 2922 2748 Vidistis
2968 2693 3237 2763 quomodo
3282 2695 3528 2750 nativitas
3575 2697 3718 2751 Isaac

2131 2784 2346 2840 Sarram
2387 2784 2739 2839 exhilaravit?
2774 2784 2912 2838 Dixit
2951 2785 3102 2847 enim,
3150 2785 3350 2854 inquit,
3380 2784 3561 2840 Risum
3604 2787 3719 2856 fecit

2132 2877 2256 2930 mihi
2283 2877 2414 2930 Deus
2439 2893 2456 2930 :
2477 2894 2592 2947 nam
2615 2877 2698 2946 qui
2721 2877 2958 2934 audierit.
2983 2877 3220 2947 gaudebit
3253 2894 3464 2930 mecum.
3495 2878 3713 2943 Omnes,

2129 2967 2278 3034 dicit,
2326 2969 2598 3024 auditores
2649 2970 2934 3039 participes
2975 2969 3154 3039 gaudii
3204 2971 3306 3024 mei
3356 2970 3566 3025 faciam.
3608 2970 3720 3024 Ma-

2130 3078 2290 3131 gnum
2312 3062 2451 3116 enim
2470 3061 2667 3116 donum
2698 3061 2824 3116 milti
2849 3078 2879 3116 a
2913 3063 3019 3118 Deo
3039 3079 3350 3119 concessum
3376 3074 3479 3131 est,
3505 3074 3560 3120 et
3579 3065 3720 3135 quod

2131 3158 2420 3208 humanam
2464 3155 2791 3210 transcendit
2838 3154 3222 3211 inﬁrmitatem.
3271 3155 3401 3225 Quis
3443 3157 3608 3224 enim,
3640 3159 3726 3212 itt-

2132 3250 2267 3319 quit,
2303 3265 2408 3302 non
2435 3249 2801 3318 Obstupescat,
2836 3249 3021 3303 videns
3051 3266 3135 3304 me
3162 3249 3302 3304 lacte
3335 3267 3452 3305 meo
3483 3252 3723 3306 nutrien-

2133 3351 2239 3396 tem
2270 3356 2495 3410 puerum
2527 3341 2577 3394 in
2605 3349 2840 3394 extrema
2866 3349 3160 3404 senectute,
3184 3357 3303 3410 quae
3322 3340 3596 3411 hucusque
3617 3356 3723 3397 non

2134 3434 2355 3503 peperi?
2387 3433 2451 3486 Et
2477 3433 2627 3504 quasi
2657 3433 2928 3487 admirans
2968 3441 3022 3487 et
3050 3434 3272 3487 attonita
3303 3434 3370 3487 de
3401 3433 3561 3498 facto,
3589 3436 3721 3489 sub-

2134 3525 2266 3579 didit
2297 3542 2308 3577 :
2343 3525 2468 3589 Quis
2503 3525 2822 3579 annuntiabit
2866 3525 3114 3587 Abt-alue,
3147 3527 3281 3593 quod
3324 3527 3477 3579 l:clut
3511 3543 3720 3594 puerum

2135 3617 2334 3672 Sarra?
2356 3617 2494 3685 quod
2526 3619 2700 3688 peperi
2726 3618 2888 3686 [ilium
2919 3619 2969 3670 in
3000 3629 3248 3672 senectute
3273 3620 3426 3672 mea?
3454 3620 3717 3687 Quoniam

2135 3722 2296 3778 super
2319 3718 2563 3762 naturam
2585 3717 2666 3764 est
2690 3709 2788 3762 hoc
2819 3707 3038 3774 factum,
3072 3719 3348 3778 promerea
3377 3711 3566 3780 inquit,
3595 3711 3720 3778 Quis

2133 3799 2496 3853 annuntiabit?
2537 3815 2600 3854 ac
2648 3801 2692 3853 si
2740 3799 2962 3865 diceret,
3018 3799 3147 3868 Quis
3195 3818 3375 3855 secum
3427 3804 3723 3871 reputabit?

2133 3890 2253 3958 quis
2285 3899 2462 3945 mente
2491 3891 2796 3961 concipiet?
2822 3908 2941 3961 qua:
2970 3908 3119 3946 meus
3142 3893 3597 3962 comprehendere
3625 3911 3719 3964 po-

2139 3985 2296 4037 terit?
2323 4001 2440 4052 quae
2475 3986 2607 4036 ratio
2636 3984 2831 4038 sufﬁcit
2864 3996 2917 4038 ut
2949 3995 3194 4040 accurate
3236 3987 3359 4040 laeti
3402 3986 3562 4056 hujus
3604 4005 3722 4042 mo-

2135 4077 2260 4131 dum
2291 4077 2563 4132 inveniat?
2593 4076 2706 4130 Non
2737 4078 2812 4130 sic
2851 4077 3162 4132 admirabile
3211 4078 3340 4143 fuit,
3369 4095 3430 4132 ex
3481 4089 3624 4147 petra
3672 4081 3723 4134 in

2136 4168 2350 4223 deserto
2399 4170 2709 4223 scaturiisse
2757 4168 2928 4222 fontes
2977 4185 3267 4237 aquarum,
3315 4170 3528 4240 quando
3579 4171 3720 4225 illam

2137 4259 2311 4314 Moses
2335 4260 2476 4329 virga
2505 4261 2762 4328 percussit
2788 4259 2983 4329 (Exod.
3017 4260 3104 4329 li)
3136 4279 3146 4313 :
3177 4260 3312 4314 sicut
3341 4261 3406 4315 de
3433 4263 3584 4315 vulva
3612 4262 3722 4330 jam

2131 4362 2373 4406 emortua
2421 4369 2643 4422 puerum
2698 4354 2844 4407 nasci
2897 4352 3082 4425 (Num.
3116 4353 3240 4425 ἑο),
3271 4362 3325 4408 et
3351 4355 3502 4408 laetis
3547 4354 3722 4412 fontes

2134 4445 2413 4500 seaturire.
2444 4443 2574 4498 Nam
2607 4456 2660 4498 ιιι
2691 4445 2939 4500 omnibus
2981 4457 3165 4514 partus
3213 4446 3524 4500 manifestus
3557 4457 3719 4510 esset,

2133 4549 2185 4593 et
2214 4551 2421 4600 omnes,
2457 4547 2564 4592 tam
2597 4553 2690 4592 eos
2719 4537 2804 4606 qui
2845 4544 2969 4590 tunc
3000 4537 3241 4602 aderant,
3273 4553 3430 4605 quam
3458 4538 3547 4607 qui
3579 4549 3724 4606 post-

2133 4647 2194 4684 ea
2238 4629 2526 4695 audierint,
2559 4629 2624 4682 ad
2679 4629 2834 4683 ﬁdem
2881 4629 3122 4683 miraculi
3171 4629 3468 4695 induceret,
3521 4630 3722 4684 ideirco

2136 4723 2249 4792 ipsa
2276 4737 2498 4792 puerum
2526 4723 2618 4776 alit
2645 4731 2698 4775 et
2725 4723 2860 4775 lacte
2887 4736 2985 4775 suo
3011 4722 3122 4775 vult
3149 4722 3406 4777 enutrirc.
3442 4723 3505 4777 Et
3531 4724 3722 4793 inquit,

2137 4816 2264 4882 Quis
2290 4815 2608 4868 annuntiubit
2651 4814 2900 4880 Abrahae,
2929 4815 3064 4884 quod
3093 4815 3246 4869 lactet
3283 4833 3492 4887 puerum
3522 4817 3730 4873 Sarra?

2135 4909 2236 4962 hoc
2275 4923 2468 4962 novum
2497 4917 2549 4962 et
2581 4907 2918 4962 admirabile.
2954 4917 3008 4962 et
3051 4919 3242 4977 praster
3268 4911 3720 4978 exspectationem

2136 4999 2262 5052 mihi
2290 5015 2635 5061 concessum,
2682 5001 2869 5069 inquit,
2903 4998 3052 5066 Quod
3086 4999 3258 5069 peperi
3301 5001 3544 5069 filiumin
3574 5017 3720 5054 sene-

2133 5102 2266 5148 ctute
2288 5110 2414 5146 mea.
2446 5093 2580 5159 Quid
2605 5092 2706 5147 hoc
2727 5101 2826 5155 est,
2851 5091 3033 5162 Peperi
3053 5093 3215 5160 ﬁlium
3237 5093 3289 5145 ia
3309 5103 3556 5145 senectute
3571 5092 3725 5145 mea?

2134 5187 2267 5255 Quia
2299 5200 2493 5256 prauer
2519 5187 2851 5241 sterilitatem
2882 5184 3178 5240 sufﬁciebat
3210 5192 3439 5239 senecta:
3476 5191 3684 5252 tempus
3706 5223 3721 5246 ,

2137 5287 2192 5331 ut
2221 5287 2402 5347 partus
2447 5292 2567 5347 Spes
2598 5277 2891 5332 tolleretur.
2926 5277 3302 5331 Verumtamen
3341 5274 3721 5343 impedimenta

2137 5372 2249 5425 haec
2275 5371 2453 5426 omnia
2483 5387 2514 5426 e
2541 5371 2715 5424 medio
2759 5370 2972 5424 sustulit
3019 5368 3304 5431 Dominus,
3335 5375 3387 5421 et
3426 5367 3572 5436 pueri
3597 5383 3719 5438 par-

2139 5475 2248 5519 tum
2279 5472 2333 5519 et
2359 5463 2508 5517 lactis
2539 5461 2714 5517 fontes
2745 5462 2872 5515 tnihi
2902 5459 3187 5514 concessit.
3222 5457 3418 5512 Verum
3451 5459 3721 5513 videamus

2135 5559 2434 5630 sequentia.
2470 5557 2752 5626 Postquam
2800 5554 3076 5622 impletum
3108 5562 3189 5606 est
3225 5553 3450 5608 laetendi
3485 5561 3716 5621 tempus,

2147 5651 2303 5716 Vidit,
2325 5652 2514 5722 inquit.
2547 5651 2706 5703 Sarra
2735 5647 2896 5716 ﬁlium
2941 5646 3077 5716 Agar
3115 5645 3414 5718 {Et/yptiw,
3453 5647 3538 5716 qui
3565 5656 3715 5699 natus

2131 5758 2204 5802 est
2230 5748 2462 5811 Abrahte,
2489 5743 2738 5797 ludentem
2763 5757 2875 5794 cum
2898 5739 3047 5795 Isaac
3070 5757 3222 5808 puero
3246 5757 3354 5795 suo.
3391 5738 3457 5795 10
3503 5737 3564 5790 Et
3587 5737 3716 5791 dixit
