4078 6444
460 279 564 338 ηδ

454 396 676 451 Abt-aha
701 413 721 451 :
751 395 897 469 Ejice
937 400 1181 456 ancillam
1213 403 1346 458 hanc
1382 413 1429 460 et
1460 405 1626 475 ﬁlium
1656 408 1787 477 ejus.
1837 407 2048 480 Nequa-

455 505 606 558 quam
627 489 761 544 enim
789 491 933 547 heres
948 493 1042 548 erit
1066 493 1207 564 ﬁlius
1229 495 1436 550 ancilla
1458 513 1574 551 cum
1602 499 1711 568 ﬁlio
1732 516 1842 554 meo
1870 499 2043 556 Isaac.

455 582 546 640 11.
576 582 767 636 Durum
793 592 960 639 autem
983 587 1223 658 apparuit
1243 587 1453 644 verbum
1472 591 1568 643 hoc
1586 578 1766 644 coram
1791 591 2048 646 Abraham

458 693 615 747 super
653 676 763 744 ﬁlio
793 693 906 734 suo.
939 676 1087 742 Vide,
1134 678 1382 748 obsecro,
1437 681 1551 747 hic,
1585 681 1799 748 dilecte,
1830 685 2046 738 Sarram

454 767 644 821 iterum
679 783 782 824 non
814 769 1074 826 terentem
1097 770 1336 828 lsmaelis
1368 774 1585 828 nimiam
1616 775 1910 842 licentiam,
1943 792 2042 832 ne-

451 873 555 927 que
587 859 849 927 patienter
872 861 1141 917 sustinere
1184 863 1454 920 volentem
1493 867 1703 921 ancilla:
1730 867 1893 922 ﬁlium
1921 884 2042 924 cum

450 964 548 1002 suo
585 949 732 1004 isaac
757 963 1190 1008 conversantem.
1221 955 1369 1011 Sicut
1399 958 1557 1028 igitur
1582 961 1730 1030 prius
1756 963 2041 1030 superbum

448 1040 693 1108 Spiritum
732 1042 876 1113 Agar
905 1043 1189 1101 humiliare
1220 1047 1428 1114 volens,
1462 1051 1767 1106 vehementi
1803 1053 2043 1124 indigna-

447 1130 593 1186 tione
623 1131 799 1202 fugam
840 1135 976 1190 inire
999 1151 1116 1191 eam
1145 1138 1322 1208 coegit
1348 1157 1360 1192 :
1389 1140 1460 1194 ita
1505 1150 1559 1196 et
1587 1158 1728 1199 nunc
1766 1144 1947 1200 volens
1973 1144 2040 1201 ab

449 1221 601 1275 initio
633 1224 927 1293 reprimere
954 1226 1193 1284 lsmaelis
1223 1233 1602 1300 temeritatem,
1626 1244 1682 1290 et
1705 1251 1809 1291 non
1836 1235 2036 1305 ferens,

446 1325 569 1365 cum
597 1313 804 1369 videret
833 1332 1056 1386 puerum
1087 1334 1243 1374 suum
1273 1335 1305 1375 a
1341 1321 1451 1376 Deo
1481 1323 1583 1378 sibi
1618 1323 1873 1381 donatum
1915 1343 2038 1383 cum

445 1403 651 1457 ancillte
671 1403 1004 1477 [Egyptiacaa
1025 1407 1135 1463 lilio
1160 1410 1319 1465 simul
1353 1414 1577 1478 versari,
1605 1414 1734 1471 dicit
1761 1417 1989 1473 Abrahae
2019 1437 2033 1474 :

448 1491 594 1562 Ejice
616 1494 872 1549 ancillam
905 1507 951 1552 et
976 1499 1140 1568 ﬁlium
1165 1501 1290 1568 ejus.
1324 1501 1445 1558 Non
1467 1505 1600 1560 enim
1620 1508 1712 1560 erit
1733 1508 1876 1564 heres
1900 1510 2038 1579 ﬁlius

445 1587 649 1641 ancillae
673 1586 825 1658 hujus
851 1606 967 1644 cum
993 1592 1103 1661 ﬁlio
1125 1609 1257 1648 meo.
1281 1595 1542 1663 Quoniam
1564 1609 1620 1654 et
1644 1616 1704 1655 se
1725 1602 1776 1655 in
1799 1613 2035 1660 extrema

445 1687 603 1734 :etate
623 1695 744 1735 esse
765 1681 1000 1751 videbat,
1024 1691 1076 1738 et
1100 1687 1454 1754 patriarcham
1475 1705 1685 1761 quoque
1704 1692 2033 1765 decrepitum

359 1819 361 1822 .
444 1770 623 1838 (erant
645 1772 787 1826 enim
815 1774 1005 1840 ambo,
1041 1777 1230 1847 inquit,
1265 1780 1406 1849 pleni
1437 1781 1666 1855 dierum)
1686 1825 1702 1850 ,
1732 1788 2030 1856 suspicans,

444 1862 488 1914 si
517 1861 654 1916 forte
682 1875 903 1935 repente
930 1878 1287 1937 morerentur,
1332 1887 1399 1927 ne
1425 1873 1615 1930 lsmael
1634 1916 1650 1942 ,
1682 1893 1748 1933 eo
1785 1880 1926 1948 quod
1965 1896 2031 1936 ex

435 1955 758 2022 patriarchae
787 1960 1070 2014 concubitu
1102 1975 1258 2016 natus
1285 1974 1462 2032 esset,
1496 1981 1560 2022 se
1585 1968 1636 2023 in
1678 1971 1846 2039 patris
1874 1971 2031 2028 here-

435 2045 658 2101 ditatem
687 2049 995 2116 intrudere,
1028 2054 1446 2125 participemque
1473 2067 1526 2112 et
1552 2061 1810 2130 aequalem
1849 2062 2030 2119 lsaaco

438 2137 558 2192 lieri
603 2147 834 2195 tentaret
875 2160 889 2196 :
936 2141 1132 2198 idcirco
1170 2145 1318 2213 dicit,
1361 2146 1510 2219 Ejice
1547 2153 1788 2208 ancillam
1831 2156 1949 2210 hinc
1984 2167 2032 2213 et

437 2227 603 2295 ﬁlium
641 2231 770 2299 ejus.
817 2231 1014 2301 Discat,
1055 2236 1254 2306 inquit,
1288 2237 1400 2308 jam
1443 2241 1574 2296 nihil
1609 2258 1893 2302 commune
1931 2249 2029 2304 ba-

435 2318 668 2375 biturum
711 2321 879 2379 illium
910 2326 1116 2382 ancillze
1149 2343 1269 2384 cum
1321 2331 1430 2387 lilio
1471 2349 1592 2390 meo
1632 2335 1795 2392 lsaac.
1845 2340 2030 2412 Neque

433 2408 577 2463 enim
614 2425 823 2482 mquum
862 2424 946 2470 est
983 2427 1038 2469 ttt
1080 2417 1218 2472 ﬁlius
1257 2419 1526 2492 Egyptite
1563 2435 1618 2480 et
1653 2429 1860 2484 ancillae
1904 2408 2026 2487 cum

432 2500 546 2556 tilio
573 2519 695 2560 meo
729 2513 784 2561 et
811 2505 1043 2563 dominae
1080 2510 1238 2566 simul
1274 2526 1534 2572 versetur.
1566 2519 1830 2578 Caeterum
1866 2524 2025 2582 Sarra

431 2607 538 2647 non
596 2595 715 2650 sine
760 2612 921 2653 causa
963 2615 1080 2655 rem
1126 2601 1266 2659 hanc
1294 2607 1435 2676 egit,
1481 2609 1576 2665 sed
1622 2610 1744 2681 jure
1797 2630 1862 2670 ac
1908 2632 2026 2672 me-

431 2687 555 2754 rito,
597 2699 757 2759 atque
800 2690 874 2745 ita
911 2703 1296 2763 congruenter,
1339 2709 1397 2753 ut
1435 2709 1490 2755 et
1523 2702 1666 2758 Deus
1709 2706 2026 2764 collaudarit

427 2775 546 2846 ejus
597 2777 758 2833 dicta.
809 2780 1116 2838 Patriarcha
1159 2801 1290 2841 vero
1331 2789 1470 2846 bene
1513 2792 1736 2850 allectus
1779 2812 1906 2869 erga
1942 2799 2021 2855 ls-

431 2871 684 2938 ntaeletn,
717 2873 943 2930 moleste
965 2878 1264 2948 accipiebat
1294 2898 1413 2952 qua:
1443 2899 1471 2938 a
1498 2885 1656 2942 Sarra
1685 2888 2019 2948 dicebantur.

428 2961 633 3016 Durum
687 2965 862 3032 enim,
910 2969 1113 3044 inquit,
1167 2978 1410 3045 apparuit
1460 2979 1661 3035 verbum
1705 2984 1802 3038 hoc
1851 3002 2021 3042 coram

426 3053 686 3109 Abraham
731 3055 796 3110 de
823 3056 934 3126 ﬁlio
965 3077 1079 3115 suo.
1111 3062 1296 3135 Neque
1322 3068 1464 3124 enim
1510 3069 1577 3125 de
1606 3073 1750 3142 Agar
1790 3077 2016 3133 multum

421 3144 687 3201 sollicitus
711 3157 848 3212 erat,
888 3149 982 3205 sed
1022 3167 1148 3223 erga
1187 3170 1409 3224 puerum
1441 3159 1514 3216 ita
1544 3163 1896 3235 afﬁciebatur,
1929 3179 2015 3225 ut-

420 3246 553 3302 pote
576 3235 685 3308 jam
711 3239 1130 3300 adolescentem.
1161 3246 1268 3304 Sed
1296 3254 1576 3311 considera
1597 3298 1611 3324 ,
1639 3259 1892 3331 obsecro,
1929 3265 2015 3324 hic

420 3329 704 3386 clementis
735 3332 828 3388 Dei
857 3336 1049 3391 miram
1079 3341 1440 3400 clementiam.
1481 3347 1613 3404 Nam
1646 3354 1767 3422 quia
1797 3329 1928 3412 vidit
1955 3368 2010 3414 et

420 3422 637 3478 Sarram
677 3428 785 3496 pati
815 3429 1019 3502 aliquid
1049 3431 1337 3491 humanum
1359 3479 1376 3504 ,
1412 3449 1467 3495 et
1491 3457 1640 3512 aegre
1661 3443 1802 3501 ferre
1830 3463 2010 3517 parem

416 3515 653 3573 ﬁliorum
698 3522 955 3577 honorem
984 3541 1003 3580 :
1044 3525 1204 3596 idque
1238 3531 1433 3584 merito
1466 3550 1479 3585 :
1525 3535 1794 3593 Abraham
1830 3515 2009 3600 autem

417 3623 526 3664 non
549 3608 691 3665 ferre
719 3629 874 3682 aequo
899 3616 1081 3670 animo
1111 3618 1426 3688 ejectionem
1459 3623 1695 3683 lsmaelis
1721 3641 1774 3685 et
1802 3635 2011 3691 ancilla:

421 3702 568 3771 (nam
611 3702 734 3758 licet
784 3721 892 3760 non
935 3707 1301 3766 obluctaretur
1344 3713 1520 3789 Sarra:
1563 3719 1633 3775 ob
1685 3722 2008 3794 singularem

417 3792 882 3851 mansuetudinem
906 3839 921 3862 ,
960 3807 1194 3855 attamen
1237 3802 1430 3861 durum
1457 3809 1507 3863 ei
1555 3792 1834 3870 videbatur
1863 3836 1876 3872 :
1906 3818 2009 3876 hoc

415 3889 501 3936 cst
518 3896 702 3952 grave,
727 3885 1012 3942 molestum
1035 3900 1090 3944 et
1113 3895 1447 3969 onerosum),
1474 3909 1598 3956 tunc
1618 3903 1834 3962 demum
1852 3925 2003 3966 suam

414 3973 625 4028 solitam
651 3991 871 4032 servans
900 3981 1318 4040 misericordiam
1338 4030 1354 4054 ,
1386 3999 1440 4044 et
1463 3995 1764 4050 concordia:
1792 3999 2003 4056 illorum

414 4065 660 4134 copulam
682 4069 1070 4139 constringens,
1093 4073 1221 4130 dicit
1241 4077 1307 4131 ad
1341 4079 1646 4138 Abraham:
1677 4086 1764 4142 f2.
1798 4089 1880 4144 Ne
1903 4093 2005 4146 du-

413 4170 528 4208 rum
549 4157 615 4210 sit
640 4173 810 4213 coram
832 4169 880 4214 te
902 4164 1102 4217 verbum
1128 4165 1221 4219 hoc
1247 4169 1311 4222 de
1336 4187 1492 4239 puero
1516 4183 1566 4228 et
1583 4179 1795 4235 ancilla.
1819 4181 2003 4239 Omnia

414 4262 737 4316 quacumque
756 4250 939 4304 dixerit
970 4255 1059 4307 tibi
1083 4255 1245 4311 Sarra
1264 4301 1278 4324 ,
1311 4261 1434 4315 audi
1458 4279 1626 4320 uocem
1652 4269 1780 4338 ejus.
1808 4272 1886 4329 Ne
1913 4290 2001 4331 ac-

411 4337 599 4407 cipias,
621 4339 810 4409 inquit,
828 4343 1063 4410 graviter
1083 4348 1224 4415 quod
1251 4350 1318 4404 ab
1342 4367 1404 4406 ea
1426 4353 1624 4412 dictum
1648 4337 1737 4415 tibi
1755 4373 1876 4419 est:
1903 4369 1996 4423 sed

415 4426 603 4482 Omnia
627 4446 954 4504 quaecumque
977 4436 1162 4490 dixerit
1195 4440 1282 4494 tibi
1310 4442 1493 4514 Sarra,
1517 4450 1643 4504 audi
1669 4469 1837 4508 vocem
1865 4460 1995 4530 ejus.

480 4519 536 4573 2.
563 4519 704 4590 Agar
718 4522 949 4593 ejicitur;
968 4527 1250 4584 obedientia
1269 4532 1521 4602 Abrahae;
1544 4543 1856 4609 providentia
1876 4519 1992 4604 Dei.

409 4637 482 4647 —
499 4607 625 4664 Haec
649 4612 848 4681 omnia,
878 4615 1068 4687 inquit,
1091 4635 1210 4688 quae
1237 4637 1378 4680 nunc
1404 4628 1496 4682 tibi
1526 4607 1655 4686 dicit
1675 4634 1742 4690 de
1773 4637 1995 4698 lsmaele

411 4705 469 4752 et
495 4699 562 4753 de
591 4700 764 4770 Agar,
793 4707 976 4778 accipe
1004 4725 1018 4762 :
1049 4721 1104 4764 et
1139 4713 1262 4768 audi
1313 4731 1499 4774 vocem
1542 4723 1679 4791 ejus.
1730 4726 1808 4784 Ne
1837 4732 1988 4801 velis,

403 4789 598 4858 inquit,
627 4794 945 4850 contristare
986 4813 1104 4853 eam
1126 4843 1142 4866 ,
1173 4820 1290 4871 qua:
1329 4816 1477 4864 tanto
1519 4789 1759 4886 tempore
1787 4789 1989 4878 tantum

405 4894 648 4935 amorem
682 4897 806 4952 erga
838 4893 890 4940 te
918 4887 1208 4946 declaravit
1239 4912 1254 4948 :
1280 4911 1400 4965 quae
1440 4915 1544 4956 non
1573 4907 1747 4963 solum
1782 4915 1948 4968 semel
1968 4955 1985 4981 ,

403 4972 499 5028 sed
527 4982 583 5028 et
610 4975 869 5044 secundo,
903 4987 960 5032 ut
995 4989 1047 5034 te
1071 4997 1101 5035 a
1142 4994 1316 5042 morte
1344 4991 1597 5062 eriperet,
1630 5000 1859 5070 seipsam
1890 4972 1987 5073 pro

400 5071 490 5116 tua
515 5064 686 5118 salute
706 5070 988 5137 exposuit,
1033 5082 1086 5125 et
1111 5085 1296 5131 auctor
1321 5087 1426 5136 tute
1469 5083 1626 5156 hujus
1654 5064 1837 5160 gloria:
1866 5064 1982 5152 fuit.

399 5153 638 5209 Primum
661 5157 874 5226 quidem
899 5159 1023 5216 fecit
1048 5173 1104 5217 ut
1124 5179 1244 5220 cum
1268 5172 1433 5227 tantis
1453 5153 1736 5236 divitiisab
1754 5181 1984 5256 Egypto

395 5245 624 5312 redires,
657 5258 840 5318 postea
870 5267 996 5308 vero
1027 5253 1218 5310 iterum
1248 5259 1299 5312 in
1322 5277 1480 5319 causa
1503 5267 1600 5324 fuit
1629 5281 1684 5326 ut
1710 5273 1783 5328 ita
1813 5245 1983 5334 Sic.

396 5347 680 5392 neraretur
731 5349 787 5394 et
830 5341 1142 5401 observaret
1189 5350 1518 5411 Abimelech.
1575 5358 1654 5416 Ne
1693 5363 1850 5432 igitur
1901 5369 1982 5424 dt-

395 5436 549 5478 versa
592 5426 661 5480 ab
703 5427 788 5484 his
828 5447 948 5502 quae
991 5437 1204 5508 loquuta
1235 5453 1319 5498 est
1364 5448 1498 5503 velis
1542 5450 1678 5508 inire
1711 5426 1977 5519 consilia:

395 5514 671 5571 enimvero
700 5536 805 5576 non
829 5526 982 5583 aliter
1002 5535 1231 5590 eveniet.
1261 5535 1315 5592 in
1340 5537 1484 5597 Isaac
1503 5546 1647 5600 enim
1669 5564 1734 5604 ex
1761 5565 1822 5606 ea
1851 5565 1977 5611 nato

396 5613 746 5718 ﬂumnsemen
775 5619 1069 5688 vocabitur,
1098 5634 1150 5679 et
1172 5627 1286 5696 ipse
1307 5632 1407 5686 erit
1431 5644 1553 5692 tuus
1575 5638 1732 5698 heres
1760 5644 1830 5717 (tl.
1858 5647 1975 5718 12).

393 5691 482 5748 15.
515 5692 707 5752 Filium
741 5712 907 5758 autem
947 5709 1092 5766 illum
1113 5691 1314 5774 ancilla:
1348 5739 1568 5784 crescere
1592 5691 1802 5804 fasi-ani,
1831 5751 1878 5794 et
1893 5691 1970 5798 “in

1231 281 1290 340 8.
1331 283 1612 342 JOANNIS
1635 284 2111 345 CHRYSOSTOMI
2149 288 2467 352 ARCﬂlEP.
2505 297 3044 365 CONSTANTINOP.

3652 325 3761 385 ιίι

2160 424 2357 483 gentem
2380 433 2620 490 magnam
2646 425 2834 493 faciam
2854 471 2868 496 ,
2895 432 3135 500 quoniam
3161 450 3329 492 semen
3355 447 3500 494 tuum
3523 453 3616 498 est.
3646 443 3755 504 Fac

2159 504 2316 607 igitur
2333 525 2452 579 quae
2481 512 2570 568 illa
2602 516 2694 571 tibi
2715 517 2933 590 dixerit,
2959 533 3013 578 et
3046 525 3200 581 obedi
3230 530 3348 585 voci
3374 532 3511 602 ejus.
3564 534 3754 607 Cogita

2159 595 2264 663 hic,
2294 602 2540 671 obsecro,
2573 619 2770 676 quanta
2797 612 2976 668 subito
3002 619 3290 674 concordia
3317 631 3373 677 et
3399 595 3503 693 pax
3529 625 3583 680 in
3614 595 3752 682 eon-

2157 692 2459 751 Iubentium
2499 714 2686 757 eorum
2727 710 3076 776 concesserit,
3120 711 3358 770 bonitate
3403 692 3586 774 divina
3629 721 3753 775 vino

2153 786 2333 842 culum
2377 805 2562 848 eorum
2606 800 3022 870 constringente.
3055 805 3144 859 H.
3195 807 3432 862 Surrexit
3477 813 3634 878 enim,
3669 815 3748 869 in-

2153 888 2288 948 quit,
2302 896 2470 950 mane,
2485 895 2532 939 et
2551 890 2740 958 accepit
2753 906 2928 960 panes,
2947 903 2993 947 et
3005 904 3165 948 utrem
3185 913 3354 967 aqua,
3368 911 3414 952 et
3431 901 3570 955 dedit
3586 904 3748 974 Agar,

2152 978 2202 1024 et
2238 971 2480 1042 imposuit
2514 993 2668 1047 super
2692 980 2959 1037 humerum
2983 986 3093 1054 ejus
3123 996 3174 1041 et
3212 1006 3456 1059 puerum,
3484 1003 3531 1046 et
3557 971 3749 1050 dimisit

2151 1078 2282 1118 eam.
2307 1065 2440 1124 Vide
2460 1069 2545 1126 hic
2565 1070 2756 1128 iterum
2775 1074 2906 1145 justi
2934 1078 3182 1134 eximiam
3212 1083 3553 1151 probitatem,
3571 1096 3748 1158 etqus

2150 1155 2360 1213 ratione
2407 1159 2463 1214 in
2509 1163 2760 1220 omnibus
2813 1167 3117 1238 religiosam
3165 1187 3320 1228 suam
3368 1184 3602 1231 mentem
3650 1155 3749 1234 de—

2149 1246 2340 1302 claret.
2376 1249 2508 1305 Nam
2539 1255 2752 1322 quando
2779 1257 2979 1314 audivit
3007 1259 3222 1317 Sarram
3258 1263 3529 1321 dicentem
3550 1309 3564 1333 ,
3602 1267 3748 1340 Ejice

2149 1340 2392 1396 ancillam
2413 1353 2462 1398 et
2489 1345 2654 1415 ﬁlium
2683 1350 2794 1420 ejus
2817 1367 2836 1404 :
2863 1351 3054 1408 durum
3085 1356 3134 1410 ei
3164 1356 3447 1412 videbatur
3465 1400 3482 1426 ,
3509 1375 3577 1415 eo
3601 1363 3746 1430 quod

2148 1429 2284 1488 bene
2304 1433 2636 1492 alliciebatur
2655 1455 2780 1511 erga
2810 1441 3086 1499 lsmaelem
3113 1464 3126 1501 :
3151 1461 3339 1502 verum
3370 1449 3460 1506 ubi
3489 1429 3747 1508 Dominus

2146 1525 2422 1595 prtecepit,
2465 1530 2643 1584 statim
2680 1531 2808 1587 fecit
2835 1534 2977 1604 quod
3027 1536 3344 1606 imperatum
3388 1549 3535 1607 erat,
3579 1543 3744 1597 etiam

2145 1617 2403 1671 naturalis
2423 1620 2623 1675 amoris
2650 1623 2866 1693 oblitus,
2889 1629 3041 1697 quasi
3061 1627 3265 1685 diceret
3287 1647 3300 1684 :
3326 1630 3424 1686 Ubi
3454 1633 3580 1704 quid
3607 1650 3746 1704 pra:-

2145 1705 2274 1776 cipit
2305 1707 2582 1780 Dominus,
2607 1712 2872 1772 lacessant
2893 1732 3081 1776 omnes
3106 1721 3416 1779 aﬂectiones
3447 1741 3460 1777 :
3491 1726 3614 1796 quia
3641 1743 3744 1782 na-

2144 1805 2277 1852 turae
2306 1799 2564 1858 Dominus
2585 1815 2690 1870 est,
2717 1805 2808 1876 qui
2840 1811 3101 1880 praicipit.
3135 1811 3202 1866 Ut
3223 1816 3417 1884 accepit
3446 1817 3621 1887 igitur,
3654 1819 3743 1873 in-

2143 1891 2280 1960 quit,
2328 1895 2516 1949 ancilla
2558 1914 2740 1967 panes,
2767 1908 2822 1953 et
2853 1911 3025 1956 utrem
3054 1919 3230 1972 aqum,
3259 1923 3461 1977 egressa
3501 1919 3575 1963 est
3615 1927 3734 1964 cum

2145 2000 2324 2052 puero.
2335 1985 2554 2057 Verum,
2579 1990 2823 2058 obsecro,
2849 1995 2970 2050 vide
2991 1996 3203 2063 iterum,
3228 2002 3500 2068 quomodo
3523 2012 3744 2073 propter

2140 2075 2588 2150 benevolentiam,
2620 2100 2723 2154 qua
2755 2090 3174 2160 prosequebatur
3195 2092 3400 2162 justum
3431 2095 3592 2161 Deus,
3622 2099 3741 2152 luet:

2139 2184 2352 2241 quoque
2382 2190 2613 2245 superna
2641 2193 2769 2234 cura
2800 2164 2958 2251 digna
3000 2182 3279 2240 habeatur.
3313 2186 3380 2242 Ut
3417 2204 3547 2259 ergo
3583 2191 3736 2257 abiit,

2137 2263 2432 2330 vagabatur
2473 2283 2568 2336 per
2594 2269 2937 2327 solitudinem
2961 2315 2976 2341 ,
3016 2284 3216 2331 etcum
3242 2292 3380 2348 aqua
3416 2292 3736 2351 consumpta

2137 2355 2338 2409 nullam
2381 2373 2604 2429 usquam
2635 2361 2898 2418 inveniret
2923 2367 3345 2423 consolationem
3367 2412 3384 2437 ,
3416 2371 3506 2426 15.
3540 2373 3737 2442 Abjecit

2137 2463 2372 2516 puerum,
2401 2449 2590 2520 inquit,
2621 2453 2790 2507 subter
2816 2471 2968 2509 unam
2992 2457 3221 2512 abietem.
3252 2461 3737 2532 Disrumpebautur

2133 2540 2276 2594 enim
2307 2541 2424 2612 ejus
2446 2543 2672 2610 viscera,
2705 2555 2760 2601 et
2783 2546 2999 2603 dolebat
3036 2551 3264 2606 multum
3293 2553 3362 2607 ob
3389 2555 3732 2611 immodicam

2133 2649 2258 2704 erga
2285 2649 2510 2706 puerum
2542 2637 2899 2695 affectionem.
2931 2641 3018 2697 16.
3049 2642 3226 2710 Sedit,
3256 2645 3455 2716 inquit,
3489 2648 3734 2704 adversus

2131 2741 2276 2793 eum,
2305 2728 2452 2798 quasi
2475 2729 2544 2782 ad
2573 2730 2772 2800 jactunt
2809 2748 2976 2787 arcus.
3021 2733 3234 2789 Dicebat
3274 2737 3407 2790 enim
3431 2754 3452 2792 :
3491 2737 3613 2793 Non
3654 2743 3732 2794 ri-

2131 2815 2256 2869 debo
2285 2827 2496 2870 mortem
2523 2820 2668 2888 pueri
2705 2822 2821 2875 mei.
2863 2820 2932 2876 Et
2957 2825 3086 2878 sedit
3115 2843 3142 2880 e
3167 2827 3373 2897 regione
3413 2830 3577 2898 pueri.
3607 2831 3733 2884 Cla-

2129 2921 2276 2960 mans
2304 2918 2471 2961 autem
2499 2926 2644 2980 puer,
2678 2912 2893 2982 ploravit
2921 2914 3019 2985 (a).
3044 2913 3312 2972 Caeterum
3337 2921 3647 2976 misericors
3673 2931 3732 2977 et

2127 2999 2390 3070 benignus
2419 3002 2590 3069 Deus,
2623 3005 2792 3073 patris
2833 3015 2888 3061 et
2915 3009 3100 3063 matris
3137 3025 3263 3081 erga
3293 3028 3392 3067 nos
3417 3028 3599 3068 curam
3629 3031 3728 3069 sua

2128 3093 2510 3149 transcendetts
2545 3096 2760 3166 pietate,
2812 3099 2898 3153 17.
2937 3099 3218 3156 Exaudit'it
3257 3120 3427 3158 vocent
3469 3108 3616 3175 pueri
3661 3109 3730 3161 de

2124 3183 2238 3238 loco
2268 3184 2355 3239 ubi
2397 3197 2507 3240 erat
2545 3203 2568 3240 :
2610 3189 2862 3245 misertus
2909 3200 3070 3246 estet
3115 3194 3265 3262 pueri
3312 3204 3366 3251 et
3406 3197 3727 3253 calamitatis

2121 3276 2303 3347 Agar:
2326 3279 2570 3348 permisit
2589 3289 2791 3334 tantum
2820 3297 2938 3336 eam
2963 3285 3192 3354 expet-iri
3221 3286 3348 3355 quid
3372 3289 3444 3342 sit
3462 3289 3721 3358 solitudo,

2120 3379 2174 3424 et
2189 3372 2367 3426 statim
2385 3387 2540 3427 suum
2556 3375 2824 3429 concessit
2846 3377 3174 3444 przesidium.
3197 3377 3264 3431 Et
3287 3382 3496 3448 vocavit,
3523 3383 3718 3453 inquit,

2121 3461 2333 3532 angelus
2363 3460 2460 3518 Dei
2486 3463 2626 3535 Agar
2649 3465 2712 3518 de
2739 3466 2881 3531 ctelo,
2917 3477 2964 3520 et
2993 3468 3121 3522 dixit
3138 3471 3184 3523 ei
3202 3486 3221 3524 :
3245 3471 3382 3538 Quid
3411 3483 3504 3540 est,
3535 3474 3677 3544 Agar
3694 3477 3724 3529 Ρ

2122 3550 2207 3606 Ne
2235 3552 2415 3608 timeas
2439 3571 2457 3609 :
2485 3556 2678 3610 audivit
2707 3558 2840 3611 enim
2863 3557 3005 3615 Deus
3031 3577 3200 3616 vocem
3223 3565 3369 3633 pueri
3397 3566 3462 3620 de
3490 3567 3602 3621 loco
3633 3569 3720 3622 ubi

2117 3654 2208 3700 est.
2239 3647 2328 3702 18.
2369 3648 2555 3721 Surge,
2595 3653 2768 3721 accipe
2796 3671 3037 3724 puerum,
3065 3667 3114 3712 et
3147 3662 3474 3729 apprehende
3505 3681 3719 3721 manum

2117 3739 2228 3805 eius
2257 3755 2276 3793 :
2299 3741 2352 3794 in
2378 3753 2574 3812 gentem
2603 3746 2737 3798 enim
2766 3763 3004 3820 magnam
3031 3753 3217 3822 faciam
3256 3771 3393 3810 eum.
3421 3756 3468 3812 0
3501 3757 3718 3814 miseri-

2115 3829 2353 3886 cordiam
2402 3832 2650 3890 Domini!
2695 3837 2810 3892 Non
2860 3840 2984 3909 quia
3027 3843 3219 3897 ancilla
3268 3858 3408 3914 erat,
3458 3848 3715 3920 despexit

2113 3935 2272 3988 eam;
2305 3923 2398 3978 sed
2425 3926 2544 3994 quia
2586 3929 2901 3997 patriarcha:
2940 3934 3296 4004 promiserat,
3321 3949 3374 3993 et
3411 3941 3534 4010 quia
3566 3943 3714 4000 illius

2112 4026 2298 4068 semen
2325 4027 2457 4083 erat,
2485 4027 2682 4073 tantam
2705 4036 2921 4094 quoque
2938 4039 3120 4081 curam
3143 4043 3269 4100 erga
3293 4047 3410 4086 eam
3433 4033 3713 4093 declarare

2113 4102 2379 4174 dignatur.
2412 4107 2579 4162 Dicit:
2609 4109 2746 4176 Quid
2768 4124 2859 4180 est,
2886 4115 3060 4186 Agar?
3092 4117 3176 4173 Ne
3200 4122 3376 4176 timeas
3403 4139 3424 4178 :
3450 4127 3712 4181 exaudiuit

2108 4199 2242 4252 enim
2281 4199 2528 4256 Dominus
2567 4219 2738 4258 vocem
2768 4209 2930 4276 pueri.
2968 4209 3135 4282 Surge
3166 4222 3214 4266 et
3241 4215 3416 4287 accipe
3459 4218 3628 4286 illum,
3661 4231 3710 4276 et

2107 4293 2431 4362 apprehende
2458 4311 2664 4350 manum
2685 4299 2793 4368 ejus
2817 4315 2849 4355 :-
2866 4301 2918 4354 in
2945 4314 3142 4374 gentem
3187 4307 3321 4361 enim
3357 4325 3595 4382 magnam
3623 4317 3708 4385 fa-

2105 4382 2236 4436 ciam
2253 4382 2420 4439 ill'um.
2444 4385 2520 4440 Ne
2541 4402 2789 4455 maereas,
2813 4391 3002 4462 inquit,
3025 4410 3090 4448 eo
3111 4396 3256 4466 quod
3289 4414 3321 4454 e
3349 4400 3512 4456 domo
3530 4382 3702 4474 ejecta

2104 4471 2199 4526 sis.
2231 4472 2456 4530 Tantam
2481 4479 2622 4532 enim
2664 4495 2848 4536 curam
2900 4499 3000 4553 ego
3032 4488 3184 4558 pueri
3232 4505 3412 4561 agam,
3443 4504 3501 4548 ut
3544 4471 3599 4550 et
3646 4498 3699 4551 in

2101 4573 2313 4633 gentem
2342 4580 2586 4638 magnam
2607 4571 2720 4642 ipse
2739 4574 2830 4629 sit.
2860 4576 2946 4631 19.
2972 4578 3040 4632 Et
3061 4583 3280 4652 aperuit,
3309 4585 3500 4656 inquit,
3521 4591 3699 4645 oculos

2102 4655 2212 4725 ejus
2235 4671 2254 4710 :
2283 4673 2388 4713 non
2419 4659 2560 4729 quod
2579 4671 2734 4718 antea
2766 4679 2874 4720 non
2904 4668 3120 4738 viderit,
3151 4672 3246 4728 sed
3266 4675 3392 4745 quia
3414 4677 3700 4750 niltil‘pro-

2099 4743 2289 4832 derant
2321 4749 2370 4802 ei
2415 4753 2582 4821 aperti
2621 4757 2761 4810 oculi
2805 4767 2930 4812 ante
2971 4775 3257 4832 supernam
3284 4743 3690 4828 visitationem.

2102 4818 2420 4893 Propterea,
2449 4818 2571 4880 cum
2593 4833 2752 4886 vellet
2783 4849 2934 4889 suam
2964 4818 3359 4906 providentiam
3383 4849 3694 4922 declarare,L

2100 4911 2274 4982 inquit
2304 4931 2315 4965 :
2347 4915 2562 4983 Aperuit
2585 4924 2758 4978 oculos
2789 4929 2902 4995 ejus
2924 4945 2942 4982 :
2967 4931 3018 4986 id
3045 4945 3147 5001 est,
3180 4937 3505 4998 indicavitei
3530 4911 3688 5018 igno:

2098 5004 2257 5070 ranti,
2281 5013 2336 5058 et
2359 5017 2596 5064 mentem
2627 5015 2744 5082 ejus
2766 5021 3042 5085 excitavit,
3069 5027 3320 5099 viamque
3345 5035 3394 5088 ei
3417 5004 3678 5107 ostetidit,

2096 5105 2156 5150 ut
2180 5096 2388 5153 videret
2411 5101 2588 5156 locum
2617 5105 2803 5176 inquo
2828 5110 3002 5171 fontes
3023 5133 3175 5187 aqua:
3196 5096 3590 5198 scaturiebant'.

2093 5190 2238 5254 vidit,
2265 5191 2457 5261 inquit,
2479 5206 2692 5264 puteum
2719 5219 2871 5272 aqute
2897 5208 3134 5277 viventis,
3163 5225 3212 5268 et
3235 5218 3346 5283 ivit,
3373 5231 3421 5274 et
3443 5223 3681 5294 implevit

2150 5315 2305 5417 ea
2329 5321 2749 5417 eaeaeae:
2773 5333 2916 5417 em
2938 5315 3165 5417 πιιρ-ηκ
3359 5352 3504 5404 mn

2090 5389 2146 5436 Et
2173 5389 2299 5438 sedit
2327 5393 2596 5502 eje‘gione,
2621 5405 2665 5448 et
2685 5389 2855 5454 levabit
2875 5389 3036 5459 υσεεῶ
3055 5389 3212 5470 suam,
3236 5389 3448 5480 εί
3457 5389 3679 5476 ’έοῖιῖξέξ

2090 5453 2235 5502 Agar.
2260 5457 2314 5501 et
2335 5467 2406 5502 stc
2472 5459 2635 5502 ulnam
2669 5470 2832 5502 nmtm
2861 5468 3151 5502 "aluminum
3181 5482 3374 5502 ηπ...
3407 5496 3431 5502 _
3631 5490 3639 5498 .

2084 5453 2834 5549 aestatemagis
3181 5453 3679 5549 ιξῖςφῑῑιέ⁶ἑ⁹κῖὲἑίἒὲῖὸ

2082 5517 2310 5584 sequuta.
2325 5513 2446 5565 LXX
2472 5513 2590 5568 vero
2613 5513 2821 5584 puerum
2837 5513 3675 5636 gidfaiﬁiéiti"eiiﬁt3‘éﬁifq{£3233

2082 5584 2192 5636 ῐηω(
2219 5587 2266 5636 ἓη
2294 5575 2502 5626 Hebraeo
2526 5593 2818 5636 sequuntur.
2875 5595 3155 5636 (exaudiuit
3182 5599 3304 5636 np...
3327 5616 3485 5636 mm...
3505 5607 3650 5636 ...ωε

2218 5575 2818 5669 aequantur,

2217 5632 2617 5720 interpretationi
2642 5632 2818 5720 eis};
2833 5632 3085 5704 862313?

2084 5692 2094 5700 .
2354 5692 2366 5700 _
2417 5698 2426 5708 Ι
2603 5692 2615 5693 κ
2644 5692 2704 5696 τ.
2726 5692 2763 5696 ν,
2782 5692 2806 5697 -
2841 5692 2848 5696 .
2864 5692 3080 5704 -..νυνι-ι.
3103 5692 3480 5719 ωιιθσυδιυιιιυδ
3499 5692 3676 5720 μηδι.

2082 5700 2527 5792 tgtmezp'la'n‘attqtle
2566 5716 2964 5792 suanm-numque
2982 5720 3289 5792 exauditam
3336 5726 3574 5792 exhibet,
3611 5736 3676 5783 θι

2081 5757 2291 5819 Agarein
2315 5767 2538 5827 matrem,
2565 5773 2618 5817 et
2642 5757 3151 5839 tsmie'téiﬁ‘ﬁuéi'dfii
