4078 6424
188 309 283 367 ηδ
992 350 995 354 .
1305 303 1373 360 ΙΝ
1406 301 1564 358 CAP.
1607 299 1750 356 XXI.
1794 297 2038 359 GENES.
2083 299 2319 359 IIOMIL.
2361 297 2545 358 XLVI.

190 423 390 497 αὐτῆς.
434 423 549 479 Καὶ
582 418 721 479 εἷπε
768 422 850 489 τῷ
889 418 1146 490 Ἀϐραάμ
1165 437 1178 452 ·
1212 419 1475 475 Ἔκϐαλε
1519 417 1636 486 τὴν
1679 417 1875 473 παιδί-

190 531 354 585 σκην
369 513 602 580 ταύτην
633 510 868 566 καὶτὸν
895 509 1030 564 υἱὸν
1067 507 1278 577 αὐτῆς.
1305 509 1388 561 Οὐ
1413 507 1525 577 γὰρ
1547 506 1634 576 μὴ
1667 509 1874 575 κληρο-

190 605 432 677 νομήσῃ
463 605 495 656 ὁ
521 600 658 667 υίὸς
695 598 806 668 τῆς
853 596 1180 663 παιδίσκης
1220 594 1372 664 μετὰ
1420 593 1528 650 τοῦ
1576 593 1712 650 υἱοῦ
1753 611 1874 663 μου

203 690 428 748 Ἰσαάκ.
452 685 738 755 Σκληρὸν
754 686 823 740 δὲ
834 684 1031 755 ἐφάνη
1043 683 1112 737 τὸ
1125 682 1296 752 ῥῆμα
1309 682 1590 736 ἐναντίον
1618 681 1874 750 Ἀϐραὰμ

191 779 329 848 περὶ
363 776 473 832 τοῦ
499 774 635 830 υίοῦ
659 773 869 829 αὑτοῦ.
895 773 1039 844 Ὅρα
1072 789 1184 843 μοι,
1217 771 1490 841 ἀγαπητὲ,
1518 769 1751 823 ἐνταῦθα
1774 769 1872 840 τὴν

191 869 418 940 Σάρραν
456 865 620 919 πάλιν
664 863 726 916 οὐ
777 861 1047 934 φέρουσαν
1093 858 1186 912 τοῦ
1243 858 1467 930 Ἰσμαὴλ
1519 858 1618 931 τὴν
1673 857 1872 928 πολλὴν

192 951 536 1025 παρρησίαν,
571 949 692 1003 οὐδὲ
725 946 966 1010 ἀνεκτῶς
999 948 1242 1014 ἐνεγκεῖν
1287 945 1595 1016 δυναμένην
1632 944 1726 997 τὸν
1773 944 1874 1014 τῆς

191 1040 502 1111 παιδίσκης
517 1038 630 1092 υἱὸν
667 1038 805 1108 μετά
831 1035 924 1090 τοῦ
953 1035 1137 1088 Ἰσαὰκ
1173 1033 1663 1104 ἀναστρεφόμενον.
1688 1030 1877 1087 Καθά-

192 1146 303 1200 περ
356 1125 454 1182 οὖν
492 1125 686 1199 πρώην
714 1136 745 1165 α
789 1121 1136 1177 καταστεῖλαι
1183 1121 1282 1192 τῆς
1310 1121 1487 1191 Ἀγαρ
1530 1120 1591 1174 τὸ
1621 1120 1875 1198 φρόνημα

192 1214 531 1287 βουλομένη,
583 1213 672 1266 διὰ
704 1212 802 1278 τῆς
847 1210 1084 1280 σφοδρᾶς
1115 1210 1541 1280 ἀγανακτήσεως
1581 1209 1661 1271 είς
1697 1209 1876 1278 φυγὴν

191 1304 367 1372 αὐτὴν
392 1301 668 1372 τραπῆναι
701 1297 1114 1370 παρεσκεύασεν
1131 1313 1144 1325 ·
1177 1295 1319 1348 οὑτω
1340 1296 1435 1349 καὶ
1458 1294 1551 1348 νῦν
1575 1293 1871 1366 βουλομένη

189 1393 257 1444 ἐκ
297 1389 605 1461 προοιμίων
633 1387 946 1441 ἀναστεῖλαι
979 1385 1073 1439 τοῦ
1127 1384 1350 1456 ἰσμαὴλ
1377 1384 1477 1456 τὴν
1517 1383 1869 1456 προπέτειαν,

189 1479 293 1532 καὶ
327 1477 406 1548 μὴ
433 1476 676 1547 φέρουσα
709 1473 960 1545 όρᾷνιτὸν
994 1474 1058 1526 ἐκ
1088 1473 1308 1543 χάριτος
1337 1471 1598 1542 τεχθέντα
1634 1471 1748 1524 υίὸν
1777 1471 1872 1525 καὶ

188 1565 254 1630 ἐξ
284 1565 461 1634 αὐτῆς
489 1562 584 1617 τοῦ
607 1561 740 1616 Θεοῦ
765 1561 868 1633 τῆς
894 1561 1102 1632 δωρεᾶς
1156 1560 1293 1632 μετά
1321 1559 1415 1614 τοῦ
1458 1560 1557 1630 τῆς
1585 1558 1873 1631 παιδίσκης

186 1655 297 1724 τῆς
368 1650 681 1721 Αἰγυπτίας
747 1648 1349 1719 συναναστρεφόμενον,
1411 1648 1545 1719 φησὶ
1603 1648 1745 1719 πρὸς,
1780 1647 1873 1701 τὸν

200 1739 487 1810 Ἀδραάμ·
514 1739 772 1791 Ἔκϐαλε
791 1735 904 1804 τὴν
919 1735 1250 1803 παιδίσκην
1270 1735 1491 1789 καὶτὸν
1511 1733 1645 1789 υἱὸν
1659 1734 1870 1804 αὐτῆς.

190 1829 281 1882 Οὐ
312 1827 423 1897 γὰρ
450 1825 536 1896 μὴ
567 1823 997 1895 κληρονομήσῃ
1023 1827 1056 1878 ὀ
1084 1824 1214 1890 υίὸς
1243 1823 1352 1892 τῆς
1381 1823 1706 1891 παιδίσκης
1734 1825 1874 1878 ταύ-

184 1930 306 1981 της
335 1913 489 1982 μετὰ
517 1912 627 1966 τοῦ
654 1912 790 1967 υἱοῦ
823 1929 965 1982 μου.
1006 1911 1224 1983 Ἐπειδὴ
1262 1912 1384 1983 ᾔδει
1404 1912 1496 1965 ὅτι
1517 1912 1612 1966 καὶ
1639 1912 1777 1983 αὐτὴ
1813 1912 1872 1966 ἐν

191 2001 420 2073 ἐσχάτῳ
440 2002 588 2072 γήρᾳ
619 2001 879 2071 τυγχάνει
905 2001 997 2054 καὶ
1023 2000 1114 2053 τὸν
1139 1999 1486 2071 πατριάρχην
1511 2000 1659 2073 ἐώρα
1683 1999 1874 2072 προϐε-

188 2089 406 2160 ϐηκότα
451 2083 612 2158 (ἦσαν
649 2089 757 2160 γὰρ
802 2086 1101 2159 ἀμφότεροι
1152 2087 1555 2158 προϐεϐηκότες
1595 2087 1868 2160 ἡμερῶν),

188 2175 458 2247 ὑφορῶσα
519 2176 727 2246 μήποτε
755 2214 770 2240 ,
821 2173 1018 2246 ἀθρόον
1066 2174 1246 2228 αὐτῶν
1315 2175 1794 2247 τελευτησάντων,
1843 2179 1872 2230 6

200 2263 435 2334 Ἰσμαὴλ
459 2261 548 2316 διὰ
580 2262 642 2315 τὸ
670 2264 733 2315 ἐκ
751 2262 853 2332 τῆς
883 2260 978 2316 τοῦ
998 2261 1336 2332 πατριάρχου
1365 2263 1649 2326 συνουσίας
1675 2263 1872 2334 τεχθῆ-

184 2368 303 2412 ναι,
325 2351 672 2422 ἐπιχειρήσει
702 2351 781 2414 είς
811 2349 902 2403 τὸν
929 2349 1128 2421 κλῆρον
1159 2351 1349 2404 ἐαυτὸν
1376 2349 1470 2403 τοῦ
1494 2352 1701 2422 πατρὸς
1724 2353 1872 2407 είσα-

184 2441 413 2508 γαγεῑν,
444 2438 541 2492 καὶ
562 2438 820 2501 κοινωνὸς
839 2437 1092 2506 γενέσθαι
1119 2438 1197 2509 τῷ
1233 2438 1440 2504 Ἰσαὰκ,
1468 2438 1557 2493 διὰ
1577 2439 1735 2493 τοῦτό
1769 2459 1871 2512 φη-

185 2545 302 2592 σιν,
341 2528 604 2580 Ἔκϐαλε
630 2525 747 2594 τὴν
779 2525 1113 2593 παιδίσκην
1130 2527 1433 2592 ἐντεῦθεν,
1463 2529 1563 2582 καὶ
1597 2528 1707 2582 τὸν
1734 2529 1872 2583 υἱὸν

183 2616 410 2685 αὐτῆς.
452 2615 810 2683 Μανθανέτω,
840 2617 1025 2686 φησὶν,
1062 2617 1161 2687 ἤδη
1188 2618 1270 2670 ὅτι
1301 2617 1454 2671 οὐδὲν
1487 2619 1664 2672 κοινὸν
1698 2619 1810 2686 ἓξει
1843 2619 1871 2671 6

181 2707 289 2777 τῆς
321 2705 618 2775 παιδίσκης
643 2705 758 2767 υίὸς
786 2703 923 2774 μετά
951 2703 1045 2756 τοῦ
1071 2703 1187 2756 υἱοῦ
1217 2722 1320 2776 μου
1365 2705 1568 2760 Ἰσαάκ.
1603 2707 1739 2760 Οὐδὲ.
1762 2706 1870 2777 γὰρ

183 2795 417 2864 εὔλογον
444 2795 537 2848 τὸν
562 2795 658 2864 τῆς
678 2794 871 2864 δούλης
895 2794 1010 2847 υέὺν
1038 2794 1176 2864 μετὰ
1205 2792 1300 2846 τοῦ
1333 2794 1449 2848 υίοῦ
1482 2795 1574 2848 τοῦ
1609 2795 1746 2865 ἐμοῦ
1770 2798 1871 2868 τῆς

182 2883 486 2953 δεσποίνης
531 2881 1088 2952 συναναστρέφεσθαι.
1150 2880 1289 2933 Ἀλλ’
1331 2883 1367 2952 ἡ
1419 2883 1518 2952 μὲν
1552 2884 1740 2955 Σάρρα
1771 2885 1872 2939 οὑκ

183 2971 427 3033 ἀπεικὸς
451 2972 689 3042 πρᾶγμα
714 2969 1006 3033 πέπονθεν,
1027 2968 1163 3022 ἀλλά
1193 2969 1284 3022 καὶ
1311 2971 1518 3042 σφόδρα
1555 2972 1868 3039 ἀκόλουθον,

182 3059 289 3112 καὶ
321 3057 501 3122 οὕτως
531 3057 845 3122 ἀκόλουθον,
875 3057 950 3120 ὡς
983 3057 1077 3110 καὶ
1122 3055 1214 3109 τὸν
1258 3056 1391 3110 Θεὸν
1418 3060 1728 3113 συναινέσαι
1759 3065 1872 3126 τοῖς

186 3146 327 3217 παρ’
357 3145 532 3215 αὐτῆς
567 3144 898 3216 εἰρημένοις.
941 3144 1000 3197 '0
1035 3145 1094 3198 δὲ
1132 3144 1478 3217 πατριάρχης
1523 3146 1870 3219 φιλόστοργος

182 3233 265 3287 ὣν
284 3233 383 3286 καὶ⁸
403 3231 708 3302 συμπαθῶς
727 3231 1067 3299 διακείμενος
1096 3231 1230 3304 πρὸς
1242 3232 1332 3285 τὸν
1357 3233 1599 3306 Ἰσμαὴλ,
1620 3237 1872 3308 ἐπαχθῶς

183 3319 420 3380 ἐδέξατο
451 3319 520 3372 τὰ
558 3318 712 3387 παρά
740 3319 839 3389 τῆς
874 3321 1090 3390 Σάρρας
1114 3320 1399 3390 εἰρημένα.
1437 3322 1714 3389 Σκληρὸν
1738 3324 1869 3393 γὰρ,

184 3408 388 3478 φησὶν,
421 3405 616 3475 ἐφάνη
650 3407 717 3458 τὸ
760 3403 921 3476 ῥῆμα
956 3407 1237 3461 ἐναντίον
1293 3408 1540 3479 Ἀϐραὰμ
1580 3410 1713 3478 περὶ
1766 3411 1872 3465 τοῦ

182 3492 332 3549 υἱοῦ
357 3491 570 3546 αὑτοῦ.
592 3491 729 3545 Οὐδὲ
759 3491 869 3563 γὰρ
897 3493 994 3562 τῆς
1017 3494 1198 3564 ’Ἅγαρ
1218 3495 1512 3565 ἐποιήσατο
1527 3495 1682 3564 λόγον
1699 3513 1713 3526 ·
1738 3496 1873 3550 ἀλλά

187 3580 514 3652 συμπαθῶς
556 3581 695 3650 πρὸς
735 3580 828 3633 τὸν
869 3582 1035 3634 παῖδα
1068 3582 1319 3647 διέκειτο,
1363 3583 1458 3636 ἀτε
1485 3583 1549 3655 δὴ
1599 3585 1784 3640 λοιπὸν
1815 3587 1873 3640 ἐν

184 3671 385 3742 ἡλικία
417 3669 704 3740 γεγονότα.
755 3669 912 3723 Ἀλλὰ
939 3669 1130 3723 σκόπει
1162 3687 1251 3740 μοι
1296 3672 1530 3726 ἐνταῦθα
1558 3672 1650 3725 τοῦ
1683 3674 1872 3741 φιλαν-

186 3759 425 3830 θρώπου
452 3755 589 3810 Θεοῦ
611 3756 707 3828 τὴν
730 3757 1174 3826 ὑπερϐάλλουσαν
1199 3759 1622 3826 συγκατάϐασιν.
1656 3761 1872 3832 Ἐπειδὴ

183 3848 305 3918 γὰρ
333 3841 445 3898 εἶδε
477 3844 574 3898 καὶ
614 3845 716 3916 τὴν
769 3843 984 3914 Σάρραν
1028 3846 1169 3898 κατά
1221 3846 1282 3897 τὸ
1329 3846 1475 3909 εἰκὸς
1509 3845 1790 3900 παθοῦσάν
1819 3866 1872 3900 τι

182 3933 565 4005 ἀνθρώπινον,
606 3934 698 3986 καὶ
736 3933 1197 4003 δυσχεραίνουσαν
1224 3934 1317 3987 ἐπὶ
1358 3937 1424 4005 τῇ
1460 3937 1720 4008 ὁμοτιμία
1766 3937 1874 3991 τῶν

183 4024 428 4085 παίδων,
464 4022 560 4076 καὶ
589 4022 682 4075 τὸν
719 4023 974 4095 Ἀϐραὰμ
1007 4025 1068 4076 οὐ
1098 4024 1331 4096 φέροντα
1373 4027 1562 4097 πράως
1587 4027 1686 4097 τὴν
1716 4027 1874 4080 ἐκϐο-

181 4111 294 4185 λὴν
344 4110 444 4165 τοῦ
485 4110 715 4182 Ἰσμαὴλ
741 4111 957 4182 καὶτῆς
986 4112 1276 4183 παιδίσκης
1308 4115 1380 4180 (εί
1400 4114 1508 4184 γὰρ
1534 4116 1629 4168 καὶ
1659 4115 1732 4186 μὴ
1757 4116 1876 4169 ἀντ·

183 4197 370 4252 ἑτεινε
414 4199 480 4268 τῇ
515 4198 704 4270 Σάρρᾳ
734 4198 822 4252 διὰ
859 4198 1056 4270 πολλὴν
1098 4200 1197 4269 τὴν
1236 4200 1555 4266 ἐπιείκειαν,
1589 4201 1700 4254 ἀλλ’
1726 4203 1874 4273 ὅμως

184 4283 436 4356 σκληρὸν
466 4284 619 4355 αὑτῴ
648 4285 1024 4353 κατεφαίνετο,
1059 4285 1204 4339 τοῦτ’
1241 4287 1377 4348 ἐστι,
1407 4287 1567 4360 βαρὺ,
1594 4290 1745 4360 φησὶ,
1779 4291 1873 4344 καὶ

183 4373 439 4442 ἐπαχθὲς
477 4373 572 4425 καὶ
617 4373 920 4444 φορτικὸν),
963 4375 1083 4427 τότε
1110 4375 1294 4428 λοιπόν
1329 4376 1427 4447 τὴν
1451 4377 1658 4429 οἰκείαν
1685 4379 1874 4446 φιλανο

181 4456 445 4527 θρωπίαν
490 4456 827 4528 μιμούμενος
868 4460 896 4511 6
923 4459 1220 4529 Δεσπότης,
1249 4459 1340 4513 καὶ
1372 4460 1471 4530 τῆς
1507 4460 1758 4531 ὁμονοίας
1781 4464 1871 4516 τὸν

184 4543 500 4614 σύνδεσμον
531 4544 714 4598 αὐτῶν
743 4545 1086 4614 συσφίγγων,
1131 4546 1266 4617 φησὶ
1293 4547 1432 4618 πρὸς
1458 4547 1547 4600 τὸν
1591 4548 1868 4620 Ἀϐραάμο

177 4633 291 4700 Μὴ
331 4631 616 4701 σκληρὸν
647 4632 805 4687 ἔστω
846 4635 1125 4688 ἐναντίον
1152 4649 1267 4689 σου
1305 4635 1369 4688 τὸ
1388 4634 1554 4704 ῥῆμα
1597 4637 1729 4705 περὶ
1767 4637 1870 4692 τοῦ

177 4721 439 4774 παιδίου
467 4719 705 4790 καὶ-τῆς
737 4721 1083 4790 παιδίσκης.
1121 4722 1324 4775 Πάντα
1357 4723 1473 4776 ὅσα
1503 4708 1580 4777 ἂν
1602 4727 1740 4794 εἴπῃ
1772 4740 1872 4781 σοι

176 4809 418 4878 Σάρρα.
451 4809 723 4864 ἄκουσον
761 4808 872 4878 τῆς
900 4809 1108 4878 φωνῆς
1139 4809 1352 4877 αὐτῆς.
1410 4810 1502 4882 Μὴ
1533 4812 1679 4883 δέξῃ,
1716 4815 1868 4884 φησὶ,

178 4896 414 4966 βαρέως
439 4896 501 4947 τὸ
527 4897 658 4967 παρ’
697 4895 870 4965 αὐτῆς
895 4895 1058 4966 ῥηθέν
1089 4912 1190 4960 σοι,
1225 4894 1360 4948 ἀλλὰ
1403 4897 1607 4951 Πάντα
1632 4898 1750 4954 ὅσα
1794 4898 1872 4955 ἂν

169 4984 332 5049 εἴπῃ
377 4982 407 5020 ιι
434 4999 533 5036 σοι
555 4981 775 5050 Σάρρα,
811 4981 1081 5035 ἄκουσον
1113 4981 1223 5051 τῆς
1254 4981 1461 5052 φωνῆς
1485 4985 1696 5054 αὐτῆς.

259 5069 332 5139 β’.
370 5067 524 5140 [468]
542 5068 728 5124 Ταῦτα
750 5069 948 5134 πάντα,
973 5071 1159 5140 φησὶν,
1186 5069 1328 5140 άπερ
1345 5087 1427 5123 σοι
1449 5070 1542 5124 νῦν
1563 5071 1869 5141 διαλέγεται

171 5158 324 5229 περὶ
348 5157 444 5209 τοῦ
475 5157 702 5228 Ἰσμαὴλ
725 5158 934 5228 καὶτῆς
955 5158 1157 5227 Ἅγαρ,
1188 5158 1502 5224 κατάδεξαι,
1517 5161 1611 5213 καὶ
1631 5161 1869 5214 ὑπάκου-

169 5264 283 5300 σον
304 5246 410 5315 τῆς
435 5246 620 5314 φωνῆς
646 5245 840 5314 αὐτῆς.
866 5245 956 5315 Μὴ
988 5244 1222 5317 θελήσῃς
1245 5245 1483 5316 λυπῆσαι
1499 5247 1598 5318 τὴν
1625 5249 1682 5300 ἐν
1705 5249 1869 5301 παντὶ

165 5335 263 5404 τῷ
299 5332 488 5404 χρόνῳ
519 5331 790 5402 τοσαύτην
815 5331 946 5403 περὶ
977 5332 1036 5384 σὲ
1064 5331 1162 5400 τὴν
1189 5333 1570 5405 φιλοστοργίαν
1598 5335 1870 5402 ἐπιδειξα-

169 5424 388 5496 μένην,
420 5420 517 5491 τὴν
547 5420 608 5473 οὐ
646 5420 808 5492 μόνον
840 5419 1009 5484 ἅπαξ,
1043 5419 1178 5473 ἀλλά
1213 5422 1307 5472 καὶ
1347 5421 1618 5493 δεύτερον,
1647 5425 1734 5477 ἵνα
1772 5425 1867 5478 τοῦ

163 5509 428 5564 Θανάτου
457 5524 517 5560 σε
544 5506 854 5580 ἐξαρπάσῃ,
881 5507 1081 5577 ἐαυτὴν
1099 5505 1456 5561 ἐκδεδωκυῖαν
1479 5509 1620 5581 ὑπὲρ
1640 5511 1740 5582 τῆς
1770 5513 1868 5583 σῆς

161 5598 492 5668 σωτηρίας,
531 5599 626 5650 καὶ
672 5595 926 5649 ὑπόθεσίν
964 5612 1048 5648 σοι
1078 5595 1378 5665 γενομένην
1410 5597 1674 5667 τοσαύτης
1708 5617 1864 5669 περι-

162 5689 421 5760 φανείας
445 5703 458 5717 ·
493 5688 588 5740 καὶ¹
618 5685 884 5756 πρότερον
927 5686 1024 5756 μὲν
1055 5685 1193 5753 μετά
1216 5683 1468 5738 τοσούτου
1502 5684 1730 5740 πλούτου
1760 5689 1868 5742 ἀπὸ

161 5775 288 5843 τῆς
326 5769 602 5837 Αἰγύπτου
640 5768 958 5822 ἐπανελθεῖν
1004 5771 1370 5838 πεποιηκυῖαν
1393 5785 1404 5798 ·
1445 5767 1583 5837 μετὰ
1606 5769 1777 5824 ταῦτα
1807 5772 1865 5825 δὲ

239 5865 274 5890 ⁸
311 5860 421 5926 Sav.
450 5868 506 5908 et
523 5868 720 5926 septgm
733 5873 847 5906 mss.
871 5859 1293 5926 ἀναστρεφόμενον
1310 5861 1430 5908 ἀλλὰ.
1456 5861 1663 5926 καθάπερ
1682 5863 1862 5926 πρώην,

163 5923 362 5974 ﬂore].
387 5920 813 5982 ἀναστρεφόμενον,
839 5921 1044 5982 καθάπερ
1067 5920 1146 5968 οὑν
1164 5923 1342 5981 πρώην.

239 5986 284 6026 b
309 5987 431 6048 Lit-ag
454 5980 611 6034 (luiSlI
632 5991 784 6031 recte.
814 5980 1058 6030 Edebalur
1081 5983 1219 6030 εἴποι.
1244 5982 1376 6033 Ευιῐ.

3539 299 3642 354 HI

1983 417 2250 489 τοσαύτης
2276 416 2441 486 τιμῆς
2478 413 2785 484 ποιήσασαν
2813 410 3112 482 ἀξιωθῆναί
3145 429 3207 465 σε
3235 411 3340 467 61:6
3366 412 3461 468 τοῦ
3499 415 3649 469 Ἀδι-

1984 502 2172 574 μέλεχ.
2196 501 2288 573 Μὴ
2316 500 2498 556 τοίνυν
2512 499 2724 570 ἀνάσχῃ
2757 497 2976 552 ἐναντία
3003 500 3117 562 τοῖς
3148 502 3280 570 παρ’
3310 499 3479 571 αὐτῆς
3499 500 3652 571 λεγο-

1985 599 2168 661 μένοις
2203 586 2630 659 βουλεύσασθαι·
2669 586 2762 639 καὶ
2802 585 2912 656 γὰρ
2959 584 3080 638 οὐδὲ
3113 585 3289 650 ἄλλως
3333 586 3507 641 ἔσται.
3561 588 3650 641 Ἐν

1983 676 2092 746 γὰρ
2121 674 2199 746 τῷ
2250 674 2435 729 ’Ῑσαάκ
2466 674 2544 746 τῷ
2573 674 2702 746 παρ’
2735 673 2908 744 αὐτῆς
2934 673 3179 745 τεχθέντι
3211 673 3274 727 τὸ
3307 675 3534 746 σπέρμα
3569 692 3653 729 σοι

1983 765 2340 837 κληθήσεται,
2382 764 2477 817 καὶ
2505 759 2658 826 οὗτος
2698 761 2852 815 ἐσται
2894 779 2990 814 σου
3019 761 3376 832 κληρονόμος.
3405 763 3513 816 Καὶ
3545 763 3654 816 τὸν

1983 853 2118 907 υἱὸν
2163 852 2232 906 δὲ
2275 853 2492 906 τοῦτον
2533 850 2644 919 τῆς
2697 848 3026 916 παιδίσκης
3074 846 3410 916 αὐξηθῆναι
3464 863 3654 918 παρα-

1982 940 2290 1007 σκευάσω,
2318 939 2419 993 καὶ
2448 941 2535 1005 εὶς
2561 939 2737 1004 ἕϐνος
2758 937 2914 1007 μέγα
2945 937 3180 1006 ποιήσω
3209 936 3414 1001 αὐτὸν,
3442 937 3652 1006 ἐπειδὴ

1983 1028 2223 1096 σπέρμα
2242 1026 2358 1081 σόν
2382 1026 2534 1102 ἐστι.
2553 1026 2706 1080 Ποίει
2721 1021 2814 1080 οὖν
2835 1024 2904 1078 τὰ
2925 1025 3054 1096 παρ’
3077 1025 3249 1095 αὐτῆς
3263 1035 3344 1078 σοι
3358 1025 3650 1096 λεγόμενα,

1983 1116 2076 1170 καὶ
2106 1117 2414 1170 ὑπάκουσον
2442 1117 2541 1186 τῆς
2571 1113 2758 1185 φωνῆς
2787 1114 2978 1184 αὐτῆς.
3015 1112 3298 1185 Ἐννόησόν
3326 1130 3415 1184 μοι
3443 1112 3650 1178 λοιπὸν,

1980 1207 2081 1276 ὅση
2107 1205 2301 1278 ἀθρόον
2328 1207 2362 1276 ἡ
2394 1207 2582 1278 εἰρήνη
2601 1206 2695 1259 καὶ
2719 1206 2753 1276 ή
2775 1204 2996 1275 ὁμόνοια
3017 1205 3098 1268 είς
3115 1203 3175 1256 τὸ
3199 1203 3530 1258 συνοικέσιον
3556 1205 3656 1260 αὑ-

1979 1295 2090 1348 τῶν
2113 1294 2476 1360 ἐπολιτεύετο,
2493 1295 2590 1365 τῆς
2606 1293 2700 1348 τοῦ
2727 1293 2862 1347 Θεοῦ
2886 1293 3225 1364 ἀγαθότητος
3250 1292 3341 1347 τὸν
3360 1291 3653 1364 σύνδεσμον

1981 1384 2162 1438 αὐτῶν
2226 1381 2656 1454 συσφιγγούσης.
2703 1379 2946 1449 Ἀνέστη
2994 1380 3124 1451 γὰρ,
3165 1379 3322 1450 φησὶ,
3351 1376 3432 1444 τῷ
3481 1379 3650 1447 πρωῒ,

1979 1471 2079 1525 καὶ
2128 1471 2347 1526 ἐλαϐεν
2382 1471 2602 1539 ἄρτους
2646 1470 2746 1523 καὶ
2778 1468 2973 1524 ἀσκὸν
3005 1468 3245 1534 ὕδατος,
3299 1467 3399 1521 καὶ
3432 1466 3656 1521 ἔδωκεν

1982 1559 2184 1630 Ἅγαρ,
2209 1558 2307 1612 καὶ
2331 1558 2623 1626 ἐπέθηκεν
2643 1557 2741 1610 ἐπὶ
2758 1555 2876 1610 τῶν
2903 1556 3074 1626 ὤμων
3088 1554 3279 1624 αὐτῆς
3303 1554 3404 1608 καί
3434 1555 3500 1608 τὸ
3521 1571 3656 1609 παι-

1979 1646 2134 1711 δίον,
2170 1645 2269 1699 καὶ
2306 1646 2670 1700 ἀπέστειλεν
2711 1643 2924 1711 αὐτήν.
2964 1644 3106 1716 ’Ὀρα
3145 1661 3236 1714 μοι
3267 1641 3430 1696 πάλιν
3459 1642 3553 1696 τοῦ
3578 1643 3656 1695 δι·-

1981 1733 2141 1788 καίου
2171 1733 2270 1804 τὴν
2311 1731 2513 1803 πολλὴν
2542 1731 2987 1803 εὐγνωμοσύνην,
3021 1732 3117 1785 καὶ
3144 1732 3291 1794 ὅπως
3311 1731 3398 1784 διὰ
3436 1732 3654 1786 πάντων

1977 1822 2071 1876 τὸν
2105 1821 2351 1891 φιλόθεον
2396 1820 2563 1875 αὐτοῦ
2617 1819 2818 1874 σκοπὸν
2859 1819 3153 1874 δείκνυσιν.
3205 1817 3337 1872 Ὅτε
3391 1819 3489 1890 μὲν
3545 1819 3653 1890 γὰρ

1981 1911 2182 1982 ἤκουσε
2205 1909 2308 1979 τῆς
2334 1907 2553 1982 Σάρρας
2581 1907 2868 1978 λεγούσης,
2896 1909 3158 1961 Ἔκϐαλε
3181 1905 3296 1974 τὴν
3321 1907 3654 1974 παιδίσκην

1980 1996 2080 2050 καὶ
2120 1996 2228 2050 τὸν
2258 1997 2397 2050 υἱὸν
2424 1995 2637 2062 αὐτῆς,
2670 1993 2906 2064 πονηρὸν
2941 1992 3089 2064 αὐτῷ
3124 1994 3317 2064 ἐφάνη,
3352 1992 3539 2064 ἐπειδὴ
3573 2012 3655 2063 φιο

1977 2082 2289 2155 λοστόργως
2322 2083 2460 2156 πρὸς
2491 2083 2583 2136 τὸν
2628 2081 2856 2152 Ἰσμαὴλ
2890 2081 3121 2135 διέκειτο
3143 2098 3157 2112 ’
3193 2082 3379 2154 ἐπειδὴ
3411 2083 3468 2135 δὲ
3495 2085 3523 2135 6
3561 2086 3654 2134 Δε-

1981 2172 2188 2240 σπότης
2220 2170 2529 2234 ἐκέλευσεν,
2562 2167 2766 2232 εὐθέως
2802 2168 2975 2221 ἐποίει
3009 2168 3070 2221 τὸ
3101 2169 3415 2242 ἐπιταχθὲν,
3439 2171 3532 2223 καὶ
3555 2172 3654 2224 ἐπ-

1978 2259 2300 2315 ελανθάνετο
2321 2258 2421 2329 τῆς
2442 2257 2682 2328 φυσικῆς
2711 2256 3289 2329 φιλοστοργίας.”οταν
3313 2258 3442 2332 γὰρ,
3465 2258 3652 2329 φησὶν,

1979 2346 2144 2410 αὐτὸς
2177 2347 2463 2418 ἐπιτάττῃ,
2497 2345 2806 2415 σχολαζέτω
2835 2345 3015 2398 πάντα
3045 2345 3116 2398 τά
3144 2346 3318 2416 πάθη·
3354 2347 3382 2398 ὀ
3415 2345 3521 2418 γάρ
3556 2347 3653 2416 τῆς

1979 2433 2195 2503 φύσεώς
2225 2434 2343 2486 ἐστι
2387 2433 2665 2503 Δεσπότης
2694 2434 2722 2485 6
2760 2432 3016 2486 κελεύων.
3051 2432 3332 2486 Λαϐοὗσα
3377 2434 3586 2487 τοίνυν
3611 2435 3652 2502 ἠ

1977 2521 2288 2590 παιδίσκη,
2320 2520 2476 2592 φησὶ,
2504 2520 2647 2586 τοὺς
2669 2519 2886 2588 ἄρτους
2913 2519 3011 2572 καί
3031 2520 3139 2574 τὸν
3167 2520 3366 2574 ἀσκὸν
3386 2519 3492 2574 τοῦ
3510 2520 3655 2574 ὕδα-

1976 2629 2100 2678 τος,
2131 2611 2296 2680 ἐξῄει
2318 2611 2469 2680 μετὰ
2493 2609 2601 2665 τοῦ
2629 2609 2891 2664 παιδίου.
2940 2609 3078 2663 Ἀλλ’
3109 2610 3210 2681 ὅρα
3238 2627 3327 2680 μοι
3360 2609 3542 2675 πάλιν,
3566 2612 3654 2666 διὰ

1977 2699 2076 2770 τὴν
2104 2699 2240 2770 πρὸς
2262 2698 2352 2752 τὸν
2373 2697 2581 2752 δίκαιον
2614 2696 2828 2752 εὔνοιαν
2859 2696 2977 2761 πῶς
3002 2697 3097 2751 καὶ
3123 2697 3259 2768 αὑτὴ
3283 2697 3526 2761 ἀξιοῦται
3551 2701 3654 2769 τῆς

1979 2787 2311 2858 κηδεμονίας
2347 2786 2448 2858 τῆς
2495 2785 2725 2841 ἄνωθεν.
2773 2785 3113 2840 Ἀπελθοῦσα
3157 2786 3337 2839 τοίνυν
3385 2785 3656 2840 ἐπλανᾶτο

1978 2874 2123 2930 κατά
2149 2875 2248 2945 τὴν
2288 2873 2516 2946 ἔρημον,
2553 2874 2648 2928 καὶ
2679 2872 2775 2926 τοῦ
2799 2873 2994 2937 ὓδατος
3019 2873 3406 2938 ἀναλωθέντος,
3441 2875 3534 2927 καὶ
3559 2875 3653 2926 οὐ-

1977 2963 2170 3035 δεμίαν
2209 2961 2509 3031 οὐδαμόθεν
2558 2961 2892 3032 εὐρίσκουσα
2949 2961 3336 3033 παραμυθίαν,
3381 2964 3652 3031 Ἔρριψε,

1979 3059 2135 3129 φησὶ,
2155 3056 2222 3110 τὸ
2251 3056 2492 3110 παιδίον
2510 3053 2790 3110 ὑποκάτω
2807 3051 2950 3123 μιᾶς
2974 3053 3197 3121 ἐλάτης
3212 3070 3226 3084 ο
3249 3053 3341 3107 καὶ
3364 3053 3652 3107 διακοπτο-

1982 3146 2120 3217 μένη
2153 3144 2222 3197 τά
2248 3143 2550 3212 σπλάγχνα,
2586 3142 2682 3195 καὶ
2704 3141 2810 3194 ὑπὸ
2837 3142 2935 3212 τῆς
2971 3139 3164 3212 ὀδύνης
3199 3140 3528 3213 συνεχομένη
3559 3141 3656 3195 καὶ

1977 3234 2077 3303 τῆς
2113 3233 2249 3303 πρὸς
2280 3232 2342 3284 τὸ
2383 3231 2601 3284 παιδίον
2647 3231 3052 3301 φιλοστοργίας,
3113 3231 3418 3298 Ἐκάθητο,
3465 3233 3651 3302 φησὶν,

1977 3320 2268 3374 ἀπέναντι
2314 3317 2522 3382 αὑτοῦ,
2563 3317 2708 3370 ὡσεὶ
2740 3315 2924 3381 τόξου
2949 3316 3172 3385 βολήν.
3228 3314 3378 3371 Εἶπε
3408 3317 3539 3387 γάρ·
3568 3320 3654 3372 Οὐ

1974 3409 2060 3479 μὴ
2097 3407 2200 3460 ἴδω
2229 3407 2336 3460 τὸν
2367 3406 2627 3460 θάνατον
2651 3404 2756 3458 τοῦ
2787 3404 3027 3457 παιδίου
3053 3421 3192 3474 μου.
3233 3405 3341 3458 Καὶ
3369 3404 3655 3460 ἐκάθισεν

1977 3496 2267 3550 ἀπέναντι
2299 3493 2560 3547 παιδίου.
2578 3492 2689 3546 Καὶ
2717 3489 3072 3558 ἀναϐοῆσαν
3089 3491 3154 3545 τὸ
3174 3491 3414 3545 παιδίον
3429 3493 3653 3547 ἔκλαυ-

1979 3600 2111 3637 σεν.
2166 3581 2303 3634 Ἀλλ’
2338 3583 2366 3634 6
2398 3580 2647 3650 ἐλεήμων
2680 3579 2774 3632 καὶ
2811 3577 3194 3650 φιλάνθρωπος
3223 3579 3376 3643 Θεὸς,
3411 3580 3506 3632 καὶ
3546 3598 3654 3634 πα-

1978 3667 2106 3737 τρὸς
2145 3665 2240 3718 καὶ¹
2277 3664 2484 3736 μητρὸς
2513 3662 2895 3733 φιλοστοργίαν
2915 3661 2995 3724 εἰς
3023 3660 3121 3732 τὴν
3154 3662 3282 3733 περὶ
3314 3661 3461 3733 ἡμᾶς
3492 3663 3652 3733 κηδε-

1984 3748 2172 3818 μονίαν
2214 3745 2678 3816 ὑπερακοντίζων,
2730 3745 3073 3810 Είσήκουσε
3120 3743 3231 3812 τῆς
3283 3744 3492 3814 φωνῆς
3545 3746 3656 3800 τοῦ

1979 3830 2219 3884 παιδίου
2239 3831 2307 3882 ἐκ
2336 3827 2441 3883 τοῦ
2465 3829 2652 3881 τόπου
2670 3823 2742 3882 οὗ
2759 3823 2838 3897 ἦν
2855 3843 2868 3857 ο
2887 3827 3120 3897 ᾤκτειρε
3136 3826 3196 3879 τὸ
3209 3827 3436 3888 παιδίον,
3452 3828 3653 3900 ἠλέησε

1979 3913 2076 3983 τὴν
2107 3911 2394 3982 συμφορὰν
2417 3911 2514 3981 τῆς
2553 3910 2736 3979 ’Ἅγαρ
2758 3926 2772 3938 ·
2809 3908 3185 3983 συνεχώρησεν
3209 3909 3462 3981 αἴσθησιν
3482 3911 3654 3982 αὐτὴν

1978 3982 2163 4050 λαϐεῖν
2200 3996 2299 4064 τῆς
2337 3994 2594 4065 ἐρημίας,
2629 3993 2722 4045 καὶ
2754 3991 2956 4055 εὐθέως
2988 3982 3091 4062 τὴν
3118 3994 3248 4063 παρ’
3281 3993 3475 4047 ἐαυτοῦ
3503 3993 3653 4046 ἀντί-

1977 4078 2138 4148 ληψιν
2165 4078 2473 4148 ἐχαρίσατο.
2505 4074 2660 4147 [469]~
2697 4073 2807 4127 Καὶ
2834 4074 3121 4140 ἐκάλεσε,
3157 4075 3345 4146 φησὶν,
3395 4075 3653 4146 ἅγγελος

1981 4162 2084 4215 τοῦ
2105 4161 2253 4215 Θεοῦ
2276 4159 2391 4228 τὴν
2410 4159 2585 4226 ’Ἅγαρ
2607 4159 2674 4211 ἐκ
2697 4157 2804 4211 τοῦ
2836 4158 3117 4226 οίιρανοῦ,
3145 4159 3242 4212 καὶ
3269 4154 3439 4212 εἶπεν
3461 4160 3616 4228 αὐτῇ
3635 4179 3651 4194 ·

1984 4247 2046 4300 Τί
2062 4246 2254 4307 ἐστιν,
2281 4243 2458 4311 Ἅγαρ
2471 4257 2490 4305 ;
2515 4242 2611 4308 Μὴ
2634 4243 2823 4310 φοϐοῦ
2843 4260 2855 4273 ·
2881 4242 3186 4308 ἐπακήκοε
3201 4244 3312 4312 γὰρ
3330 4247 3363 4297 ό
3381 4245 3524 4310 Θεὸς
3539 4243 3652 4313 τῆς

1977 4327 2182 4396 φωνῆς
2204 4327 2310 4379 τοῦ
2332 4325 2570 4378 παιδίου
2587 4341 2704 4377 σου
2731 4324 2799 4377 ἐκ
2823 4323 2930 4378 τοῦ
2949 4325 3136 4379 τόπου
3159 4321 3231 4381 οὗ
3255 4327 3446 4380 ἐστιν.
3492 4327 3652 4381 Ἀνά-

1978 4412 2176 4476 στηθι,
2225 4407 2371 4462 λάϐε
2402 4407 2466 4460 τό
2503 4405 2766 4470 παιδίον,
2811 4407 2908 4460 καί
2944 4408 3254 4475 κράτησον
3295 4409 3405 4477 τῆς
3452 4409 3652 4479 χειρός

1977 4487 2165 4542 αὐτοῦ
2189 4504 2204 4518 ·
2244 4489 2332 4551 είς
2361 4487 2472 4556 γὰρ
2508 4487 2683 4551 ἔθνος
2707 4485 2862 4554 μέγα
2896 4486 3128 4551 ποιήσω
3156 4489 3323 4542 αὑτό.
3362 4491 3426 4541 Ὢ
3469 4488 3653 4558 φιλαν-

1981 4571 2228 4644 θρωπίας
2263 4569 2564 4623 Δεσπότουί
2591 4570 2704 4621 Οὐκ
2730 4568 2921 4640 ἐπειδὴ
2949 4570 3205 4641 παιδίσκη
3238 4566 3328 4642 ἦν,
3366 4571 3651 4642 ὑπερεῖδεν

1979 4654 2168 4725 αὐτὴν,
2198 4653 2319 4706 ἀλλ’
2354 4652 2540 4723 ἐπειδὴ
2576 4651 2904 4719 ἐπαγγελίαν
2939 4653 3233 4722 ἐποιήσατο
3267 4654 3403 4724 πρὸς
3429 4655 3521 4708 τὸν
3543 4674 3650 4710 πα-

1977 4737 2276 4808 τριάρχην,
2301 4735 2394 4788 καὶ
2439 4734 2627 4804 ἐπειδὴ
2657 4733 2866 4785 ἐκείνου
2904 4733 2965 4787 τὸ
2996 4735 3218 4806 σπέρμα
3251 4736 3534 4807 ἐτύγχανε,
3561 4757 3650 4793 το-

1980 4819 2183 4889 σαύτης
2215 4817 2471 4888 προνοίας
2510 4816 2604 4868 καὶ
2631 4814 2800 4885 αὐτὴν
2832 4815 2990 4881 ἀξιοῖ,
3027 4817 3120 4870 καί
3158 4835 3323 4888 φησιο
3367 4818 3431 4872 Τί
3453 4821 3646 4885 ἐστιν,

1979 4903 2182 4972 ’Ἀγαρ;
2217 4899 2315 4967 Μὴ
2349 4898 2556 4968 φοϐοῦ·
2588 4897 2896 4965 ἐπήκουσε
2924 4899 3032 4968 γὰρ
3062 4902 3096 4953 ὀ
3139 4902 3282 4967 Θεὸς
3309 4901 3421 4971 τῆς
3441 4903 3652 4972 φωνῆς

1973 4986 2080 5039 τοῦ
2101 4985 2362 5038 παιδίου.
2381 4981 2692 5050 Ἀνάστηθι
2723 4981 2820 5035 καί
2845 4980 2992 5035 λάϐε
3015 4982 3183 5049 αὐτὸ,
3202 4983 3302 5037 καὶ
3343 4983 3650 5053 κράτησαν

1975 5065 2084 5133 τῆς
2119 5062 2316 5133 χειρὸς
2355 5060 2543 5114 αὑτοῦ
2559 5075 2570 5087 ·
2594 5062 2678 5126 εὶς
2702 5060 2812 5131 γὰρ
2835 5060 3009 5127 ἔθνος
3025 5061 3179 5131 μέγα
3214 5062 3446 5129 ποιήσω
3473 5066 3644 5120 αὑτό.

1975 5145 2065 5215 Μὴ
2093 5143 2314 5214 ἀθύμει,
2348 5141 2501 5212 φησὶ,
2525 5138 2694 5194 διὰτὸ
2727 5139 3056 5210 ἐκϐληθῆναί
3077 5158 3136 5192 σε
3169 5141 3266 5210 τῆς
3298 5141 3648 5205 οἰκίας.Τοσ.

1977 5225 2147 5296 αὑτης
2178 5224 2286 5295 γὰρ
2317 5221 2687 5276 ἀπολαύσεται
2710 5221 2807 5291 τῆς
2837 5222 2967 5293 παρ’
2987 5219 3121 5292 ἐμοῦ
3153 5220 3427 5290 προνοίας,
3449 5221 3524 5284 ὡς
3549 5223 3648 5277 καὶ

1973 5309 2054 5370 είς
2083 5305 2237 5367 ἐθνος
2266 5304 2414 5374 μέγα
2441 5303 2694 5371 γενέσθαι
2727 5304 2823 5354 καὶ
2853 5302 3004 5354 αὐτό.
3053 5301 3164 5354 Καὶ
3194 5300 3432 5367 ἤνοιξε,
3478 5299 3650 5369 φησὶ,

1974 5389 2119 5456 τοὺς
2155 5387 2505 5457 ὀφθαλμοὺς
2537 5384 2762 5454 αὐτῆς·
2798 5386 2899 5439 οὐκ
2946 5383 3138 5448 ἐπειδὴ
3178 5382 3286 5453 πρὸ
3319 5382 3513 5436 τούτου
3549 5383 3652 5454 οὐχ

1975 5475 2143 5546 ἐώρα,
2162 5471 2276 5526 ἀλλ’
2296 5471 2484 5542 ἐπειδὴ
2509 5472 2602 5522 καὶ
2626 5469 2734 5521 τῶν
2775 5467 3073 5538 ὀφθαλμῶν
3102 5468 3468 5538 ἀνεῳγμένων
3491 5468 3648 5521 οὐδὲν

1975 5561 2114 5628 αὐτῇ
2128 5557 2340 5626 ὄφελος,
2360 5555 2580 5622 ἐγένετο
2598 5554 2703 5622 πρὸ
2720 5551 3045 5621 τῆς-ἄνωθεν
3064 5551 3397 5622 ἐπισκοπῆς.
3414 5551 3514 5604 Διά
3529 5549 3650 5604 τοῦθ
3675 5622 3684 5629 ⁹

1972 5657 2053 5706 το,
2071 5639 2159 5692 ὅτε
2183 5636 2451 5707 ἐϐουλήθη
2477 5636 2576 5703 τὴν
2611 5633 2740 5700 παρ’
2772 5632 2970 5687 ἐαυτοῦ
3002 5634 3338 5703 κηδεμονίαν
3369 5633 3648 5699 ἐπιδείξα-

1975 5722 2121 5784 σθαι,
2147 5737 2219 5791 φη
2229 5721 2333 5784 σὶν,
2350 5718 2591 5782 Ἁνέῳξε
2607 5716 2749 5781 τοὺς
2767 5717 3118 5786 ὀφθαλμοὺς
3136 5716 3329 5785 αὐτῆς
3349 5737 3362 5748 ·
3382 5717 3507 5770 ἀντὶ
3525 5715 3648 5780 τοῦ,

1985 5807 1998 5824 '
2013 5804 2300 5868 Υπέδειξεν
2318 5805 2454 5874 αὐτῇ
2473 5802 2668 5871 ἀγνοού
2679 5818 2765 5874 σῃ,
2785 5801 2884 5873 τὴν
2901 5801 3143 5857 διάνοιαν
3163 5802 3337 5871 αὐτῆς
3354 5801 3648 5870 διέγειρεν,

1973 5887 2256 5958 ὡδήγησεν
2281 5885 2473 5957 αὐτὴν,
2510 5885 2651 5940 ὥστε
2691 5887 2824 5940 ἰδεῖν
2857 5885 2951 5939 τὸν
2974 5887 3141 5940 τόπον
3161 5885 3252 5939 τὸν
3277 5883 3651 5947 ἀναδλύζοντα

1972 5972 2067 6026 τοῦ
2106 5973 2296 6038 ὓδατος
2319 5974 2410 6038 τὰς
2437 5973 2639 6044 πηγάς.
2669 5972 2778 6029 Καὶ
2817 5969 2940 6028 εἶδε
2961 6012 2975 6037 ,
3011 5989 3084 6043 φη
3098 5971 3146 6023 τὶ
3170 6012 3182 6036 ,
3214 5969 3402 6039 φρέαρ
3433 5967 3656 6029 Mater;
