4078 6460
301 337 406 396 425

303 467 486 516 utrem,
525 462 574 508 et
603 453 795 524 potavit
819 468 1050 524 puerum.
1082 452 1140 507 ln
1185 452 1343 508 inviis
1370 454 1507 508 viam
1556 450 1813 523 przebuit,
1844 455 1900 503 et

304 546 576 616 perplexa:
603 546 770 599 menti
793 542 1095 615 nullamque
1117 545 1302 599 salutis
1319 559 1468 614 spem
1493 543 1726 607 habenti,
1747 556 1896 597 suam
1934 582 1964 608 ι,

303 636 688 690 liberalitatem
717 634 979 698 exhibuit,
1011 634 1174 689 simul
1194 649 1312 689 eam
1337 634 1641 695 consolans,
1665 641 1718 688 ct
1751 631 1900 702 pueri

301 742 490 782 curam
517 739 702 794 agens.
728 726 826 785 Sic
854 725 1300 795 quandocumque
1323 725 1552 779 voluerit
1573 725 1710 779 Deus
1731 764 1745 789 ,
1779 723 1902 777 licet

303 820 357 872 iu
391 816 682 872 solitudine
707 816 898 882 simus,
931 825 986 871 et
1006 816 1058 870 in
1086 817 1340 871 extremis
1360 814 1753 881 afﬂictionibus,
1779 814 1900 868 nul-

303 912 525 981 iamque
554 925 705 980 spem
752 911 940 966 salutis
964 910 1279 977 habeamus,
1321 909 1468 964 nullo
1508 909 1612 963 alio
1643 923 1774 977 Opus
1803 908 1900 961 ha-

305 1003 575 1066 bebimus,
621 1002 803 1056 divino
845 1001 1044 1056 auxilio
1087 1001 1240 1055 nobis
1275 1003 1454 1054 omnia
1500 999 1896 1069 suppeditante.

303 1092 440 1148 Nam
459 1093 505 1147 si
528 1092 643 1161 ejus
662 1092 1084 1146 benevolentiam
1107 1091 1263 1146 nobis
1277 1091 1758 1157 conciliaverimus,
1786 1091 1903 1144 nul-

305 1187 392 1240 lus
439 1187 594 1240 nobis
639 1185 971 1255 prmvalebit,
1018 1185 1112 1239 sed
1163 1199 1260 1239 nos
1307 1185 1611 1254 superiores
1654 1185 1903 1237 omnibus

305 1279 529 1332 erimus.
561 1277 651 1332 9.0.
687 1277 753 1330 Et
774 1287 882 1331 erat
910 1275 1052 1330 Deus
1077 1293 1189 1329 cum
1217 1292 1402 1346 puero,
1434 1277 1628 1346 inquit,
1658 1285 1705 1330 et
1728 1280 1900 1343 crevit,

305 1380 354 1424 et
381 1371 624 1424 habitavit
663 1371 716 1423 in
745 1371 1035 1424 solitudine.
1069 1369 1158 1425 Sic
1195 1369 1409 1439 quando
1451 1370 1680 1422 amicum
1722 1378 1776 1424 et
1806 1370 1902 1424 be-

306 1466 560 1520 nevolum
586 1464 844 1519 habemus
865 1463 1056 1530 Deum,
1080 1463 1288 1518 etiamsi
1311 1463 1361 1516 in
1387 1463 1603 1517 deserto
1623 1461 1900 1530 fuerimus,

305 1557 480 1610 multo
511 1555 812 1610 securiores
836 1555 1094 1620 vivemus,
1125 1569 1286 1622 quam
1322 1553 1358 1607 ii
1383 1553 1471 1623 qui
1517 1553 1570 1607 in
1602 1553 1902 1607 civitatibus

308 1656 614 1702 versantur.
646 1646 874 1700 Maxima
920 1645 1060 1699 enim
1092 1645 1350 1699 securitas
1387 1654 1438 1698 et
1480 1643 1902 1713 inexpugnabilis

307 1758 499 1800 murus
527 1751 607 1796 est
633 1742 889 1795 auxilium
920 1740 1180 1796 divinum.
1213 1740 1280 1793 Et
1310 1747 1370 1793 ut
1405 1737 1602 1804 discas,
1631 1737 1902 1809 quomodo

306 1837 400 1906 qui
427 1835 480 1888 in
508 1832 888 1888 solitudinibus
913 1832 1043 1902 agit,
1071 1833 1310 1887 securior
1337 1831 1426 1896 sit,
1457 1837 1512 1885 et
1542 1831 1808 1900 potentior
1838 1830 1902 1884 iis

306 1927 400 1997 qui
431 1927 484 1979 in
516 1923 708 1978 mediis
731 1923 1034 1979 civitatibus
1063 1931 1365 1987 versantur,
1394 1922 1594 1992 ingenti
1625 1921 1902 1975 hominum

307 2015 564 2087 prmsidio
597 2013 740 2079 freti,
771 2014 1047 2068 videamus
1087 2013 1356 2083 quomodo
1383 2012 1549 2067 David
1584 2012 1650 2066 de
1687 2013 1805 2066 loco
1847 2011 1901 2066 in

310 2109 489 2164 locum
523 2107 804 2172 transiens,
837 2114 895 2162 et
919 2107 1070 2177 quasi
1096 2107 1356 2162 erraticus
1384 2122 1602 2177 vagans,
1633 2123 1789 2160 manu
1815 2121 1905 2161 su-

310 2216 478 2272 perna
503 2200 738 2254 munitus
763 2198 956 2254 fuerit:
984 2199 1110 2254 Saiil
1132 2207 1310 2254 autem
1333 2215 1454 2254 cum
1477 2209 1620 2254 esset
1646 2200 1697 2255 in
1717 2200 1904 2255 mediis

309 2292 638 2356 civitatibus,
671 2300 724 2345 et
752 2301 955 2345 tantum
993 2305 1176 2346 secum
1205 2291 1426 2346 duceret
1455 2292 1746 2348 exercitum
1770 2331 1786 2358 ,
1816 2306 1906 2346 sa-

311 2385 512 2440 tellites
542 2383 749 2438 habens
776 2394 831 2438 ct
858 2385 1178 2454 armigeros,
1210 2384 1447 2455 quotidie
1469 2384 1686 2440 timebat
1714 2395 1767 2440 et
1797 2393 1902 2441 tre-

310 2475 497 2530 mebat
549 2476 888 2530 inimicorum
939 2476 1158 2531 insidias
1209 2476 1286 2548 (l.
1352 2477 1480 2548 Reg.
1537 2479 1650 2550 l7).
1701 2479 1768 2533 Et
1818 2478 1909 2534 ille

311 2567 554 2637 quidem,
594 2566 684 2637 qui
714 2567 862 2622 solus
887 2576 1023 2632 erat,
1053 2568 1365 2638 nullumque
1393 2569 1553 2623 alium
1585 2585 1766 2624 secum
1810 2570 1908 2622 ha-

312 2660 496 2727 bebat,
531 2675 636 2714 non
665 2659 928 2730 indigebat
955 2660 1189 2715 humano
1220 2661 1468 2731 priesidio
1492 2679 1505 2715 :
1537 2663 1622 2717 hic
1645 2679 1772 2718 vero
1797 2664 1912 2719 dia-

314 2751 533 2806 dentale
553 2751 853 2816 redimitus,
873 2761 926 2806 et
942 2767 1178 2823 purpura
1200 2754 1435 2821 indutus,
1456 2754 1597 2810 illius
1614 2756 1812 2811 auxilio
1829 2757 1911 2811 in-

313 2844 551 2914 digebat,
573 2852 628 2899 et
647 2845 762 2915 regi
786 2860 920 2914 Opus
941 2858 1058 2900 erat
1074 2849 1303 2916 pastoris
1324 2863 1506 2918 opera,
1531 2858 1585 2905 ct
1609 2850 1908 2908 diademate

315 2935 571 2990 rcdimito
597 2937 790 3005 privati
815 2937 914 2990 viri
955 2936 1324 3005 adjumentum
1367 2943 1724 2996 necessarium
1773 2953 1904 2998 erat.

389 3029 444 3083 5.
480 3026 631 3082 Nihil
651 3031 903 3097 potentius
931 3046 988 3085 eo
1013 3032 1098 3101 qui
1125 3029 1219 3084 Dei
1245 3032 1439 3087 auxilio
1469 3036 1693 3090 munitus
1723 3046 1812 3090 est.
1840 3067 1912 3077 —

311 3117 422 3174 Sed
449 3120 494 3172 si
527 3119 684 3174 vultis
709 3159 724 3185 ,
766 3119 1041 3191 aliquanto
1086 3124 1334 3192 superius
1364 3126 1559 3180 seriem
1602 3127 1760 3199 hujus
1800 3145 1912 3184 ser-

314 3211 496 3264 monis
519 3219 784 3280 petamus,
817 3221 872 3265 ut
898 3212 1042 3266 omni
1070 3213 1170 3268 hac
1197 3213 1417 3269 historia
1445 3217 1496 3270 in
1520 3217 1751 3272 medium
1784 3235 1910 3289 pro-

314 3301 499 3366 ducta,
529 3301 799 3356 discamus
816 3303 944 3357 nihil
972 3304 1161 3359 fortius
1182 3322 1300 3361 esse
1325 3307 1438 3362 viro
1458 3309 1662 3364 munito
1683 3325 1912 3380 superna

313 3393 526 3464 gratia,
573 3401 628 3448 et
671 3393 806 3448 nihil
855 3395 1117 3452 infirmius
1162 3413 1227 3451 eo
1269 3400 1359 3469 qui
1411 3399 1511 3456 hac
1540 3403 1782 3471 privatus
1808 3413 1910 3472 est,

316 3485 532 3541 etiamsi
585 3487 883 3542 innumeris
930 3489 1292 3545 circumdetur
1337 3494 1682 3549 exercitibus.
1750 3495 1915 3566 lgitur

316 3579 487 3636 David
516 3579 604 3635 ille
629 3595 749 3634 cum
781 3579 954 3636 adhuc
977 3582 1290 3638 adolescens
1321 3585 1390 3639 ob
1415 3585 1756 3640 iuunaturam
1782 3597 1916 3642 aeta-

318 3680 431 3725 tem
455 3671 509 3724 in
533 3681 754 3740 paterna
779 3671 938 3726 domo
964 3682 1285 3735 versaretur,
1311 3678 1563 3744 quoniam
1587 3686 1793 3747 tempus
1815 3679 1915 3733 ali-

317 3763 540 3834 quando
576 3763 897 3831 exposccbat
931 3772 987 3818 ut
1017 3764 1214 3819 clarior
1252 3766 1366 3835 ejus
1393 3767 1546 3821 ﬁeret
1573 3768 1738 3823 virtus
1759 3809 1773 3833 ,
1816 3769 1915 3823 ad-

319 3858 560 3912 monitus
587 3871 617 3909 a
647 3865 794 3925 patre
824 3863 880 3910 ut
905 3855 1094 3911 fratres
1125 3873 1249 3912 suos
1271 3859 1549 3924 inviseret,
1582 3860 1920 3930 obtempera.-

319 3950 421 4015 vit,
451 3957 505 4002 et
535 3947 730 4001 missus
751 3956 833 4001 est
859 3947 926 4002 ad
951 3964 1063 4002 eos.
1097 3949 1262 4003 Porro
1289 3964 1412 4003 eum
1438 3951 1502 4004 ad
1533 3951 1656 4006 illos
1681 3951 1921 4007 venisset

320 4040 587 4095 invisendi
635 4040 834 4110 gratia,
877 4039 965 4096 ubi
997 4041 1128 4096 vidit
1171 4043 1483 4097 instructam
1525 4043 1697 4099 aciem
1723 4051 1908 4099 contra

321 4131 680 4201 alienigenam
711 4130 950 4196 Goliath,
996 4140 1049 4187 et
1075 4149 1288 4188 omnem
1330 4135 1582 4204 populum
1609 4135 1759 4203 juxta
1786 4136 1921 4192 Sail-

322 4223 433 4278 lcm
465 4221 750 4276 formidine
777 4222 1097 4290 perculsum,
1131 4239 1418 4294 regemque
1442 4227 1612 4295 ipsum
1638 4227 1689 4280 in
1713 4241 1922 4283 summo

324 4315 676 4369 constitutum
705 4314 941 4382 periculo
963 4356 976 4380 ,
1022 4321 1148 4368 tunc
1175 4325 1447 4384 spectator
1487 4317 1656 4372 voluit
1685 4334 1836 4383 esse,
1868 4328 1921 4374 et

325 4407 461 4459 abiit
489 4414 546 4457 ut
575 4405 780 4459 videret
811 4419 1002 4459 novum
1031 4413 1085 4459 et
1125 4422 1304 4461 rarum
1331 4409 1694 4477 spectaculum
1717 4452 1732 4476 ,
1781 4411 1921 4480 quod

327 4514 472 4555 unus
509 4499 671 4553 homo
718 4498 975 4553 adversus
1016 4507 1096 4553 tot
1129 4500 1292 4554 millia
1334 4515 1392 4554 se
1423 4502 1674 4570 erigeret.
1731 4503 1923 4558 Verum

330 4590 530 4646 fratres
554 4590 672 4659 ejus
713 4605 816 4644 non
848 4589 1080 4645 ferentes
1111 4601 1216 4644 tam
1248 4592 1387 4646 altos
1415 4592 1740 4649 fortitudinis
1769 4596 1924 4665 spiri-

328 4693 418 4737 tus
443 4723 456 4746 ,
487 4682 757 4750 provocati
789 4692 913 4736 sunt
951 4683 1002 4736 in
1033 4683 1284 4736 invidiam
1305 4726 1319 4750 ,
1361 4692 1417 4739 et
1440 4685 1623 4740 dicunt
1651 4687 1717 4740 ad
1752 4704 1873 4742 eum
1908 4705 1922 4743 :

331 4774 459 4828 Non
479 4773 583 4826 alia
600 4774 662 4826 de
675 4790 828 4828 causa
847 4775 1040 4840 veitisti,
1066 4792 1215 4844 quam
1232 4785 1284 4829 ut
1301 4776 1484 4830 bellum
1497 4779 1684 4834 videres
1699 4783 1746 4850 (l
1761 4823 1774 4836 .
1795 4780 1924 4853 Reg.

331 4869 424 4920 l7.
452 4865 589 4935 28)?
636 4865 750 4920 Non
779 4867 922 4920 enim
954 4867 1143 4920 venisti
1169 4868 1336 4921 nostri
1365 4884 1544 4934 causa,
1577 4881 1633 4924 ut
1663 4887 1760 4927 nos
1791 4874 1925 4928 invi-

330 4972 505 5012 seres.
555 4959 625 5011 At
653 4966 708 5010 tu
739 4957 860 5011 vide
890 4957 1045 5028 hujus
1087 4959 1419 5028 prudentiam
1458 4971 1512 5016 et
1560 4967 1928 5020 mansuetudi-

332 5065 480 5103 nem.
512 5049 652 5103 Nihil
685 5050 1059 5116 temerarium,
1093 5065 1265 5120 neque
1285 5067 1530 5123 asperum
1557 5056 1634 5109 eis
1661 5055 1925 5126 loquitur:

259 5155 262 5158 '
332 5139 435 5196 sed
463 5141 762 5209 reprimens
802 5155 987 5194 eorum
1029 5140 1331 5210 ﬂammam,
1366 5153 1419 5199 et
1442 5145 1752 5202 demulccus
1789 5147 1929 5202 invi-

327 5235 517 5298 diam,
570 5233 785 5302 inquit:
820 5231 1085 5304 Numquid
1126 5235 1327 5289 verbum
1376 5246 1448 5291 est
1494 5237 1655 5308 (Ibid.
1708 5255 1755 5294 v.
1797 5239 1930 5311 29)?

331 5324 633 5394 Numquid,
678 5327 871 5394 inquit,
918 5326 1127 5381 vidistis
1159 5344 1243 5383 me
1272 5344 1416 5384 arma
1448 5332 1725 5402 arripere?
1769 5351 1928 5390 mun-

331 5416 463 5486 quid
495 5415 703 5471 vidistis
733 5431 820 5471 me
847 5416 1082 5471 ordinari
1113 5433 1235 5473 cum
1262 5423 1472 5476 czeteris
1505 5424 1555 5476 in
1589 5425 1748 5478 acie?
1789 5424 1929 5478 Tan-

334 5519 452 5564 tum
482 5508 665 5563 videre
698 5508 882 5574 volui,
935 5518 992 5564 et
1038 5511 1369 5582 interrogare
1397 5514 1536 5570 unde
1566 5516 1690 5572 huic
1723 5525 1928 5575 tantum

333 5601 582 5655 insaniae.
635 5599 762 5668 Quis
797 5602 929 5654 enim
962 5611 1034 5656 est
1060 5603 1345 5675 alienigena
1379 5606 1501 5672 iste,
1547 5609 1634 5678 qui
1659 5611 1931 5680 exprobrat

334 5695 616 5748 exercitum
641 5692 739 5748 Dei
768 5694 972 5748 viventis
1003 5694 1162 5766 (Ibid.
1196 5711 1244 5750 υ.
1270 5697 1406 5768 26)?
1453 5699 1643 5756 Postea
1675 5720 1796 5758 eum
1836 5722 1932 5762 au-

333 5786 478 5843 diret
523 5785 672 5842 illius
719 5785 1076 5858 blasphemias
1101 5801 1154 5844 et
1193 5793 1586 5862 arrogantiam,
1627 5804 1681 5851 et
1722 5797 1928 5856 videret

1303 329 1371 394 ΙΝ
1405 335 1560 394 CAP.
1603 331 1744 390 XXI.
1774 325 2020 387 GENES.
2065 325 2294 384 HOMIL.
2337 326 2522 384 XLVI.

3483 342 3593 398 4'26

2007 443 2416 514 trepidationem
2456 462 2642 503 eorum
2679 448 2771 520 qui
2815 464 2936 507 cum
2966 452 3093 509 Saul
3135 466 3319 525 erant,
3371 459 3588 530 inquit:

2004 536 2141 605 Quid
2169 539 2272 592 erit
2301 540 2415 594 viro
2439 581 2452 606 ,
2500 542 2591 612 qui
2637 542 2780 598 illius
2818 557 2975 615 caput
3003 551 3337 605 exsecuerit?
3389 553 3453 606 Et
3481 569 3594 607 ma-

2004 644 2166 700 gnum
2193 631 2356 685 animi
2385 632 2549 687 robur
2591 633 2672 688 his
2709 635 2889 692 verbis
2925 639 3242 708 osteudqbat
3265 681 3281 708 ,
3327 658 3516 699 omnes
3541 645 3595 699 in

2004 723 2408 781 admirationem
2436 726 2724 782 adducens.
2772 729 2897 786 ΗλΕο
2926 741 2978 785 ut
3011 734 3263 803 cognovit
3293 733 3441 803 Saul,
3473 737 3598 791 mit-

2009 815 2068 869 tit
2094 815 2159 868 ad
2184 815 2435 884 juvenem
2460 859 2475 883 ,
2506 819 2594 888 qui
2626 830 2819 888 prceter
2841 825 3166 890 pastoritiam
3197 833 3365 880 artem
3391 827 3598 883 sciebat

2007 905 2140 960 nihil
2173 918 2261 961 :et
2289 919 2344 961 ut
2367 908 2494 963 vidit
2519 913 2634 978 ejus
2660 920 2891 979 inlatum,
2921 915 3195 984 vilipendit
3224 932 3364 970 cuni.
3391 917 3597 974 Deinde

2007 1012 2126 1052 cum
2154 999 2424 1055 didicisset
2444 1016 2511 1056 ex
2539 1017 2603 1056 eo
2623 1043 2639 1068 ,
2670 1003 2938 1072 quomodo
2967 1022 3086 1059 eum
3113 1009 3254 1063 ursis
3281 1010 3482 1080 egisset
3507 1012 3597 1080 qui

2006 1105 2196 1161 greges
2223 1108 2348 1147 suos
2375 1094 2680 1149 invaserant
2704 1114 2716 1148 :
2744 1108 2960 1153 coactus
2981 1101 3122 1154 enim
3151 1101 3245 1154 fuit
3265 1103 3596 1158 admirabilis

2010 1183 2097 1238 ille
2130 1185 2213 1237 vir
2243 1183 2360 1239 bznc
2387 1202 2636 1253 narrare,
2670 1188 3002 1244 nolenshinc
3033 1206 3219 1244 vanam
3250 1193 3474 1262 gloriam
3502 1210 3598 1246 au-

2008 1275 2194 1344 cupari
2219 1315 2235 1341 ,
2274 1276 2367 1330 sed
2409 1278 2459 1330 in
2498 1280 2816 1334 necessitate
2839 1281 3178 1344 constitutus,
3208 1295 3262 1338 et
3287 1293 3342 1337 ut
3372 1285 3444 1338 illi
3477 1287 3595 1338 ani-

2009 1381 2155 1419 mum
2182 1366 2424 1432 adderet,
2458 1377 2510 1423 et
2540 1385 2606 1424 ne
2633 1378 2898 1439 spectaret
2923 1372 2988 1426 ad
3011 1372 3269 1428 vilitatem
3297 1375 3411 1444 ejus
3438 1391 3598 1444 quem

2007 1457 2241 1524 videbat,
2275 1459 2369 1514 sed
2391 1460 2456 1514 ad
2485 1461 2643 1516 tidem
2667 1478 2786 1532 quae
2811 1463 3133 1519 intrinsecus
3157 1467 3375 1531 latebat,
3405 1482 3596 1537 super-

2009 1566 2242 1622 numque
2269 1552 2523 1606 auxilium
2551 1569 2656 1622 quo
2682 1553 2994 1610 adolescens
3025 1556 3244 1611 inermis
3271 1558 3397 1612 viris
3422 1573 3602 1612 arma-

2009 1642 2078 1697 tis
2105 1652 2159 1698 et
2187 1655 2369 1713 pastor
2396 1645 2654 1701 militibus
2676 1647 2864 1701 fortior
2889 1657 3004 1702 erat
3033 1666 3046 1702 :
3075 1664 3204 1718 ergo
3229 1650 3316 1704 ubi
3347 1667 3438 1706 rex
3467 1651 3599 1705 vidit

2009 1736 2170 1788 animi
2214 1736 2329 1805 ejus
2373 1736 2650 1803 ﬁduciam,
2693 1739 2802 1792 suis
2829 1739 2978 1792 illum
3010 1741 3174 1795 armis
3205 1741 3426 1796 induere
3452 1743 3603 1796 volc-

2009 1825 2135 1892 bat;
2179 1828 2394 1883 indutus
2419 1839 2598 1884 autem
2629 1846 2691 1884 ea
2725 1829 2863 1886 ferre
2891 1847 2998 1886 non
3029 1835 3216 1902 potuit.
3267 1835 3378 1890 Hoc
3421 1847 3602 1890 autem

2010 1918 2206 1975 factum
2249 1929 2331 1976 est
2355 1964 2369 1988 ,
2402 1931 2460 1976 ut
2487 1922 2654 1976 virtus
2683 1922 2798 1988 Dei,
2827 1938 2944 1993 quae
2982 1940 3077 1994 per
3106 1939 3226 1978 cum
3257 1926 3600 1995 operabatur,

2010 2014 2288 2069 manifesta
2334 2024 2760 2082 monstraretur,
2811 2024 2866 2070 et.
2910 2031 3015 2070 non
3059 2017 3223 2070 armis
3248 2032 3366 2087 qua:
3409 2018 3605 2072 fiebant

2010 2105 2460 2161 adscriberentur.
2513 2106 2645 2160 Nam
2674 2107 2925 2176 quoniam
2975 2107 3188 2162 indutus
3217 2109 3323 2164 illis
3342 2111 3610 2180 gravaba.

2013 2204 2120 2261 tur,
2155 2206 2211 2251 et
2239 2197 2416 2252 minus
2453 2198 2733 2268 expeditus
2768 2205 2917 2264 erat,
2947 2199 3193 2269 deposuit
3219 2215 3365 2254 arma
3387 2244 3402 2267 ,
3433 2212 3486 2256 et
3512 2212 3607 2257 ae-

2012 2301 2164 2360 cepta
2190 2305 2313 2360 pera
2331 2293 2581 2361 pastorali
2610 2301 2663 2346 et
2690 2292 2947 2359 silicibus,
2972 2301 3155 2347 contra
3186 2308 3439 2349 corneam
3461 2295 3604 2348 illam

2017 2383 2204 2436 turrim
2235 2397 2482 2453 egressus
2508 2392 2610 2437 est.
2645 2383 2750 2437 Sed
2783 2383 2905 2438 vide
2934 2384 3128 2437 iterum
3153 2384 3503 2454 alienigenam
3534 2385 3600 2438 ad

2014 2473 2270 2527 vilitatem
2301 2475 2474 2528 :etatis
2499 2483 2827 2542 spectantem
2853 2515 2866 2539 ,
2893 2483 2946 2528 et
2971 2476 3041 2529 ob
3069 2475 3168 2529 hoc
3195 2475 3606 2544 vilipendentem

2013 2565 2216 2636 justum
2241 2566 2409 2631 illum,
2439 2574 2492 2619 et
2518 2567 2667 2636 quasi
2695 2577 2878 2620 centra
2897 2581 3118 2636 puerum
3147 2566 3400 2622 humilem
3426 2567 3607 2623 verbis

2018 2659 2401 2726 insurgenteu'i.
2432 2656 2564 2711 Nam
2595 2667 2871 2727 postquam
2902 2657 3032 2710 vidit
3059 2672 3180 2712 cum
3212 2674 3334 2712 cum
3357 2659 3612 2727 pastorali

2019 2765 2146 2820 pera
2178 2759 2362 2803 contra
2391 2764 2449 2804 se
2476 2749 2887 2804 contendentem
2913 2791 2928 2816 ,
2976 2759 3030 2805 et
3055 2750 3258 2820 lapides
3287 2751 3457 2804 solum
3479 2749 3612 2805 affe-

2021 2851 2253 2905 rentem,
2285 2842 2338 2895 in
2375 2841 2516 2896 hunc
2543 2840 2713 2896 ferme
2753 2842 2968 2896 modum
3001 2857 3123 2896 eum
3153 2843 3459 2912 alloquutus
3483 2853 3564 2897 cst
3596 2861 3610 2896 :

2021 2932 2224 2988 Potasti
2254 2942 2305 2988 te
2345 2934 2519 2988 adhuc
2547 2933 2686 3002 apud
2724 2949 2853 2988 oves
2877 2948 2998 2988 esse
3022 2974 3037 2999 ,
3085 2944 3138 2988 et
3165 2949 3326 2989 canes
3357 2933 3616 3004 quosdam

2023 3026 2309 3097 persequi?
2351 3034 2405 3081 et
2446 3026 2516 3080 ita
2542 3026 2823 3080 adversum
2852 3042 2973 3094 me,
3020 3026 3172 3096 quasi
3212 3036 3397 3081 contra
3423 3041 3613 3081 canem

2025 3119 2396 3175 instrumentis
2423 3120 2525 3174 illis
2556 3121 2866 3187 instructus,
2901 3120 2951 3173 in
2984 3134 3213 3189 pugnam
3239 3120 3475 3174 venisti?
3505 3127 3617 3175 sta-

2028 3212 2122 3266 tim
2153 3212 2481 3282 experientia
2509 3211 2684 3266 disces
2711 3225 2817 3265 non
2869 3211 2962 3265 tibi
2991 3227 3113 3266 cum
3159 3211 3376 3266 homine
3411 3212 3619 3282 vulgari

2027 3305 2228 3360 bellum
2254 3319 2394 3360 esse.
2449 3305 2518 3358 Et
2543 3318 2670 3358 usus
2692 3317 2883 3373 magno
2910 3302 3198 3357 verborum
3228 3305 3397 3368 fastu,
3428 3318 3621 3374 propca

2029 3397 2202 3459 tabat,
2227 3405 2657 3464 armaturamque
2678 3409 2826 3448 suam
2846 3409 3062 3448 omnem
3093 3395 3361 3459 movebat,
3387 3410 3449 3449 ac
3473 3411 3620 3451 arma

2029 3489 2328 3544 exserebat.
2382 3489 2447 3542 Et
2491 3488 2602 3557 ipso
2641 3487 2855 3557 quidem
2890 3501 3159 3540 armorum
3193 3487 3384 3542 virtute
3425 3487 3617 3553 fidens,

2029 3597 2258 3651 pugnam
2301 3581 2453 3635 inivit
2484 3599 2496 3633 :
2533 3579 2695 3633 David
2722 3588 2898 3634 autem
2933 3578 3036 3633 fide
3057 3619 3069 3641 ,
3112 3594 3451 3648 supernoque
3479 3595 3620 3648 prac-

2029 3673 2166 3727 sidio
2208 3673 2464 3725 munitus.
2516 3670 2580 3724 Et
2609 3670 2754 3740 prius
2790 3669 2965 3724 verbis
2991 3669 3305 3740 alienigena:
3335 3671 3624 3725 elationem

2029 3774 2086 3821 et
2113 3765 2453 3835 supercilium
2481 3765 2757 3819 decuticns
2777 3807 2789 3830 ,
2821 3772 2878 3817 ut
2906 3763 3038 3817 dixit
3068 3762 3134 3817 ad
3165 3777 3287 3818 eum
3323 3781 3334 3816 :
3365 3762 3442 3815 'l‘u
3472 3765 3632 3817 venis-

2028 3858 2094 3914 τιιί
2134 3873 2220 3912 me
2244 3858 2296 3911 in
2325 3857 2486 3911 armis
2515 3864 2568 3910 ct
2605 3857 2811 3922 lancea,
2859 3864 2913 3910 et
2941 3867 3026 3909 tua
3055 3856 3249 3910 virtute
3276 3856 3535 3910 victurum
3569 3865 3619 3912 te

2029 3958 2202 4021 putas,
2241 3965 2340 4020 ego
2366 3958 2541 4003 atttcm
2571 3950 2620 4002 in
2656 3949 2869 4002 nomine
2894 3948 3102 4001 Domini
3138 3948 3226 4002 Dei
3251 3965 3262 4001 :
3290 3957 3344 4000 ut
3369 3947 3500 4011 lucc,
3535 3947 3618 4000 iu-

2027 4058 2185 4113 quam
2212 4084 2225 4107 ,
2255 4041 2420 4108 dixit,
2453 4049 2665 4108 sumpto
2690 4056 2752 4094 ex
2792 4054 2917 4108 pera
2959 4038 3211 4108 pastorali
3248 4039 3395 4094 silice
3419 4081 3434 4104 ,
3463 4039 3623 4108 quasi

2030 4151 2218 4192 revera
2260 4151 2448 4190 canem
2493 4135 2721 4203 aliquem
2766 4148 2980 4203 gregem
3028 4131 3364 4186 iuvadentem
3409 4132 3626 4187 abactuo

2029 4245 2122 4286 rus
2146 4273 2160 4296 ,
2194 4229 2351 4285 funda
2379 4229 2642 4299 jaculatus
2670 4238 2748 4281 est
2769 4269 2782 4292 ,
2811 4226 3097 4296 Statimque
3121 4227 3172 4280 in
3205 4227 3376 4281 fronte
3409 4241 3627 4294 percus~

2034 4339 2153 4377 sum
2188 4321 2537 4392 alienigenam
2565 4319 2758 4389 dejeeit
2788 4336 2802 4373 :
2833 4327 2886 4373 et
2917 4318 3228 4372 festinanter
3254 4317 3446 4372 educto
3476 4315 3613 4370 illius

2033 4413 2209 4485 gladio
2229 4422 2388 4483 caput
2417 4412 2533 4482 ejus
2558 4411 2884 4480 amputavit,
2913 4419 2965 4463 et
2994 4409 3102 4478 regi
3128 4409 3320 4471 attulit,
3357 4406 3626 4475 tinctaque

2036 4504 2177 4558 bello
2208 4503 2478 4575 imposuit.
2528 4505 2699 4570 Atque
2730 4501 2866 4555 illius
2896 4516 3057 4568 Opera
3082 4509 3135 4555 et
3163 4515 3257 4553 rex
3288 4498 3511 4553 salutem
3545 4500 3623 4551 ine

2035 4596 2216 4657 venit,
2251 4605 2304 4649 et
2334 4594 2510 4648 OllllllS
2551 4594 2690 4646 illius
2729 4591 2994 4645 exercitus
3033 4590 3335 4660 respiravit.
3389 4589 3632 4644 Vidisses-

2039 4695 2164 4742 tunc
2218 4686 2514 4756 inopinatas
2569 4683 3016 4751 admirabilesque
3068 4697 3190 4746 res,
3248 4692 3510 4736 armatum
3559 4684 3641 4736 ab-

2038 4783 2227 4838 inermi
2253 4782 2537 4852 dejeetum,
2569 4781 2751 4847 reique
2782 4777 3029 4831 militaris
3059 4777 3284 4846 peritum
3310 4777 3377 4831 ab
3407 4792 3472 4832 eo
3501 4793 3626 4846 pro-

2037 4887 2259 4931 stratum
2286 4917 2300 4940 ,
2348 4875 2435 4944 qui
2465 4879 2658 4942 praeter
2689 4871 3006 4940 pastoralem
3038 4879 3206 4924 artem
3250 4869 3380 4924 nihil
3407 4871 3628 4925 sciebat.

2037 4970 2247 5038 Quare,
2294 4978 2347 5022 ct
2376 4967 2445 5021 ob
2483 4981 2638 5036 quam
2681 4963 2940 5019 causam?
2988 4964 3120 5031 Quia
3161 4963 3247 5018 hic
3286 4965 3501 5034 quidem
3531 4965 3630 5018 ha-

2041 5063 2155 5116 buit
2193 5076 2476 5130 supernam
2524 5059 2748 5129 gratiam
2793 5075 2852 5114 se
2895 5058 3278 5128 adjuvantcm:
3321 5059 3407 5112 ille
3451 5065 3636 5111 autem

2039 5168 2098 5207 ea
2121 5166 2329 5217 carens,
2359 5152 2409 5205 in
2435 5151 2590 5220 hujus
2617 5167 2803 5204 manus
2834 5150 2996 5203 venit.
3027 5150 3141 5204 Jam
3169 5149 3290 5203 vide
3319 5149 3402 5201 hic
3425 5190 3438 5212 ,
3467 5164 3628 5216 quam

2039 5243 2264 5298 absurda
2289 5253 2539 5312 operatus
2568 5246 2635 5296 sit
2664 5241 2876 5296 invidia:
2906 5243 3143 5296 morbus.
3175 5241 3456 5307 Postquam
3485 5240 3633 5295 enim

2040 5350 2138 5391 rex
2169 5334 2300 5388 vidit
2336 5334 2537 5402 justum
2585 5333 2723 5387 hunc
2754 5341 2895 5386 tanta
2933 5332 3101 5401 gloria
3139 5329 3419 5392 celebrari,
3453 5337 3506 5382 et
3537 5331 3632 5383 tria

2042 5427 2322 5498 pudiautcs
2346 5426 2578 5482 clamare
2611 5443 2625 5480 :
2669 5423 2795 5477 Vicit
2824 5423 2955 5477 Sat‘tl
2988 5423 3040 5475 in
3071 5421 3309 5486 millibus,
3342 5419 3507 5474 David
3530 5439 3629 5474 au-

2043 5530 2142 5575 tem
2183 5519 2235 5572 in
2279 5516 2450 5571 decem
2497 5514 2718 5568 millibus
2766 5512 2841 5586 (-l.
2883 5512 3015 5580 Reg.
3056 5511 3144 5566 i8.
3174 5510 3228 5582 7)
3259 5529 3271 5562 :
3304 5526 3409 5566 non
3455 5511 3634 5566 ferens

2039 5625 2193 5682 aequo
2221 5609 2402 5665 animo
2427 5623 2545 5678 qua:
2574 5607 2640 5661 de
2679 5605 2779 5659 hoc
2802 5603 3114 5659 dicebantur
3137 5601 3401 5677 (quamvis
3440 5619 3633 5660 secuno

2039 5705 2167 5760 dum
2201 5702 2460 5757 rationem
2497 5698 2694 5768 justam
2725 5697 2776 5751 ei
2813 5695 2983 5766 magis
3011 5696 3308 5752 tribuerant
3336 5713 3492 5768 quam
3523 5696 3631 5750 Da-

2044 5797 2195 5868 vid),
2227 5797 2396 5853 vietus
2422 5791 2620 5848 invidia
2645 5789 2974 5849 benefactori
3018 5792 3218 5848 malum
3261 5789 3533 5862 rependit;
3582 5797 3641 5845 cr
