4078 6452
465 321 568 378 427

461 449 620 505 quem
649 431 929 504 oportebat
956 438 1016 485 ut
1047 427 1364 485 salvatorem
1394 437 1448 483 et
1467 426 1862 482 benefactorem
1890 440 2054 495 agno-

1182 315 1240 370 S.
1279 314 1558 372 JOANNIS
1593 309 2066 368 CllRYSOSTOMI
2106 311 2418 368 ARClllEP.
2461 313 2992 372 CONSTANTINOP.

3644 325 3746 380 128

2161 423 2320 492 bilis,
2368 427 2449 480 lu:
2488 437 2683 482 nostra:
2730 429 2976 485 maximtc
3022 430 3298 488 facultates
3335 448 3354 486 :
3387 449 3481 502 per
3523 435 3659 490 hanc
3697 449 3750 493 et

461 541 634 590 scere,
653 532 772 580 eum
787 523 1085 580 interﬁcere
1096 521 1385 592 quaerebat.
1408 519 1732 590 Oingentem
1756 519 2012 573 insaniam
2036 520 2050 573 !
2100 533 2134 582 δ
2162 513 2368 579 lsrnael,
2393 519 2638 585 quamvis
2661 519 2970 576 adolescens
2995 563 3009 585 .
3036 531 3093 578 et
3111 521 3163 576 in
3189 523 3478 580 solitudine
3499 567 3512 587 .
3537 541 3749 581 rerum-

461 637 495 670 o
521 619 755 690 stuporis
797 614 1247 688 magnitudinem!
1301 614 1432 668 Eum
1476 613 1564 684 qui
1600 611 1763 666 vitam
1804 610 1906 666 sibi
1939 627 2054 666 ser-

466 722 616 766 varat
638 754 652 777 ,
679 721 734 767 et
757 725 970 764 omnem
1004 721 1160 762 suum
1192 706 1486 761 exercitum
1509 704 1578 760 ab
1606 705 1918 774 alienigena:
1942 701 2052 758 Go-

465 804 598 858 liath
620 802 799 856 furore
826 801 1162 864 liberaverat,
1191 807 1249 853 ut
1274 797 1479 852 hostem
1504 806 1808 866 suspectum
1840 795 2046 861 habuit,

467 905 518 949 et
566 895 847 954 immemor
894 889 1181 956 beneﬁcii,
1233 889 1301 943 ab
1349 888 1631 943 aﬁ‘ectione
1685 886 2003 941 vincebatur

461 986 554 1040 sed
589 993 771 1041 mente
815 999 912 1039 sua
941 983 1324 1038 obtenebratus
1349 982 1417 1034 ab
1457 980 1656 1034 invidia
1677 1021 1692 1045 ,
1726 979 1944 1049 perinde
1969 987 2052 1032 at-

459 1091 566 1144 que
607 1075 674 1129 ab
703 1074 963 1130 ebrietate
988 1072 1216 1143 quadam
1241 1113 1258 1140 ,
1305 1071 1697 1128 benefactorem
1744 1080 1804 1126 ut
1842 1070 2052 1125 hostem

459 1167 762 1238 spectabat.

533 1259 588 1312 4.
619 1256 834 1312 Invidia:
861 1256 1065 1311 morbus
1079 1255 1396 1310 describitur.
1436 1251 1651 1309 Moralis
1687 1256 1967 1311 exhortatio
1986 1255 2057 1309 ad

469 1348 766 1421 fugiendum
799 1347 1064 1402 invidiam.
1107 1345 1323 1402 Damon
1354 1348 1546 1401 homini
1582 1347 1855 1418 subjectus.
1880 1375 1951 1388 -—
1977 1347 2052 1402 lla

462 1441 605 1494 enim
645 1453 705 1494 se
740 1437 938 1494 habere
979 1438 1116 1492 solet
1158 1438 1314 1506 hujus
1343 1437 1641 1492 aﬁ‘ectionis
1667 1437 1866 1492 malitia
1899 1455 1912 1491 :
1943 1439 2051 1508 pri-

465 1546 612 1586 mum
633 1533 928 1604 corrumpit
947 1548 1068 1588 eum
1093 1547 1124 1586 a
1149 1547 1255 1602 quo
1277 1541 1580 1602 generatur.
1608 1531 1670 1585 Et
1701 1531 2051 1601 quemadmo-

461 1623 589 1678 dum
634 1625 830 1680 vermis
873 1625 1024 1695 quia
1066 1624 1209 1694 ligno
1249 1624 1593 1694 producitur,
1636 1623 1836 1694 lignum
1882 1624 2054 1692 primo

461 1715 729 1768 consumit
767 1731 784 1771 :
827 1715 895 1768 ita
937 1725 990 1770 et
1035 1714 1233 1768 invidia
1281 1714 1423 1767 illam
1465 1714 1635 1783 primo
1672 1713 1906 1767 animam
1932 1727 2054 1767 cor-

462 1805 713 1876 rumpita
739 1801 841 1876 qua
881 1814 1002 1860 nata
1039 1813 1158 1869 est,
1205 1813 1259 1859 et
1283 1805 1332 1859 ei
1356 1805 1439 1858 cui
1476 1804 1746 1859 invidetur
1773 1805 1926 1874 plane
1964 1806 2052 1859 di-

459 1910 612 1951 versa
640 1912 797 1967 quam
813 1896 928 1951 vult
946 1895 1120 1951 aﬁ‘ert.
1145 1896 1222 1952 Ne
1244 1896 1403 1965 igitur
1423 1897 1628 1965 reSpiee
1649 1896 1714 1950 ad
1737 1897 2053 1967 principium

459 2005 644 2045 eorum
695 1990 888 2062 quibus
929 1989 1230 2055 invidetur,
1280 1989 1372 2044 sed
1416 1989 1484 2044 ad
1525 1989 1685 2045 ﬁnem
1715 1990 1958 2059 respice,
1999 1998 2053 2045 et

462 2082 698 2147 attende,
731 2083 853 2152 quia
882 2083 1082 2136 malitia
1105 2081 1452 2136 invidentium
1477 2122 1492 2147 ,
1521 2097 1614 2136 eos
1633 2082 1823 2152 quibus
1853 2082 2054 2138 invidet

461 2172 717 2227 clariores
755 2172 936 2226 efﬁcit.
993 2172 1124 2226 Nam
1159 2173 1190 2225 ii
1232 2171 1426 2242 quibus
1471 2159 1740 2226 invidetur
1781 2172 2050 2228 subsidia-

461 2263 598 2316 rium
636 2262 834 2318 habent
874 2263 966 2317 Dei
999 2264 1251 2316 auxilium
1278 2303 1293 2328 ,
1335 2271 1388 2317 et
1424 2263 1591 2334 gratia
1637 2262 1883 2317 fruuntur
1916 2283 1929 2318 :
1963 2265 2052 2334 qui

459 2365 637 2410 autem
683 2355 917 2422 invidet,
949 2356 1114 2426 gratia
1143 2355 1419 2425 Spoliatnr,
1463 2364 1518 2410 et
1549 2354 1704 2411 facile
1730 2357 1962 2411 vincitur
1983 2357 2051 2412 ab

458 2448 707 2502 omnibus
733 2466 744 2500 :
776 2457 830 2502 et
854 2456 1010 2504 antea
1041 2464 1070 2502 a
1101 2449 1213 2503 suis
1238 2449 1548 2514 atl'ectibus,
1578 2466 1740 2520 quam
1773 2451 1840 2505 ab
1869 2461 2050 2506 exter-

457 2536 543 2590 nis
569 2537 812 2593 hostibus
856 2537 1168 2605 infestatus,
1217 2538 1369 2609 quasi
1397 2541 1768 2609 consumitur,
1803 2550 1858 2597 et
1899 2542 2051 2612 quasi

457 2628 679 2683 occultis
707 2628 937 2682 maxillis
964 2628 1250 2682 devoratur
1269 2671 1284 2691 ,
1319 2638 1374 2684 et
1399 2629 1710 2699 absumptus
1729 2671 1745 2698 ,
1784 2641 1840 2685 ut
1870 2634 1938 2687 ita
1965 2633 2050 2687 di-

457 2732 614 2784 cam,
661 2718 1041 2787 submergitur.
1091 2717 1222 2784 Qua:
1261 2733 1382 2772 cum
1428 2719 1581 2775 nobis
1618 2730 1892 2790 comperta
1923 2722 2049 2788 sint,

458 2807 705 2872 obsecro,
734 2807 996 2877 fugiamus
1023 2808 1194 2863 morbi
1224 2807 1382 2878 hujus
1403 2809 1677 2874 damnum,
1701 2822 1755 2866 et
1778 2813 1902 2868 totis
1925 2814 2056 2868 viri-

460 2897 562 2953 bus
587 2897 653 2952 ab
672 2897 954 2953 animabus
982 2899 1179 2953 nostris
1208 2899 1567 2956 elitninemus.
1593 2901 2049 2959 Perniciosissima

459 2989 602 3045 enim
627 2999 712 3046 est
741 2991 978 3045 omnium
1009 2991 1352 3047 aﬁ‘ectionum
1379 3032 1394 3056 ,
1450 3004 1799 3065 nostramque
1824 2996 2051 3052 salutem

457 3082 787 3151 corrumpit,
815 3091 1000 3152 utpote
1028 3082 1226 3137 diaboli
1255 3083 1546 3138 inventum.
1575 3085 1860 3155 Propterea
1889 3097 1943 3142 et
1963 3105 2050 3143 sa-

458 3173 612 3242 piens
647 3173 864 3243 quidam
907 3173 1117 3228 dicebat
1159 3191 1174 3230 :
1215 3172 1418 3228 Invidia
1464 3185 1632 3230 autem
1679 3178 1868 3232 diaboli
1917 3197 2052 3234 mars

459 3265 663 3319 intravit
699 3267 752 3320 in
789 3266 1034 3320 mundum
1075 3266 1232 3337 (Sap.
1257 3267 1310 3321 2.
1343 3269 1455 3333 24).
1504 3268 1640 3335 Quid
1681 3282 1799 3335 est,
1845 3270 2052 3327 Invidia

459 3359 649 3412 diaboli
671 3375 806 3412 mors
834 3359 1036 3412 intravit
1062 3359 1115 3412 in
1133 3359 1419 3414 mundum?
1441 3360 1574 3415 Nam
1606 3373 1885 3433 postquam
1913 3367 2050 3420 mala

461 3449 574 3504 haec
602 3442 771 3505 bestia
807 3451 1033 3520 primum
1078 3449 1348 3505 hominem
1373 3451 1502 3505 vidit
1531 3453 1886 3509 immortalem
1912 3497 1926 3520 ,
1959 3472 2052 3525 per

459 3555 610 3594 suam
662 3539 1042 3607 malignitatem
1083 3539 1148 3594 ad
1190 3543 1666 3610 transgressionem
1697 3546 1929 3601 mandati
1973 3548 2052 3601 in-

459 3633 645 3696 duxit,
679 3647 772 3701 per
801 3647 958 3701 quam
986 3631 1109 3686 fecit
1142 3641 1201 3686 ut
1231 3634 1388 3686 morti
1419 3633 1571 3688 ﬁeret
1595 3635 1875 3691 obnoxius.
1908 3638 2050 3694 Invi-

458 3721 546 3777 dia
585 3721 742 3790 igitur
782 3721 1152 3790 dcccptionem
1193 3731 1411 3792 operata
1441 3733 1558 3791 est,
1587 3724 1832 3796 deceptio
1861 3728 2050 3784 inube-

460 3812 752 3874 dicntiam,
811 3811 1169 3866 inobedientia
1223 3822 1472 3868 mortem.
1533 3815 1821 3886 Propterea
1872 3818 2048 3876 dicit:

462 3905 666 3960 Invidia
685 3914 853 3958 autent
881 3905 1070 3958 diaboli
1091 3922 1225 3960 mors
1251 3907 1458 3961 intravit
1483 3907 1534 3962 in
1565 3912 1826 3965 mundum.
1859 3912 2049 3968 Vidisti

461 4008 716 4069 quantum
761 3998 1058 4054 all'ectionis
1101 3997 1260 4068 hujus
1307 4000 1596 4055 damnum?
1648 4001 2050 4060 immortalitate

376 4140 380 4144 .
464 4092 781 4144 honoratum
809 4091 1088 4144 mortalem
1119 4091 1259 4146 fecit.
1309 4090 1504 4146 \‘erum
1553 4092 1798 4147 inimicus
1835 4096 2050 4165 quidem

464 4192 660 4237 nostra:
699 4181 920 4248 salutis,
961 4197 1056 4236 sua
1102 4183 1328 4247 invidia,
1374 4193 1432 4238 ut
1479 4187 1682 4254 primus
1723 4186 1914 4254 homo,
1960 4190 2051 4260 qui

463 4273 778 4328 immortalis
806 4281 953 4335 erat,
1001 4273 1068 4327 ad
1108 4281 1334 4332 mortem
1360 4275 1806 4333 condemnaretur
1829 4281 2005 4337 ell‘ecit
2032 4299 2050 4341 :

460 4364 768 4420 misericors
805 4372 982 4419 autem
1027 4363 1392 4435 sollicitusque
1437 4381 1536 4436 pro
1572 4368 1726 4424 nobis
1772 4371 2048 4442 Dominus,

462 4470 560 4524 per
590 4464 814 4510 mortem
840 4470 990 4510 suam
1031 4454 1221 4510 iterum
1253 4455 1706 4516 immortalitatem
1747 4461 1907 4516 nobis
1943 4463 2052 4518 lar-

460 4546 600 4616 gitus
628 4554 730 4601 est.
760 4545 912 4602 Unde
941 4556 994 4602 et
1021 4547 1224 4615 majora
1245 4537 1404 4618 quam
1428 4550 1706 4606 amisimus
1727 4553 2049 4611 invenimus.

458 4636 716 4694 Paradiso
740 4640 897 4710 ejccit
924 4640 1011 4696 ille
1033 4682 1048 4706 ,
1079 4639 1165 4696 hic
1193 4641 1244 4695 in
1269 4641 1459 4696 cadum
1492 4642 1696 4698 induxit
1725 4662 1739 4700 :
1765 4645 1855 4701 ille
1878 4657 2052 4705 morte

461 4732 807 4786 condemnari
849 4750 946 4788 nos
973 4737 1212 4801 curavit,
1267 4737 1351 4791 hic
1397 4722 1847 4795 immortalitatem
1896 4743 2051 4799 nobis

464 4821 686 4891 largitus
705 4832 788 4877 est
818 4841 831 4876 :
863 4825 950 4878 ille
978 4827 1207 4903 paradisi
1223 4827 1426 4882 deliciis
1448 4830 1698 4897 privavit,
1723 4831 1810 4887 hic
1827 4848 2048 4903 regnum

461 4913 718 4966 caelorum
767 4913 920 4967 nobis
969 4901 1305 4984 prmparavit.
1338 4915 1528 4972 Vidisti
1557 4921 1809 4976 solertem
1840 4901 2050 4980 Domini

463 5004 539 5058 tui
589 5004 949 5074 sapientiam?
1006 5015 1060 5060 et
1099 5007 1367 5076 quomodo
1411 5023 1473 5063 ea
1503 5027 1621 5080 qua:
1662 5028 1757 5081 per
1801 5014 2050 5072 invidiam

458 5098 654 5152 diaboli
683 5108 869 5152 contra
897 5099 1121 5152 salutem
1149 5110 1384 5154 nostram
1432 5101 1568 5157 facta
1609 5113 1764 5170 sunt,
1816 5105 1867 5160 in
1894 5117 2052 5177 caput

461 5191 602 5246 illius
627 5190 933 5245 convertit?
979 5189 1093 5246 Non
1119 5191 1261 5245 enim
1293 5194 1464 5246 solum
1510 5210 1608 5249 nos
1648 5196 1939 5265 majoribus
1965 5200 2049 5254 di-

457 5294 650 5353 gnatus
669 5294 770 5348 est,
813 5283 908 5338 sed
941 5292 994 5339 et
1023 5283 1166 5337 illum
1199 5285 1370 5353 ipsum
1402 5287 1557 5342 nobis
1587 5289 1815 5357 subjecit
1839 5291 2046 5362 dicens,
2073 5304 2085 5309 “

461 5375 593 5430 Ecce
615 5377 733 5429 dedi
772 5378 908 5430 vobis
943 5385 1235 5447 potestatem
1262 5375 1496 5431 calcandi
1523 5395 1673 5448 super
1709 5395 1961 5452 serpentes
2000 5395 2048 5440 et

456 5468 748 5535 scorpiones
776 5467 923 5534 (Luc.
957 5468 1040 5524 l0.
1075 5468 1188 5540 l9).
1217 5469 1446 5524 Proinde
1464 5469 1579 5524 haec
1603 5473 1780 5527 omnia
1808 5475 2047 5546 cogitan-

459 5567 542 5611 tes
563 5598 578 5621 ,
619 5567 674 5612 et
699 5558 952 5612 invidiam
987 5574 1052 5614 ex
1077 5561 1358 5617 animabus
1395 5563 1593 5616 nostris
1633 5561 1961 5634 eﬁ'ugemus,
1992 5575 2049 5624 et

460 5647 770 5702 studeamus
799 5655 855 5700 ut
877 5648 1107 5704 divinam
1137 5651 1290 5706 nobis
1327 5652 1753 5709 benevolentiam
1790 5658 2043 5714 concilie-

460 5753 605 5795 mus.
638 5739 764 5795 llaec
782 5739 923 5796 enim
945 5752 1124 5798 nostra
1152 5752 1419 5804 armatura
1433 5747 1625 5818 solida,
1648 5757 1704 5806 et
1723 5749 2042 5825 inexpugna-
2085 5821 2100 5825 η

2155 619 2262 673 que
2281 606 2518 660 omnium
2543 608 2715 677 inopia
2739 625 2956 666 versans
2978 652 2993 676 ,
3021 612 3200 668 statim
3219 615 3393 668 crevit
3412 654 3428 680 ,
3465 625 3520 670 et
3541 618 3592 670 in
3613 633 3748 686 gen-

2160 704 2268 750 tem
2307 698 2554 767 magnam
2578 701 2746 757 lactus
2771 711 2855 759 est
2885 721 2899 762 :
2928 703 3050 774 quia
3086 705 3177 760 20.
3208 704 3345 760 Deus
3371 716 3515 773 erat,
3553 709 3742 779 inquit,

2158 803 2271 840 cum
2297 805 2471 858 puero.
2519 790 2656 846 Hine
2689 793 2838 848 enim
2881 802 3024 848 totus
3067 811 3246 850 sermo
3289 807 3472 852 noster
3495 815 3750 868 egressus

2159 888 2262 935 est.
2295 880 2656 950 Despiciamus
2678 883 2834 952 igitur
2853 925 2866 949 ,
2900 901 3022 950 oro,
3049 891 3353 956 praesentia,
3379 890 3751 949 desideremus

2159 971 2336 1028 futura
2365 990 2380 1028 :
2406 976 2632 1045 gratiam
2661 978 2754 1032 Dei
2779 981 3025 1035 omnibus
3054 981 3400 1050 przeferamus
3419 1024 3436 1051 ,
3467 993 3521 1040 et
3549 1001 3645 1054 per
3671 988 3753 1040 vi-

2162 1075 2269 1120 tam
2310 1068 2566 1136 optimam
2606 1071 2828 1125 multam
2859 1071 3288 1132 ﬁduciamnobis
3317 1085 3472 1130 antea
3513 1093 3748 1148 repona-

2159 1174 2278 1213 mus
2310 1177 2323 1214 :
2358 1168 2414 1214 ut
2441 1173 2494 1214 et
2530 1170 2848 1229 prtesentem
2870 1165 3032 1219 vitam
3060 1165 3193 1220 citra
3221 1182 3516 1224 maerorem
3547 1172 3746 1224 transi-

2157 1262 2377 1318 gamus,
2407 1258 2463 1304 et
2501 1248 2676 1305 futura
2702 1251 2840 1306 bona
2862 1267 3254 1324 consequamur
3274 1297 3288 1319 ,
3321 1257 3486 1326 gratia
3518 1268 3574 1312 et
3599 1258 3753 1312 beni-

2157 1342 2358 1410 gnitate
2400 1340 2610 1396 Domini
2655 1344 2820 1398 nostri
2855 1343 2982 1398 Jesu
3023 1344 3259 1413 Christi,
3303 1347 3389 1402 cui
3421 1362 3543 1401 cum
3587 1347 3749 1404 Patre

2159 1431 2316 1485 simul
2342 1441 2396 1487 et
2422 1432 2620 1502 Spiritu
2644 1443 2830 1490 sancto
2859 1436 2927 1490 sit
2964 1435 3127 1505 gloria
3147 1478 3162 1501 ,
3199 1437 3483 1506 imperium
3505 1481 3518 1502 ,
3551 1438 3746 1507 bona,

2159 1538 2300 1579 nunc
2323 1531 2378 1579 et
2405 1538 2635 1595 semper,
2659 1527 2783 1580 etin
2811 1511 3006 1582 satcula
3036 1528 3376 1585 smculorum.
3406 1531 3603 1586 Amen.

2687 1661 2961 1719 HOMILIA
3004 1664 3209 1722 XLVII.

2159 1767 2228 1822 Et
2257 1770 2445 1840 factum
2470 1780 2543 1826 est
2585 1783 2698 1844 post
2721 1775 2868 1829 verba
2898 1776 3005 1829 hac
3023 1817 3037 1840 ,
3067 1775 3207 1832 Deus
3233 1782 3456 1836 tentabat
3483 1781 3746 1837 Abraham

2741 1866 2761 1940 (
2784 1865 2913 1922 Gen.
2938 1868 3029 1922 22.
3055 1870 3106 1925 ι.
3131 1872 3151 1940 )

2230 1975 2282 2029 1.
2316 1975 2506 2044 Ingens
2548 1977 2752 2034 lucrum
2776 2022 2792 2046 ,
2833 1981 3152 2054 grandisque
3181 1984 3462 2043 thesaurus
3487 1989 3539 2044 in
3569 1990 3753 2047 verbis

2157 2080 2276 2136 qua:
2302 2065 2461 2122 hodie
2483 2068 2646 2136 lecta,
2680 2073 2888 2127 tametsi
2921 2089 3084 2142 pauca
3110 2075 3250 2144 sint,
3279 2077 3468 2134 latent.
3500 2081 3579 2135 Eo
3601 2082 3748 2137 enim

2158 2158 2318 2213 modo
2343 2175 2402 2215 se
2424 2159 2620 2216 habent
2645 2162 2820 2218 divina
2849 2164 3080 2236 eloquia,
3102 2175 3162 2221 ut
3181 2169 3376 2224 multas
3399 2171 3616 2228 divitias
3637 2189 3747 2231 non

2157 2250 2210 2304 in
2243 2252 2578 2308 multitudine
2605 2257 2908 2326 verborum,
2940 2259 3034 2314 sed
3065 2261 3116 2314 in
3147 2261 3406 2320 brevitate
3433 2281 3746 2324 sermonum

2156 2343 2484 2398 contineant.
2516 2347 2626 2416 Age
2653 2346 2808 2417 igitur
2831 2350 3170 2420 exploremus
3193 2368 3254 2409 ea
3282 2371 3404 2426 qua:
3431 2355 3574 2412 dicta
3599 2370 3747 2424 sunt,

2155 2444 2210 2488 et
2233 2434 2501 2489 hodierna:
2525 2437 2765 2493 lectionis
2789 2441 2892 2494 vim
2913 2441 3196 2512 diligenter
3221 2444 3580 2501 addiscamus.
3613 2448 3749 2504 Nam

2155 2526 2233 2580 sic
2263 2527 2453 2582 iterum
2481 2529 2712 2585 scientius
2737 2546 2794 2586 et.
2821 2533 3134 2601 patriarcha:
3161 2537 3435 2604 cupiosam
3461 2539 3748 2606 virtutem,

2155 2627 2208 2674 et
2237 2619 2328 2674 Dei
2349 2622 2695 2676 excellentem
2722 2624 3079 2680 clementiam.
3104 2627 3154 2681 l-
3197 2625 3266 2681 Et
3305 2628 3498 2698 factum
3526 2641 3630 2698 est,
3665 2631 3750 2685 in-

2155 2713 2289 2782 quit,
2319 2723 2430 2781 post
2457 2714 2604 2767 verba
2624 2713 2749 2781 lucc,
2778 2713 2918 2771 Deus
2938 2719 3158 2772 tentabnt
3176 2720 3430 2775 Abraham
3460 2721 3610 2794 (Cap.
3629 2724 3747 2794 22).

2154 2801 2290 2867 Quid
2316 2803 2420 2855 sibi
2448 2803 2631 2858 volunt
2667 2805 2782 2861 lucc
2809 2807 2967 2862 verba
2985 2850 3002 2875 ,
3033 2807 3102 2862 Et
3129 2810 3321 2878 factum
3359 2821 3431 2866 est
3451 2821 3568 2882 post
3590 2815 3750 2870 verba

2156 2891 2283 2959 lucc,
2309 2892 2528 2947 tentabat
2561 2893 2696 2949 Deus
2723 2895 3023 2951 Abraham?
3048 2898 3363 2970 Considera,
3384 2902 3631 2970 obsecro,
3661 2904 3755 2958 tli-

2154 2984 2332 3038 vinam
2359 2983 2707 3055 Scripturam,
2737 2989 3004 3057 quomodo
3030 2991 3183 3046 nobis
3205 2991 3338 3060 justi
3365 2993 3611 3049 virtutem
3637 2995 3748 3064 jam

2157 3075 2284 3129 velit
2307 3073 2575 3146 detegere.
2603 3077 2668 3132 Et
2696 3078 2817 3148 quia
2845 3088 3121 3136 narratura
3151 3089 3252 3147 est,
3282 3085 3553 3153 quomodo
3575 3085 3752 3140 Abra-

2154 3166 2280 3224 ham
2309 3185 2339 3224 a
2373 3170 2482 3226 Deo
2511 3178 2741 3225 tentatus
2769 3172 2867 3238 sit,
2901 3173 3046 3242 prius
3076 3174 3187 3227 vult
3215 3183 3273 3228 ut
3308 3174 3581 3231 discamus
3611 3186 3749 3232 tem-

2155 3275 2254 3330 pus
2274 3302 2288 3326 ,
2317 3276 2422 3330 quo
2453 3260 2568 3314 haec
2601 3261 2916 3330 patriarcha:
2957 3272 3219 3334 praecepta
3259 3273 3424 3331 sunt,
3455 3276 3509 3321 et
3533 3267 3751 3338 quando

2149 3352 2332 3418 jussus
2357 3363 2440 3406 est
2467 3352 2661 3408 oll‘erre
2688 3352 2925 3407 lsaacum
2948 3395 2963 3422 ,
2991 3367 3049 3408 ut
3078 3356 3219 3410 scias
3244 3371 3490 3427 magnam
3521 3360 3752 3427 patriar-

2153 3444 2268 3499 cha:
2289 3445 2661 3511 obedientiam,
2689 3454 2743 3500 et
2761 3447 3030 3516 quomodo
3053 3447 3146 3502 Dei
3162 3448 3326 3517 jussis
3347 3449 3476 3504 nihil
3501 3451 3751 3521 praeferri

2156 3550 2342 3605 passus
2370 3535 2457 3589 sit.
2483 3535 2619 3603 Quid
2648 3536 2807 3606 igitur
2827 3546 2928 3602 est,
2952 3535 3168 3592 Factum
3185 3548 3257 3594 est
3281 3550 3447 3593 autem
3469 3551 3578 3612 post
3602 3543 3753 3596 verba

2155 3626 2260 3679 hac
2277 3627 2302 3679 .9
2322 3625 2581 3691 Quoniam
2605 3636 2878 3697 postquam
2903 3639 3054 3682 natus
3074 3638 3156 3683 est
3185 3629 3354 3696 Isaac,
3377 3631 3592 3702 quando
3613 3634 3755 3690 vidit

2155 3717 2314 3773 Sarra
2361 3718 2637 3773 lsmaelem
2679 3719 2833 3773 simul
2862 3721 3062 3774 versari
3096 3735 3220 3775 cum
3245 3720 3395 3777 Isaac
3419 3765 3434 3790 ,
3463 3724 3606 3778 sicut
3633 3724 3749 3780 heri

2153 3811 2306 3865 vobis
2335 3811 2566 3866 diximus
2590 3853 2602 3876 ,
2645 3811 2748 3867 hoc
2789 3829 2931 3883 argre
2969 3814 3146 3870 ferens
3170 3857 3185 3880 ,
3213 3815 3424 3871 dicebat
3468 3819 3702 3872 Abraha:
3733 3834 3749 3871 :

2154 3902 2302 3972 Ejice
2327 3906 2564 3958 ancillam
2590 3915 2637 3960 et
2657 3907 2822 3976 filium
2849 3908 2960 3976 ejus
2989 3923 3007 3961 :
3033 3923 3133 3961 non
3161 3909 3294 3961 enim
3316 3909 3412 3964 erit
3438 3909 3581 3963 heres
3611 3910 3752 3978 ﬁlius

2153 3996 2356 4050 ancillis
2377 4013 2491 4050 cum
2516 3998 2624 4065 ﬁlio
2653 4014 2763 4051 meo
2791 4001 2808 4067 (
2835 3996 2964 4053 Gen.
2995 3998 3232 4068 21.10);
3264 4014 3497 4071 cumque
3526 4000 3630 4056 hoc
3657 4017 3754 4072 pa-

2154 4087 2402 4143 triarcha:
2437 4088 2627 4144 durum
2659 4089 2926 4144 videretur
2947 4129 2962 4152 .
2991 4090 3176 4146 volens
3209 4106 3334 4146 eum
3374 4091 3516 4147 Deus
3550 4107 3750 4147 conso-

2155 4180 2276 4248 lari,
2302 4182 2377 4236 ait
2405 4199 2418 4234 :
2451 4182 2590 4236 Audi
2617 4181 2830 4238 Sarram
2863 4199 3083 4239 uxorem
3117 4194 3284 4252 tuam,
3313 4194 3370 4242 et
3394 4185 3478 4242 fac
3505 4187 3649 4258 quod
3680 4190 3750 4242 ab

2154 4290 2218 4330 ea
2247 4274 2448 4329 dictum
2479 4284 2561 4329 est
2594 4291 2608 4328 :
2640 4289 2813 4345 neque
2837 4275 3078 4330 videatur
3106 4277 3198 4330 tibi
3226 4275 3417 4332 durum
3444 4318 3460 4343 ,
3488 4279 3633 4348 quod
3663 4280 3751 4333 di-

2155 4374 2298 4420 ctum
2325 4373 2408 4420 est
2427 4365 2495 4420 de
2524 4380 2689 4436 puero
2713 4375 2766 4420 et
2790 4364 2858 4419 de
2883 4368 3096 4421 ancilla.
3124 4367 3190 4421 In
3214 4366 3368 4423 Isaac
3389 4369 3525 4422 enim
3550 4371 3752 4424 vocabi-

2156 4467 2238 4511 tur
2266 4457 2352 4511 tibi
2378 4474 2545 4512 semen
2574 4461 2591 4530 (
2619 4457 2700 4513 Ib.
2733 4475 2781 4512 v.
2815 4457 2884 4513 12
2904 4461 2946 4530 ),
2977 4471 3032 4515 et
3057 4461 3206 4514 illum
3231 4477 3445 4532 quoque
3474 4463 3666 4518 faciam
3697 4465 3749 4518 in

2155 4558 2365 4619 gentem
2389 4563 2633 4618 magnam
2657 4589 2673 4616 ,
2704 4549 2826 4619 quia
2854 4563 3036 4606 semen
3068 4561 3216 4605 tuum
3242 4561 3342 4607 est.
3375 4552 3444 4607 Et
3467 4554 3654 4608 omnis
3676 4553 3752 4610 illi

2155 4655 2185 4694 a
2215 4641 2326 4696 Deo
2361 4641 2496 4697 facta
2533 4643 2820 4712 promissio
2845 4657 2911 4698 eo
2941 4644 3221 4712 tendebat,
3264 4655 3321 4700 ut
3363 4646 3475 4701 nati
3504 4662 3572 4702 ex
3605 4648 3753 4704 Isaac

2155 4733 2208 4790 in
2238 4749 2485 4805 magnum
2521 4737 2772 4806 p0pulum
2814 4747 3252 4807 propagarentur.
3283 4735 3416 4792 Cum
3447 4754 3578 4810 ergo
3605 4739 3750 4795 bona

2155 4825 2458 4896 hujusmodi
2488 4841 2584 4897 spe
2611 4828 2845 4883 aleretur
2867 4829 3063 4896 justus,
3089 4837 3211 4899 post
3234 4838 3408 4884 tantas
3428 4840 3481 4886 et
3503 4841 3612 4887 tam
3639 4833 3751 4888 fre-

2155 4929 2376 4988 quentes
2402 4935 2668 4975 aerumnas
2695 4929 2750 4975 et
2778 4921 3116 4986 tentationes,
3141 4935 3324 4976 earum
3351 4933 3569 4992 accepta
3599 4939 3752 4980 mer-

2154 5009 2304 5076 cede,
2333 5019 2386 5066 et
2414 5011 2466 5065 in
2496 5020 2608 5065 tuto
2633 5010 2847 5065 demum
2874 5011 3179 5078 collocatus,
3212 5028 3322 5081 prae
3340 5015 3512 5069 oculis
3543 5013 3752 5071 habens

2154 5101 2256 5157 sibi
2284 5117 2655 5157 successurum
2687 5101 2962 5169 heredem,
2991 5117 3179 5158 secure
3202 5104 3424 5173 agebat,
3456 5106 3750 5162 maximam

2140 5194 2277 5250 inde
2299 5194 2594 5264 percipiens
2618 5195 3057 5249 consolationem.
3089 5194 3289 5250 Verum
3315 5198 3404 5268 qui
3430 5198 3751 5256 abscondita

2151 5288 2394 5343 cordium
2425 5286 2570 5342 novit
2591 5327 2608 5352 ,
2637 5287 2821 5342 volens
2849 5287 3002 5342 nobis
3024 5287 3156 5357 justi
3184 5286 3344 5359 hujus
3369 5291 3624 5346 virtutem
3653 5292 3750 5347 de-

2157 5390 2372 5452 tegere,
2402 5391 2458 5436 et
2495 5395 2743 5451 magnum
2773 5396 3011 5437 amorem
3037 5397 3196 5452 quem
3223 5397 3347 5452 erga
3388 5397 3448 5438 se
3486 5385 3748 5454 gerebat,

2151 5482 2272 5542 post
2313 5480 2389 5527 tot
2433 5473 2812 5544 promissiones
2853 5483 2907 5529 et
2951 5472 3088 5528 hanc
3133 5489 3346 5544 quoque
3387 5491 3508 5546 qua:
3555 5491 3753 5532 recens

2149 5563 2287 5621 facta
2312 5579 2448 5634 erat,
2476 5577 2529 5622 et
2548 5567 2700 5638 cujus
2724 5566 3036 5623 memoriam
3063 5569 3238 5624 adhuc
3267 5570 3473 5624 ﬁrmam
3509 5572 3748 5638 tenebat,

2147 5675 2269 5716 cum
2296 5661 2398 5731 iam
2428 5661 2759 5717 adolesceret
2785 5661 2949 5727 Isaac,
2989 5672 3041 5717 et
3072 5663 3123 5717 in
3155 5662 3271 5732 ipso
3296 5665 3469 5720 aetatis
3499 5664 3633 5720 ﬁore
3662 5681 3752 5719 es-

2151 5761 2253 5822 set,
2275 5762 2644 5825 cresceretque
2662 5757 2830 5824 patris
2853 5768 2979 5826 erga
3006 5753 3156 5811 illum
3180 5753 3420 5827 dilectio,
3444 5767 3565 5829 post
3585 5756 3750 5814 verba
