4078 6474
355 436 461 490 ιε’]

352 553 525 622 γέτην
564 554 673 615 τοῖς
703 552 959 616 ἐναντίοις
988 551 1176 607 λοιπὸν
1205 553 1480 625 ἠμείϐετο,
1522 559 1614 609 καί
1646 555 1703 608 ὃν
1731 553 1898 623 ἐχρῆν
1930 568 2031 603 σω-

349 638 506 708 τῆρα
548 639 643 693 καὶ
693 639 988 710 εὐεργέτην
1018 641 1436 711 ἐπιγράφεσθαι,
1474 643 1661 695 τοῦτον
1700 641 1905 694 ἀνελεῖν
1939 641 2033 691 ἐπ-

351 726 653 797 εχείρει.⁹“Ω
682 728 876 796 μανίας
904 728 1205 799 ὑπερϐολήε
1245 728 1290 781 ὣ
1333 729 1719 799 παραπληξίας
1749 727 2028 786 ἐπίτασιςε

1460 440 1524 494 IN
1564 439 1718 494 CAP.
1767 436 1907 492 XXII
1948 431 2195 491 GENES.
2240 435 2472 495 HOMIL.
2515 439 2721 496 XLVII.

3698 442 3801 495 4⁸28

2149 552 2519 627 ’Υπερίδωμεν
2560 554 2674 621 οῦν,
2706 556 3027 629 παρακαλῶ,
3062 556 3170 610 τῶν
3219 556 3520 627 παρόντων,
3554 558 3800 626 ποθήσω-

2136 658 2236 711 μεν
2267 645 2335 696 τά
2367 645 2650 713 μέλλοντα,
2682 645 2781 715 τὴν
2816 644 3026 697 εὐνοιαν
3053 645 3153 714 τὴν
3182 645 3333 714 παρά
3366 644 3458 696 τοῦ
3493 643 3625 696 Θεοῦ
3663 644 3798 697 πάν-

2134 746 2242 782 των
2277 732 2653 802 προτιμῶμεν,
2682 733 2776 785 καὶ
2807 733 2893 785 διά
2913 734 3011 801 τῆς
3037 732 3263 803 ἀρίστης
3285 730 3557 794 πολιτείας
3588 732 3799 794 ἑαυτοῖς

355 810 464 913 Τρν
484 812 582 911 Δτὴν
605 812 751 913 ζωὴν
774 813 922 913 αὐτῷ
949 816 1335 887 χαρισάμενον,
1364 816 1456 869 καὶ
1486 817 1661 870 πάντα
1692 815 1782 867 τὸν
1807 813 2031 910 στρατὸν
2047 842 2113 913 0
2131 818 2333 887 πολλὴν
2358 820 2795 891 προαποθώμεθα
2820 819 2917 890 τὴν
2949 820 3284 890 παρρησίαν,
3312 819 3396 870 ἴνα
3420 818 3514 872 καὶ
3536 818 3626 871 τὸν
3655 836 3798 889 nap-

351 900 525 954 αὐτοῦ
556 899 998 971 ἐλευθερώσαντα
1024 904 1120 973 τῆς
1146 902 1240 956 τοῦ
1268 903 1563 971 ἀλλοφύλου
1593 902 1808 973 μανίας,
1842 900 2026 952 τοῦτον
2072 899 2106 913 ’
2127 901 2257 954 όντα
2285 902 2398 972 βίον
2435 904 2656 968 ἀλύπως
2683 904 2929 959 διανύσαι
2960 904 3295 975 δυνηθῶμεν,
3326 903 3550 956 καὶτῶν
3579 904 3797 973 μελλόν-

352 986 431 1051 ὼς
465 987 720 1058 πολέμιον
750 988 935 1042 λονπὸν
964 990 1241 1062 ὑφωρᾶτο,
1280 990 1374 1043 καὶ
1420 991 1539 1043 οὐδὲ
1588 987 1805 1063 ἔναυλος
1834 982 1966 1040 οὖσα
1995 987 2027 1055 ἡ

350 1072 643 1145 εὐεργεσία
685 1077 1024 1146 περιεγίνετο
1058 1078 1150 1130 τοῦ
1186 1078 1408 1141 πάθους,
1451 1077 1587 1131 ἀ).λά
1628 1076 1876 1145 καθάπερ
1925 1074 2028 1126 ὑπὸ

356 1160 536 1231 μέθης
562 1162 726 1226 τινὸς.
748 1163 854 1216 ὑπὸ
887 1163 980 1217 τοῦ
1014 1164 1207 1233 φθόνου
1241 1164 1529 1228 σκοτωθεὶς
1556 1165 1646 1219 τὸν
1670 1165 1769 1234 τῆς
1792 1162 2029 1225 διανοίας

350 1246 636 1317 λογισμὸν,
671 1250 762 1304 τὸν
792 1252 1087 1323 εὐεργέτην
1112 1253 1187 1318 ὡς
1216 1254 1469 1323 πολέμιον
1498 1252 1664 1324 ἐώρα.

421 1333 488 1390 ε’.
526 1337 775 1391 Τοιοῦτον
826 1339 995 1412 γάρή
1028 1342 1194 1394 κακία
1227 1342 1319 1394 τοῦ
1357 1341 1561 1404 πάθους
1585 1340 1774 1393 τούτου
1799 1354 1816 1372 ⁶
1878 1337 2024 1409 αὐτῷ
2107 1381 2113 1387 .

349 1422 617 1495 πρότερον
665 1425 982 1496 λυμαίνεται
1016 1428 1094 1497 τῷ
1131 1429 1287 1482 τοῦτο
1322 1430 1582 1482 τίκτοντι.
1628 1429 1739 1481 Καὶ
1773 1425 2025 1497 καθάπερ

352 1507 573 1579 σκώληξ
595 1511 699 1566 ὑπὸ
717 1512 809 1566 τοῦ
843 1512 999 1577 ξύλου
1024 1516 1333 1587 τικτόμενος
1353 1516 1483 1569 αὐτὸ
1506 1516 1766 1586 πρότερον
1789 1514 1847 1567 τὸ
1872 1514 2023 1579 ξύλον

348 1597 738 1654 καταναλίσκει
756 1617 771 1630 '
809 1601 952 1655 οῦτω
978 1604 1071 1655 καὶ
1098 1605 1125 1655 6
1154 1605 1343 1673 φθόνος
1375 1604 1590 1675 ἐκείνην
1622 1602 1884 1674 πρότερον
1911 1602 2023 1655 δια-

347 1679 564 1753 φθείρει
595 1684 691 1757 τὴν
731 1688 995 1742 τεκοῦσαν
1039 1691 1199 1744 αὐτὸν
1246 1692 1443 1764 ψυχὴν,
1473 1692 1566 1745 καὶ
1616 1691 1677 1743 τὸ
1715 1689 1953 1743 ἐναντίον
1984 1691 2018 1760 ἢ

349 1768 604 1837 βούλεται
629 1774 718 1827 τὸν
753 1776 1114 1847 φθονούμενον
1146 1778 1433 1849 διατίθησι.
1473 1776 1620 1850 [472]
1647 1778 1737 1847 Μὴ
1781 1776 1889 1848 γάρ
1931 1794 2021 1847 μοι

342 1856 415 1909 τά
453 1861 714 1931 προοίμια
743 1864 933 1919 σκόπει
955 1865 1046 1918 ἐπὶ
1076 1866 1182 1919 τῶν
1212 1867 1612 1937 φθονουμένων,
1643 1866 1778 1919 ἀλλά
1801 1866 1934 1936 πρὸς
1958 1867 2018 1918 τὸ

342 1943 504 2008 τέλος
527 1948 724 2018 ἀφόρα,
763 1952 857 2004 καὶ
897 1953 1063 2006 ἐννόει
1096 1954 1176 2006 ὃτι
1204 1954 1341 2024 αὐτὴ
1371 1954 1404 2025 η
1432 1953 1597 2007 κακία
1626 1952 1734 2005 τῶν
1764 1952 2017 2022 φθονούν-

342 2050 458 2086 των
489 2037 568 2099 είς
603 2037 825 2108 μείζονα
865 2043 1217 2113 περιφάνειαν
1264 2044 1386 2110 ἄγει
1434 2044 1560 2105 τοὺς
1604 2040 2013 2110 φθονουμένους.

347 2121 415 2173 Οἱ
450 2122 550 2192 μὲν
581 2123 687 2195 γὰρ
722 2127 815 2179 καὶ
837 2128 928 2180 τὸν
950 2128 1082 2182 Θεὸν
1111 2128 1424 2197 ἐφέλκονται
1452 2131 1532 2193 είς
1564 2129 1895 2199 συμμαχίαν,
1922 2129 2016 2182 καὶ

341 2208 451 2278 τῆς
488 2210 693 2266 ἀνωθεν
735 2214 1065 2271 ἀπολαύουσι
1115 2218 1318 2288 ῥοπῆς·
1362 2220 1390 2270 6
1435 2216 1491 2269 δὲ
1538 2216 1741 2287 ταύτης
1789 2217 2012 2288 ἔρημος,

346 2299 518 2351 πᾶσιν
554 2300 962 2374 εὐεπιχείρητος
992 2306 1222 2374 γίνεται,
1251 2306 1344 2359 καὶ
1376 2305 1480 2376 πρὸ
1503 2306 1610 2360 τῶν
1638 2305 1833 2370 ἔξωθεν
1860 2309 2018 2359 πολε-

343 2385 491 2455 μίων
534 2388 623 2441 ὑπ’
653 2390 818 2444 αὐτοῦ
853 2392 946 2445 τοῦ
986 2393 1190 2456 πάθους
1237 2392 1688 2464 πολιορκούμενος
1733 2395 2013 2463 μονονουχὶ

341 2476 924 2546 καταναλίσκεται,καὶ
957 2478 1143 2550 ῶσπερ
1172 2480 1387 2550 ἀδήλοις
1412 2480 1630 2548 γνάθοις
1658 2480 2011 2550 κατεσθιόμε-

338 2576 455 2624 νος,
481 2560 624 2615 οῦτω
654 2563 1416 2636 δαπανώμενος,ὑποϐρύχιος,
1452 2566 1525 2629 ὼς
1560 2568 1753 2629 εἰπεῖν,
1782 2568 2009 2635 γίνεται.

340 2649 527 2722 Ὅπερ
571 2648 769 2713 εἰδότες
822 2651 1132 2722 φεύγωμεν,
1182 2652 1516 2722 παρακαλῶ,
1565 2652 1664 2722 τὴν
1700 2653 1878 2725 λύμην
1914 2656 2009 2709 τοῦ

339 2739 573 2803 πάθους,
598 2742 690 2795 καί⁵
712 2738 859 2815 πάσῃ
879 2740 1105 2813 δυνάμει
1132 2739 1461 2812 ἐξορίζωμεν
1490 2739 1648 2793 τοῦτο
1678 2742 1775 2812 τῆς
1803 2742 2012 2801 ἑαυτῶν

337 2825 545 2895 ψυχῆς.
572 2828 799 2882 Πάντων
821 2831 929 2901 γάρ
957 2830 1064 2883 τῶν
1100 2830 1283 2884 παθῶν
1309 2826 1466 2885 τοῦτο
1498 2830 1778 2902 όλεθριώτε
1790 2850 1900 2903 ρον,
1918 2836 2013 2887 καὶ

335 2913 479 2983 αὐτῇ
516 2914 669 2984 ἡμῶν
700 2918 766 2986 τῇ
792 2917 1033 2989 σωτηρίᾳ
1071 2917 1460 2989 λυμαινόμενον
1484 2937 1498 2951 ο
1520 2918 1614 2971 τοῦ
1640 2918 1749 2991 γάρ
1774 2921 2011 2992 πονηροῦ

332 3001 583 3055 διαϐόλου
603 3004 752 3057 ἐστὶν
773 3004 903 3076 εὖρη
913 3022 1008 3076 μα.
1043 3007 1119 3058 Δι’
1139 3006 1168 3058 6
1184 3007 1277 3060 καί
1302 3024 1384 3071 τις
1405 3007 1567 3076 σοφὸς
1588 3007 1740 3076 ἔλεγε
1759 3026 1773 3040 ο
1809 3009 2014 3073 Φθόνῳ

336 3086 455 3159 [δὲ]
503 3088 783 3145 διαϐόλου
832 3090 1085 3158 θάνατος
1141 3093 1426 3163 εἰσῆλθεν
1480 3097 1567 3158 εἰς
1612 3094 1719 3148 τὸν
1759 3095 2007 3164 κόσμον.

333 3176 405 3229 Τί
441 3178 590 3230 ἐστι’
628 3180 833 3243 Φθόνῳ
873 3179 941 3231 δὲ
986 3180 1268 3235 διαϐόλου
1299 3180 1546 3247 θάνατος
1595 3182 1877 3250 εἰσῆλθεν
1924 3185 2012 3248 εἰς

331 3264 449 3317 τὸν
470 3267 738 3334 κόσμον;
779 3267 997 3339 Ἐπειδὴ
1031 3268 1138 3341 γάρ
1167 3265 1271 3322 εἶδε
1299 3269 1360 3321 τὸ
1385 3269 1618 3340 πονηρὸν
1649 3268 1805 3321 τοῦτο
1826 3268 2011 3339 θηρίον

330 3353 605 3407 ἀθάνατον
632 3356 921 3425 γενόμενον
952 3357 1042 3410 τὸν
1072 3356 1515 3428 πρωτόπλαστον,
1552 3356 1639 3409 διὰ
1672 3356 1770 3427 τῆς
1806 3356 2011 3422 οἰκείας

333 3442 605 3511 πονηρίας
646 3443 727 3505 εἰς
761 3441 857 3512 τὴν
904 3444 1001 3513 τῆς
1047 3444 1265 3516 ἐντολῆς
1314 3445 1597 3516 παρακοὴν
1626 3446 1785 3498 αὐτὸν
1816 3446 2007 3516 ἤγαγε,

330 3529 434 3582 καὶ
461 3529 530 3581 δι’
557 3527 771 3597 ἐκείνης
801 3528 893 3582 τοῦ
931 3528 1156 3584 θανάτου
1184 3524 1281 3601 τὴν
1307 3533 1575 3603 τιμωρίαν
1605 3533 2009 3603 παρεσκεύασεν

330 3616 502 3671 αὑτὸν
535 3616 1039 3670 ἐπισπάσασθαι.⁹0
1074 3618 1263 3685 φθόνος
1294 3619 1470 3672 τοίνυν
1507 3620 1604 3689 τὴν
1645 3622 1859 3690 ἀπάτην
1901 3624 2010 3693 εἰρ-

328 3705 617 3774 γάσατο,ἠ
643 3705 824 3774 ἀπάτη
857 3704 955 3775 τὴν
982 3706 1334 3776 παρακοὴν,ή
1370 3708 1619 3779 παρακοὴ
1641 3708 1731 3762 τὸν
1761 3708 2006 3764 θάνατον.

327 3792 435 3845 Δια
458 3789 615 3843 τοῦτό
642 3807 773 3859 φησι
793 3806 806 3819 °
839 3791 1041 3857 Φθόνῳ
1065 3790 1178 3863 [δὲ]
1210 3792 1493 3845 διαϐόλου
1522 3792 1775 3857 θάνατος
1802 3792 2011 3862 simi}.-

328 3883 441 3934 θεν
486 3882 573 3943 εἰς
602 3880 711 3932 τὸν
741 3879 991 3948 κόσμον.
1028 3877 1182 3944 Εἶδες
1226 3881 1365 3951 πόση
1396 3880 1488 3933 τοῦ
1522 3881 1724 3944 πάθους
1757 3884 1788 3951 ἡ
1823 3882 2006 3953 λύμης

327 3968 440 4019 Τὸν
474 3964 741 4036 ἀθανασία
770 3965 1067 4036 τιμηθέντα
1101 3965 1314 4037 θανάτῳ
1345 3966 1661 4020 ὑποκεῖσθαι
1689 3969 2005 4039 πεποίηκεν.

341 4056 489 4107 Ἀλλ’
513 4056 541 4106 6
575 4054 673 4124 μὲν
708 4053 899 4124 ἐχθρὸς
924 4056 1019 4125 τῆς
1048 4054 1322 4127 ἡμετέρας
1371 4056 1660 4127 σωτηρίας,
1688 4058 1779 4110 τὸν
1811 4060 2008 4112 οἰκεῖον

327 4143 528 4213 φθόνον
561 4144 807 4212 κινήσας,
836 4141 963 4195 ὄντα
992 4143 1259 4197 ἀθάνατον
1303 4143 1392 4197 τὸν
1440 4145 1860 4215 πρωτόπλαστον
1910 4146 2007 4199 θα-

326 4233 480 4301 νάτῳ
508 4230 985 4301 καταδικασθῆναι¹
1003 4233 1302 4303 πεποίηκεν
1322 4248 1334 4261 ·
1353 4234 1380 4285 6
1405 4233 1460 4285 δὲ
1492 4233 1739 4304 κηδεμὼν
1765 4234 1858 4288 καὶ
1890 4234 2007 4304 φιλ-

328 4320 620 4389 άνθρωπος
646 4320 921 4389 Δεσπότης
972 4320 1059 4373 διά
1090 4321 1181 4373 τοῦ
1221 4320 1453 4375 θανάτου
1494 4321 1587 4374 τοῦ
1612 4322 1813 4374 οἰκείου
1845 4322 2006 4375 πάλιν

324 4408 436 4477 τὴν
469 4406 765 4460 ἀθανασίαν
796 4410 927 4477 ἡμῖν
967 4408 1279 4477 ἐχαρίσατο,
1310 4409 1402 4461 καὶ
1434 4406 1656 4478 μείζονα
1688 4401 1761 4462 ὧν
1788 4409 2007 4462 ἀπωλέ-

327 4512 509 4566 σαμεν
554 4494 816 4566 εὕραμεν.
853 4496 1187 4567 Παραδείσου
1240 4497 1449 4557 ἐκεῖνος
1498 4495 1753 4567 ἐξήγαγε.
1785 4498 1879 4550 καὶ
1929 4498 2007 4561 εἰς

323 4583 425 4636 τὸν
477 4582 704 4653 οὐρανὸν
753 4574 906 4646 οὗτος
956 4582 1199 4653 ἀνήγαγε
1225 4598 1238 4611 ⁸
1286 4582 1499 4652 θανάτῳ
1546 4584 2006 4654 καταδικασθῆναι

325 4672 540 4731 ἐκεῖνος
579 4670 867 4740 πεποίηκε,
894 4669 988 4722 καὶ
1025 4669 1123 4740 τὴν
1150 4668 1447 4723 ἀθανασίαν
1486 4671 1616 4740 ἡμῖν
1643 4663 1797 4733 οὗτος
1825 4672 2008 4743 ἐχαρί-

324 4775 496 4811 σατο·
527 4757 627 4826 τῆς
662 4759 720 4810 ἐν
755 4757 1065 4828 παραδείσῳ
1106 4757 1317 4827 τρυφῆς
1360 4759 1731 4827 ἀπεστέρησεν
1778 4761 2002 4824 ἐκεῖνος,

323 4847 425 4901 καὶ
454 4845 728 4916 βασιλείαν
762 4847 893 4915 ἡμῖν
922 4846 1165 4917 οὐρανῶν
1196 4845 1516 4916 εὐτρέπισεν
1537 4841 1707 4909 οὗτος.
1739 4841 1888 4910 Εἶδες
1911 4846 2004 4899 τοῦ

322 4934 603 4987 Δεσπότου
647 4951 740 4987 σου
778 4934 842 4986 τὸ
885 4934 1211 5004 εὐμήχανον,
1259 4934 1353 4986 καὶ
1397 4934 1543 4996 ὅπως
1588 4933 1658 4986 τὰ
1708 4934 1857 5004 παρά
1907 4934 2005 5001 τῆς

326 5022 628 5091 βασκανίας
654 5021 792 5074 ὅπλα
816 5021 909 5074 τοῦ
940 5021 1185 5074 διαϐόλου
1220 5020 1362 5075 κατὰ
1399 5021 1496 5088 τῆς
1527 5020 1798 5091 ἡμετέρας
1833 5037 2006 5089 σωτη-

326 5108 453 5178 ρίας
488 5107 849 5177 γεγενημένα,
882 5108 1065 5159 ἐκεῖνα
1108 5107 1248 5160 αὐτά
1294 5106 1648 5177 περιέτρεψεν
1677 5109 1755 5169 εἰς
1783 5105 1879 5176 τὴν
1911 5107 2007 5159 αὑ-

278 5226 281 5227 ν
320 5194 424 5248 τοῦ
468 5194 746 5265 κεφαλήν;
794 5196 867 5247 υύ
911 5196 1072 5265 μόνον
1117 5196 1225 5267 γάρ
1257 5196 1401 5265 ἡμᾶς
1450 5193 1710 5265 μειζόνων
1753 5194 2004 5264 ἠξίωσεν,

322 5276 467 5333 ἀλλά
496 5281 589 5333 καὶ
618 5282 824 5335 ἐκεῖνον
852 5283 985 5352 ἡμῖν
1018 5283 1328 5352 ὑποχείριον
1359 5281 1577 5343 ἔδωκεν,
1605 5280 1773 5335 εἰπών
1796 5299 1808 5311 ·
1859 5281 2005 5335 Ἰδοὺ

322 5366 561 5421 δέδωκα
618 5367 763 5437 ὑμῖν
804 5368 1097 5432 ἐξουσίαν
1147 5368 1356 5422 πατεῖν
1403 5368 1602 5421 ἐπάνω
1649 5367 1843 5436 ὄφεων
1904 5367 2003 5421 καὶ

320 5455 657 5523 σκορπίων.
695 5455 878 5507 Ταῦτα
934 5456 1114 5509 τοίνυν
1162 5454 1374 5509 ἅπαντα
1420 5455 1757 5525 λογιζόμενοι
1792 5456 2005 5510 καὶτὸν

320 5540 527 5612 φθόνον
569 5542 670 5611 τῆς
712 5542 921 5595 ἐαυτῶν
948 5542 1127 5613 ψυχῆς
1164 5541 1512 5612 ἐξορίζωμεν,
1545 5543 1637 5595 καὶ
1669 5543 1766 5613 τὴν
1794 5542 2004 5597 εὐνοναν

319 5630 427 5699 τὴν
476 5628 629 5700 παρά
675 5629 771 5684 τοῦ
819 5630 953 5683 Θεοῦ
1000 5629 1379 5700 ἐπισπώμεθα.
1413 5630 1582 5682 Τοῦτο
1620 5631 1727 5700 γὰρ
1760 5630 1914 5701 ήμῶν
1945 5633 2006 5685 τὸ

318 5717 490 5771 ὅπλον
529 5717 589 5771 τὺ
631 5717 1074 5786 ἀκαταγὼνιστον
1099 5732 1112 5745 '
1149 5721 1306 5770 τοῦτο
1337 5716 1493 5787 ἡμῶν
1528 5718 1559 5786 ὴ
1589 5718 1817 5789 μεγίστη
1847 5734 2004 5789 περι-

319 5807 499 5859 ουσία.
537 5806 637 5859 Διά
667 5804 828 5859 τοῦτο
856 5806 949 5859 καὶ
976 5808 1003 5859 6
1040 5805 1283 5876 Ίσμαὴλ,
1318 5805 1492 5857 καίτοι
1524 5804 1641 5868 νέος
1673 5805 1768 5858 καὶ
1792 5808 1848 5859 ἐν
1876 5807 1992 5877 ἐρη-

320 5893 429 5965 μίᾳ
460 5892 536 5946 ῶν
559 5894 656 5947 καὶ
688 5892 857 5964 πολλῇ
889 5894 1113 5965 ἀπορίᾳ,
1145 5894 1338 5965 ἀθρόον
1369 5894 1599 5963 ηὐξήθη,
1631 5895 1724 5948 καὶ
1747 5896 1827 5957 εἰς
1849 5895 1999 5959 ἔθνος

323 5981 474 6050 μέγα
516 5980 821 6033 ἐπέδωκενο
868 5981 1054 6050 ἐπειδὴ
1094 5981 1155 6033 '0
1201 5982 1344 6047 Θεὸς
1385 5978 1484 6051 ἦν,
1523 5983 1673 6051 φησί,
1698 5984 1849 6050 μετὰ
1888 5984 1995 6038 τοῦ

322 6068 589 6123 παιδίου.
608 6066 889 6122 Ἐντεῦθεν
920 6068 1025 6136 γὰρ
1055 6070 1185 6135 ἡμῖν
1230 6071 1259 6122 6
1300 6068 1455 6137 λόγος
1485 6070 1623 6134 ἄπας
1652 6071 1987 6139 ἐξεκυλίσθη.

2128 1004 2235 1041 των
2284 988 2505 1057 ἀγαθῶν
2551 991 2913 1062 ἐπιτύχωμεν,
2950 992 3131 1062 χάριτι
3167 992 3263 1043 καὶ
3297 990 3671 1060 φιλανθρωπίᾳ
3696 989 3790 1043 τοῦ

2131 1072 2281 1147 [475]
2319 1077 2522 1148 Κυρίου
2551 1077 2709 1148 ἡμῶν
2768 1078 2940 1148 Ἰησοῦ
2975 1077 3230 1150 Χριστοῦ,
3286 1078 3403 1148 μεθ’
3429 1070 3488 1130 οῦ
3514 1077 3591 1146 τῷ
3622 1073 3793 1144 Πατρὶ

2128 1163 2243 1233 ἅμα
2263 1163 2340 1234 τῷ
2362 1166 2500 1235 ἀγίῳ
2522 1166 2798 1237 Πνεύματι
2822 1167 2968 1230 δόξα,
3001 1167 3219 1237 κράτος,
3248 1165 3402 1237 τιμὴ,
3432 1164 3526 1219 νῦν
3556 1164 3651 1218 καὶ
3682 1163 3788 1228 ἀεὶ,

2064 1291 2075 1310 ,
2126 1248 2221 1300 καὶ
2251 1250 2331 1312 εἰς
2360 1252 2484 1314 τοὺς
2512 1253 2713 1317 αἰῶνας
2744 1254 2853 1307 τῶν
2875 1253 3103 1307 αἰώνων.
3122 1254 3311 1325 Ἀμήν.

2746 1342 2987 1395 ΟΜΙΛΙΑ
3026 1344 3156 1396 MZ'.

2123 1424 2231 1478 Καὶ
2255 1423 2492 1494 ἐγένετο
2515 1434 2664 1496 μετά
2686 1429 2756 1482 τὰ
2772 1429 3010 1497 ῥήματα
3034 1428 3251 1493 ταῦτα,
3266 1432 3298 1482 ό
3320 1428 3462 1493 Θεὸς
3487 1426 3784 1496 ἐπείραζει

2748 1500 2854 1551 τὸν
2894 1497 3159 1570 Ἀϐραάμ.

2193 1587 2261 1633 α’.
2298 1581 2439 1635 Πολὺ
2468 1584 2575 1639 τῶν
2602 1585 2836 1655 σήμερον
2865 1587 2995 1656 ἡμῖν
3018 1585 3464 1653 ἀναγνωσθέντων
3489 1584 3548 1638 τὸ
3576 1584 3784 1655 κέρδος,

2122 1666 2217 1720 καὶ
2250 1669 2452 1737 ἄφατος
2480 1673 2508 1725 ό
2548 1671 2815 1744 θησαυρὸς
2851 1676 2878 1726 6
2910 1675 3020 1736 τοῖς
3057 1673 3279 1743 βραχέσι
3312 1673 3519 1735 τούτοις
3548 1674 3785 1743 ῥήμασιν

2122 1755 2584 1828 ἐγκεκρυμμένος.
2618 1760 2850 1813 Τοιαῦτα
2875 1760 2982 1831 γὰρ
3012 1760 3076 1813 τὰ
3106 1760 3222 1813 θεῖα
3258 1759 3444 1828 λόγια·
3475 1760 3575 1811 οὐκ
3612 1761 3667 1811 ἐν
3710 1759 3787 1829 τῷ

2121 1843 2311 1914 πλήθει
2362 1846 2470 1898 τῶν
2514 1847 2793 1917 ῥημάτων,
2837 1848 2949 1901 ἀλλ’
2976 1850 3034 1901 ἐν
3072 1852 3136 1918 τῇ
3173 1848 3433 1918 συντομία
3464 1846 3572 1900 τῶν
3613 1847 3787 1915 λόγων

2120 1929 2285 1983 πολὺν
2310 1933 2727 2004 ἐναποκείμενον
2743 1934 2854 2005 ἔχει
2873 1935 2965 1988 τὸν
2987 1934 3230 1989 πλοῦτον.
3251 1935 3385 2004 Φέρε
3409 1930 3522 1997 οὐν,
3546 1933 3785 1988 ἀναπτύ-

2119 2015 2297 2087 ξωμεν
2342 2019 2408 2073 τά
2463 2022 2747 2091 εἰρημένα,
2796 2023 2889 2075 καὶ
2938 2022 3340 2092 καταμάθωμεν
3388 2021 3630 2093 ἀκριϐῶς
3673 2021 3784 2074 τῶν

2119 2105 2356 2175 σήμερον
2396 2108 2846 2176 ἀναγνωσθέντων
2876 2108 2971 2181 τὴν
3003 2109 3246 2179 δύναμιν.
3281 2107 3440 2162 Οῦτω
3471 2109 3577 2180 γάρ
3621 2110 3782 2162 πάλιν

2116 2191 2377 2259 εἰσόμεθα
2409 2194 2503 2247 καὶ
2534 2194 2627 2247 τοῦ
2658 2196 2997 2267 πατριάρχου
3043 2196 3141 2266 τὴν
3190 2194 3389 2265 πολλὴν
3442 2191 3660 2266 ἀρετὴν,
3688 2197 3782 2249 καὶ

2114 2278 2206 2330 τοῦ
2233 2279 2367 2333 Θεοῦ
2394 2282 2493 2351 τὴν
2519 2282 2958 2353 ὑπερϐάλλουσαν
2990 2281 3414 2353 φιλανθρωπίαν.
3445 2282 3553 2334 Καὶ
3583 2282 3779 2352 ἐγένε-

2114 2382 2201 2421 το.
2229 2369 2381 2437 φησὶ,
2407 2370 2556 2437 μετὰ
2582 2371 2652 2423 τὰ
2664 2370 2903 2439 ῥήματα
2930 2371 3134 2433 ταῦτα,
3155 2374 3187 2423 ό
3219 2369 3360 2435 Θεὸς
3387 2368 3646 2436 ἐπειζοαζε
3674 2371 3780 2425 τὸν

2125 2452 2388 2524 Ἁϐραάμ.
2425 2456 2488 2508 Τί
2520 2456 2766 2526 βούλεται
2804 2460 2959 2512 ταυτὶ
2990 2458 3059 2510 τά
3101 2460 3352 2529 ῥήματα,
3391 2458 3498 2510 Καὶ
3543 2456 3778 2525 ἐγένετο

2107 2541 2256 2607 μετὰ
2286 2542 2357 2597 τὰ
2371 2542 2608 2611 ῥήματα
2626 2544 2831 2609 ταῦτα,
2855 2548 2886 2598 ό
2909 2544 3053 2610 Θεὸς
3071 2543 3333 2612 ἐπείραζε
3361 2544 3466 2597 τὸν
3497 2543 3769 2612 Ἄϐραάμ;

2113 2627 2310 2683 Σκόπει
2345 2647 2433 2700 μοι
2462 2630 2557 2703 τὴν
2586 2631 2737 2685 θείαν
2779 2632 3020 2703 Γραφὴν,
3046 2632 3159 2694 πῶς
3182 2630 3427 2684 ἐντεῦθεν
3466 2632 3564 2701 ἤδη
3593 2632 3778 2701 βούλε-

2112 2729 2199 2769 ται
2233 2716 2537 2786 ἐκκαλύψαι
2562 2721 2692 2788 ἡμῖν
2721 2719 2813 2771 τοῦ
2844 2718 3049 2771 δικαίου
3074 2719 3173 2788 τὴν
3212 2719 3430 2789 ἀρετήν.
3461 2719 3569 2772 Καὶ
3589 2719 3775 2790 ἐπειδὴ

2115 2804 2296 2874 μέλλει
2323 2804 2626 2875 διηγεῖσθαι
2654 2806 2752 2875 τὴν
2779 2810 2970 2877 πεῖραν
2997 2806 3094 2877 τὴν
3116 2807 3264 2877 παρά
3292 2806 3384 2859 τοῦ
3409 2805 3543 2859 Θεοῦ
3578 2808 3777 2874 ἐπαγοο

2115 2891 2283 2961 μένην
2312 2892 2392 2963 τῷ
2429 2892 2699 2963 Ἀϐραὰμ,
2724 2894 2987 2965 πρότερον
3016 2896 3157 2964 ἡμᾶς
3187 2893 3437 2963 βούλεται
3459 2894 3549 2946 τὸν
3587 2894 3777 2965 καιρὸν

2110 2980 2340 3045 διδάξαι,
2389 2980 2509 3033 καθ’
2534 2981 2591 3034 ὃν
2637 2980 2807 3034 ταῦτα
2840 2983 2867 3034 6
2900 2982 3245 3052 πατριάρχης
3287 2983 3631 3045 ἐπετάττετο,
3684 2983 3779 3035 καὶ

2111 3068 2241 3121 πότε
2291 3068 2381 3121 τὸν
2416 3068 2599 3122 Ἰσαὰκ
2644 3070 2951 3137 ἀνενεγκεῖν
2996 3068 3293 3134 ἐκελεύετο,
3327 3070 3412 3122 ἵνα
3460 3069 3636 3141 μάθῃς
3681 3068 3778 3141 τὴν

2112 3154 2310 3226 πολλὴν
2338 3155 2430 3208 τοῦ
2459 3158 2796 3229 πατριάρχου
2829 3156 3093 3227 ὑπακοὴν,
3125 3156 3218 3210 καὶ
3246 3157 3392 3219 ὅπως
3415 3156 3522 3209 τῶν
3549 3156 3627 3226 τῷ
3659 3156 3777 3226 Θεῷ

2109 3242 2407 3297 δοκούντων
2449 3245 2597 3297 οὐδὲν
2620 3246 2892 3315 προτιμᾷν
2914 3243 3190 3314 ἠνέσχετο.
3216 3243 3281 3295 Τί
3311 3238 3402 3297 οῦν
3440 3244 3608 3309 ἐστιν,
3627 3243 3778 3314 Ἐγέ-

2108 3346 2243 3383 νετο
2278 3330 2345 3382 δὲ
2368 3331 2520 3399 μετὰ
2564 3333 2635 3383 τὰ
2673 3330 2913 3399 ῥήματα
2960 3331 3182 3394 ταῦτα;
3226 3331 3440 3402 Ἐπειδὴ
3484 3331 3591 3402 γὰρ
3640 3331 3777 3402 μετά

2109 3420 2202 3472 τὸν
2254 3420 2349 3472 τοῦ
2391 3420 2576 3473 ἰσαάκ
2626 3420 2817 3482 τόκον,
2851 3421 3016 3490 ἡνίκα
3061 3420 3323 3472 ἐθεάσατο
3372 3423 3406 3490 ὴ
3458 3421 3644 3492 Σάρρα
3686 3420 3777 3475 τὸν

2122 3508 2344 3578 Ἰσμαὴλ
2384 3508 2949 3578 συναναστρεφόμενον
2986 3507 3062 3577 τῷ
3102 3506 3322 3572 Ἰσαάκ,
3364 3507 3614 3579 καθάπερ
3652 3509 3777 3579 χθὲς

2111 3597 2248 3667 πρὸς
2312 3598 2450 3665 ὑμᾶς
2510 3596 2877 3665 διελέχθημεν,
2918 3595 3289 3665 δυσχεράνασά
3340 3595 3475 3663 πρὸς
3533 3595 3687 3649 τοῦτο
3741 3601 3774 3666 η

2111 3685 2296 3755 Σάρρα
2333 3684 2482 3751 ἔλεγε
2522 3684 2655 3752 πρὸς
2694 3683 2782 3735 τὸν
2818 3681 3100 3751 Ἀϐραάμ*
3136 3683 3393 3735 ”Εκϐα.λε
3434 3680 3546 3749 τὴν
3584 3682 3776 3735 παιδί-

2109 3786 2274 3839 σκην
2306 3770 2401 3824 καὶ
2435 3770 2539 3823 τὸν
2568 3771 2700 3823 υἱὸν
2736 3769 2955 3838 αὐτῆς·
2988 3771 3058 3823 οὐ
3089 3770 3197 3838 γὰρ
3222 3768 3308 3838 μὴ
3343 3771 3773 3840 κληρονομήσῃ

2110 3861 2143 3911 ό
2181 3859 2311 3924 υἱὸς
2348 3858 2455 3926 τῆς
2497 3858 2817 3923 παιδίσκης
2868 3859 3017 3927 μετὰ
3067 3856 3173 3911 τοῦ
3226 3857 3358 3911 υἱοῦ
3405 3874 3557 3926 ,ιιουο
3600 3859 3771 3929 ἐφάνη

2107 3947 2163 3998 δέ
2218 3947 2374 4000 τοῦτο
2429 3946 2659 4017 σκληρὸν
2698 3946 2775 4017 τῷ
2814 3947 3156 4018 πατριάρχῃ,
3200 3945 3517 4015 βουλόμενος
3565 3948 3593 3997 6
3642 3947 3775 4010 Θεὸς

2109 4034 2600 4105 παραμυθήσασθαι
2637 4034 2727 4087 τὸν
2764 4034 2987 4099 δίκαιον,
3029 4033 3221 4104 φησίν·
3257 4032 3591 4086 ’Υπάκουσον
3629 4034 3773 4105 Σάρ-

2112 4125 2211 4193 ρας
2249 4121 2351 4192 τῆς
2387 4121 2641 4190 γυναικός
2684 4138 2799 4185 σου,
2828 4121 2920 4173 καὶ
2949 4120 3092 4172 ποίει
3118 4120 3178 4172 τὸ
3207 4120 3333 4190 παρ’
3356 4120 3524 4189 αὐτῆς
3552 4120 3773 4191 λεχθέν·

2109 4211 2201 4263 καὶ
2242 4211 2315 4282 μὴ
2357 4210 2590 4280 σκληρόν
2610 4227 2692 4263 σοι
2724 4208 2998 4279 φαινέσθω
3034 4206 3095 4260 τὸ
3132 4208 3259 4279 περὶ
3295 4207 3389 4261 τοῦ
3432 4208 3642 4261 παιδίου
3681 4209 3776 4263 καὶ

2107 4297 2207 4368 τῆς
2252 4298 2560 4369 παιδίσκης.
2600 4299 2701 4351 Ἐν
2738 4296 2847 4367 γὰρ
2888 4294 2965 4360 τῷ
3002 4295 3208 4350 Ἰσαὰκ
3260 4295 3627 4364 κληθήσεταί
3674 4312 3775 4350 σοι

2107 4387 2364 4457 σπέρμα,
2402 4388 2496 4440 καὶ
2533 4387 2720 4440 τοῦτον
2758 4387 2814 4440 δέ
2854 4387 3061 4456 ποιήσω
3100 4387 3177 4447 εἰς
3215 4384 3363 4446 ἔθνος
3404 4384 3562 4455 μέγα,
3587 4384 3772 4456 ἐπειδὴ

2110 4476 2330 4547 σπέρμα
2369 4476 2457 4528 σόν
2495 4476 2629 4528 ἐστι.
2676 4475 2786 4529 Καὶ
2825 4476 2971 4527 πᾶσα
3009 4475 3042 4544 ἡ
3082 4472 3372 4542 ὑπόσχεσις
3408 4471 3557 4541 αὐτῴ
3607 4473 3700 4524 καὶ
3737 4474 3772 4543 ή

2110 4563 2262 4634 παρά
2289 4561 2405 4616 τοῦ⁹
2429 4562 2563 4615 Θεοῦ
2601 4561 2900 4629 ἐπαγγελία
2923 4559 3058 4630 αὐτη
3088 4554 3176 4629 ἦν,
3199 4558 3339 4611 ὥστε
3368 4560 3448 4621 εἰς
3476 4559 3610 4615 πολὺ
3637 4559 3774 4631 πλῆ-

2109 4651 2199 4713 θος
2229 4650 2563 4703 ἐκτείνεσθαι
2595 4650 2717 4712 τοὺς
2752 4650 2815 4701 ὲκ
2847 4647 2939 4701 τοῦ
2970 4647 3151 4700 Ἰσαὰκ
3187 4646 3472 4715 τεχθέντας
3489 4647 3537 4699 ιι.
3557 4647 3772 4719 Ἐπειδὴ

2105 4737 2329 4800 ταύταις
2365 4740 2484 4799 ταῖς
2523 4736 2701 4788 ἐλπίσι
2738 4735 3070 4804 τρεφόμενος
3107 4736 3135 4787 6
3170 4733 3376 4797 δίκαιος
3408 4734 3652 4798 διετέλει,
3678 4738 3773 4789 καὶ

2106 4824 2180 4887 ὼς
2216 4822 2323 4875 τῶν
2360 4820 2627 4875 τοσούτων
2682 4820 2777 4874 καὶ
2823 4819 3137 4890 ἐπαλλήλων
3175 4819 3407 4889 θλίψεων
3446 4822 3540 4874 καὶ
3578 4838 3769 4892 πειρα-

2108 4909 2261 4981 σμῶν
2298 4909 2397 4973 τάς
2435 4908 2669 4979 ἀμοιϐὰς
2706 4908 3092 4978 κομισάμενος,
3135 4907 3227 4960 καὶ
3266 4910 3323 4960 ἐν
3361 4908 3626 4978 ἀσφαλείᾳ
3663 4908 3770 4961 λοι-

2040 5004 2043 5007 ’
2106 5000 2206 5051 πὸν
2256 4997 2491 5066 γεγονὼς
2516 5036 2531 5060 ,
2581 4996 2676 5049 καὶ
2732 4996 2873 5067 ὁρῶν
2922 4996 2980 5049 ἐν
3030 4996 3326 5065 ὀφθαλμοῖς
3376 4996 3467 5048 τὸν
3516 4995 3771 5065 μέλλοντα

2104 5084 2443 5155 διαδέχεσθαι
2485 5082 2650 5137 αὐτοῦ
2694 5083 2785 5136 τὸν
2816 5082 3048 5155 κλῆρον,
3090 5082 3231 5135 οὕτω
3279 5082 3415 5152 μετά
3446 5082 3626 5144 ἀδείας
3647 5082 3772 5134 καθ·

2106 5174 2372 5243 ειστήκει,
2410 5171 2671 5243 μεγίστην
2699 5170 2943 5224 ἐντεῦθεν
2982 5170 3334 5241 παραμυθίαν
3371 5168 3767 5238 καρπούμενος.

2118 5260 2257 5312 Ἀλλ’
2296 5260 2323 5311 ὁ
2350 5258 2418 5311 τὰ
2451 5259 2737 5331 ἀπόρρητα
2774 5258 2874 5326 τῆς
2900 5258 3136 5319 διανοίας
3173 5256 3555 5325 ἐπιστάμενος,
3586 5254 3769 5324 βουλόο

2113 5364 2273 5417 μενος
2301 5347 2433 5416 ἡμῖν
2468 5345 2772 5415 ἐκκαλύψαι
2806 5344 2900 5397 τοῦ
2935 5344 3141 5397 δικαίου
3180 5342 3277 5412 τὴν
3317 5342 3538 5412 ἀρετὴν,
3568 5342 3659 5395 καὶ
3678 5343 3770 5396 τὸν

2106 5434 2273 5488 πολὺν
2302 5433 2484 5497 πόθον,
2505 5434 2563 5486 ὃν
2584 5434 2711 5504 περὶ
2734 5432 2894 5486 αὐτὸν
2911 5429 3273 5490 ἐπεδείκνυτο,
3296 5428 3432 5498 μετά
3456 5430 3552 5493 τάς
3577 5429 3771 5483 τοσαύ-

2080 5556 2083 5559 λ
2105 5541 2197 5586 τας
2222 5523 2560 5593 ὑποσχέσεις,
2595 5523 2688 5575 καὶ
2718 5519 2917 5587 ταύτην
2929 5517 3026 5589 τὴν
3051 5517 3360 5587 πρόσφατον
3376 5520 3766 5589 γεγενημένην,

2107 5612 2201 5665 καὶ
2241 5606 2309 5681 ἧς
2360 5611 2460 5680 τὴν
2510 5610 2732 5679 μνήμην
2782 5604 3001 5659 ἔναυλον
3038 5601 3182 5675 εἶχεν
3226 5604 3394 5678 [47η.
3444 5608 3530 5659 ὅτε
3582 5606 3767 5660 λοιπὸν

2170 5773 2195 5800 ⁸
2210 5769 2468 5831 Ἐπείραζι,
2489 5764 2788 5824 lentabal,slc
2808 5764 2954 5831 etiam
2982 5762 3100 5812 infra
3123 5764 3172 5831 in
3195 5764 3336 5822 Non,
3358 5764 3406 5811 in
3436 5763 3566 5831 εον,
3589 5777 3635 5811 ιη
3651 5776 3761 5831 ,οφ-

2106 5823 2563 5889 nibnsque'omhino
2588 5840 2724 5885 mss.,
2758 5834 2829 5889 ut”
2852 5826 2985 5873 nulla
3012 5828 3160 5885 possit
3194 5838 3303 5889 εεςιξ
3344 5825 3507 5889 τηειιῷ
3529 5823 3761 5889 spspicip,

2112 5884 2400 5950 certumque
2423 5888 2485 5937 sit
2512 5884 3199 5950 ilalegiSse(Ibrxsoslbmum.
3217 5886 3337 5950 Min
3362 5884 3765 5933 editionibusubv

2110 5952 2177 6005 0'
2196 5948 2379 6015 legiliuf
2402 5948 3003 6015 émipaogﬂenmvillﬂod.
3029 5949 3173 5995 Alex.
3202 5948 3426 6015 ἐπείραζε.
3518 6007 3527 6014 1
3558 6007 3566 6015 _

2170 6015 2199 6055 ι
2221 6010 2767 6084 Αθόίόὶῐηυεζτεχθέντας
2791 6024 2819 6060 e
2846 6010 2989 6062 Cois].
3024 6017 3073 6059 et
3098 6023 3233 6071 marg
3277 6010 3417 6059 Sm‘il.
3446 6010 3527 6068 qui
3554 6010 3600 6052 in
3624 6010 3764 6053 textu

2102 6075 2419 6139 τικτομὲνους,
2448 6075 2526 6122 καὶ
2546 6075 2750 6129 ταύταις.
