4078 6438
378 400 482 454 429

379 510 439 561 ὲν
467 509 655 580 ἡλικίᾳ
686 508 907 577 γέγονεν
943 509 971 560 ὁ
1012 504 1217 571 Ἰσαὰκ,
1245 505 1339 559 καὶ
1386 507 1445 558 ἐν
1490 505 1639 575 αὐτῷ
1667 506 1745 577 τῷ
1767 505 1918 560 άνθει
1950 507 2053 575 τῆς

383 594 1004 666 ήλικίαςέτύγχανε,καὶ
1059 593 1149 647 τὸν
1193 593 1358 646 πόθον
1384 591 1480 646 τοῦ
1533 593 1740 664 πατρὸς
1780 592 1872 646 τὸν
1925 592 2053 663 περὶ

380 684 545 736 αὐτὸν
564 679 633 754 ἦν
662 683 789 736 ἰδεῖν
819 679 1199 751 αὐξανόμενον,
1222 681 1343 733 τότε
1376 679 1512 750 μετά
1540 681 1609 734 τὰ
1632 682 1852 751 ῥήματα
1878 678 2053 732 ταῦτα

382 768 482 838 τῆς
504 767 852 836 ἐπαγγελίας,
879 768 971 819 καὶ
991 765 1128 837 μετά
1156 765 1218 818 τδ
1249 767 1447 830 εἰπεῖν,
1475 767 1557 819 ὅτι
1597 768 1694 819 Ἐν
1719 764 1882 829 αὑτῷ
1905 768 2054 833 κλη-

385 854 634 921 θήσεταί
685 870 784 907 σοι
817 853 1076 922 σπέρμα,
1110 853 1205 906 καὶ
1256 853 1417 915 αὐτὸς
1459 853 1613 907 ἔσται
1653 870 1746 906 σου
1785 852 2048 923 διάδοχος·

384 943 541 995 Μετὰ
569 940 641 994 τὰ
659 939 897 1008 ῥήματα
918 940 1105 994 ταῦτα
1133 944 1164 994 ό
1194 940 1339 1005 Θεὸς
1362 939 1627 1007 ἐπείραζε
1649 940 1757 994 τὸν
1786 938 2049 1008 Ἁϐραάμ.

383 1027 450 1087 Τί
507 1029 673 1092 ἐστιν,
717 1024 1092 1094 Ἐπείραζεν;
1141 1028 1252 1096 Οὐχ
1286 1027 1361 1090 ὡς
1416 1027 1575 1090 αὐτὸς
1631 1026 1859 1095 ἀγνοῶν,
1919 1026 2054 1078 ἀλλά

384 1114 659 1183 προσῆγεν
692 1111 842 1182 αὐτῷ
876 1113 974 1181 τὴν
1010 1100 1226 1183 πεῖραν,
1270 1113 1354 1165 ἵνα
1386 1113 1482 1166 καὶ
1531 1114 1577 1166 οί
1612 1113 1731 1165 τότε
1759 1112 2050 1181 παρόντες,

384 1200 480 1254 καὶ
502 1200 550 1251 οἱ
573 1198 633 1263 ἐξ
671 1199 880 1253 ἐκείνου
934 1199 1095 1270 μέχρι
1127 1199 1220 1253 τοῦ
1264 1200 1532 1269 παρόντος
1564 1199 1926 1253 παιδεύωνται
1961 1197 2053 1250 τὸν

382 1287 547 1340 αὑτὸν
580 1285 742 1341 πόθον
764 1285 842 1357 τῷ
866 1286 1199 1358 πατριάρχῃ,
1229 1289 1323 1340 καὶ
1347 1286 1445 1357 τὴν
1479 1285 1725 1356 ὑπακοὴν
1753 1286 2056 1339 ἐπιδείκνυ-

389 1373 513 1427 σθαι
567 1374 699 1445 περὶ
739 1375 809 1428 τά
849 1372 944 1425 τοῦ
979 1373 1253 1426 Δεσπότου
1303 1374 1723 1444 προστάγματα.
1759 1374 1868 1446 καὶ
1903 1369 2053 1438 εἷπε,

386 1460 544 1531 φησὶ,
587 1463 736 1529 πρὸς
771 1462 986 1515 αὐτόν·
1027 1460 1305 1529 Ἀϐραὰμ,
1340 1459 1616 1530 Ἀϐραάμ.
1650 1461 1713 1513 '0
1752 1461 1819 1513 δὲ
1855 1456 2049 1513 εἶπεν·

400 1546 557 1602 Ἰδοὺ
583 1546 717 1616 ἐγώ.
748 1548 812 1600 Τί
850 1547 1096 1618 βούλεται
1136 1549 1164 1599 ό
1205 1547 1299 1600 τοῦ
1341 1549 1603 1617 ὀνόματος
1628 1546 2055 1616 διπλασιασμός;

385 1635 504 1705 Τῆς
528 1636 727 1706 πολλῆς
761 1636 974 1699 εὐνοίας
1012 1637 1111 1707 τῆς
1144 1638 1273 1707 περὶ
1304 1636 1395 1689 τὸν
1438 1636 1778 1711 πατριάρχην
1833 1634 2056 1705 σημεῖόν

383 1721 525 1789 ἐστι,
557 1725 651 1777 καὶ
671 1724 877 1777 ἐδείκνυ
902 1724 1050 1795 αύτῷ
1090 1724 1185 1777 καὶ
1211 1723 1299 1776 διὰ
1334 1727 1435 1793 τῆς
1463 1723 1727 1793 κλήσεως,
1758 1723 1841 1775 ὅτι
1872 1720 2053 1791 μέλλει

384 1824 444 1863 τι
495 1809 605 1864 τῶν
656 1810 969 1879 ἀναγκαίων
1017 1811 1165 1881 αὐτῷ
1215 1812 1539 1864 ἐπιτάττειν.
1613 1806 2053 1881 Παρασκευάζων

384 1896 566 1950 τοίνυν
595 1897 755 1951 αὐτὸν
791 1900 1060 1951 συντεῖναι
1090 1896 1281 1952 ἑαυτὸν
1333 1897 1427 1950 καὶ
1479 1896 1615 1968 μετά
1640 1897 1872 1968 σπουδῆς
1892 1911 2052 1965 προσ-

391 1982 533 2051 έχειν
569 1984 682 2049 τοῖς
741 1985 872 2059 παρ’
893 1985 1058 2039 αὐτοῦ
1088 1985 1424 2055 λεγομένοις,
1441 1983 1521 2055 τῷ
1548 1983 1931 2053 διπλασιασμῷ
1956 1982 2055 2052 τῆς

386 2072 635 2144 κλήσεως
678 2075 968 2144 ἐχρήσατο,
1011 2073 1103 2127 καί
1143 2089 1337 2144 ,φησιν’
1377 2071 1643 2141 Ἀϐραὰμ,
1690 2069 1964 2139 Ἀϐραάμ.
1995 2069 2057 2121 '0

385 2157 456 2211 δὲ
470 2142 655 2213 εἶπεν·
682 2142 837 2214 Ἰδοὺ
859 2159 991 2229 ἐγώ.
1026 2142 1149 2213 Καί
1164 2159 1323 2212 εἷπε·
1349 2156 1504 2211 Λάϐε
1532 2156 1637 2210 τὸν
1652 2156 1785 2210 υίόν
1808 2170 1922 2209 σου
1946 2154 2054 2207 τὸν

386 2245 718 2315 ἀγαπητόν,
758 2245 830 2299 ὃν
855 2245 1200 2317 ἠγάπησας,
1223 2246 1330 2298 τὸν
1370 2244 1588 2311 Ἰσαὰκ,
1603 2243 1702 2297 καὶ
1742 2243 2055 2311 πορεύθητι

386 2336 473 2401 είς
503 2334 617 2402 τὴν
644 2334 761 2406 γῆν
787 2335 902 2405 τὴν
953 2334 1236 2404 ὑψηλὴν,
1296 2333 1394 2387 καί
1433 2332 1721 2401 ἀνένεγκε
1753 2333 1892 2393 αύτέ
1905 2347 1942 2383 ιι·
1968 2332 2056 2395 είς

387 2421 811 2490 ὀλοκάρπωσιν
851 2422 945 2491 ἐφ’
986 2420 1059 2474 ἐν
1110 2419 1231 2474 τῶν
1263 2421 1469 2488 ὀρέων,
1503 2413 1592 2472 ὧν
1619 2418 1697 2472 ἄν
1732 2434 1831 2472 σοι
1885 2416 2050 2470 εἴπω.

386 2508 578 2577 Μέγας
605 2509 633 2561 ό
658 2506 821 2577 ὄγκος
850 2508 944 2562 τοῦ
970 2508 1363 2578 ἐπιτάγματος,
1398 2508 1492 2561 καὶ
1504 2506 1828 2578 ὐπρὸαῖνον
1850 2504 2061 2575 ἀνθρω-

386 2596 549 2667 πίνην
582 2595 743 2665 φύσιν
765 2596 826 2649 τὺ
856 2598 1104 2670 πρᾶγμα.
1135 2594 1291 2650 Λάϐε
1323 2596 1432 2650 τὸν
1454 2596 1589 2650 υίόν
1615 2609 1734 2649 σου
1772 2594 1878 2648 τὸν
1906 2593 2052 2653 ἀγα-

376 2681 608 2750 πητὸν,
641 2683 714 2738 ὃν
744 2684 1089 2753 ἠγάπησας,
1117 2683 1224 2737 τὸν
1262 2682 1483 2737 Ἰσαάκ.
1513 2684 1657 2755 ’Ὀρα
1708 2681 1826 2745 πῶς
1852 2680 1919 2734 δι’
1953 2680 2055 2733 αύ-

386 2769 496 2823 τῶν
523 2769 631 2823 τῶν
657 2771 918 2843 ῥημάτων
954 2771 1173 2841 μείζονα
1201 2771 1299 2842 τὴν
1325 2769 1506 2841 πυρὰν
1550 2769 1798 2834 ἀνάπτει,
1829 2768 1923 2821 καὶ
1956 2766 2056 2838 τὴν

387 2856 620 2927 κάμινον
677 2857 778 2928 τῆς
823 2857 1206 2931 φιλοστοργίας
1252 2856 1346 2911 τοῦ
1412 2856 1643 2923 δικαίου,
1692 2858 1758 2927 ἢν
1794 2855 1922 2926 περὶ
1964 2855 2056 2907 τὸν

399 2942 589 2999 Ἰσαὰκ
609 2944 891 3017 ἐκέκτητο,
924 2945 1280 3018 σφοδρότερον
1299 2945 1576 3017 διεγείρει.
1602 2943 1757 2998 Λάϐε
1791 2944 1897 2998 τὸν
1920 2943 2056 2997 υίόν

388 3048 508 3089 σου
524 3033 631 3088 τὸν
645 3032 972 3102 ἀγαπητὸν,
994 3031 1067 3085 ὃν
1088 3033 1430 3102 ἠγάπησας,
1445 3032 1551 3085 τὸν
1564 3029 2057 3086 Ἰσαάκ.’¹Εκαστον

390 3120 515 3175 καθ’
539 3119 700 3173 ἐαυτδ
744 3119 925 3172 ἱκανὸν
970 3119 1292 3173 καθικέσθαι
1345 3120 1444 3190 τῆς
1490 3118 1584 3172 τοῦ
1613 3117 1820 3172 δικαίου
1861 3116 2059 3187 ψυχῆς.

390 3208 468 3261 οὐ
492 3205 601 3278 γὰρ
634 3206 820 3269 ἁπλῶς
850 3201 990 3274 εἷπε,
1018 3206 1131 3260 Τόν
1166 3205 1387 3270 Ἰσαὰκ,
1418 3205 1553 3259 ἀλλά
1580 3204 1908 3277 προσέθηκε,
1948 3204 2059 3257 Τὸν

356 3314 361 3317 ’
389 3294 526 3348 υἱόν
550 3308 689 3358 σου,
731 3293 793 3346 δν
831 3293 981 3365 παρὰ
1037 3294 1216 3349 πᾶσαν
1253 3293 1579 3365 προσδοκίαν
1613 3295 1850 3365 ἐκτήσω,
1876 3293 1971 3346 καὶ
1996 3292 2055 3345 ἐν

390 3379 540 3452 αὐτῷ
565 3380 643 3451 τῷ
673 3382 817 3453 γήρᾳ
847 3383 996 3453 σχεῖν
1022 3380 1308 3452 ὴδυνήθης,
1346 3382 1456 3435 Τόν
1483 3381 1815 3451 ἀγαπητὸν,
1846 3380 1937 3433 τὸν
1960 3396 2058 3432 πε-

395 3467 682 3540 ριπόθητόν
712 3486 826 3534 σου,
852 3468 913 3522 δν
946 3468 1381 3540 μεθ’ὑπερϐολῆς
1412 3470 1651 3538 ἀγαπᾷς,
1692 3468 1799 3521 τὸν
1837 3467 2055 3532 Ἰσαὰκ,

391 3556 453 3608 ὃν
476 3556 721 3626 διάδοχον
743 3555 886 3621 ’έξειν
919 3555 1248 3627 προσδοκᾷς,
1310 3555 1372 3620 ἐξ
1404 3550 1465 3610 οὗ
1489 3556 1584 3608 καὶ
1615 3556 1674 3609 τὸ
1709 3557 1930 3628 σπέρμα
1965 3573 2059 3610 σου

393 3641 654 3710 αὔξεσθαι
686 3642 1121 3715 ἐπηγγειλάμην,
1155 3644 1248 3696 καὶ
1270 3641 1524 3696 τοσοῦτον
1555 3641 1834 3708 αὔξεσθαι,
1864 3644 1939 3708 ὡς
1978 3643 2056 3715 τῷ

395 3730 589 3802 πλήθει
620 3730 730 3783 τῶν
757 3730 993 3800 ἄστρων,
1021 3731 1115 3783 καὶ
1160 3732 1226 3801 τῇ
1260 3729 1429 3801 ἅμμῳ
1463 3733 1531 3801 τῇ
1568 3730 1719 3801 παρά
1772 3731 1832 3785 τὸ
1885 3732 2062 3802 χεῖλος

397 3819 496 3890 τῆς
530 3818 805 3887 Θαλάσσης
834 3816 1178 3889 ἐξισωθῆναι.
1219 3816 1420 3871 Τοῦτον
1450 3813 1541 3872 οῦν
1568 3818 1732 3873 αὑτὸν
1756 3817 1930 3882 Λάϐε,
1959 3819 2057 3874 καὶ

398 3907 713 3974 πορεύθητι
736 3908 823 3971 εἰς
864 3904 979 3973 τὴν
1021 3904 1140 3974 γῆν
1177 3904 1294 3973 τὴν
1332 3905 1604 3974 ὑψηλὴν,
1646 3904 1746 3960 καὶ
1776 3905 2061 3975 ἀνένεγκε

397 3994 584 4049 αὐτὸν
602 3994 730 4049 ἐκεῖ
743 3997 829 4059 είς
857 3995 1271 4048 ὁλοκαύτωσιν
1292 3992 1382 4062 ἐφ’
1409 3991 1479 4047 ἐν
1508 3992 1627 4046 τῶν
1647 3988 1948 4061 ὀρέων,ὦν
1980 3993 2062 4048 ἄν

399 4088 498 4135 σοι
520 4081 688 4134 εἴπω.
746 4080 1037 4150 Θαυμάσαι
1089 4097 1178 4151 μοι
1226 4079 1426 4143 ἔπεισι,
1472 4078 1588 4143 πῶς
1616 4080 1712 4133 καὶ
1747 4079 1845 4152 τὴν
1892 4080 2063 4151 ἀκοὴν

396 4166 632 4237 ἧνεγκεν
659 4165 688 4218 ό
718 4164 945 4228 δίκαιος.
977 4163 1179 4217 Τοῦτον
1220 4163 1332 4236 γὰρ
1368 4164 1552 4228 αὑτὸν,
1605 4164 1758 4234 φησὶ,
1796 4162 1887 4217 τὸν
1918 4163 2062 4219 οὕτω

403 4265 485 4302 σοι
515 4247 899 4318 περιπόθητον,
930 4246 1194 4315 ἀνένεγκέ
1247 4264 1337 4318 μοι
1388 4248 1468 4311 είς
1495 4247 1859 4303 ὁλοκαύτωσιν
1891 4250 1975 4317 ἐφ’
2003 4248 2062 4305 ἓν

399 4330 508 4386 τῶν
539 4330 733 4400 ὀρέων.
778 4331 844 4382 Τί
870 4326 963 4384 οὖν
991 4333 1022 4384 ό
1050 4329 1255 4393 δίκαιος
1282 4348 1297 4398 ;
1351 4329 1469 4384 Οὐκ
1495 4329 1770 4401 ἐταράχθη
1796 4330 1886 4383 τὸν
1910 4330 2061 4401 λογι-

404 4413 559 4484 σμδν,
602 4413 662 4465 οὐ
715 4412 982 4484 συνεχύθη
1010 4411 1110 4484 τὴν
1151 4412 1410 4473 διάνοιαν,
1435 4412 1536 4464 οὐκ
1563 4412 1811 4483 ἠπόρησε
1839 4413 1974 4484 πρὸς
2000 4413 2064 4467 τὸ

346 4532 347 4535 η
403 4496 550 4562 ξένον
578 4496 670 4549 τοῦ
700 4496 1229 4568 ἐπιτάγματος,,οὐκ
1277 4493 1583 4566 ἐνενόησεν,
1626 4494 1733 4547 οὐκ
1780 4493 2061 4562 ἐλογίσατο

400 4580 537 4652 πρὸς
558 4577 841 4634 ἐαυτόν’Τί
856 4578 1041 4647 τοῦτο;
1066 4581 1094 4632 ό
1125 4579 1277 4652 παρά
1304 4580 1481 4634 πᾶσαν
1499 4578 1826 4650 προσδοκίαν
1840 4581 2061 4651 σπέρμα

345 4717 349 4723 ,
399 4665 783 4734 χαρισάμενος,
815 4664 844 4716 ό
866 4663 956 4716 διὰ
983 4663 1079 4735 τὴν
1107 4666 1314 4717 οἰκείαν
1370 4662 1781 4734 φιλανθρωπίαν
1823 4662 1921 4735 τὴν
1954 4666 2060 4735 μή·

346 4792 351 4797 .
401 4759 540 4815 τραν
596 4744 694 4813 τῆς
746 4744 961 4817 Σάρρας
1019 4746 1363 4818 ζωογονήσας
1417 4745 1808 4817 νεκρωθεῖσαν,
1871 4746 2058 4799 λοιπὸν

344 4876 347 4881 .
404 4827 545 4898 μετὰ
575 4825 635 4879 τὸ
654 4827 1227 4899 γαλακτοτροφηθῆναι
1278 4831 1373 4883 καὶ
1402 4828 1725 4899 αὐξηθῆναι,
1754 4829 1848 4882 καὶ
1876 4829 2060 4885 λοιπὸν

344 4978 349 4984 ἱ
400 4911 462 4965 ἐν
498 4908 686 4980 ἡλικίᾳ.
709 4906 979 4976 γενέσθαι,
1035 4910 1306 4980 σφαγῆναι
1353 4909 1437 4963 τὸ.
1465 4909 1655 4980 τεχθέν
1706 4928 1795 4980 μοι
1824 4911 2058 4978 κελεύει,

401 4993 495 5047 καὶ
523 4993 602 5055 είς
627 4990 988 5046 ὁλοκαύτωσιν
1013 4993 1380 5064 ἀνενεχθῆναιο
1410 4993 1438 5046 ὁ
1470 4993 1575 5064 πρὸ
1598 4992 1839 5064 βραχέως
1871 4995 2058 5061 εἰπὼν,

413 5076 515 5130 Ἐν
551 5074 710 5141 αὐτῷ
750 5074 1120 5141 κληθήσεται
1146 5092 1243 5130 σοι
1277 5077 1531 5147 σπέρμα,
1569 5077 1665 5130 νῦν
1720 5077 1788 5130 τὰ
1844 5079 2063 5133 ἐναντία

399 5157 709 5224 inmittet;
742 5156 852 5212 Καὶ
880 5157 997 5221 πῶς
1031 5157 1096 5210 ἂν
1120 5160 1200 5221 εἰς
1250 5158 1410 5231 ἔργον
1440 5158 1644 5227 ἐξέλθοι
1675 5161 1805 5213 ποτέ
1835 5161 1904 5212 τά
1932 5161 2059 5231 παρ’

398 5240 560 5294 αὐτοῦ
581 5240 1021 5310 ἐπαγγελθέντα;
1052 5241 1202 5314 Ῐ475]
1228 5242 1351 5305 Πῶς
1380 5243 1489 5314 γὰρ
1532 5238 1642 5296 οἷόν
1680 5260 1740 5295 τε
1769 5243 1867 5312 τῆς
1906 5244 2061 5315 ῥίζης

342 5320 345 5325 ’
399 5318 804 5392 ἐκτεμνομένης
831 5323 957 5385 τοὺς
984 5321 1213 5385 κλάδους
1243 5322 1445 5392 φυῆναί
1474 5339 1624 5384 ποτε,
1660 5322 1693 5392 ἢ
1722 5321 1815 5375 τοῦ
1843 5323 2059 5394 δένδρου

399 5403 798 5473 ἐκκοπτομένου
831 5405 923 5458 τὸν
960 5405 1172 5477 καρπὸν
1202 5405 1510 5477 ἐνεχθῆναι,
1544 5404 1576 5475 ἢ
1613 5405 1713 5475 τῆς
1760 5406 1942 5476 πηγῆς
1969 5405 2063 5476 ξη-

402 5479 687 5553 ρανθείσης
717 5485 995 5550 ποταμοὺς
1023 5485 1382 5556 ἀναδοθῆναι;
1415 5485 1570 5539 Κατά
1602 5485 1701 5556 μὲν
1726 5486 1825 5555 τὴν
1855 5486 2062 5557 ἀνθρω-

401 5557 561 5635 πίνην
584 5557 901 5615 ἀκολουθίαν
952 5563 1124 5616 ταῦτα
1164 5563 1418 5632 γενέσθαι
1455 5565 1761 5635 ἀμήχανον·
1812 5562 1948 5616 Θεοῦ
2004 5563 2062 5617 δέ

401 5634 752 5709 βουληθέντος
786 5637 963 5693 πάντα
997 5641 1251 5709 γενέσθαι
1291 5634 1532 5696 δυνατόν.

473 5721 539 5793 β’.
593 5720 755 5774 Ἀλλά
788 5722 990 5779 τούτων
1007 5726 1268 5797 μένοῦδέν
1293 5729 1577 5797 ἐλογίσατο
1602 5729 1630 5781 ό
1654 5727 1863 5788 δίκαιος
1886 5718 2059 5790 οὗτος,

398 5799 536 5859 ἀλλὰ
552 5798 802 5870 καθάπερ
817 5802 1112 5874 εὐγνώμων
1128 5805 1364 5878 οἰκέτης,
1391 5808 1569 5862 πάντα
1587 5806 1846 5876 λογισμὸν
1863 5806 1960 5858 ἀνθ
1967 5805 2065 5877 ρώ-

399 5899 555 5937 πινον
612 5881 1040 5951 παρωσάμενος,
1073 5887 1191 5951 ἐνὸς
1223 5888 1380 5957 μόνου
1412 5888 1641 5955 ἐγίνετο,
1670 5886 1762 5941 τοῦ
1793 5886 1852 5940 τὸ
1878 5886 2064 5943 ἐπιτα-

397 5961 527 6039 χθέν
553 5960 635 6020 εἷς
660 5957 839 6039 ἔργον-
865 5960 1116 6029 ἀγαγεῖν,
1148 5967 1244 6018 καὶ
1296 5964 1484 6039 ὥσπερ
1515 5965 1670 6029 ἐκτὸς
1699 5962 1936 6033 γεγονὼς
1965 5966 2062 6036 τῆς

401 6035 744 6110 ἀνθρωπείας
772 6035 1009 6108 φύσεως,
1043 6044 1138 6097 καὶ
1165 6044 1343 6097 πᾶσαν
1370 6035 1711 6113 συμπάθειαν
1749 6043 1843 6095 καὶ
1863 6035 2058 6114 πατρι-

1164 389 1219 445 S.
1261 388 1543 445 JOANNIS
1581 385 2051 444 CIIRYSOSTOM

2158 342 2424 446 ΙὶίΖΙΙΙΕΡ.
2464 392 3014 454 CONSTANTINOP.

2153 506 2254 575 κὴν
2286 510 2667 580 φιλοστοργίαν
2694 511 2952 583 δευτέραν
3005 513 3354 584 ἡγησάμενος
3394 512 3503 567 τῶν
3547 511 3645 567 τοῦ
3686 511 3823 566 Θεοῦ

2150 590 2609 660 προσταγμάτων,
2641 592 2733 643 ἐπὶ
2758 590 2858 662 τὴν
2884 592 3234 664 ἐκπλήρωσιν
3260 592 3509 645 ἔσπευδε.
3543 592 3654 647 Καὶ
3682 592 3828 646 ἀνα-

2151 669 2322 734 στὰς,
2379 671 2563 739 φησὶν,
2607 672 2859 740 Ἀϐραὰμ
2904 672 2970 725 τὸ
3003 672 3175 740 πρωϊ,
3231 670 3496 736 ἐπέσαξε
3534 672 3650 733 τὴν
3682 671 3828 723 ὄνον

2150 748 2357 802 αὑτοῦ.
2409 749 2712 817 Παρέλαϐε
2762 751 2830 804 δὲ
2875 751 3004 820 μεθ’
3037 751 3256 805 ἑαυτοῦ
3302 751 3412 805 δύο
3468 749 3691 814 παῖδας
3726 747 3827 802 καί

2164 827 2368 881 Ἰσαὰκ
2403 827 2509 881 τὸν
2541 827 2671 881 υἱὸν
2698 829 2907 883 αὐτοῦ’
2951 830 3046 883 καί
3092 829 3321 899 σχίσας
3358 828 3517 893 ξύλα
3542 832 3631 894 είς
3679 830 3819 881 ὀλο-

2151 903 2460 971 κάρπωσιν
2481 906 2750 973 ἀναστὰς
2778 908 3090 975 ἐπορεύθη,
3114 908 3210 962 καί
3240 903 3427 976 ἦλθεν
3462 906 3558 959 ἐπὶ
3595 906 3702 958 τὸν
3732 905 3827 957 τός

2153 998 2289 1046 πον,
2318 982 2390 1035 ὃν
2413 979 2585 1037 εἶπεν
2607 984 2819 1049 αὐτῷό
2849 986 3011 1051 Θεὸς,
3050 984 3123 1053 τῇ
3153 985 3342 1054 ἡμέρᾳ
3374 985 3450 1055 τῇ
3490 983 3826 1053 τρίτῃ.”ορα

2152 1062 2242 1114 τὸν
2271 1062 2646 1135 φιλάνθρωπον
2674 1065 2967 1134 Δεσπότην,
3002 1065 3119 1129 πῶς
3141 1065 3236 1118 καὶ
3275 1068 3333 1117 ἐν
3375 1065 3455 1135 τῷ
3497 1065 3827 1133 διαστήματι

2155 1141 2434 1210 βασανίζει
2489 1143 2584 1195 τοῦ
2635 1143 2845 1195 δικαίου
2898 1144 2996 1214 τὴν
3048 1145 3274 1215 ἀρετήν.
3322 1145 3607 1213 Ἐννόησον
3647 1143 3827 1195 δέκαὶ

2152 1220 2243 1272 τὸν
2274 1220 2480 1274 δίκαιον
2499 1222 2550 1275 τί
2580 1222 2726 1286 εἰκὸς
2758 1218 2826 1293 ἦν
2855 1224 3147 1293 ὑπομένειν
3176 1225 3296 1287 ταῖς
3318 1224 3492 1293 τρισὶν
3520 1222 3758 1294 ἡμέραις
3772 1233 3825 1287 ⁸,

2152 1299 2315 1351 αὐτὸν
2361 1299 2481 1353 καθ’
2521 1300 2712 1353 ἐαυτὸν
2755 1303 2852 1371 μὲν
2916 1300 3371 1372 ἀναλογιζόμενον
3409 1300 3470 1355 τὸ
3520 1300 3824 1369 ἐπίταγμα,

2154 1378 2248 1429 καὶ
2295 1378 2376 1430 ὅτι
2405 1377 2568 1440 αὐτὸς
2603 1378 2785 1447 μέλλει
2807 1382 2927 1442 ταῖς
2957 1379 3185 1443 οἰκείαις
3214 1379 3371 1450 χερσὶ
3411 1379 3504 1432 τὸν
3553 1376 3698 1431 οὓτω
3728 1392 3828 1428 πο-

2155 1454 2415 1525 θούμενον
2444 1458 2669 1525 σφάζειν
2711 1459 2827 1511 υἱὸν
2869 1457 3293 1530 ἐνθυμούμενον,
3327 1457 3502 1511 οὐδενὶ
3523 1457 3579 1509 δέ
3606 1455 3669 1508 τὸ
3696 1454 3830 1525 πρᾶο

2157 1552 2273 1604 γμα
2308 1535 2669 1589 κοινώσασθαι
2700 1536 2911 1607 ἔχοντα·
2943 1539 3039 1591 καὶ
3065 1536 3452 1607 καταπλάγηθι
3472 1536 3573 1607 τὴν
3601 1531 3826 1604 γνώμην

2153 1613 2318 1667 αὑτοῦ
2348 1614 2446 1683 τὴν
2477 1613 2722 1681 φιλόθεον
2765 1616 2860 1669 καὶ
2896 1616 2998 1686 τὴν
3040 1615 3276 1669 σύνεσιν.
3307 1613 3536 1685 Ἐπειδὴ
3579 1613 3687 1684 γὰρ
3712 1612 3827 1681 ᾔδει

2151 1692 2212 1744 τὸ
2245 1692 2473 1761 μέγεθος
2501 1691 2595 1744 τοῦ
2632 1694 3023 1763 ἐπιτάγματος,
3054 1693 3229 1747 οὐδενὶ
3259 1692 3396 1757 ὅλως
3421 1692 3581 1746 τοῦτο
3630 1695 3826 1761 γνώρι-

2156 1787 2255 1840 μον
2286 1773 2447 1825 ποιεῖ.
2475 1768 2598 1822 οὔτε
2624 1773 2733 1833 τοῖς
2763 1773 2972 1834 παισὶν,
3020 1770 3143 1824 οὔτε
3170 1770 3319 1841 αύτῷ
3343 1769 3422 1841 τῷ
3456 1770 3662 1833 Ἰσαὰκ,
3694 1768 3827 1823 ἀλλά

2157 1850 2316 1919 μόνος
2349 1849 2471 1901 καθ’
2528 1850 2718 1902 ἑαυτὸν
2757 1850 2848 1902 τὸν
2893 1850 3083 1918 ἀγῶνα
3129 1849 3320 1905 τοῦτον
3359 1849 3681 1921 ἠγωνίζετο,
3735 1849 3829 1903 καὶ

2153 1926 2405 1996 καθάπερ
2456 1925 2667 1997 ἀδάμας
2720 1945 2804 1991 τις
2841 1927 3016 1992 οὕτως
3041 1926 3486 1998 ἀκαταγώνιστος
3512 1928 3696 1998 ἔμενε,
3728 1926 3826 1997 τὴν

2154 2004 2405 2074 ἀνδρείαν
2447 2006 2554 2059 τῶν
2582 2006 2855 2078 λογισμῶν
2890 2008 3361 2079 ἐπιδεικνύμενος,
3394 2007 3516 2060 οὐδὲ
3547 2005 3828 2077 πολυπρα-

2155 2084 2393 2151 γμονῶν,
2419 2083 2534 2137 ἀλλ’
2563 2085 2730 2139 εἴκων
2766 2086 2904 2154 μετά
2935 2088 3129 2142 πολλοῦ
3150 2086 3244 2140 τοῦ
3273 2087 3438 2141 πόθου
3467 2084 3546 2156 τῷ
3571 2088 3668 2137 τοῦ
3692 2082 3827 2137 Θεοῦ

2154 2160 2403 2232 νεύματι.
2439 2163 2547 2216 Καὶ
2580 2163 2767 2235 ἐπειδὴ
2799 2166 2929 2237 περὶ
2954 2167 3047 2220 τὸν
3069 2168 3232 2221 τόπον
3263 2166 3516 2237 ἔφθασεν.
3557 2162 3826 2218 Ἀναϐλέ-

2155 2245 2297 2310 ψας,
2340 2244 2524 2315 φησὶν,
2568 2245 2813 2314 Ἀϐραὰμ
2838 2246 2964 2313 τοῖς
2992 2247 3322 2317 ὀφθαλμοῖς
3339 2244 3547 2309 αὑτοῦ,
3570 2241 3693 2299 εἶδε
3722 2243 3829 2298 τόν

2154 2324 2341 2374 τόπον
2404 2324 2726 2391 μακρόθεν,
2795 2324 2895 2378 καί
2965 2323 3097 2380 εἷπε
3157 2327 3281 2392 τοῖς
3332 2324 3547 2379 παισὶν
3597 2322 3786 2378 αὑτοῦ
3810 2339 3823 2354 ·

2154 2401 2450 2454 Καθίσατε
2493 2402 2679 2457 αὑτοῦ
2731 2404 2883 2473 μετὰ
2935 2404 3047 2472 τῆς
3096 2404 3262 2459 ὄνου.
3300 2404 3444 2474 Ὅρα
3475 2402 3569 2456 καὶ
3595 2399 3828 2454 ἐνταῦθα

2152 2480 2248 2534 τοῦ
2296 2481 2504 2534 δικαίου
2571 2481 2665 2554 τὴν
2720 2482 2916 2554 πολλὴν
2982 2482 3215 2537 σύνεσιν·
3274 2482 3368 2537 καὶ¹
3449 2480 3573 2543 τοὺς
3634 2478 3826 2541 παῖδας

2152 2558 2334 2613 λαθεῖν
2390 2560 2659 2628 ἐϐούλετο,
2714 2562 2803 2616 διὰ
2862 2562 3081 2616 πάντων
3137 2562 3351 2624 δεικνὺς
3406 2560 3489 2613 ὅτι
3532 2557 3669 2631 μετά
3699 2573 3828 2627 προ-

2155 2637 2354 2702 θυμίας
2377 2639 2605 2708 ξεούσης
2634 2641 2729 2693 καὶ
2772 2640 3162 2712 ἐπιτεταμένου
3195 2640 3359 2693 πόθου
3389 2635 3634 2709 πληροῦν
3668 2634 3826 2689 ἐϐού-

2153 2720 2276 2772 λετο
2301 2721 2362 2773 τὸ
2390 2720 2468 2791 τῷ
2494 2718 2615 2790 θεῷ
2641 2718 2853 2774 δοκοῦν.
2898 2719 3113 2790 Ἐπειδὴ
3136 2718 3244 2790 γὰρ
3268 2718 3405 2789 ᾔδει,
3421 2717 3505 2770 ὅτι
3522 2715 3709 2771 καινδν
3730 2717 3829 2770 καὶ

2159 2798 2464 2869 παράδοξον
2518 2793 2608 2868 ἦν,
2648 2799 2742 2852 καὶ
2769 2799 2830 2852 οὐ
2878 2799 3144 2870 πρότερον
3174 2798 3265 2866 ὑφ’
3295 2795 3489 2869 ἐτέρου
3515 2795 3743 2864 γεγονὸς
3765 2795 3829 2849 τδ

2156 2876 2287 2950 παρ’
2320 2876 2487 2931 αὐτοῦ
2520 2876 2714 2947 μέλλον
2763 2878 3029 2947 γίνεσθαι,
3059 2876 3291 2949 κρύπτει
3318 2876 3445 2939 τοὺς
3485 2874 3681 2938 παῖδας
3725 2875 3820 2928 καὶ

2158 2955 2469 3009 καταλιπὼν
2511 2957 2707 3020 αὐτοὺς
2762 2956 2903 3028 μετά
2943 2957 3043 3028 τῆς
3082 2957 3239 3020 ὄνου,
3285 2954 3470 3026 φησίψ
3525 2954 3826 3008 Ἐνταῦθα

2155 3035 2531 3105 ἀναμείνατε,
2561 3034 2675 3106 ἐγὼ
2703 3035 2773 3090 δὲ
2824 3035 2925 3091 καί
2965 3037 3031 3091 τό
3062 3034 3375 3104 παιδάριον
3404 3032 3830 3102 διελευσόμεθα

2155 3114 2266 3181 ἕως
2287 3109 2423 3178 ὦδε,
2470 3115 2569 3171 καὶ
2617 3114 3161 3183 προσκυνήσαντες
3205 3113 3642 3183 ἀνακάμψομεν
3680 3110 3829 3179 πρὸς

2156 3194 2331 3263 ὑμᾶς.
2370 3195 2485 3248 Οὐκ
2542 3194 2698 3259 εἰδὼς
2742 3195 2823 3249 ὅτι
2861 3194 3020 3248 τοῦτο
3050 3193 3222 3260 ἐσται,
3253 3192 3282 3246 ὃ
3310 3190 3511 3261 ἔλεγεν,
3539 3190 3676 3246 ἀλλά
3702 3206 3831 3262 προ·

2157 3276 2423 3345 εφήτευσε
2457 3274 2584 3345 μέν,
2615 3273 2747 3337 ἴσως
2772 3273 2929 3326 τοῦτο
2956 3271 3393 3341 ἀγνοῶν.Ἐλεγε
3419 3270 3476 3324 δέ
3506 3273 3620 3333 τοῖς
3647 3268 3827 3327 παισὶ.

2155 3354 2296 3423 τάχα
2327 3352 2611 3417 ἐξαπατῶν
2641 3352 2837 3415 αὐτοὺς
2890 3352 2986 3405 καὶ
3031 3349 3472 3420 παρασκευάζων
3515 3348 3701 3402 αὐτόθι
3732 3347 3831 3415 μέ-

2156 3449 2268 3485 νειν
2292 3449 2306 3463 ο
2352 3432 2446 3484 καλ⁵
2491 3430 2676 3484 λοιπὸν
2720 3426 2789 3501 ἦν
2845 3432 2873 3484 ό
2920 3432 3267 3503 πατριάρχης
3316 3430 3456 3502 μετά
3493 3428 3586 3482 τοῦ
3616 3427 3825 3492 παιδός.

2161 3512 2375 3564 Ἕλαϐε
2404 3509 2472 3562 δὲ
2508 3508 2752 3577 Ἀϐραὰμ
2782 3509 2855 3563 τὰ
2882 3508 3041 3574 ξύλα
3075 3509 3187 3577 τῆς
3218 3507 3708 3578 ὀλοκαρπώσεως,
3728 3505 3830 3560 καὶ

2156 3589 2452 3655 ἐπέθηκεν
2486 3587 2683 3642 Ἰσαὰκ
2706 3586 2786 3653 τῷ
2812 3588 2918 3655 υἱῷ
2944 3590 3152 3644 αὐτοῦ.
3187 3591 3402 3644 Ἕλαϐε
3428 3588 3496 3642 δὲ
3522 3587 3682 3657 μετὰ
3706 3586 3830 3656 χεῖ-

2150 3686 2265 3736 ρας
2295 3668 2358 3721 τὸ
2385 3663 2505 3735 πῦρ
2528 3667 2624 3721 καί
2663 3667 2778 3734 τὴν
2810 3667 3133 3739 μάχαιραν,
3187 3669 3285 3724 καί
3332 3669 3748 3736 ἐπορεύθησαν
3775 3668 3831 3719 οἱ

2157 3748 2268 3800 δύο
2296 3746 2508 3815 ᾶμα.Ὢ
2534 3745 2710 3817 ψυχῆς
2737 3747 2990 3818 ἀνδρείαί
3021 3748 3067 3800 ὣ
3116 3749 3462 3820 φρονήματος
3493 3744 3825 3817 στερρότηςί

2171 3828 2477 3894 Ἐπέθηκε,
2506 3828 2659 3897 φησὶ,
2691 3826 2770 3893 τῷ
2813 3826 3024 3882 Ἰσαὰκ
3061 3829 3133 3882 τὰ
3149 3828 3308 3893 ξύλα
3347 3826 3455 3894 τῆς
3490 3823 3829 3893 ὀλοκαρπώ-

2159 3920 2332 3971 σεως·
2364 3905 2522 3969 αὐτὸς
2551 3906 2607 3958 δέ
2655 3907 2756 3979 τὴν
2815 3907 3088 3978 μάχαιραν
3127 3909 3222 3961 καὶ
3264 3906 3326 3961 τὸ
3362 3906 3475 3978 πῦρ
3518 3904 3699 3966 ἔλαϐε,
3730 3905 3829 3957 καὶ

2159 3984 2481 4056 ἐπορεύοντο
2509 3987 2559 4038 οί
2604 3984 2697 4039 δύο
2738 3987 2873 4057 ἅμα.
2907 3985 3087 4049 Ποίοις
3116 3986 3413 4056 ὀφθαλμοῖς
3439 3982 3585 4055 ἐώρα
3615 3984 3674 4036 τὸ
3701 3997 3828 4036 παι-

2158 4063 2267 4117 δίον
2294 4065 2361 4117 τὰ
2390 4063 2518 4128 ξύλα
2546 4064 2959 4134 ἐπιφερόμενον,
2986 4062 3135 4138 [476]
3166 4060 3246 4130 οἷς
3276 4063 3500 4135 ἔμελλεν
3521 4062 3685 4116 αὐτὸν
3707 4062 3828 4131 μετ’

2157 4144 2221 4196 οὐ
2250 4142 2382 4195 πολὺ
2414 4143 2656 4197 ἐπιθύειν
2685 4144 2749 4208 h;
2789 4143 2904 4207 πῶς
2933 4146 2966 4216 η
2996 4145 3119 4217 χεὶρ
3160 4146 3344 4219 φέρειν
3378 4144 3608 4215 ἠδύνατο
3627 4142 3687 4195 τὸ
3715 4141 3827 4219 πῦρ

2160 4223 2254 4275 καὶ
2280 4221 2381 4292 τὴν
2424 4221 2727 4293 μάχαιραν;
2766 4223 2874 4275 Καὶ
2903 4225 2936 4292 ἡ
2971 4223 3069 4293 μὲν
3112 4218 3241 4295 χεὶρ
3280 4222 3579 4294 ἐπεφέρετο
3618 4221 3679 4274 τὸ
3710 4218 3825 4291 πῦρ

2157 4301 2221 4353 τὸ
2244 4300 2521 4370 αἰσθητὸν,
2549 4300 2611 4353 τὺ
2665 4301 2722 4353 δὲ
2751 4299 2963 4354 ἔνδοθεν
2994 4301 3107 4373 πῦρ
3133 4301 3466 4372 κατέφλεγεν
3519 4299 3687 4353 αὐτοῦ
3724 4301 3822 4369 τὴν

2158 4379 2415 4443 διάνοιαν,
2458 4379 2553 4433 καὶ
2602 4378 2844 4433 ἐδαπάνα
2877 4380 2970 4435 τὸν
3012 4381 3294 4450 λογισμὸν,
3346 4379 3530 4434 πεῖθον
3560 4379 3720 4449 νικᾷν
3747 4374 3826 4447 τῷ

2161 4458 2298 4529 πρὸς
2321 4458 2413 4512 τὸν
2442 4457 2575 4510 Θεὸν
2607 4457 2775 4528 πόθῳ,
2806 4459 2900 4510 καὶ
2933 4460 3353 4530 παρασκευάζον
3372 4457 3707 4526 λογίζεσθαι,
3740 4457 3824 4510 ὅτι

2159 4539 2189 4590 ὁ
2213 4536 2314 4608 ήδη
2350 4535 2652 4606 παρασχὼν
2702 4538 2796 4591 καὶ
2843 4538 2982 4609 ὺπέρ
3026 4538 3188 4606 φύσιν
3234 4537 3583 4611 ἀνθρωπίνην
3613 4536 3828 4606 πατέρα

2160 4616 2416 4686 γενέσθαι
2448 4617 2871 4686 παρασκευάσας
2901 4617 3189 4686 δυνήσεται
3217 4618 3311 4671 καὶ
3340 4617 3432 4672 νῦν
3458 4615 3528 4670 τά
3561 4614 3823 4686 ὑπερϐαί-

2160 4712 2319 4751 νοντα
2346 4696 2437 4749 τὺν
2468 4695 2806 4765 ἀνθρώπινον
2850 4696 3109 4767 λογισμὸν
3144 4695 3502 4768 ἐργάσασθαι.
3544 4694 3682 4748 Ἀλλ’
3722 4694 3827 4762 ὃρα

2163 4793 2253 4847 μοι
2283 4775 2468 4829 λοιπὸν
2498 4776 2605 4847 πρὸ
2658 4775 2751 4827 τοῦ
2804 4774 3060 4846 αἰσθητοῦ
3094 4776 3262 4845 πυρδς
3294 4775 3390 4846 τὴν
3446 4773 3654 4829 ἔνδοθεν
3683 4771 3826 4827 κατᾶ

2164 4854 2357 4927 μικρὸν
2386 4853 2758 4925 ἐξαπτομένην
2788 4855 3014 4925 κάμινον
3044 4856 3138 4907 καὶ
3167 4854 3465 4924 φλέγουσαν
3490 4851 3584 4905 τοῦ
3613 4851 3823 4904 δικαίου

2159 4934 2256 5005 τὴν
2280 4934 2473 5005 ψυχήν.
2500 4930 2645 4987 Εἷπε
2675 4931 2762 4995 δὲ,
2795 4933 2981 5003 φησὶν,
3019 4933 3216 4986 Ἰσαὰκ
3247 4932 3394 4999 πρὸς
3434 4928 3684 4999 Ἀϐραὰμ
3718 4929 3827 4982 τόν

2161 5014 2383 5082 πατέρα
2424 5012 2631 5067 αὐτοῦ·
2689 5011 2899 5080 Πάτερ,
2943 5012 3147 5065 Ἱκανὸν
3171 5011 3235 5065 τὸ
3262 5012 3413 5081 ρἧα
3440 5010 3550 5063 τῶν
3583 5009 3827 5077 σπλάγχ-

2159 5111 2265 5148 νων
2298 5092 2476 5147 αὐτῶν
2501 5092 2595 5146 τοῦ
2611 5092 2821 5145 δικαίου
2840 5091 3204 5162 καθάψασθαι.
3221 5092 3284 5145 '0
3305 5090 3373 5144 δὲ
3398 5088 3528 5145 εἷπε
3544 5105 3558 5120 ·
3586 5091 3647 5143 Τί
3668 5089 3823 5151 ἐστι,

2160 5174 2410 5236 τέκνον;
2439 5171 2658 5241 Πατέρα
2679 5171 2863 5234 καλεῖς
2887 5172 2980 5225 τὸν
3011 5171 3149 5241 μετά
3181 5169 3376 5242 μικρὸν
3399 5168 3606 5223 ἄπαιδα
3633 5167 3828 5237 ἐσόμε-

2160 5269 2269 5316 νον,
2288 5249 2445 5320 κάγὼ
2464 5250 2652 5302 τέκνον
2672 5250 3062 5321 προσαγορεύω
3081 5249 3174 5302 τὸν
3187 5248 3302 5319 μετ’
3322 5249 3383 5301 οὐ
3403 5247 3534 5300 πολὺ
3565 5246 3826 5316 μέλλοντα

2159 5332 2252 5383 ἐπὶ
2270 5330 2359 5384 τὸν
2392 5327 2573 5399 βωμὸν
2601 5328 2829 5392 ἀνιέναι,
2858 5329 2952 5383 καὶ
2979 5328 3037 5381 δν
3057 5331 3176 5391 ταῖς
3198 5326 3425 5390 οἰκείαις
3455 5325 3614 5395 χερσὶ
3644 5324 3837 5395 μέλλω,

2162 5409 2404 5480 σφάζειν.
2437 5404 2621 5461 Εῖταό
2650 5411 2780 5472 παῖς
2825 5421 3023 5480 φησιν’
3084 5405 3230 5460 Ἰδοὺ
3273 5404 3340 5459 τὸ
3389 5402 3509 5471 πῦρ
3563 5403 3823 5475 ἐπιφέρῃ,

2161 5486 2317 5556 κάγὼ
2342 5485 2415 5542 τὰ
2436 5485 2626 5551 ξύλαο
2671 5485 2772 5540 ποῦ
2818 5487 2933 5540 ἐστι
2976 5486 3035 5540 τὸ
3064 5485 3212 5557 θῦμα
3244 5483 3303 5536 τὸ
3335 5481 3524 5553 μέλλον
3554 5481 3826 5552 προσάγει-

2160 5566 2313 5633 σθαι;
2338 5565 2462 5620 Ποῦ
2488 5564 2619 5618 ἐστι
2644 5564 2708 5618 τὸ
2727 5567 3023 5633 πρόϐατον
3042 5565 3109 5618 τὸ
3125 5567 3209 5630 είς
3235 5562 3348 5629 τὴν
3368 5559 3823 5630 δλοκὰρπωσινς

2171 5645 2370 5701 Ἐννόει
2401 5660 2490 5714 μοι
2545 5641 2777 5697 ἐνταῦθα
2830 5643 2923 5697 τοῦ
2970 5642 3179 5696 δικαίου
3235 5641 3336 5711 τὴν
3392 5639 3656 5709 βάσανον·
3704 5637 3823 5703 πῶς

2160 5721 2358 5792 ήνεγκε
2385 5723 2483 5794 τὴν
2510 5722 2701 5792 ἀκοὴν,
2734 5722 2852 5786 πῶς
2880 5723 3066 5793 ἴσχυσε
3104 5718 3505 5792 ἀποκρίνασθαι
3541 5717 3619 5786 τῷ
3648 5717 3822 5779 παιδί,

2223 5815 2248 5842 ³
2274 5809 2423 5872 Savjl.
2453 5814 2507 5858 el
2523 5810 2717 5871 quidam
2732 5823 2850 5872 τηεν.
2878 5810 2966 5872 ὅρα
2986 5810 3087 5872 πῶς
3103 5808 3183 5857 καὶ
3206 5808 3254 5855 ἐν
3272 5807 3340 5867 τῷ
3362 5803 3649 5872 διαστήματι
3669 5806 3825 5872 Quu-

2169 5870 2280 5937 νίζει
2305 5868 2391 5937 τοῦ
2413 5864 2597 5937 δικαίου
2608 5872 2701 5937 τήν
2720 5864 2935 5937 ἀρετὴν-ό
2961 5864 3825 5937 φιλάνθρωπος-Δεσπότης.

2169 5933 2258 5994 γὰρ
2277 5932 2322 5980 τί
2352 5933 2577 5993 ὑπέμενεν
2602 5932 2649 5979 ἐν
2671 5929 2795 5994 τρισὶ
2815 5933 2935 5994 νυξὶν
2953 5929 2980 5978 ό
3002 5929 3180 5985 δίκαιος
3202 5929 3392 5989 ἐκεῖνος,
3413 5931 3463 5976 et
3487 5934 3664 5977 cetera
3685 5929 3822 5977 simi-

2168 5992 2286 6055 Ιὶιει·
2307 5994 2503 6055 paulum
2523 5992 2719 6041 inverso
2744 5992 2936 6055 ordine,

2228 6053 2255 6092 b
2279 6051 2506 6113 Quinque
2525 6066 2635 6102 mss.
2660 6053 2760 6115 μετ’
2779 6053 2834 6101 ού
2855 6051 2975 6101 πολὺ
2998 6052 3249 6109 ἐπιθήσειν.
