4078 6434
276 395 380 452 42$)

275 508 654 580 promissionis
692 515 746 562 et
778 517 1054 577 postquam
1081 503 1215 559 dixit
1247 522 1259 557 :
1293 501 1360 557 In
1385 503 1475 557 illa
1506 501 1759 555 vocabitur
1785 499 1872 554 tibi

273 617 443 654 semen
469 639 484 664 ,
529 610 584 654 et
630 599 718 652 ille
753 596 854 652 erit
898 609 1175 651 successor
1201 602 1320 648 tuus
1348 612 1361 647 :
1393 592 1518 646 Post
1541 593 1689 646 verba
1722 593 1828 645 lucc

275 693 500 746 tentabat
523 690 662 745 Deus
691 690 969 743 Abraham.
996 687 1132 756 Quid
1160 695 1262 754 est,
1289 685 1538 740 Tentabat
1556 685 1580 738 ?
1597 685 1710 740 Non
1733 701 1878 755 quoq

275 774 391 856 ipse
420 787 721 855 ignoraret,
760 782 1050 837 tentatione
1077 779 1222 834 illum
1253 778 1527 848 probavit,
1555 777 1647 832 sed
1677 785 1734 831 ut
1760 787 1813 831 et
1840 777 1872 831 ii

279 877 368 945 qui
392 884 520 930 tunc
540 883 713 937 erant,
737 884 790 927 ct
809 871 896 942 qui
920 871 987 926 ab
1004 887 1067 926 eo
1091 880 1330 939 tempore
1354 883 1519 938 usque
1543 868 1610 922 ad
1639 883 1875 936 presens

280 969 445 1024 futuri
487 977 653 1033 sunt,
701 966 838 1021 istud
879 967 1049 1034 ipsum
1097 962 1414 1033 patriarcha:
1457 960 1780 1016 desiderium
1823 969 1877 1015 et

275 1061 640 1116 obedientiam
688 1060 738 1112 in
775 1058 1057 1128 perceptis
1085 1055 1367 1111 dominicis
1394 1069 1504 1122 prm
1531 1068 1589 1108 se
1621 1052 1761 1108 ferre
1789 1051 1873 1106 di-

276 1164 457 1209 scant.
490 1152 557 1207 Et
589 1153 739 1217 dixit,
765 1153 966 1221 inquit,
999 1151 1066 1203 ad
1086 1166 1202 1204 eum
1224 1165 1242 1202 :
1272 1147 1529 1201 Abraham
1552 1189 1565 1210 ,
1599 1147 1872 1201 Abraham.

277 1247 348 1300 At
392 1247 479 1300 ille
518 1247 646 1300 dixit
673 1262 692 1299 :
724 1244 855 1298 Ecce
884 1261 994 1314 ego.
1028 1242 1162 1311 Quid
1191 1241 1291 1297 sibi
1320 1243 1431 1296 vult
1459 1241 1604 1296 verbi
1632 1239 1876 1310 duplica-

279 1339 360 1393 tio
379 1339 405 1391 ?
436 1339 638 1408 Magna:
663 1337 1046 1392 benevolentia:
1068 1351 1191 1405 erga
1219 1334 1573 1405 patriareham
1596 1348 1880 1403 argumen-

283 1442 396 1486 tum
429 1441 530 1495 est,
563 1439 618 1486 et
643 1430 971 1484 monstrabat
996 1429 1044 1484 ei
1075 1429 1351 1482 vocatione
1375 1427 1510 1496 ipsa,
1545 1440 1603 1480 se
1629 1439 1876 1494 magnum

276 1523 482 1594 aliquid
508 1532 899 1594 prmeepturum
926 1535 1064 1576 esse.
1089 1519 1158 1575 Ut
1187 1519 1345 1590 igitur
1371 1518 1514 1572 illum
1539 1516 1877 1571 attentiorem

280 1615 559 1680 redderet,
588 1615 916 1668 vocationem
948 1611 1249 1683 geminabat
1269 1652 1284 1677 ,
1316 1619 1368 1666 et
1396 1610 1529 1663 dixit
1558 1627 1569 1661 :
1601 1607 1876 1671 Abraham,

278 1707 563 1760 Abraham.
595 1704 698 1758 Ille
716 1713 881 1758 autem
907 1704 1034 1758 dixit
1059 1721 1076 1758 :
1107 1703 1239 1758 Ecce
1276 1720 1387 1773 ego.
1409 1701 1463 1756 2.
1489 1700 1554 1754 Et
1579 1700 1706 1754 dixit
1731 1718 1744 1754 :
1777 1699 1879 1752 Ac-

281 1797 399 1868 cipe
419 1797 583 1865 ﬁlium
607 1806 748 1850 tuum
778 1796 1035 1859 dilectum,
1059 1811 1204 1864 quem
1225 1793 1466 1855 dilexisti,
1491 1791 1663 1858 Isaac,
1685 1802 1730 1844 et
1757 1791 1882 1844 vade

281 1888 340 1942 in
371 1897 557 1941 terram
591 1887 876 1951 excelsam,
908 1895 952 1940 et
977 1884 1106 1952 offer
1131 1902 1243 1939 eum
1274 1885 1325 1938 in
1354 1885 1702 1939 holocaustum
1728 1899 1882 1952 super

284 1994 446 2030 unum
476 1979 718 2032 montium
742 2018 758 2044 ,
799 1994 946 2045 quem
984 1977 1074 2031 tibi
1116 1977 1309 2031 dixero.
1352 1975 1597 2046 Magnum
1629 1974 1880 2044 praecepti

284 2067 521 2136 pondus,
554 2075 606 2121 et
635 2084 722 2123 res
753 2067 1042 2122 humanam
1071 2066 1453 2122 transcendens
1482 2074 1749 2119 naturam.
1783 2065 1881 2118 Ac-

283 2160 399 2228 cipe
429 2161 590 2228 ﬁlium
613 2170 752 2212 tuum
785 2161 1024 2214 dileclunt
1045 2201 1058 2223 ,
1086 2177 1232 2230 quem
1255 2159 1515 2223 dilexisti,
1543 2157 1712 2212 Isaac.
1747 2157 1883 2214 Vide

286 2251 562 2319 quomodo
602 2266 698 2320 per
726 2251 886 2305 verba
928 2251 1027 2305 ista
1069 2249 1324 2319 majorem
1355 2265 1539 2319 rogum
1569 2249 1879 2313 succendit,

284 2350 345 2396 ct
373 2341 642 2396 fornacem
667 2342 885 2407 amoris,
917 2355 1023 2410 quo
1046 2341 1220 2410 justus
1251 2340 1299 2394 in
1331 2340 1476 2393 Isaac
1501 2338 1722 2394 affectus
1745 2348 1880 2405 erat,

285 2433 662 2487 vcb-mcntius
677 2435 897 2488 excitat.
918 2433 1101 2502 Accipe
1121 2432 1282 2500 [ilium
1301 2441 1440 2484 tuum
1465 2431 1718 2495 dilectum,
1738 2446 1884 2500 quem

287 2525 535 2594 dilexisti,
567 2524 738 2579 Isaae.
770 2524 1196 2595 Unumquodque
1221 2523 1442 2578 verbum
1471 2539 1564 2592 per
1587 2537 1646 2578 se
1673 2522 1884 2576 sufﬁce-

289 2626 376 2672 ret
394 2617 461 2671 ad
486 2617 822 2672 sauciandam
846 2618 1077 2670 animam
1094 2616 1243 2686 justi.
1267 2615 1382 2670 Non
1404 2614 1546 2670 enim
1569 2613 1885 2683 simpliciter

288 2709 448 2774 dixit,
475 2708 629 2762 Isaac
648 2751 662 2776 ,
691 2708 784 2763 sed
822 2709 1046 2775 addidit,
1078 2708 1272 2762 Filium
1297 2717 1438 2760 tuum
1463 2749 1478 2773 ,
1504 2723 1659 2776 quem
1693 2716 1886 2777 prmtcr

287 2815 507 2855 omnem
529 2800 981 2869 exspectationem
1003 2799 1303 2868 suscepisti,
1325 2808 1378 2854 et
1395 2799 1446 2852 in
1470 2799 1582 2869 ipsa
1607 2806 1886 2853 senectute

289 2890 492 2946 habere
515 2891 752 2960 potuisti,
783 2891 1052 2954 Dilectum,
1084 2889 1492 2945 desiderabilem
1525 2899 1693 2955 tuum,
1726 2905 1884 2958 quem

288 2993 402 3038 tam
445 2984 731 3038 immodice
770 2983 946 3054 diligis
966 3023 980 3049 ,
1015 2981 1254 3037 lsaacum
1279 3023 1293 3047 ,
1325 2997 1482 3052 quem
1514 2996 1881 3036 SIICCCSSUI'Iim

290 3075 389 3132 tibi
418 3085 719 3144 exspectas,
744 3090 808 3129 ex
835 3090 940 3144 quo
964 3083 1019 3129 et
1047 3089 1228 3129 semen
1255 3081 1401 3128 tuum
1427 3072 1883 3142 multiplicaudum

291 3167 550 3237 promisi,
583 3175 639 3221 et
667 3167 719 3220 in
752 3174 953 3219 tantum
993 3164 1449 3234 multiplicandum
1479 3204 1494 3228 ,
1527 3172 1583 3216 ut
1610 3163 1883 3217 stellarum

289 3261 618 3315 multitudini
648 3270 702 3316 et
739 3277 917 3317 arena:
953 3278 1073 3332 qua:
1098 3262 1244 3332 juxta
1286 3260 1409 3314 litus
1438 3260 1600 3312 maris
1629 3266 1712 3313 est
1741 3257 1887 3311 adm-

287 3361 506 3422 quetur.
530 3353 680 3407 Illum
717 3354 886 3422 ipsum
915 3354 1117 3423 Accipe,
1141 3363 1185 3406 et
1205 3352 1330 3405 vade
1346 3351 1398 3404 in
1416 3360 1597 3405 terram
1616 3350 1885 3412 excelsam.

287 3457 336 3500 et
367 3446 498 3513 oﬁ'er
532 3464 648 3500 eum
672 3448 741 3500 ibi
768 3448 820 3500 in
856 3447 1202 3500 holocaustum
1231 3461 1383 3514 super
1415 3461 1568 3497 unum
1599 3443 1842 3496 montium
1868 3483 1884 3510 ,

287 3558 438 3609 quem
468 3542 558 3594 tibi
584 3542 768 3594 dicam.
801 3539 1064 3593 Admirari
1094 3539 1237 3592 subit
1260 3536 1530 3607 quomodo
1565 3536 1677 3590 inec
1714 3536 1885 3606 ju~tus

288 3631 509 3685 auribus
538 3631 677 3686 ferre
703 3631 950 3701 potuerit.
979 3631 1129 3684 Illum
1159 3630 1302 3684 enim
1331 3629 1522 3698 ipsum,
1556 3628 1747 3697 inquit,
1774 3637 1883 3680 tam

287 3725 704 3781 desiderabilem
749 3725 840 3778 tibi
867 3765 881 3788 ,
921 3723 1054 3777 oll'er
1084 3723 1214 3776 mihi
1245 3722 1296 3776 in
1329 3722 1694 3776 holocaustum
1721 3733 1887 3788 super

288 3835 460 3873 unum
487 3819 770 3871 montium.
801 3816 938 3885 Quid
969 3817 1129 3886 igitur
1148 3815 1362 3884 justus?
1391 3813 1503 3867 Non
1537 3813 1776 3866 turbatus
1805 3819 1888 3866 est

288 3908 493 3973 animo,
527 3925 633 3963 non
663 3910 913 3964 confusus
941 3919 1021 3963 est
1043 3917 1240 3974 mente,
1273 3922 1380 3960 non
1409 3905 1631 3960 consilio
1659 3904 1882 3958 destitu-

291 4009 380 4053 tus
401 4000 573 4054 estad
603 4011 707 4054 tam
736 4000 1054 4070 Stupeudum
1090 4007 1431 4068 praeceptum,
1462 4012 1566 4051 non
1596 3995 1881 4065 cogitabat,

291 4107 399 4146 non
444 4093 856 4147 ratiocinabatur
891 4107 1074 4147 secum
1105 4111 1116 4145 :
1147 4090 1280 4156 Quid
1330 4092 1430 4144 hoc
1469 4089 1595 4144 est?
1623 4089 1708 4158 qui
1759 4089 1884 4142 Inil.i

289 4193 490 4252 prmter
533 4200 744 4238 omnem
789 4185 1238 4252 exspectationem
1285 4183 1482 4252 prolem
1524 4181 1742 4250 largitus
1769 4190 1882 4247 est,

291 4277 382 4347 qui
414 4288 631 4346 propter
659 4278 1042 4347 benignitatem
1069 4293 1218 4330 suam
1244 4285 1541 4331 emortuam
1567 4275 1742 4331 Sarra:
1772 4273 1886 4327 vul-

290 4385 412 4421 vam
445 4369 775 4438 generationi
809 4368 1050 4423 idoneam
1079 4367 1230 4434 iecit,
1265 4383 1404 4420 nunc
1431 4377 1707 4436 postquam
1735 4365 1887 4420 abla~

285 4472 468 4515 elatus
497 4471 582 4516 est
608 4461 746 4516 (ilius
772 4471 826 4516 et
853 4462 1017 4516 crevit
1038 4502 1052 4526 ,
1086 4471 1138 4514 et
1166 4461 1216 4513 in
1249 4459 1379 4514 lIorc
1405 4460 1577 4513 a~tatis
1606 4468 1716 4524 est,
1746 4460 1885 4514 hunc

289 4552 466 4607 occidi
498 4561 552 4606 et
591 4553 642 4606 in
676 4553 1043 4606 holocaustum
1085 4551 1262 4604 olferri
1294 4551 1530 4620 prmcipit
1561 4568 1573 4604 :
1607 4551 1696 4620 qui
1730 4552 1884 4620 paulo

289 4657 448 4698 antea
477 4644 630 4706 dixit,
661 4642 726 4696 In
756 4644 865 4714 ipso
896 4643 1148 4696 vocabitur
1175 4643 1262 4695 tibi
1291 4658 1478 4707 semen,
1510 4658 1647 4696 nunc
1673 4652 1886 4696 contra-

288 4739 367 4791 ria
402 4736 658 4806 prauipit.
707 4737 775 4790 Et
821 4735 1088 4804 quomodo
1123 4734 1500 4804 implebuntur,
1545 4736 1663 4804 qum
1709 4734 1776 4787 ab
1821 4748 1886 4788 co

285 4840 416 4885 eunt
443 4828 878 4899 promissa?Quo
905 4840 1057 4897 pacto
1086 4828 1227 4882 enim
1259 4827 1368 4881 ﬁeri
1397 4836 1592 4897 potest,
1621 4836 1676 4880 ut
1708 4827 1885 4883 radice

293 4935 506 4977 exsecta
557 4923 690 4977 rami
731 4922 1036 4990 pullulent.
1081 4920 1163 4974 vel
1203 4920 1404 4974 succisa
1451 4920 1643 4975 arbore
1685 4920 1886 4974 fructus

292 5017 610 5087 proveniant
635 5057 648 5080 ,
678 5017 761 5070 vel
804 5015 948 5070 fonte
975 5013 1212 5068 arefacto
1243 5013 1382 5067 ﬂuvii
1414 5015 1706 5067 seatnriant
1732 5015 1754 5066 ?
1784 5014 1882 5067 Se-

293 5112 526 5167 cundum
557 5111 788 5165 hominis
809 5111 1065 5164 rationem
1091 5109 1209 5163 talia
1237 5107 1348 5164 ﬁeri
1375 5123 1478 5162 non
1504 5119 1584 5163 est
1611 5109 1883 5178 possibile;

291 5203 405 5258 Deo
433 5212 608 5256 autem
632 5203 844 5256 volente
874 5201 984 5254 fieri
1016 5210 1236 5270 possunt
1257 5200 1455 5253 omnia.

360 5293 419 5346 Ξ.
446 5292 712 5347 Czeterum
737 5291 925 5345 horum
957 5290 1085 5344 nihil
1111 5291 1360 5359 cogitavit
1381 5290 1880 5359 secumjustusille,

288 5386 384 5440 sed
403 5385 542 5440 sicut
560 5393 743 5456 gratus
767 5384 1014 5445 famulus,
1030 5384 1225 5437 omissa
1243 5383 1386 5437 omni
1409 5384 1615 5441 ratione
1632 5384 1881 5449 humana,

289 5493 455 5532 unam
486 5487 690 5532 tantum
721 5493 835 5532 rem
863 5476 1097 5539 curabat,
1127 5485 1182 5529 ut
1214 5475 1470 5544 imperata
1501 5492 1662 5545 opere
1692 5460 1883 5545 imple-

289 5580 374 5625 ret
403 5589 418 5624 :
445 5579 501 5625 et
543 5569 696 5639 quasi
734 5568 904 5622 factus
945 5567 1012 5620 ab
1052 5566 1280 5620 humana
1323 5574 1510 5620 natura
1556 5567 1761 5621 alienus
1786 5608 1802 5629 ,
1832 5575 1886 5620 et

291 5659 719 5732 postponendam
750 5658 954 5712 ducens
977 5657 1168 5710 divinis
1201 5656 1478 5725 praeceptis
1516 5669 1725 5710 onmem
1759 5655 1887 5711 affe-

291 5755 525 5807 ctionem
557 5760 612 5806 et
639 5749 978 5804 dilectionem
1006 5790 1019 5809 ,
1048 5747 1114 5801 ad
1143 5745 1408 5816 implenda
1440 5746 1529 5800 Dei
1558 5746 1702 5814 jussa
1732 5747 1883 5801 festi~

288 5845 458 5900 navit.
481 5845 534 5898 5.
571 5841 636 5896 Et
667 5858 782 5894 cum
811 5839 1144 5906 surrexisset,
1180 5839 1381 5909 inquit,
1413 5839 1664 5893 Abraham
1700 5855 1878 5907 mane,

1347 390 1411 446 IN
1445 387 1599 443 CAP.
1641 389 1802 449 XXII.
1838 393 2082 452 GENES.
2126 393 2354 454 HOMIL.
2399 399 2605 456 XLVII.

3462 420 3564 474 1:30

1980 506 2155 558 stravit
2183 508 2379 563 asinam
2413 527 2576 565 suam.
2612 509 2813 586 Accepit
2841 527 3006 574 autem
3049 539 3214 578 secum
3241 527 3374 580 duos
3397 545 3570 582 servos

1981 607 2028 650 et
2069 596 2217 653 Isaac
2256 602 2418 669 filium
2446 620 2593 659 suum
2624 623 2644 662 :
2677 619 2723 662 et
2759 611 2929 666 scissis
2965 614 3114 684 lignis
3141 616 3192 669 in
3218 616 3589 672 holocaustum'

1981 705 2092 743 cum
2119 694 2450 761 surrexisset,
2476 703 2729 770 profectus
2751 712 2844 768 est,
2872 715 2918 758 et
2943 708 3073 759 venit
3098 709 3150 761 in
3187 709 3352 763 locum
3372 753 3386 774 ,
3420 729 3569 780 quem

1982 780 2111 835 dixit
2147 784 2193 836 ei
2226 783 2362 840 Deus
2386 828 2400 852 ,
2433 788 2516 842 die
2543 793 2708 847 tertio.
2732 792 2866 850 Vide
2893 796 3210 853 clementem
3235 800 3517 856 Dominum
3551 844 3564 868 ,

1982 874 2249 941 quomodo
2292 885 2348 931 et
2384 878 2667 935 intervallo
2711 883 2813 938 loci
2848 885 2974 954 justi
3017 889 3258 954 probavit
3289 891 3562 945 virtutem.

1982 963 2162 1032 Cogita
2189 977 2366 1022 autem
2393 971 2517 1039 quid
2545 972 2817 1040 probabile
2840 976 2910 1030 sit
2940 978 3113 1032 triduo
3139 979 3229 1033 illo
3251 981 3568 1036 sustinuisse

1979 1052 2179 1124 justum
2213 1057 2228 1088 ί
2259 1071 2438 1113 secum
2478 1072 2809 1131 reputantem
2845 1067 2945 1121 sibi
2976 1080 3293 1138 praeceptum
3323 1086 3441 1126 esse
3466 1113 3479 1135 ,
3513 1080 3569 1124 ul

1981 1145 2090 1200 Suis
2115 1149 2356 1206 manibus
2375 1159 2479 1205 tam
2499 1153 2750 1208 dilectum
2775 1156 2939 1211 filimn
2962 1158 3246 1226 occideret,
3269 1175 3438 1230 neque
3454 1177 3567 1216 rem

1984 1240 2076 1293 ulli
2109 1245 2530 1300 communicaret
2558 1256 2610 1301 et
2647 1246 2919 1319 detegeret
2945 1266 2958 1314 ;
2995 1259 3049 1304 et
3077 1252 3393 1321 obstupesce
3419 1254 3564 1321 pium

1984 1334 2396 1405 religiosuntque
2443 1354 2505 1393 ac
2548 1341 2860 1409 prudentem
2906 1345 3068 1412 ipsius
3122 1346 3378 1399 animum.
3436 1347 3568 1414 Quia

1985 1429 2126 1481 enim
2159 1428 2360 1483 sciebat
2389 1432 2803 1500 magnitudinem
2836 1436 3104 1505 prmcepti,
3125 1439 3322 1491 nemini
3352 1453 3570 1507 prorsus

1988 1519 2087 1574 hoc
2112 1521 2429 1592 signiﬁcavit
2448 1565 2461 1587 ,
2493 1540 2663 1595 neque
2691 1527 2895 1595 pueris,
2927 1543 3102 1598 neque
3132 1529 3231 1598 ipsi
3264 1529 3409 1585 Isaac
3434 1549 3448 1585 :
3476 1530 3570 1585 sed

1986 1613 2132 1666 solus
2160 1628 2339 1668 secum
2369 1631 2596 1685 agonem
2631 1617 2775 1671 illum
2808 1619 3108 1674 decertabat
3139 1662 3152 1686 ,
3183 1630 3235 1676 et
3264 1622 3411 1690 quasi
3443 1621 3573 1674 ada-

1985 1717 2100 1756 mas
2139 1704 2351 1772 quidatn
2392 1707 2642 1761 manebat
2681 1708 2940 1775 invictus,
2984 1710 3148 1763 robur
3194 1712 3572 1780 cogitationum

1987 1801 2191 1848 tantum
2217 1797 2474 1850 exhibens
2494 1839 2508 1860 ,
2539 1808 2587 1852 et
2619 1813 2723 1863 non
2752 1800 2908 1852 multa
2938 1810 3205 1865 causatus,
3237 1817 3428 1871 magno
3453 1817 3572 1856 cum

1986 1885 2252 1941 desiderio
2281 1888 2681 1956 obtemperabat
2707 1891 2853 1943 nutui
2877 1891 3073 1944 divino.
3108 1893 3170 1944 Et
3198 1901 3476 1962 postquam
3505 1893 3570 1946 ad

1986 1978 2158 2033 locum
2203 1980 2351 2035 illum
2394 1983 2670 2051 pervenit,
2698 1983 2752 2037 ι.
2786 1982 3011 2037 Sublatis
3035 2024 3048 2046 ,
3079 1983 3285 2053 inquit,
3318 1983 3575 2038 Abraham

1987 2074 2148 2127 oculis
2175 2074 2281 2127 suis
2305 2074 2428 2127 uidit
2455 2075 2621 2128 locum
2652 2092 2682 2127 a
2717 2075 2898 2145 longe,
2930 2076 2981 2129 5.
3014 2086 3057 2128 et
3090 2075 3215 2128 dixit
3256 2076 3408 2129 servis
3435 2077 3538 2128 suis
3557 2088 3577 2128 :

1989 2167 2174 2222 Sedete
2207 2169 2288 2220 hic
2324 2185 2437 2221 cum
2473 2171 2637 2222 asina.
2668 2169 2803 2224 Vide
2825 2179 2878 2223 et
2909 2168 2995 2223 hic
3019 2169 3145 2238 justi
3174 2183 3417 2238 magnam
3448 2184 3574 2236 pru-

1989 2258 2222 2313 dentiam
2250 2276 2262 2311 :
2291 2259 2450 2314 etiam
2482 2260 2650 2314 servis
2676 2261 2787 2314 vult
2813 2274 2934 2314 esse
2964 2259 3207 2315 occultus
3231 2300 3244 2326 ,
3277 2275 3369 2328 per
3399 2260 3575 2312 omnia

1989 2350 2268 2405 declarans
2292 2365 2348 2405 se
2369 2366 2490 2405 cum
2519 2352 2742 2405 ferventi
2767 2351 3039 2406 alacritate
3060 2359 3112 2405 et
3141 2351 3343 2404 intento
3365 2349 3575 2404 deside-

1989 2443 2070 2496 rio
2091 2443 2313 2511 implere
2333 2443 2467 2497 velle
2488 2441 2627 2509 quod
2651 2443 2758 2497 Deo
2780 2442 3120 2511 probabatur.
3145 2441 3277 2495 Nam
3302 2441 3421 2510 quia
3445 2441 3578 2494 scie-

1991 2533 2081 2588 bat
2109 2547 2300 2586 novum
2332 2542 2385 2587 et
2417 2533 2708 2587 inauditum
2738 2548 2859 2588 esse
2894 2532 2944 2586 id
2975 2532 3114 2601 quod
3139 2531 3206 2586 ab
3235 2531 3350 2600 ipso
3376 2529 3576 2584 facien-

1989 2626 2115 2682 dum
2137 2635 2270 2691 erat,
2295 2641 2467 2694 neque
2488 2625 2554 2680 ab
2574 2625 2681 2678 ullo
2698 2638 2946 2693 umquam
2975 2623 3078 2678 tale
3099 2622 3348 2692 quiddam
3379 2620 3574 2674 iactuum

1992 2719 2156 2774 fuisse
2185 2729 2338 2773 antea
2363 2763 2376 2784 ,
2405 2734 2518 2774 rem
2546 2719 2720 2773 servis
2749 2717 3000 2771 occultat.
3033 2717 3094 2770 Et
3122 2715 3323 2770 reliCtis
3351 2715 3428 2768 eis
3455 2728 3575 2767 cum

1991 2812 2160 2877 asina,
2196 2812 2364 2881 inquit
2395 2830 2408 2865 :
2437 2811 2489 2865 5.
2522 2809 2622 2863 Hic
2641 2817 2960 2880 exspectate:
2981 2824 3070 2878 ego
3091 2807 3225 2861 enim
3253 2815 3299 2859 et
3322 2821 3445 2875 puer
3463 2819 3577 2855 am-

1992 2902 2276 2957 bulabimus
2305 2919 2458 2970 usque
2480 2901 2624 2966 illuc,
2646 2909 2691 2954 et
2717 2917 2831 2954 cum
2855 2900 3253 2959 adoraverimus,
3279 2906 3578 2949 revertemur

1993 2997 2061 3051 ad
2089 3013 2194 3050 vos.
2229 2994 2486 3065 Ignorans
2514 2993 2743 3048 futurum
2775 3007 2894 3047 esse
2924 2990 2973 3045 id
3007 2989 3147 3058 quod
3188 2988 3399 3042 dicebat
3427 3028 3440 3050 ,
3482 2984 3576 3038 sed

1995 3086 2338 3158 prophetavit
2365 3085 2576 3155 quidem
2603 3126 2617 3148 ,
2651 3084 2900 3154 ignorans
2924 3091 3099 3135 tamen
3133 3078 3392 3132 fortassis.
3429 3077 3579 3130 Dice-

1995 3179 2083 3233 bat
2111 3187 2287 3230 autem
2320 3176 2435 3230 have
2459 3175 2625 3229 servis
2651 3213 2666 3238 ,
2699 3173 2834 3228 forte
2864 3181 2920 3227 ut
2950 3159 3244 3240 imponeret
3270 3168 3348 3222 eis
3370 3207 3385 3232 ,
3415 3176 3468 3221 et
3499 3165 3580 3218 fa—

1995 3278 2141 3323 ceret
2169 3277 2226 3322 ut
2265 3268 2335 3321 ibi
2377 3273 2655 3320 manentes
2683 3280 2790 3318 non
2818 3270 3167 3332 sequerentur
3195 3277 3210 3314 :
3241 3274 3302 3313 ac
3327 3258 3582 3328 deinceps

1995 3375 2114 3412 eum
2144 3373 2308 3428 puero
2334 3365 2450 3410 erat
2479 3353 2796 3424 patriarcha.
2820 3352 2872 3406 6.
2899 3351 3101 3421 Accepit
3126 3359 3292 3402 autent
3325 3349 3579 3402 Abraham

1995 3452 2134 3521 ligna
2165 3447 2464 3511 Izolocausli,
2496 3455 2540 3499 et
2567 3443 2804 3514 imposuit
2836 3441 2982 3495 Isaac
3012 3441 3118 3508 [ilio
3148 3457 3260 3492 suo.
3293 3438 3427 3491 Tulit
3451 3453 3578 3506 quo-

1994 3557 2089 3609 que
2112 3540 2164 3593 in
2185 3538 2417 3591 manibus
2439 3536 2601 3606 ign-em
2630 3543 2676 3587 et
2700 3531 2947 3600 gladium,
2970 3539 3014 3583 et
3037 3535 3361 3597 perrexerunt
3385 3527 3483 3579 duo
3505 3526 3582 3578 illi

1995 3634 2164 3689 simul.
2196 3632 2240 3688 Ο
2269 3632 2460 3686 aninize
2491 3626 2848 3683 fortitudinem
2875 3627 2888 3678 l
2921 3640 2953 3677 ο
2979 3621 3195 3691 spiritus
3220 3618 3574 3673 soliditatem!

1996 3729 2061 3782 Et
2087 3727 2345 3798 imposuit,
2375 3725 2564 3793 inquit,
2587 3721 2740 3775 Isaac
2757 3722 2896 3792 ligna
2917 3719 3236 3772 holocausti:
3264 3715 3375 3782 ipse
3402 3721 3580 3766 autem

1992 3819 2225 3889 gladium
2269 3825 2322 3871 et
2362 3817 2535 3883 ignem
2571 3812 2808 3881 accepit,
2849 3820 2903 3864 et
2941 3809 3154 3862 iverunt
3193 3805 3351 3858 ambo
3395 3802 3578 3858 simul.

1993 3910 2247 3979 Qualibus
2277 3909 2443 3963 oculis
2479 3906 2752 3974 spectabat
2781 3918 2998 3971 puerum
3041 3901 3176 3968 ligna
3219 3897 3528 3951 afferentem
3561 3936 3578 3962 ,

1995 4017 2156 4072 super
2181 4015 2300 4070 qua:
2327 4013 2432 4052 non
2459 3997 2627 4051 multo
2661 4003 2777 4064 post
2806 3993 2950 4047 illum
2981 3991 3346 4044 immolaturus
3367 3988 3386 4018 ¹
3417 3996 3531 4040 erat
3556 3986 3584 4040 ’ἔ

1993 4091 2261 4164 quomodo
2303 4105 2489 4144 manus
2530 4088 2670 4142 ferre
2711 4085 2880 4155 potuit
2923 4084 3094 4153 ignem
3123 4091 3176 4136 et
3207 4078 3485 4150 gladium?
3515 4077 3581 4130 Et

1995 4200 2184 4240 manus
2213 4183 2426 4253 quidem
2453 4179 2659 4234 ferebat
2684 4179 2855 4248 ignem
2887 4173 3216 4235 seusibilem,
3245 4169 3378 4238 ignis
3403 4179 3581 4222 autem

1993 4276 2215 4330 interior
2241 4271 2566 4328 accendebat
2603 4269 2768 4338 ipsius
2799 4275 3028 4320 mentem
3054 4304 3066 4324 ,
3096 4269 3150 4314 et
3192 4261 3450 4315 rationem
3481 4257 3578 4312 alt-

1993 4368 2254 4431 sumebat,
2284 4363 2742 4435 persuadebatque
2764 4370 2819 4412 ut
2844 4372 3025 4412 amore
3053 4357 3103 4408 in
3134 4356 3295 4408 Deum
3319 4353 3577 4412 vinceret,

1994 4469 2048 4515 et
2080 4460 2213 4512 hanc
2242 4457 2614 4526 cogitationem
2647 4450 2982 4510 immittebat,
3008 4463 3149 4509 eum,
3178 4444 3263 4513 qui
3287 4443 3395 4512 jam
3419 4455 3578 4508 supra

1994 4553 2277 4607 humanam
2293 4545 2532 4603 naiuram
2547 4563 2603 4600 se
2621 4546 2816 4599 fecerat
2830 4557 2948 4597 esse
2965 4550 3163 4608 patrem
3175 4579 3188 4601 ,
3213 4539 3402 4590 iterum
3423 4546 3582 4601 posse

1991 4655 2044 4700 et
2076 4659 2215 4697 nunc
2243 4657 2360 4711 quae
2378 4640 2660 4693 humanam
2687 4634 3144 4702 transgrediuntur
3165 4629 3422 4682 rationem
3450 4641 3580 4692 ope-

1993 4735 2119 4790 rari.
2143 4733 2406 4788 Cmterum
2435 4729 2572 4791 vide,
2592 4727 2833 4784 obsecro.
2854 4723 3102 4789 deinceps
3125 4728 3246 4773 ante
3272 4717 3578 4772 sensibilem

1996 4829 2142 4882 illum
2187 4826 2398 4895 ignem,
2445 4819 2747 4875 incendium
2791 4817 3056 4870 internum
3083 4855 3095 4876 ,
3144 4812 3282 4882 quod
3326 4810 3579 4879 paulatim

1993 4913 2408 4978 exardeseebat,
2437 4919 2490 4966 et
2514 4908 2642 4981 juszi
2671 4916 2900 4962 mentem
2934 4904 3314 4958 inﬂammabat.
3353 4901 3402 4954 7.
3439 4899 3578 4951 Dixit

1992 5022 2182 5073 autem,
2208 5007 2396 5076 inquit,
2427 5004 2578 5057 Isaac
2598 5001 2665 5054 ad
2686 4999 2941 5053 Abraham
2967 5007 3156 5065 patrem
3185 5009 3371 5048 suum:
3404 4990 3574 5042 Pater.

1993 5101 2302 5158 Sufliciebat
2352 5098 2453 5151 hoc
2497 5094 2713 5148 verbum
2767 5091 2831 5143 ad
2886 5086 3194 5142 Ianeinanda
3241 5084 3367 5150 justi
3422 5080 3577 5147 hujus

1991 5195 2214 5249 viscera.
2249 5189 2348 5244 Ille
2377 5199 2543 5242 autem
2583 5185 2709 5239 dixit
2741 5199 2759 5236 :
2794 5181 2929 5247 Quid
2955 5189 3048 5243 est,
3081 5176 3200 5246 ﬁli?
3243 5177 3451 5228 Patrem
3485 5187 3578 5221 vo-

1989 5303 2101 5353 cas,
2126 5283 2280 5355 paulo
2299 5290 2418 5352 post
2443 5281 2669 5334 futurum
2689 5276 2876 5329 orbum
2902 5289 2915 5324 :
2945 5280 2996 5324 et
3023 5283 3122 5338 ego
3152 5265 3314 5319 filium
3342 5261 3584 5355 appello,

1991 5379 2079 5449 qui
2112 5352 2216 5432 non
2247 5375 2414 5427 multo
2441 5379 2554 5441 post
2581 5383 2740 5435 super
2766 5365 2929 5418 altare
2957 5371 3274 5413 ascensurus
3302 5364 3413 5418 est,
3445 5352 3580 5406 meis

1989 5444 2310 5526 occidendus
2337 5462 2599 5519 manibus.
2630 5456 2827 5510 Deinde
2855 5465 2982 5520 puer
3012 5447 3179 5517 inquit
3209 5464 3221 5498 :
3258 5444 3386 5499 Ecce
3411 5445 3579 5511 ignem

1989 5559 2180 5617 affers.
2215 5568 2262 5613 et
2292 5572 2389 5626 ego
2429 5555 2603 5624 ligna;
2627 5547 2710 5601 ubi
2751 5557 2832 5599 est
2870 5540 3040 5596 hostia
3082 5537 3448 5592 immolanda?
3482 5535 3574 5589 ι’ὺί

2053 5724 2088 5782 ιν
2108 5716 2324 5782 εθνῑὶηεῑ
2345 5709 2537 5782 quidam
2569 5714 2680 5756 Mss.
2722 5715 2740 5782 ξ
2784 5701 2947 5765 rogita
2968 5698 3096 5748 enim
3127 5706 3304 5762 quanta
3329 5707 3580 5759 perpessus

1990 5783 2049 5834 sit
2065 5781 2225 5842 justus
2249 5774 2328 5825 ille
2351 5774 2477 5820 intra
2501 5778 2596 5840 tres
2627 5774 2803 5842 noctes.
2883 5835 2934 5842 ﬂ
2983 5821 2997 5842 Σ

2351 5844 2476 5893 λιεεη
2500 5830 2825 5896 impositurus,
2850 5835 2952 5888 pro,
2981 5821 3330 5873 lmtn'dttlitt'u-So
