4078 6472
491 383 589 439 451

485 509 556 552 est
579 499 684 553 ovis
703 499 770 554 ad
797 499 1143 555 holocaustum
1163 501 1190 555 2
1213 500 1524 568 Considera,
1551 505 1800 570 obsecro,
1827 505 1914 562 hic
1935 507 2064 576 justi

485 587 583 642 viri
600 591 914 657 cruciatum,
935 592 1201 661 quomodo
1222 593 1338 647 tulit
1352 595 1589 659 auribus,
1610 595 1878 666 quomodo
1901 596 2070 666 potuit

485 679 810 748 respondere
838 697 1024 752 puero,
1051 684 1316 752 quomodo
1342 701 1448 740 non
1471 695 1552 741 est
1580 686 1834 742 confusus
1860 695 2067 751 mente,
2101 734 2107 740 .

487 769 757 839 quomodo
784 771 891 825 filio
915 773 1182 828 occultare
1211 775 1379 843 potuit
1406 775 1454 830 id
1485 776 1626 846 quod
1649 774 1882 831 futurum
1913 785 2066 831 erat:

487 859 582 912 sed
615 859 782 928 inquit
808 875 1070 929 generoso
1107 863 1294 932 spiritu
1334 873 1389 920 et
1429 864 1550 920 forti
1590 866 1764 920 anima
1795 883 1808 919 :
1840 865 1893 921 8.
1934 865 2070 920 Deus

486 950 668 1005 videbit
685 953 977 1025 sibimetipsi
1003 971 1143 1009 ovem
1168 957 1238 1010 ad
1257 957 1624 1025 holocaustum,
1651 959 1887 1028 ﬁli.Vide
1907 961 2066 1012 etiam

487 1042 572 1096 hic
599 1057 706 1113 quo
731 1054 886 1112 pacto
911 1045 1128 1115 ignarus
1163 1047 1397 1102 insinuat
1439 1049 1627 1103 iterum
1658 1050 1798 1119 quod
1840 1051 2071 1103 futurum

485 1142 620 1185 erat.
655 1132 940 1189 Videbatur
968 1137 1108 1189 enim
1138 1151 1232 1205 per
1259 1152 1570 1206 responsum
1601 1139 1746 1193 lsaac
1770 1138 2070 1207 decepisse,

487 1222 584 1278 sed
613 1225 685 1280 illi
716 1225 928 1296 quidem
966 1228 1143 1283 verbis
1170 1229 1380 1284 interim
1410 1231 1674 1300 persuasit
1705 1249 1718 1284 :
1753 1231 1866 1300 ipse
1894 1239 2073 1284 autem

489 1316 746 1387 majorem
791 1321 1194 1392 gravioremque
1241 1323 1483 1378 dolorem
1529 1324 1776 1392 pertulit,
1815 1325 1977 1379 verba
2020 1325 2073 1380 in

489 1407 664 1461 anima
687 1424 926 1476 versans,
945 1422 998 1466 et
1016 1412 1252 1482 cogitans
1274 1414 1421 1482 pueri
1444 1413 1758 1482 elegantiam
1774 1424 2072 1482 externam,

498 1495 870 1568 internamque
897 1499 1340 1568 pulchritudinem
1369 1543 1383 1566 ,
1412 1503 1796 1570 obedientiam,
1827 1505 2073 1574 gratiam,

489 1587 661 1641 aetatis
688 1587 896 1645 ﬂorem.
927 1590 980 1645 9.
1013 1589 1236 1662 Cumque
1267 1593 1394 1647 irent
1423 1594 1569 1648 ambo
1588 1635 1604 1661 ,
1643 1605 1878 1651 venerunt
1905 1596 1972 1650 ad
2001 1597 2078 1650 lo-

488 1695 603 1732 cum
625 1679 688 1733 de
709 1696 803 1750 quo
819 1681 944 1734 dixit
967 1683 1012 1735 ei
1032 1682 1188 1737 Deus.
1212 1683 1502 1752 Venerunt,
1529 1686 1713 1756 inquit,
1739 1687 1805 1741 ad
1838 1698 2074 1742 montem

488 1770 797 1836 excelsum,
847 1786 1006 1840 quem
1045 1773 1248 1828 scilicet
1281 1774 1331 1829 ci
1380 1776 1632 1830 Dominus
1676 1776 1931 1831 indicarat
1964 1795 1978 1831 :
2009 1777 2077 1832 Et

489 1862 760 1930 adi/ienuit
788 1863 856 1916 ibi
881 1863 1138 1917 Abraham
1167 1866 1350 1922 altare.
1386 1867 1579 1922 lterum
1609 1868 1928 1938 obstupesco
1946 1869 2077 1938 justi

478 1951 849 2008 fortitudinem
880 1994 895 2018 ,
951 1955 1218 2024 quomodo
1268 1959 1500 2027 potuerit
1541 1967 1816 2014 exstruere
1864 1961 2030 2014 altare
2060 2001 2076 2026 ,

485 2042 754 2110 quomodo
790 2043 1053 2113 valuerit,
1098 2047 1365 2116 quomodo
1407 2064 1514 2103 non
1553 2048 1812 2105 defecerit
1842 2067 1951 2119 pra:
1981 2067 2080 2104 an-

485 2134 679 2202 gustia,
710 2135 804 2190 sed
835 2146 888 2191 et
915 2137 1083 2193 altare
1109 2139 1474 2206 aedificaverit,
1503 2150 1558 2196 et
1582 2143 1896 2211 imposuerit
1918 2143 2080 2212 ligna.

488 2222 558 2278 Et
593 2225 806 2296 ligatum
845 2225 1012 2296 ﬁliunt
1050 2246 1200 2284 suum
1241 2227 1397 2284 Isaac
1432 2231 1668 2300 imposuit
1712 2249 1864 2302 super
1895 2232 2078 2288 altare.

489 2316 580 2372 10.
626 2316 694 2371 Et
727 2318 948 2372 extendit
984 2318 1242 2374 Abraham
1281 2337 1488 2375 manum
1528 2339 1709 2388 suant,
1744 2333 1798 2377 ut
1836 2325 2083 2393 acciperet

491 2406 741 2478 gladium,
765 2419 811 2461 et
835 2409 1084 2464 occideret
1113 2412 1280 2479 ﬁlium
1302 2427 1471 2466 suum.

560 2520 614 2574 3.
645 2520 921 2575 Abrahami
959 2523 1203 2593 fortitudo
1241 2535 1286 2578 et
1315 2524 1487 2580 Isauri
1523 2527 1857 2598 obsequentia.
1893 2559 1968 2571 —
2009 2529 2086 2585 Ne

486 2610 676 2665 leviter
713 2624 1185 2681 praetercurramus
1206 2657 1221 2682 ,
1251 2617 1467 2682 dilecti,
1495 2633 1615 2687 qua:
1633 2619 1773 2674 dicta
1801 2631 1956 2676 sunt:
1991 2621 2085 2675 sed

485 2703 884 2758 consideremus
909 2706 1172 2774 quomodo
1199 2721 1304 2761 non
1330 2709 1552 2762 avolarit
1573 2725 1603 2763 a
1628 2726 1852 2780 corpore
1875 2714 2048 2766 anima
2067 2757 2081 2778 ,

487 2793 758 2863 quomodo
782 2795 1012 2862 potuerit
1031 2797 1139 2851 suis
1161 2799 1407 2853 manibus
1431 2800 1710 2870 colligare,
1741 2811 1795 2856 et
1815 2802 1968 2872 lignis
1991 2805 2090 2859 im—

488 2898 690 2954 ponere
730 2896 835 2940 tam
864 2886 1116 2943 dilectum
1141 2929 1158 2955 ,
1191 2898 1298 2944 tam
1329 2891 1610 2946 amabilem
1648 2895 1996 2966 unigenitum.
2023 2895 2089 2950 Et

489 2975 710 3030 extendit
743 3018 759 3044 ,
805 2977 1013 3048 inquit,
1053 2978 1308 3034 Abraham
1343 2999 1548 3036 manum
1572 3001 1716 3038 suam
1745 3027 1760 3050 ,
1817 2998 1870 3040 ut
1895 2989 2090 3059 ariipe-

488 3075 564 3119 ret
584 3065 811 3137 gladium
840 3068 908 3122 ad
934 3069 1262 3123 occidendum
1288 3070 1448 3140 ﬁlium
1482 3090 1647 3126 suunt.
1695 3074 1740 3130 Ο
1786 3077 2086 3146 religiosam

489 3157 742 3212 animam!
775 3173 808 3212 ο
838 3157 1026 3214 fortem
1073 3163 1324 3217 tuentem!
1375 3177 1410 3218 ο
1464 3164 1728 3234 ingentem
1768 3171 2025 3224 amorem!
2059 3185 2091 3224 ο

489 3252 752 3308 rationem
800 3255 1101 3308 vincentem
1162 3255 1447 3312 humanam
1519 3263 1778 3316 naturam!
1845 3263 2088 3334 Accepit,

490 3343 694 3413 inquit,
717 3345 947 3415 gladium
967 3387 981 3413 ,
1002 3357 1056 3400 ut
1072 3348 1313 3402 occideret
1339 3351 1500 3419 ﬁlium
1517 3369 1681 3408 suum.
1714 3355 1900 3410 Utrum
1925 3359 2094 3428 magis

487 3435 722 3490 admirer
757 3447 811 3492 et
840 3439 1214 3509 obstupescam
1258 3481 1274 3506 ,
1304 3442 1564 3498 fortemne
1593 3445 1838 3514 spiritum
1869 3451 2096 3517 patriar-

487 3529 638 3593 clue,
675 3545 743 3584 an
783 3532 930 3599 pueri
976 3531 1376 3587 obedientiam?
1416 3535 1555 3605 quod
1588 3553 1758 3606 neque
1806 3539 2096 3596 reluctatus

495 3633 577 3676 est
600 3661 616 3686 ,
646 3637 817 3691 neque
853 3625 1052 3677 factum
1074 3639 1216 3694 mgre
1242 3627 1356 3679 tulit
1379 3667 1392 3686 ,
1425 3627 1516 3682 sed
1549 3630 1707 3683 cessit
1729 3638 1783 3684 et
1815 3630 2094 3703 obtempe-

493 3713 634 3766 ravit
682 3713 746 3766 iis
786 3728 906 3783 qua:
939 3730 968 3766 a
999 3723 1148 3784 patre
1176 3714 1310 3770 facta
1339 3727 1495 3784 sunt,
1524 3729 1578 3773 et
1612 3720 1747 3775 sicut
1777 3737 1942 3790 agnus
1971 3737 2093 3777 cum

494 3803 712 3859 silentio
741 3819 902 3874 super
929 3805 1101 3862 altare
1129 3807 1409 3874 accubuit,
1432 3819 1754 3880 exspectans
1780 3813 1943 3880 patris
1968 3812 2099 3868 dex-

497 3895 709 3950 teram?
737 3895 931 3952 Verum
958 3898 1046 3953 ubi
1073 3899 1160 3954 illa
1191 3900 1274 3971 pia
1307 3915 1457 3955 mens
1504 3917 1596 3956 sua
1627 3903 1803 3957 omnia
1843 3919 2097 3958 consum-

501 3986 666 4040 mavit
719 3996 772 4041 et
798 3987 927 4042 nihil
950 3989 1269 4045 intermisit:
1298 3993 1585 4047 ostendens
1605 3993 1775 4048 bonus
1805 3993 2058 4049 Dominus
2077 4035 2094 4062 ,

502 4090 562 4129 se
587 4091 694 4130 non
723 4079 890 4132 occidi
934 4095 1185 4149 puerum,
1213 4081 1305 4136 sed
1348 4083 1522 4152 p0tius
1562 4083 1689 4152 justi
1721 4086 1969 4140 virtutem
2012 4085 2099 4140 de-

500 4169 603 4238 tegi
634 4170 901 4225 volentem
921 4213 936 4237 ,
966 4172 1080 4227 hmc
1105 4174 1397 4244 imperasse
1421 4191 1434 4227 :
1463 4185 1718 4230 enronato
1745 4177 1889 4246 justo
1917 4179 1986 4232 ob
2005 4194 2100 4233 vo-

501 4261 758 4314 luntatem
805 4276 991 4329 suam,
1042 4273 1097 4319 et
1139 4275 1354 4334 accepta
1400 4275 1768 4320 consummata
1817 4267 1986 4322 hostia
2034 4285 2100 4324 ex

506 4360 683 4406 mente
712 4353 1024 4421 patriarchas
1043 4393 1058 4420 ,
1089 4371 1230 4410 nunc
1258 4371 1407 4410 suam
1436 4357 1669 4412 declarat
1699 4359 2097 4430 benignitatem.

501 4443 589 4497 11.
624 4441 692 4497 Et
711 4446 902 4499 vocavit
921 4461 1033 4500 eum
1057 4487 1071 4510 ,
1099 4447 1304 4517 inquit,
1346 4450 1553 4519 angelus
1593 4449 1800 4504 Domini
1837 4451 1899 4504 de
1935 4452 2058 4506 calo
2080 4493 2097 4520 ,

501 4535 754 4605 dixitque,
777 4535 1052 4602 Abraham,
1075 4537 1348 4593 Abraham.
1383 4539 1513 4595 Nam
1531 4543 1650 4611 quia
1674 4541 1885 4598 videbat
1901 4543 2098 4613 justum

500 4621 608 4690 jam
643 4627 937 4682 accinctum
969 4637 1026 4684 et
1047 4638 1284 4698 paratum
1307 4630 1373 4684 ad
1424 4632 1869 4700 immolationem,
1918 4645 1973 4688 et
2008 4650 2104 4689 vo-

506 4714 702 4768 lentem
734 4718 955 4787 implere
985 4721 1289 4776 mandatum
1315 4723 1546 4788 Domini,
1576 4724 1772 4778 idcirco
1804 4733 1956 4780 vocitt
1977 4741 2098 4780 eum

419 4868 422 4870 γ
502 4804 570 4857 de
597 4807 756 4870 cado,
797 4817 850 4861 et
875 4808 1040 4863 dicit:
1070 4812 1368 4878 Abraham,
1412 4815 1698 4871 Abraham.
1753 4818 1896 4871 Bene
1925 4827 1982 4872 et
2012 4819 2102 4875 hic

502 4898 860 4968 geminatione
886 4916 1013 4955 usus
1033 4912 1148 4969 est,
1181 4915 1234 4956 ut
1264 4916 1540 4974 superaret
1567 4908 1820 4978 impetum
1860 4910 2022 4979 justi,
2047 4921 2100 4969 et

505 4993 650 5060 quasi
679 5007 774 5061 per
805 5001 991 5046 vocem
1037 4994 1361 5049 detineretur
1395 4996 1520 5064 justi
1547 4999 1794 5065 dextera,
1835 5001 1942 5068 jam
1986 5011 2102 5057 ten-

500 5083 635 5138 dens
651 5083 716 5136 ad
740 5083 888 5152 pueri
915 5082 1136 5137 cmdem.
1164 5082 1230 5136 Et
1252 5085 1378 5138 dixit
1409 5085 1577 5141 :E'cce
1598 5105 1708 5159 ego.
1734 5091 1820 5143 £2.
1850 5089 1914 5143 Et
1935 5091 2098 5147 dixit:

505 5173 814 5244 Neittjicias
852 5190 1058 5227 manum
1100 5184 1238 5227 tuam
1261 5176 1313 5228 in
1353 5193 1588 5244 puerum,
1633 5197 1791 5250 neque
1829 5181 1986 5252 facias
2025 5182 2102 5238 illi

504 5267 796 5337 quidquam.
825 5265 978 5319 Nunc
1008 5269 1140 5320 enim
1162 5269 1370 5336 cognoui
1389 5270 1508 5337 quia
1535 5270 1678 5324 times
1721 5270 1880 5324 Deum
1923 5281 1976 5324 tu
1995 5313 2010 5336 ,
2055 5283 2102 5326 et

507 5373 606 5409 non
635 5359 897 5425 pepercisti
926 5357 1035 5426 ﬁlio
1055 5367 1141 5411 tuo
1169 5356 1350 5412 dilecto
1397 5375 1506 5427 pro;
1527 5369 1600 5411 ter
1626 5375 1722 5413 me.
1758 5359 1842 5413 Ne
1865 5361 2098 5432 injicias,

509 5447 706 5517 inquit,
755 5465 960 5502 manum
983 5457 1122 5502 tuam
1167 5448 1219 5502 in
1247 5465 1474 5519 puerum.
1505 5447 1620 5504 Non
1651 5449 1752 5504 hoc
1793 5452 2018 5521 praecepi
2047 5461 2104 5506 ut

509 5551 644 5606 opus
687 5537 986 5603 perficiatur
1005 5579 1020 5603 ,
1048 5553 1218 5610 neque
1248 5539 1367 5594 volo
1393 5550 1446 5593 ut
1473 5539 1746 5595 occidatur
1773 5540 1910 5596 filius
1938 5551 2059 5596 tuus
2087 5583 2103 5598 .

511 5625 607 5678 sed
635 5636 692 5678 ut
719 5625 1018 5680 obedientia
1044 5637 1128 5682 tua
1157 5631 1430 5686 manifesta
1461 5633 1530 5686 sit
1549 5632 1814 5688 omnibus.
1849 5631 2010 5701 Igitur
2036 5646 2104 5687 ne

515 5714 702 5770 feceris
731 5718 779 5772 ei
819 5718 1127 5788 quidquam.
1159 5721 1446 5779 Contentus
1473 5741 1592 5780 sum
1620 5725 1892 5782 voluntate
1920 5735 2028 5790 tua,
2051 5731 2106 5779 et

520 5816 587 5858 ex
609 5805 709 5859 hac
731 5817 779 5862 te
804 5821 1007 5862 curono
1035 5818 1088 5863 et
1109 5813 1354 5879 prmdico.
1387 5814 1536 5871 Nunc
1565 5817 1705 5872 enim
1729 5814 1954 5887 cognovi
1979 5813 2102 5885 quia

1235 388 1292 446 S.
1331 388 1611 445 JOANNIS
1646 389 2125 448 CHRYSOSTOMI
2164 392 2479 452 ARCHIEP.
2519 395 3053 456 CONSTANTINOP.

3670 407 3774 462 l3!

2178 507 2334 564 times
2361 508 2523 564 Deum
2555 519 2628 566 tu.
2654 511 2786 567 Vide
2805 513 3070 582 quomodo
3097 514 3367 572 humiliter
3391 531 3452 571 se
3472 527 3672 573 nostra:
3697 518 3778 574 in-

2175 598 2413 655 firmitati
2437 601 2537 656 hoc
2558 604 2720 658 verbo
2745 614 3082 674 attemperat.
3110 607 3246 674 Quid
3268 608 3450 677 igitur?
3471 610 3779 678 ignorabat-

2177 707 2244 748 ne
2268 702 2392 748 ante
2417 694 2521 749 hoc
2544 695 2671 764 justi
2700 697 2979 761 virtutem,
3005 709 3058 753 et
3087 713 3228 753 nunc
3261 703 3512 770 cognovit
3536 702 3780 756 omnium

2177 784 2472 839 Dominus?
2495 785 2609 840 Non
2633 785 2760 849 hoc.
2791 787 2987 856 inquit,
3014 789 3307 858 significat,
3337 789 3476 860 quod
3503 805 3649 844 nunc
3673 791 3784 861 ipse

2177 875 2502 946 cognoverit.
2529 879 2633 932 Sed
2654 879 2776 948 quid
2804 879 2980 934 dicere
3000 880 3153 934 vult?
3178 880 3352 946 Nunc,
3378 881 3584 952 inquit,
3609 885 3788 938 omni-

2179 966 2278 1021 bus
2314 967 2594 1023 declarasti
2611 1009 2628 1035 ,
2655 960 2922 1038 quomodo
2963 971 3170 1026 sincero
3200 971 3391 1026 timore
3419 972 3590 1027 Deum
3617 974 3785 1028 colas.

2179 1055 2308 1111 Nam
2339 1073 2718 1131 ego-noveram
2760 1060 3012 1114 famulum
3039 1076 3214 1115 meum
3241 1079 3254 1115 :
3285 1077 3403 1130 qua:
3431 1073 3609 1117 autem
3648 1077 3791 1116 nunc

2179 1160 2209 1200 a
2241 1156 2293 1202 te
2318 1146 2452 1202 facta
2473 1159 2595 1204 sunt
2621 1151 2878 1204 doctrina:
2903 1152 3121 1206 materia
3147 1163 3271 1205 sunt
3293 1163 3400 1207 tam
3429 1155 3790 1223 przcsentibus

2180 1254 2338 1308 quam
2367 1239 2577 1295 futuris.
2608 1241 2800 1296 Notum
2827 1243 2968 1297 enim
2997 1242 3171 1298 fecisti
3194 1259 3335 1299 nunc
3364 1243 3615 1301 omnibus
3644 1254 3700 1301 te
3726 1247 3791 1300 ti~

2181 1346 2329 1386 mere
2347 1331 2508 1386 Deum
2529 1375 2543 1397 ,
2571 1341 2626 1388 et
2641 1347 2828 1388 curare
2850 1343 2904 1387 ut
2929 1334 3173 1388 mandata
3193 1334 3308 1404 ejus
3329 1350 3493 1404 opere
3520 1335 3749 1405 impleas
3774 1353 3788 1389 :

2186 1419 2251 1474 Et
2273 1438 2370 1475 non
2387 1421 2650 1492 pepercisti
2670 1423 2777 1491 ﬁlio
2798 1433 2883 1476 tuo
2906 1422 3087 1478 dilecta
3112 1434 3318 1494 prapter
3332 1441 3411 1478 me
3429 1441 3450 1479 :
3474 1424 3548 1479 illi
3569 1425 3661 1495 qui
3683 1435 3791 1480 tam

2183 1511 2408 1567 dilectus
2436 1523 2552 1577 est,
2585 1529 2743 1583 quem
2785 1522 2892 1568 tam
2921 1513 3170 1569 ardenter
3209 1529 3393 1582 amas,
3449 1530 3556 1569 non
3598 1529 3797 1585 peper-

2183 1604 2299 1658 cisti
2323 1613 2540 1672 propter
2559 1619 2645 1658 me
2662 1645 2679 1672 ,
2704 1615 2916 1674 propter
2935 1604 3242 1659 mandatum
3263 1615 3317 1660 et
3339 1604 3547 1674 jussum
3573 1620 3754 1659 meum
3775 1621 3793 1659 :

2183 1695 2277 1749 sed
2305 1695 2582 1764 prrctulisti
2611 1695 2915 1750 mandatum
2946 1711 3122 1751 meum
3164 1695 3276 1750 filio
3301 1705 3416 1750 tuo.
3456 1695 3692 1750 Proinde
3736 1703 3798 1751 et

2185 1787 2350 1840 filium
2379 1796 2526 1841 tuum
2554 1787 2756 1856 accipe.
2787 1787 3012 1857 Propter
3038 1787 3141 1842 hoc
3180 1789 3322 1842 enim
3355 1786 3624 1856 pollicitus
3675 1802 3795 1842 sum

2185 1876 2300 1932 fore
2331 1887 2386 1932 ut
2408 1892 2590 1932 semen
2611 1887 2756 1931 tuum
2782 1877 3160 1932 ostenderetur
3178 1895 3191 1930 :
3211 1877 3490 1933 redimitus
3512 1891 3643 1947 ergo
3665 1877 3797 1932 obe-

2187 1969 2403 2026 dientiae
2441 1978 2544 2024 tua:
2568 1984 2764 2024 corona
2784 2011 2800 2036 ,
2829 1969 2940 2026 abi.
2971 1970 3081 2041 Ego
3104 1970 3247 2025 enim
3275 1969 3605 2026 voluntatem
3633 1985 3796 2026 coro-

2189 2078 2318 2117 nare
2337 2061 2518 2127 soleo,
2545 2071 2600 2118 et
2637 2072 2854 2133 propter
2885 2072 3114 2118 mentem
3144 2064 3361 2134 pra-mia
3390 2064 3591 2135 largiri.
3617 2062 3799 2134 Opere

2188 2153 2328 2207 enim
2351 2154 2552 2224 impleri
2573 2169 2667 2224 par
2691 2163 2774 2208 est
2796 2169 2859 2208 ca
2885 2168 3006 2224 qua:
3045 2165 3076 2204 a
3109 2163 3164 2208 te
3203 2155 3350 2210 dicta
3376 2163 3500 2210 sunt
3539 2164 3598 2209 et
3623 2156 3798 2210 servis

2189 2244 2294 2298 tuis
2338 2253 2392 2299 et
2435 2245 2614 2299 Isaac:
2647 2244 2752 2300 illis
2785 2244 2926 2299 enim
2956 2244 3280 2313 promisisti,
3326 2245 3456 2300 Cum
3505 2246 3806 2300 adoraveri-

2189 2354 2334 2401 mns,
2381 2337 2652 2391 redibimus
2681 2353 2701 2391 :
2740 2352 2866 2391 ecce
2910 2336 3013 2390 hoc
3050 2351 3192 2390 nunc
3226 2337 3361 2402 erit;
3392 2345 3448 2392 et
3488 2351 3660 2405 puero
3713 2351 3794 2390 ro-

2189 2441 2366 2501 gante,
2400 2429 2496 2484 Ubi
2525 2431 2629 2484 ovis
2653 2439 2723 2484 est
2751 2430 2819 2482 ad
2848 2429 3193 2482 holocaustum
3215 2427 3243 2480 Ρ
3268 2427 3406 2481 Deus
3443 2427 3628 2481 videbit
3673 2426 3797 2481 sibi~

2191 2523 2390 2592 utetipsi
2434 2537 2572 2576 ovem
2599 2521 2667 2574 ad
2711 2519 3057 2574 holocaustum
3079 2561 3094 2586 ,
3122 2518 3324 2573 dixisti.
3368 2519 3509 2572 Ecce
3557 2533 3681 2572 cum
3709 2535 3797 2573 re-

2195 2614 2434 2684 spexeris
2456 2655 2472 2681 ,
2506 2613 2673 2683 inquit
2697 2652 2714 2679 ,
2745 2611 2914 2666 oculis
2932 2651 2947 2676 ,
2976 2610 3097 2665 vide
3121 2609 3426 2674 prmdictam
3447 2624 3478 2664 a
3507 2618 3558 2664 te
3603 2625 3759 2664 ovem
3779 2651 3798 2678 ,

2193 2721 2350 2775 quam
2374 2706 2576 2760 scilicet
2609 2720 2707 2775 pro
2737 2719 2904 2775 puero
2947 2702 3291 2758 sacrilicabis.
3342 2703 3424 2757 l5.
3461 2701 3530 2757 Ut
3576 2703 3807 2772 respexit

2193 2811 2359 2853 autem
2387 2797 2544 2852 oculis
2571 2795 2692 2850 vidit
2715 2811 2734 2850 :
2759 2805 2803 2850 et
2836 2811 2947 2849 ecce
2966 2796 3097 2849 aries
3124 2810 3254 2848 unus
3271 2793 3585 2848 detinebatur
3630 2792 3798 2846 corni-

2193 2892 2283 2946 bus
2304 2892 2357 2945 in
2385 2890 2588 2944 arbusto
2614 2888 2793 2944 Sabec.
2823 2887 2885 2941 Et
2904 2889 2992 2941 ivit
3016 2887 3305 2953 Abraham,
3344 2895 3392 2942 et
3428 2885 3620 2956 accepit
3663 2883 3799 2938 arie-

2196 2997 2324 3051 tem,
2353 2995 2402 3040 et
2436 2984 2610 3038 obtulit
2635 2984 2780 3037 illum
2805 2984 2856 3036 in
2887 2983 3237 3035 holocaustum
3262 2997 3354 3049 pro
3375 2979 3528 3034 Isaac
3547 2979 3657 3048 ﬁlio
3683 2994 3802 3033 suo-

2197 3070 2315 3124 Vidi
2347 3069 2644 3138 religiosam
2675 3076 2818 3122 tuam
2865 3075 3129 3133 mentem,
3162 3065 3366 3135 inquit,
3405 3078 3534 3119 ecce
3578 3062 3632 3117 id
3657 3061 3800 3132 quod

2197 3163 2342 3232 prius
2367 3160 2544 3215 dixisti
2587 3173 2786 3228 puero,
2820 3157 2924 3213 hoc
2966 3157 3061 3212 tibi
3090 3157 3402 3227 praeparavi.
3458 3155 3527 3210 Et
3572 3156 3800 3225 accepit,

2193 3253 2398 3322 inquit,
2429 3263 2472 3307 et
2501 3253 2681 3306 obtulit
2723 3253 2776 3305 in
2806 3251 3153 3304 holocaustum
3183 3265 3274 3318 pro
3323 3247 3474 3302 Isaac
3521 3249 3633 3317 ﬁlio
3683 3263 3800 3302 suo.

2198 3345 2387 3401 Vidisti
2419 3344 2509 3398 Dei
2536 3341 2908 3398 clementiam?
2938 3341 3004 3394 Et
3027 3339 3342 3395 sacrificium
3369 3347 3802 3394 consummatum

2197 3447 2314 3503 est,
2347 3446 2403 3491 et
2444 3434 2739 3506 patriarcha
2792 3433 3092 3502 religiosam
3148 3447 3299 3486 suam
3329 3441 3567 3487 mentem
3616 3431 3802 3484 decla-

2198 3532 2366 3596 ravit,
2393 3539 2447 3582 et
2495 3544 2522 3581 a
2576 3528 2848 3583 voluntate
2893 3541 3146 3582 coronam
3184 3526 3514 3595 reportavit:
3544 3534 3602 3581 et
3655 3525 3803 3580 lsaac

2198 3632 2419 3692 accepto
2438 3662 2452 3687 ,
2477 3620 2631 3675 rediit
2659 3635 2778 3674 cum
2811 3620 3107 3674 innumeris
3131 3619 3368 3674 coronis.

2273 3712 2602 3780 Sacriﬁcium
2654 3711 2871 3764 Abrahar
2915 3711 3082 3781 ﬁgura
3111 3711 3295 3763 crucis.
3326 3739 3400 3749 —
3435 3708 3564 3764 Πωο
3616 3716 3797 3764 autem

2202 3804 2381 3859 omnia
2431 3804 2597 3873 figura
2644 3802 2859 3858 fuerunt
2901 3802 3097 3856 crucis.
3128 3801 3416 3872 PrOpterea
3467 3812 3524 3858 et
3550 3802 3803 3857 Christus

2201 3897 2401 3954 ludatis
2443 3897 2652 3952 dicebat
2685 3913 2701 3950 :
2731 3896 2987 3950 Abraham
3031 3904 3174 3965 pater
3209 3907 3368 3949 vester
3397 3896 3667 3950 exsultavit
3687 3937 3703 3960 ,
3744 3905 3800 3948 ut

2204 3990 2392 4043 videret
2415 3987 2544 4041 diem
2569 4004 2770 4052 meum;
2795 3997 2842 4040 et
2866 3987 3019 4052 vidit,
3072 3997 3116 4041 et
3141 3988 3343 4058 gavisus
3399 3996 3470 4041 est
3525 3985 3712 4057 (Joan.
3743 3987 3797 4041 8.

2203 4080 2319 4148 56).
2373 4077 2653 4144 Quomodo
2701 4076 2860 4142 vidit,
2913 4076 3003 4145 qui
3058 4086 3134 4130 tot
3162 4077 3318 4132 annis
3345 4077 3660 4146 przcccssit?
3691 4077 3801 4131 Per

2207 4171 2452 4241 figuram,
2485 4183 2580 4238 per
2609 4167 2872 4222 umbram.
2901 4165 3052 4222 Sicut
3079 4167 3224 4222 enim
3253 4167 3340 4222 hic
3361 4167 3477 4222 ovis
3503 4168 3686 4222 oblata
3716 4176 3802 4223 est

2208 4279 2306 4334 pro
2325 4263 2490 4329 Isaac,
2509 4263 2582 4316 ita
2603 4272 2656 4317 et
2672 4260 2943 4317 rationalis
2959 4275 3126 4330 agnus
3141 4260 3348 4314 oblatus
3359 4269 3440 4315 est
3455 4276 3552 4331 pro
3573 4259 3795 4315 mundo.

2207 4354 2494 4424 Oportebat
2515 4351 2658 4407 enim
2681 4352 2733 4406 in
2762 4351 2946 4406 umbra
2973 4351 3204 4407 describi
3225 4361 3278 4406 et
3304 4352 3614 4422 prtesignari
3637 4361 3798 4407 antea

2206 4447 2504 4503 veritatem.
2553 4443 2684 4500 Vide
2726 4459 2996 4514 namque,
3038 4443 3281 4510 obsecro,
3312 4444 3614 4509 carissime,
3665 4458 3800 4514 quo-

2206 4537 2368 4593 modo
2393 4535 2571 4590 omnia
2597 4549 2693 4603 per
2713 4534 2955 4588 umbram
2982 4533 3315 4604 pratfigurata
3349 4543 3476 4589 sunt
3506 4551 3521 4587 :
3550 4533 3800 4603 unigeni-

2209 4641 2292 4686 tus
2348 4631 2497 4698 illic,
2547 4641 2602 4688 et
2658 4631 2960 4703 unigenitus
3008 4632 3096 4686 hic
3167 4633 3277 4703 (a);
3322 4631 3551 4687 dilectus
3598 4631 3710 4686 illic
3746 4639 3802 4689 et

2205 4740 2510 4795 germanus,
2547 4725 2774 4780 dilectus
2815 4734 2869 4781 et
2907 4726 2990 4780 hic
3029 4739 3093 4779 ac
3131 4739 3442 4795 germanus.
3500 4723 3604 4778 Hic
3653 4724 3802 4780 enim

2206 4825 2278 4870 est
2333 4814 2502 4870 Filius
2528 4833 2665 4871 meus
2717 4816 2961 4882 dilectus,
2982 4817 3036 4869 in
3063 4833 3161 4887 quo
3199 4817 3322 4870 mihi
3352 4817 3473 4870 bene
3513 4815 3802 4886 complactti

2209 4906 2423 4978 (Matth.
2473 4909 2527 4962 '5.
2560 4905 2672 4979 17).
2725 4908 2770 4961 Α
2821 4918 2970 4977 patre
2999 4907 3087 4962 ille
3128 4908 3180 4962 in
3248 4907 3620 4964 holocaustum
3670 4905 3796 4962 oﬂ‘c-

2207 4999 2462 5063 rebatur,
2517 5006 2572 5052 et
2629 5000 2771 5053 hunc
2814 4998 2970 5053 Pater
3031 4998 3264 5052 tradidit.
3319 4998 3389 5052 Et
3446 4997 3551 5052 hoc
3603 4999 3803 5052 clamat

2209 5091 2404 5146 Paulus
2436 5090 2618 5145 dicens
2649 5109 2661 5144 :
2706 5089 2808 5156 Qui
2860 5090 3065 5160 proprio
3095 5089 3232 5143 Filio
3262 5106 3354 5144 suo
3388 5107 3492 5144 non
3537 5090 3800 5159 pepercit,

2207 5183 2296 5238 sed
2335 5199 2426 5251 pro
2468 5183 2610 5236 nobis
2653 5181 2883 5236 omnibus
2912 5182 3119 5236 tradidit
3163 5182 3310 5236 illum
3335 5197 3354 5235 :
3392 5181 3646 5251 quomodo
3700 5197 3803 5235 non

2209 5283 2255 5328 et
2276 5290 2389 5327 cum
2409 5272 2499 5326 illo
2525 5272 2694 5326 omnia
2719 5272 2859 5326 nobis
2886 5273 3096 5326 daturus
3119 5280 3192 5326 est
3217 5271 3395 5341 (Rom.
3417 5272 3470 5327 8.
3493 5271 3585 5343 52)
3607 5272 3630 5325 ?
3654 5271 3802 5326 lluc-

2209 5379 2380 5434 usque
2416 5362 2636 5427 umbra;
2677 5374 2860 5432 postea
2902 5377 3079 5418 rerum
3119 5363 3315 5418 veritas
3343 5363 3500 5432 longe
3525 5361 3802 5416 excellen-

2211 5455 2312 5508 tior
2359 5462 2704 5508 monstratur.
2738 5453 2918 5525 Agnus
2948 5454 3090 5508 enim
3117 5453 3206 5508 hic
3242 5453 3518 5508 rationalis
3555 5467 3654 5522 pro
3684 5461 3801 5506 toto

2207 5544 2408 5600 mundo
2433 5545 2641 5600 oblatus
2668 5554 2784 5612 est,
2825 5553 2992 5601 totum
3031 5546 3214 5601 orbem
3242 5553 3505 5600 terrarum
3551 5544 3800 5613 purifica-

2271 5701 2348 5774 <a2
2378 5699 2626 5774 καὶειοοο
2655 5699 2934 5774 centesima
2951 5701 3211 5774 «mese.
3230 5701 3380 5774 δρεω
3403 5701 3688 5774 ωηιξη.
3714 5713 3799 5774 ξυ-

2206 5761 2540 5886 Βξέᾇοῧὲὲὐ
2550 5776 2662 5828 qua:
2693 5761 2889 5814 homilia
2918 5763 2970 5815 in
3002 5763 3170 5817 multis
3197 5763 3312 5816 huic
3337 5772 3518 5816 nostra:
3539 5762 3696 5814 amnis
3711 5761 3798 5812 do-
