4078 6428
331 382 434 444 633

330 497 440 561 vit;
468 492 557 550 hic
586 487 834 550 homines
863 491 929 548 ab
964 506 1148 547 errore
1175 491 1436 559 liberavit,
1469 499 1524 546 et
1552 490 1618 545 ad
1643 489 1922 545 veritatem

333 586 582 652 reduxit;
617 585 708 640 hic
755 595 946 640 terram
977 584 1164 638 caelum
1205 583 1331 638 fecit
1353 627 1367 650 ,
1397 599 1503 639 non
1543 584 1926 639 elementorum

330 677 615 731 immutata
659 686 869 744 natura,
916 676 1010 732 sed
1036 677 1444 732 conversatione
1469 677 1669 732 caelesti
1694 675 1928 731 homini-

335 768 438 822 bus
463 782 626 837 super
658 777 857 823 terram
887 768 1201 839 degentibus
1230 769 1408 822 allata.
1438 769 1541 823 Per
1570 768 1714 822 hunc
1748 765 1924 822 omnis

333 860 641 913 dtemouum
673 860 850 915 cultus
876 861 1081 915 solutus
1108 870 1188 914 est
1212 878 1226 925 ;
1261 877 1354 930 per
1375 861 1514 916 hunc
1543 861 1736 915 factum
1766 869 1848 915 est
1872 868 1930 915 ut

334 967 442 1005 non
475 951 769 1005 adorentur
793 952 996 1020 lapides
1023 961 1074 1006 et
1123 954 1261 1022 ligna
1289 954 1357 1008 ab
1385 953 1723 1008 hominibus:
1755 962 1807 1007 et
1837 951 1928 1022 qui

332 1042 548 1095 ratione
578 1043 924 1112 pra-ditisunt
950 1053 1073 1098 ante
1103 1043 1430 1098 insensibilia
1475 1059 1580 1098 non
1606 1041 1924 1113 procidunt,

329 1131 430 1187 sed
447 1133 622 1187 omnis
638 1133 764 1188 abiit
776 1149 947 1198 error,
982 1143 1034 1189 et
1054 1135 1290 1190 veritatis
1311 1135 1402 1190 lux
1420 1135 1603 1189 orbem
1622 1133 1922 1188 illustravit.

404 1223 461 1276 4.
499 1222 691 1278 Vidisti
718 1225 958 1280 veritatis
983 1226 1385 1281 excellentiam?
1433 1225 1609 1280 vidisti
1637 1225 1763 1295 quid
1809 1240 1930 1279 um-

330 1314 430 1367 bra
455 1354 470 1380 ,
503 1313 632 1384 quid
660 1315 898 1369 veritas?
937 1316 1022 1370 14.
1075 1316 1138 1369 Ει
1163 1317 1384 1383 vocavit,
1414 1316 1623 1387 inquit,
1671 1315 1928 1370 Abraham

331 1421 518 1458 nomen
549 1405 648 1458 loci
689 1407 827 1460 illius
845 1446 866 1474 ,
898 1405 1151 1461 Dominus
1176 1407 1298 1461 vidit
1325 1424 1342 1461 :
1368 1419 1420 1462 ut
1460 1410 1630 1462 dicant
1651 1409 1801 1462 hodie
1823 1450 1838 1474 ,
1871 1409 1926 1462 in

326 1505 504 1548 monte
547 1495 794 1551 Dominus
820 1498 952 1551 uisus
995 1509 1084 1552 est.
1118 1499 1251 1554 Vide
1270 1499 1398 1568 justi
1440 1501 1742 1569 religiosam
1774 1517 1925 1555 men-

330 1598 440 1640 tem
461 1630 479 1653 ,
510 1588 784 1657 quomodo
811 1589 1004 1659 ubique
1031 1605 1096 1644 ex
1126 1591 1190 1644 iis
1217 1607 1333 1660 qua:
1363 1591 1666 1646 acciderant
1692 1592 1927 1662 appella-

328 1679 510 1734 tiones
552 1679 684 1736 locis
711 1681 956 1751 imponit.
986 1682 1356 1738 Visitationem
1381 1685 1522 1741 enim
1546 1700 1576 1738 a
1602 1685 1710 1739 Deo
1730 1681 1924 1741 factam

326 1770 520 1824 volens
569 1773 720 1840 quasi
765 1772 816 1826 in
863 1773 1112 1828 columna
1144 1789 1281 1829 aarea
1330 1776 1630 1846 insculpere
1668 1777 1786 1831 loco
1831 1791 1928 1846 per

325 1862 786 1930 appellationem,
841 1863 1044 1918 Vocavit
1095 1882 1276 1920 nomen
1327 1866 1456 1934 loci,
1488 1867 1735 1922 Dominus
1780 1869 1924 1923 vidit.

326 1952 645 2008 Suiﬁciebat
669 1954 880 2024 quidem
909 1955 1054 2024 justo
1079 1971 1177 2027 pro
1203 1957 1423 2026 prtemio
1443 1999 1457 2024 ,
1485 1958 1625 2027 quod
1663 1959 1813 2012 vivus
1840 1974 1922 2014 rc-

325 2045 474 2100 diret
519 2046 708 2112 Isaac,
736 2056 790 2100 et
816 2047 956 2117 quod
1013 2049 1234 2104 meritus
1287 2058 1434 2105 esset
1480 2049 1631 2105 illam
1668 2051 1926 2106 eximiam

325 2137 585 2205 laudem,
631 2154 826 2209 nempe
853 2140 994 2210 quod
1019 2141 1145 2195 dicit
1169 2157 1184 2194 :
1216 2140 1369 2195 Nunc
1399 2143 1607 2213 cognovi
1629 2143 1762 2213 quod
1783 2145 1925 2198 times

327 2227 501 2281 Deum
531 2242 584 2284 tn
614 2245 634 2283 :
659 2240 1023 2286 verumtamen
1051 2232 1098 2287 is
1118 2232 1208 2302 qui
1239 2233 1394 2287 donis
1413 2244 1622 2288 certare
1651 2235 1792 2303 cupit
1817 2276 1832 2301 ,
1871 2243 1924 2290 et

325 2320 609 2376 beneﬁciis
633 2337 847 2393 semper
881 2325 1046 2379 vincit
1070 2335 1305 2381 mentem
1350 2335 1587 2382 nostram
1607 2368 1625 2395 ,
1647 2327 1773 2396 justi
1804 2329 1923 2382 ani-

321 2429 480 2466 mum
533 2414 696 2468 variis
738 2425 968 2470 exornat
1013 2418 1284 2487 praemiis,
1337 2427 1393 2472 et
1417 2418 1587 2488 inquit
1619 2421 1808 2474 iterum
1856 2418 1923 2473 ad

326 2503 482 2557 illum
507 2521 522 2556 :
556 2506 638 2560 I5.
662 2503 729 2558 Et
754 2507 944 2560 vocavit
969 2507 1179 2577 angelus
1198 2507 1406 2561 Domini
1427 2509 1683 2562 Abraham
1706 2510 1923 2564 secundo

323 2595 396 2649 de
425 2597 570 2662 aeto,
599 2596 772 2651 dicens
801 2613 820 2652 .'
846 2597 933 2652 I6.
961 2598 1066 2652 Per
1091 2601 1435 2672 memetipsnm
1455 2602 1619 2669 iuravi
1633 2643 1648 2669 ,
1678 2602 1798 2656 dicit
1819 2602 1924 2656 Do-

325 2690 521 2754 minus,
552 2707 608 2744 eo
647 2690 783 2762 quod
810 2692 971 2762 fecisti
1025 2693 1225 2746 uerbum
1261 2694 1389 2760 hoc,
1442 2705 1617 2748 etnon
1655 2693 1924 2765 pepercisti

325 2783 444 2849 ﬁlio
492 2791 576 2836 tuo
603 2783 786 2837 dilecto
836 2794 1042 2855 prepter
1067 2802 1144 2840 me
1167 2825 1182 2852 ,
1219 2787 1306 2840 I7.
1365 2790 1588 2857 profecto
1631 2789 1923 2844 benedicens

324 2873 622 2927 benedicam
651 2885 699 2927 te
717 2915 734 2940 ,
755 2885 804 2928 et
833 2877 1176 2947 multiplicans
1203 2880 1554 2949 multiplicabo
1583 2898 1748 2936 semen
1780 2893 1923 2937 tuum

317 2965 464 3016 sicut
503 2967 675 3018 stellas
699 2966 845 3029 ca’li,
878 2976 924 3020 et
952 2968 1079 3021 sicut
1131 2986 1336 3023 arenam
1381 2987 1496 3040 qua:
1543 2983 1612 3026 est
1653 2973 1706 3025 in
1758 2973 1924 3028 littore

328 3053 490 3105 maris
513 3069 531 3116 ;
556 3065 602 3106 et
627 3053 899 3109 hereditate
926 3058 1195 3125 possidebit
1221 3075 1385 3112 semen
1413 3069 1556 3114 tuum
1580 3061 1802 3117 civitates
1825 3063 1920 3117 Ito-

325 3145 505 3209 stium,
547 3145 634 3199 18.
668 3147 788 3200 etin
827 3148 1014 3202 semine
1048 3158 1131 3202 tuo
1160 3149 1512 3205 benedicentur
1541 3169 1712 3207 omnes
1750 3163 1921 3223 gentes

323 3245 495 3302 terno,
525 3253 584 3290 eo
611 3239 748 3308 quod
775 3241 962 3295 audisti
991 3257 1158 3296 uocem
1192 3260 1372 3298 meam.
1401 3244 1536 3313 Quia
1557 3287 1573 3313 ,
1594 3246 1782 3316 inquit,
1815 3247 1916 3301 im«

321 3330 543 3396 plet-isti
584 3340 909 3403 praeceptum
954 3350 1132 3390 meum
1153 3378 1168 3403 ,
1197 3345 1251 3390 et
1279 3346 1419 3391 tuam
1448 3337 1803 3394 obedientiam
1827 3355 1921 3410 per

323 3421 511 3474 omnia
557 3421 874 3490 declarasti,
907 3435 1184 3496 propterea
1212 3427 1334 3482 audi
1365 3447 1378 3482 :
1421 3427 1526 3482 Per
1572 3432 1919 3500 memetipsum

319 3511 498 3572 iuravi
517 3554 531 3577 ,
580 3513 702 3566 dicit
732 3514 996 3571 Dominus.
1028 3516 1162 3573 Vide
1193 3520 1461 3588 quomodo
1503 3521 1555 3575 in
1586 3537 1833 3579 sermone
1859 3539 1920 3580 se

321 3603 573 3658 demittat
613 3606 869 3662 Dominus
901 3626 914 3662 :
960 3607 1064 3663 Per
1089 3612 1466 3682 memetipsum,
1498 3612 1695 3683 inquit,
1729 3615 1914 3685 iurari,

322 3705 383 3750 ut
409 3697 650 3752 conﬁdas
699 3701 918 3755 omnino
969 3711 1224 3758 eventura
1274 3704 1366 3759 tibi
1414 3722 1532 3775 quae
1581 3721 1611 3760 a
1661 3723 1748 3762 me
1777 3709 1917 3764 dicta

320 3798 477 3843 sunt.
510 3789 953 3860 Quandoquidem
997 3795 1142 3849 enim
1185 3809 1306 3850 cum
1350 3795 1592 3852 homines
1639 3800 1917 3870 promissis

314 3878 626 3949 iuramenta
656 3880 886 3947 addunt,
918 3891 1043 3938 tunc
1059 3884 1385 3940 stabiliorem
1401 3887 1660 3956 accipiunt
1691 3890 1916 3957 promis~

317 3976 536 4024 sionem
583 3971 618 4024 ii
646 3971 838 4041 quibus
868 3974 1198 4043 promittitur
1225 3992 1238 4028 :
1271 3986 1556 4045 eapropter
1579 3987 1634 4033 ct
1662 3979 1914 4035 Dominus

317 4061 561 4116 humana
607 4080 735 4119 usus
779 4067 1164 4121 consuetudine
1193 4068 1360 4136 inquit
1390 4087 1404 4123 :
1437 4069 1538 4122 Per
1569 4072 1915 4142 memetipsum

318 4152 493 4205 iuravi
517 4193 532 4216 ,
581 4170 638 4207 eo
692 4155 829 4224 quod
866 4157 1021 4226 fecisti
1051 4163 1252 4211 verbum
1281 4161 1414 4226 hoc,
1442 4169 1486 4213 et
1517 4177 1617 4215 non
1648 4165 1916 4232 pepercisti

319 4249 434 4316 [ilio
456 4258 544 4302 tuo
565 4249 744 4302 dilecto
776 4261 978 4321 propter
1016 4269 1112 4306 me.
1155 4252 1442 4308 Considera
1465 4295 1479 4319 ,
1510 4255 1767 4324 obsecro,
1799 4258 1909 4312 cle-

315 4341 584 4394 mentiam
641 4343 873 4396 Domini.
923 4343 1043 4397 Non
1094 4347 1385 4413 perpercisti
1429 4348 1537 4414 ﬁlio
1585 4358 1670 4402 tuo
1726 4350 1907 4408 dilecto

315 4442 534 4498 propter
559 4449 652 4486 nte.
677 4434 926 4487 Attamen
949 4433 1124 4488 vivum
1147 4436 1321 4504 ipsum
1348 4437 1573 4492 reducit.
1600 4439 1718 4494 Non
1746 4455 1911 4505 everte

319 4535 440 4577 tum
466 4525 752 4592 respicias,
795 4524 1015 4591 dilecte,
1074 4527 1166 4581 sed
1211 4529 1538 4584 voluntatem
1584 4539 1638 4585 et
1676 4541 1911 4588 mentem

316 4614 502 4675 disce,
557 4630 657 4683 qua
699 4616 816 4670 sine
863 4616 970 4670 ullo
1013 4617 1290 4671 ratiocinio
1337 4620 1586 4675 mandata
1635 4622 1907 4692 implebat.

317 4707 595 4773 Quantum
624 4707 767 4760 enim
803 4705 868 4760 ad
899 4708 1225 4762 voluntatem
1272 4712 1492 4776 attinet,
1541 4723 1911 4768 cruentaverat

317 4798 571 4850 dextram
595 4797 915 4866 patriarcha,
948 4808 1004 4852 et
1031 4814 1125 4868 per
1147 4800 1411 4855 cervicem
1439 4803 1589 4870 pueri
1619 4804 1912 4860 immiserat

315 4887 580 4956 gladium,
609 4887 1010 4957 perfectumque
1035 4889 1299 4944 obtulerat
1317 4891 1636 4946 sacriﬁcium
1671 4911 1680 4944 :
1711 4894 1910 4950 idcirco

320 4980 605 5044 Dominus,
640 4980 790 5049 quasi
817 4980 1074 5036 sacriﬁcio
1096 4997 1154 5036 rc
1179 4982 1293 5051 ipsa
1323 4995 1711 5050 consummato,
1731 4986 1911 5042 laudat

314 5072 564 5139 justum,
592 5081 645 5125 et
669 5072 834 5125 dicit:
872 5071 990 5126 Non
1023 5076 1286 5146 pepercisti
1307 5077 1413 5145 ﬁlio
1457 5088 1540 5132 tuo
1568 5080 1753 5134 dilecto
1789 5099 1910 5151 pro-

315 5173 438 5240 pter
495 5179 590 5215 me.
619 5162 698 5216 Tu
741 5163 956 5232 quidem
1003 5179 1105 5217 non
1148 5166 1424 5233 pepercisti
1471 5178 1690 5238 propter
1731 5187 1910 5226 meum

321 5252 670 5316 mandatum;
703 5267 804 5320 ego
829 5264 1005 5306 autem
1033 5256 1242 5323 peperci
1263 5268 1474 5325 propter
1497 5268 1638 5313 tuam
1658 5260 1912 5315 obedien-

320 5346 474 5395 tiam.
508 5343 729 5412 Propter
752 5345 886 5397 hanc
912 5355 1054 5398 tuam
1081 5345 1436 5404 obedientiam
1463 5358 1513 5404 te
1541 5366 1908 5418 remunerans,

321 5434 629 5491 Benedicti»:
670 5445 748 5500 te,
801 5445 849 5488 et
904 5436 1243 5504 multiplicans
1273 5437 1615 5506 multiplicabo
1664 5452 1729 5495 te.
1782 5443 1912 5499 \‘idc

321 5529 653 5580 etttuulatam
681 5526 1104 5581 benediCtiouem
1140 5544 1154 5581 :
1180 5528 1280 5582 hoc
1305 5539 1386 5583 est
1412 5547 1425 5582 :
1456 5533 1698 5601 Amplius
1728 5535 1911 5588 multi-

325 5621 538 5690 plicabo
572 5637 755 5676 semen
787 5630 958 5676 tuum.
993 5621 1087 5674 llic
1133 5623 1274 5676 enim
1305 5624 1395 5692 qui
1443 5639 1536 5692 per
1582 5627 1910 5682 voluntatem

320 5722 468 5766 tuam
500 5713 713 5799 occisus
734 5721 837 5776 est,
867 5713 916 5764 in
950 5719 1148 5765 tantam
1188 5713 1574 5772 multitudinem
1606 5720 1913 5789 prepngabit

323 5821 511 5861 semen
559 5815 708 5859 tuum
732 5845 746 5867 ,
778 5812 834 5856 ut
872 5803 1039 5857 stellis
1067 5813 1117 5858 ct
1149 5819 1325 5858 arente
1374 5805 1756 5876 aquuandum
1805 5815 1912 5880 sit,

1313 377 1381 433 1N
1419 376 1572 432 car.
1619 371 1799 428 χχιιι.
1843 343 2089 426 emtas.
2131 368 2358 424 ttoutt..
2401 365 2632 424 XLvttt.

3514 339 3622 413 ω

2038 482 2110 538 Et
2137 501 2310 540 omnes
2335 495 2504 556 gentes
2553 484 2605 537 in
2629 480 2816 536 semine
2843 487 2930 534 tuo
2957 443 3336 533 benedicenda:
3387 473 3520 539 sint,
3565 489 3623 527 eo

2036 575 2171 648 quod
2199 577 2386 630 audisti
2409 592 2577 630 vocem
2623 563 2801 629 meam.
2856 573 2979 627 llaec
3023 569 3238 636 omnia,
3293 567 3497 640 inquit,
3530 566 3624 620 tibi

2037 669 2089 722 in
2117 668 2431 724 obedientite
2447 677 2608 721 tanta:
2632 663 2934 721 mercedem
2965 661 3213 718 aderunt.

2108 760 2324 815 Moralis
2351 760 2739 814 exltortatio.—
2765 758 2977 828 Ergone
3024 755 3248 825 plurima
3291 751 3447 807 nobis
3483 751 3623 805 bona

2037 852 2089 907 id
2120 851 2400 916 conciliat,
2452 851 2594 921 quod
2633 850 2911 905 obcdimus
2949 850 3058 902 Deo
3085 855 3140 901 et
3186 843 3468 916 praeceptis
3507 842 3624 909 ejus

2035 945 2498 1014 obtemperamus,
2555 953 2607 996 et
2657 941 2794 996 sicut
2841 939 3137 1010 patriarcha
3183 939 3304 1001 ille,
3356 934 3623 989 curiosius

2036 1050 2141 1089 non
2187 1035 2532 1104 inquirimus,
2568 1048 2732 1102 quare
2783 1032 2903 1086 talia
2939 1030 3006 1084 ab
3039 1045 3103 1085 eo
3151 1029 3409 1098 imperata
3457 1026 3565 1078 sint
3601 1041 3618 1080 :

1991 1139 2000 1144 '
2033 1127 2126 1181 sed
2170 1135 2228 1180 ut
2255 1126 2388 1196 grati
2419 1125 2556 1179 servi
2601 1125 2881 1192 implemus
2924 1121 3171 1176 mandata
3196 1161 3211 1186 ,
3251 1119 3620 1186 rationemque

2033 1236 2217 1275 eorum
2261 1219 2612 1289 relinquimus
2658 1216 2917 1271 Domino?
2956 1214 3012 1270 Si
3055 1214 3215 1283 igitur
3254 1211 3331 1266 sic
3367 1209 3616 1263 docueri-

2031 1329 2152 1368 mus
2211 1314 2600 1382 nosmetipsos,
2653 1309 2944 1381 poterimus
2978 1316 3032 1362 et
3073 1304 3316 1361 eamdem
3363 1301 3614 1357 obedien-

2034 1405 2158 1458 tiam
2182 1404 2455 1468 cxhibere,
2478 1417 2634 1472 quam
2658 1401 2831 1470 justus
2857 1400 2944 1453 ille
2965 1441 2978 1462 ,
3012 1397 3333 1465 easdemque
3360 1391 3616 1460 consequi

2030 1512 2274 1552 coronas.
2299 1495 2575 1564 Quomodo
2597 1502 2772 1548 autem
2802 1491 3146 1547 obediemus?
3167 1491 3222 1544 Si
3244 1485 3616 1564 mandatae-jus

2031 1604 2194 1658 opere
2234 1587 2721 1657 adimpleverimus.
2757 1583 2875 1639 Non
2903 1583 3035 1638 enim
3077 1581 3366 1643 auditores,
3409 1563 3612 1648 inquit,

2031 1680 2154 1750 legis
2181 1679 2617 1749 justiﬁcabuntur,
2658 1677 2747 1730 sed
2784 1680 3000 1746 factores
3031 1672 3207 1744 (Rom.
3251 1671 3306 1725 2.
3338 1669 3448 1740 15).
3483 1668 3616 1735 Qua:

2029 1776 2171 1828 enim
2202 1773 2400 1826 utilitas
2417 1814 2431 1838 ,
2455 1772 2500 1826 si
2529 1770 2765 1841 quotidie
2786 1768 3085 1833 audiamus,
3113 1775 3167 1820 et
3187 1779 3349 1835 opera
3372 1762 3615 1832 negliga-

2022 1863 2180 1918 ἰιιηεῖ
2210 1862 2332 1918 Ideo
2359 1877 2475 1927 orn,
2505 1870 2561 1916 ut
2588 1860 2652 1914 ad
2680 1859 2880 1930 agenda
2899 1872 3058 1927 opera
3086 1857 3223 1911 bona
3267 1854 3612 1913 festinemus;

2031 1971 2204 2026 neque
2230 1956 2370 2010 enim
2392 1955 2547 2008 aliter
2573 1954 2796 2007 salutem
2817 1949 3069 2018 consequi
3101 1960 3382 2016 possumus
3412 1961 3424 1997 :
3461 1951 3517 1996 ut
3560 1952 3616 1996 ct

2028 2057 2246 2118 peccata
2277 2055 2456 2100 nostra
2500 2044 2815 2108 abluamus,
2854 2052 2908 2096 et
2951 2040 3235 2096 clementia
3285 2037 3494 2091 Domini
3525 2031 3612 2090 di-

2029 2139 2117 2208 gni
2149 2138 2457 2202 habeamur,
2485 2136 2652 2205 gratia
2679 2144 2730 2189 et
2758 2131 3186 2188 miserationibus
3203 2127 3415 2184 Domini
3445 2138 3611 2181 nostri

2026 2230 2151 2285 Jesu
2195 2229 2425 2295 Christi,
2479 2242 2599 2282 cum
2639 2240 2744 2297 quo
2796 2225 2937 2279 Patri
2986 2233 3040 2279 et
3067 2231 3251 2278 sancto
3299 2219 3614 2289 viviﬁcoque

2029 2321 2252 2392 Spiritui
2281 2321 2353 2375 sit
2375 2319 2540 2388 gloria
2567 2360 2582 2386 ,
2609 2333 2751 2374 nunc
2774 2327 2827 2373 et
2852 2331 3084 2386 semper,
3116 2324 3170 2371 et
3195 2314 3250 2369 in
3277 2313 3472 2370 saecula
3503 2327 3607 2368 5:2-

2031 2413 2292 2467 culorum.
2324 2412 2514 2466 Amen.

2535 2479 2812 2535 HOMILIA
2862 2477 3094 2534 XLVIII.

2003 2575 2414 2646 Responderunt
2449 2582 2614 2627 autem
2643 2571 2737 2640 ﬁlii
2762 2570 2884 2626 Chet
2918 2570 2986 2623 ad
3021 2569 3276 2623 Abraham
3302 2609 3314 2633 ,
3361 2577 3408 2622 ct
3451 2568 3606 2620 dixe-

2096 2682 2212 2725 runt
2237 2687 2255 2724 :
2288 2669 2393 2723 Rea:
2419 2686 2450 2721 a
2487 2667 2596 2722 Deo
2631 2683 2682 2721 es
2713 2676 2768 2720 tu
2809 2667 2863 2720 in
2888 2665 3050 2729 nobis,
3079 2665 3131 2718 in
3159 2663 3331 2718 electis
3360 2658 3604 2732 sepulcris

2097 2767 2280 2820 nostris
2308 2764 2462 2834 sepeli
2490 2771 2742 2817 mortuum
2767 2770 2909 2814 tuum
2935 2757 3084 2830 (Gen.
3114 2757 3204 2811 25.
3239 2756 3290 2810 5.
3324 2754 3403 2826 6).

2098 2881 2151 2934 1.
2188 2877 2404 2934 Vidistis
2435 2876 2547 2931 heri
2569 2916 2584 2941 ,
2606 2874 2783 2930 dilecti
2809 2917 2823 2942 ,
2854 2871 3170 2944 patriarchae
3202 2868 3560 2925 fortitudinem
3588 2885 3606 2921 :

2025 2971 2231 3025 vidistis
2271 2970 2502 3023 animam
2557 2966 2835 3022 adamante
2887 2962 3226 3027 solidiorem,
3291 2959 3600 3030 quomodo,

2024 3069 2278 3131 quantum
2307 3059 2359 3113 in
2392 3060 2508 3128 ipso
2521 3067 2654 3122 erat,
2685 3056 2754 3112 ob
2784 3069 3028 3126 magnam
3057 3054 3110 3107 in
3133 3053 3298 3107 Deum
3325 3052 3606 3105 caritatem

2024 3151 2274 3206 sacerdos
2305 3149 2397 3203 ﬁlii
2426 3149 2595 3204 factus
2621 3155 2704 3202 est
2723 3189 2738 3213 ,
2776 3153 2830 3200 et
2858 3144 3131 3216 proposito
3157 3142 3372 3213 quidem
3411 3155 3607 3194 cruen-

2002 3245 2153 3298 tavit
2177 3242 2437 3305 dextram,
2461 3239 2889 3308 sacriﬁciumque
2917 3235 3141 3293 obtulit:
3165 3251 3260 3305 per
3283 3233 3606 3288 ineffabilem

2021 3330 2650 3388 autemmisericordiam
2691 3330 2784 3383 Dei
2809 3329 2958 3382 salvo
3000 3337 3052 3382 et
3087 3341 3219 3380 sano
3249 3325 3357 3380 ﬁlio
3393 3339 3492 3381 suo
3517 3339 3606 3378 re-

2022 3433 2179 3494 cepto
2215 3422 2408 3488 rediit,
2441 3429 2496 3476 et
2539 3428 2755 3491 propter
2794 3418 3119 3472 voluntatem
3156 3414 3475 3485 praedicatus
3522 3424 3607 3468 est

2019 3531 2324 3585 coronaque
2368 3512 2564 3584 fulgida
2613 3510 2920 3576 redimitus,
2965 3517 3021 3564 et
3067 3521 3333 3565 summum
3375 3519 3602 3574 agonem

2021 3607 2275 3671 certavit,
2300 3622 2360 3660 ac
2396 3621 2492 3676 per
2521 3604 2699 3658 omnia
2735 3603 2981 3672 pietatem
3010 3599 3200 3653 mentis
3225 3613 3337 3653 sua:
3359 3596 3603 3651 declara-

2021 3703 2114 3756 vit.
2144 3700 2430 3755 Videamus
2461 3708 2514 3754 et
2538 3697 2696 3752 hodie
2725 3705 2971 3766 quantam
2992 3693 3165 3764 justus
3187 3692 3274 3746 ille
3303 3690 3393 3744 ﬁlii
3419 3704 3604 3744 curam

2020 3794 2282 3849 habuerit.
2322 3792 2452 3846 Nam
2479 3789 2756 3861 postquam
2779 3804 2807 3842 a
2838 3788 3098 3843 sacriﬁcio
3138 3786 3228 3840 illo
3258 3800 3396 3839 novo
3424 3793 3477 3839 et
3504 3783 3602 3836 ad-

2021 3886 2246 3939 mirabili
2276 3883 2467 3946 rediit,
2498 3884 2704 3951 excepit
2729 3897 2851 3936 eum
2901 3881 3074 3935 Sarra:
3112 3879 3283 3932 luctus
3313 3893 3324 3928 :
3359 3891 3478 3929 cum
3509 3889 3604 3927 au-

2018 3985 2124 4030 tem
2146 3976 2385 4045 petiisset
2406 3989 2432 4026 a
2455 3973 2572 4028 filiis
2588 3973 2723 4026 Chet
2743 3985 2910 4042 posse.
2929 3970 3130 4023 sionem
3152 3966 3402 4036 sepulcri,
3420 3972 3602 4032 empto

2017 4070 2136 4126 loco
2157 4110 2171 4134 ,
2203 4067 2449 4136 deposmt
2495 4076 2781 4131 mortuam,
2812 4072 2866 4118 et
2905 4062 3006 4116 hoc
3043 4061 3358 4130 principium
3389 4067 3604 4128 posses-

2016 4160 2182 4214 sionis
2251 4158 2412 4211 habet
2468 4154 2764 4225 patriarcha
2825 4153 3011 4207 mortis
3063 4152 3238 4206 Sarra:
3292 4149 3596 4205 occasione.

2013 4251 2316 4306 Monstrans
2340 4249 2480 4302 enim
2509 4247 2660 4301 nobis
2677 4246 2946 4314 Scriptura
2975 4244 3148 4298 divina
3172 4242 3299 4311 justi
3325 4242 3598 4305 virtutem,

2015 4357 2243 4411 eumque
2271 4341 2407 4394 sicut
2451 4338 2791 4408 peregrinum
2832 4345 2887 4390 et
2915 4334 3174 4389 advenam
3206 4341 3316 4388 toto
3361 4340 3599 4400 tempore

2014 4435 2178 4491 fuisse
2195 4476 2210 4500 ,
2234 4435 2336 4488 hoc
2363 4441 2576 4504 quoque
2603 4431 2917 4502 signiﬁcavit
2938 4471 2955 4497 ,
2990 4440 3047 4483 ut
3067 4428 3334 4483 discamus
3358 4441 3481 4480 eum
3507 4427 3598 4494 qut

2016 4536 2163 4580 tanto
2189 4540 2424 4593 superno
2469 4523 2719 4592 praesidio
2747 4521 3040 4586 fruebatur,
3063 4529 3120 4576 et
3146 4519 3223 4574 sic
3269 4515 3490 4572 illustris
3515 4515 3597 4569 fa-

2013 4625 2130 4672 ctus
2164 4626 2322 4685 atque
2366 4615 2417 4668 in
2471 4624 2668 4668 tantam
2721 4609 3112 4666 multitudinem
3168 4607 3393 4662 diffusus
3441 4612 3595 4670 erat,

2015 4709 2286 4778 proprium
2310 4707 2611 4776 sepulcrum
2638 4718 2742 4758 non
2763 4700 3063 4772 possedisse
3081 4741 3097 4765 ,
3121 4700 3257 4754 sicut
3283 4712 3422 4752 nunc
3445 4697 3598 4754 multi

2015 4801 2213 4856 faciunt
2233 4842 2248 4866 ,
2275 4812 2430 4869 agros
2455 4808 2510 4851 et
2536 4796 2722 4859 villas,
2766 4792 3129 4860 inﬁnitamque
3157 4790 3316 4844 aliam
3345 4789 3598 4843 substan-

2015 4894 2143 4948 tiam
2187 4891 2463 4961 possidere
2488 4889 2782 4942 studentes.
2810 4886 2984 4941 Multis
3022 4886 3164 4941 enim
3207 4885 3368 4942 anitni
3399 4884 3600 4939 divitiis

2015 4984 2306 5048 fruebatur,
2337 4992 2392 5038 et
2427 4981 2496 5037 de
2543 4979 2664 5035 aliis
2689 4995 2794 5034 non
2840 4987 2957 5034 erat
2985 4979 3193 5034 anxius.
3247 4977 3481 5034 Audiant
3507 4975 3598 5043 qtti

2014 5085 2236 5146 repente
2283 5085 2337 5128 et
2365 5075 2416 5128 in
2447 5089 2553 5128 uno
2586 5072 2843 5142 temporis
2871 5081 3144 5126 momento
3171 5069 3408 5129 omnium
3457 5067 3596 5121 bona

2013 5169 2338 5230 corratlunt,
2381 5174 2435 5218 et
2483 5164 2711 5234 ubique,
2751 5172 2810 5216 ut
2860 5164 2932 5219 ita
2979 5161 3186 5226 dicam,
3220 5160 3456 5214 avaritia:
3486 5170 3596 5212 sua:

2015 5259 2500 5328 concupiscentiam
2561 5255 2892 5320 extendunt,
2947 5254 3325 5319 imitenturque
3369 5248 3595 5318 patriar-

2014 5351 2170 5408 cham
2197 5391 2214 5418 ,
2245 5352 2336 5421 qui
2363 5367 2429 5405 ne
2452 5349 2664 5420 quidem
2715 5348 2898 5403 habuit
2942 5348 3116 5401 locum
3171 5344 3220 5397 in
3266 5356 3372 5411 quo
3419 5341 3593 5396 Sarra!

2015 5445 2302 5498 collocaret
2328 5442 2611 5511 reliquias,
2643 5440 2736 5495 sed
2786 5449 2909 5498 tune
2955 5437 3220 5507 primum,
3271 5432 3485 5504 quando
3526 5432 3593 5488 'ab

2018 5537 2129 5605 ipsa
2153 5536 2471 5590 necessitate
2495 5532 2801 5601 compulsus
2827 5539 2938 5592 est,
2980 5529 3110 5583 emit
3148 5542 3333 5596 agrum
3363 5535 3419 5582 et
3466 5539 3582 5594 spe-

2018 5630 2226 5683 luncam
2253 5643 2282 5678 a
2309 5627 2428 5686 filiis
2453 5625 2609 5678 Chet.
2635 5622 2765 5676 Nam
2794 5620 2934 5691 quod
2963 5619 3268 5690 Spectabilis
3287 5627 3433 5675 esset
3451 5617 3593 5689 apud

2017 5719 2372 5780 Cliananmos,
2429 5713 2550 5767 audi
2597 5713 2733 5766 ﬁlios
2777 5711 2913 5767 Chet
2962 5712 3026 5766 ad
3080 5728 3203 5769 ettm
3231 5713 3504 5775 dicentes,
3534 5711 3590 5763 6.

2021 5811 2130 5866 Rea:
2158 5812 2186 5862 ὰ
2219 5808 2320 5860 ι)εο
2350 5823 2400 5860 es
2428 5815 2478 5858 tu
2507 5806 2556 5857 in
2610 5803 2780 5874 nobis,
2814 5805 2864 5859 in
2893 5806 3058 5859 electis
3113 5806 3362 5875 sepulcris
3394 5809 3590 5861 nostris
