4078 6456
503 372 609 434 ιετ

511 484 671 556 Εἶδες
688 488 789 562 τὴν
820 488 1039 561 ἐντολήν
1059 484 1152 543 τοῦ
1180 488 1517 559 πατριάρχου
1550 486 1649 558 τὴν
1675 486 1812 555 πρὸς
1844 483 1934 536 τὸν
1961 478 2178 547 οἰκέτην

510 578 845 649 γενομένην;
867 578 958 647 Μὴ
988 575 1172 639 ἀπλῶς
1212 576 1321 646 γὰρ
1372 575 1742 646 παραδράμῃς
1781 572 1851 624 τά
1877 567 2142 639 εἰρημένα
2162 602 2180 630 ,

512 663 629 718 ἀλλ’
653 664 903 734 ἐννόησον
925 663 1019 717 τὸν
1049 662 1249 715 σκοπὸν
1279 662 1373 715 τοῦ
1399 660 1633 723 δικαίου,
1668 659 1763 712 καὶ
1787 657 2002 724 λόγισαι
2024 655 2177 715 ὅπως

510 751 576 804 τὸ
620 751 848 806 παλαιὸν
897 749 1174 806 ἐποιοῦντο
1230 749 1486 817 σπουδὴν,
1540 747 1601 801 οὐ
1648 745 1955 817 χρημάτων
1986 740 2180 811 ἐπιζη-

515 838 735 902 τοῦντες
767 838 1107 909 περιουσίαν,
1139 838 1200 891 οὐ
1239 837 1407 891 πολὺν
1441 834 1689 896 πλοῦτον,
1715 835 1808 887 καί
1834 828 2142 902 ἀνδράποδα
2162 867 2177 890 ,

510 925 607 979 καὶ
633 923 841 996 πλέθρα
864 927 967 997 γῆς
988 926 1123 979 τόσα
1153 925 1247 978 καί
1282 920 1419 977 τόσα
1440 964 1455 987 ,
1495 924 1555 976 οὐ
1588 921 1684 975 τοῦ
1715 920 1910 987 ἔξωθεν
1948 916 2180 979 κάλλους

507 1010 608 1082 τὴν
647 1011 951 1083 εὐμορφίαν
971 1052 987 1076 ,
1019 1011 1157 1065 άλλά
1196 1008 1295 1082 τῆς
1336 1011 1515 1081 ψυχῆς
1541 1010 1601 1062 τὸ
1629 1009 1824 1071 κάλλος
1856 1005 2176 1075 ἐπεζήτουν,

508 1100 606 1153 καί
653 1101 871 1171 τρόπων
919 1099 1221 1169 εὐγένειαν.
1264 1098 1483 1169 Ἐπειδὴ
1532 1097 1640 1169 γάρ
1684 1092 1791 1150 εἶδε
1835 1095 1947 1147 τῶν
1997 1095 2057 1145 ἐν
2108 1092 2175 1161 τῇ

508 1186 791 1258 Χαναναία
833 1186 1125 1240 οἰκούντων
1170 1186 1269 1257 τὴν
1320 1185 1614 1255 πονηρίαν,
1664 1183 1823 1246 εἰδὼς
1865 1183 1988 1235 ὅσον
2030 1178 2177 1231 ἐστὶν

509 1272 711 1341 ἀγαθὸν
738 1272 1039 1345 ὀμότροπον
1072 1272 1221 1344 ἔχειν
1241 1272 1496 1340 σύζυγον,
1519 1271 1859 1326 διατάττεται
1879 1268 1959 1338 τῷ
1987 1266 2139 1319 παιδὶ
2160 1303 2176 1327 ,

507 1359 605 1413 καὶ
632 1360 794 1431 ὅρκον
823 1360 1179 1433 προστίθησιν
1197 1401 1214 1427 ,
1249 1359 1392 1414 ὥστε
1421 1362 1486 1413 ὲκ
1516 1359 1619 1429 τῆς
1647 1356 1971 1427 συγγενείας
2004 1352 2173 1407 αὐτοῦ

512 1446 818 1514 ἀγαγέσθαι
858 1446 938 1517 τῷ
978 1446 1164 1501 Ἰσαὰκ
1203 1450 1439 1517 γυναῖκα
1463 1464 1479 1479 ⁸
1503 1448 1598 1499 καί
1640 1444 1764 1499 οὔτε
1803 1444 1864 1497 τὺ
1900 1443 2176 1510 διάστημα

506 1530 618 1585 τῶν
650 1534 852 1598 τόπων,
876 1533 1000 1587 οὐτε
1029 1536 1087 1587 αἱ
1116 1534 1273 1589 ἄλλαι
1306 1533 1587 1588 δυσκολίαι
1616 1531 1975 1603 ὀκνηρότερον
2011 1527 2174 1581 αὐτὸν

508 1617 642 1688 περί
666 1617 824 1673 τοῦτο
852 1621 1213 1693 πεποιήκασιν
1237 1635 1252 1652 ⁸
1293 1621 1407 1675 ἀλλ’
1442 1619 1597 1683 εἰδὼς
1634 1619 1730 1672 τοῦ
1759 1618 2079 1686 πράγματος
2113 1614 2176 1667 τδ

507 1705 827 1773 ἀναγκαῖον,
865 1711 1043 1763 πᾶσαν
1078 1711 1311 1763 ποιεῖται
1337 1709 1435 1780 τὴν
1465 1706 1719 1777 σπουδὴν,
1740 1706 1835 1760 καὶ
1855 1703 2174 1758 ἀποστέλλει

504 1790 597 1845 τὸν
621 1794 859 1866 οἰκέτην.
901 1796 1043 1849 Ἀλλ’
1071 1796 1101 1848 6
1130 1797 1229 1866 μὲν
1255 1797 1597 1867 πατριάρχης
1620 1793 2045 1863 ἐπιμελούμενος
2075 1791 2174 1861 τῆς

503 1877 648 1932 κατά
690 1879 865 1952 ψυχὴν
904 1882 1127 1954 ἀρετῆς,
1181 1883 1277 1935 καὶ
1327 1882 1545 1952 φεύγων
1595 1881 1702 1934 τῶν
1748 1879 2028 1950 ἐγχωρίων
2073 1878 2172 1949 τὴν

500 1965 794 2037 πονηρίαν,
829 1967 989 2022 τοῦτο
1016 1971 1161 2023 ποιεῖ
1181 1984 1197 2001 ⁸
1244 1970 1295 2023 οἰ
1336 1968 1393 2022 δὲ
1418 1968 1512 2022 νῦν
1543 1968 1782 2030 ἅπαντες
1813 1968 1912 2021 οὐκ
1941 1966 2006 2020 ἄν
2041 1981 2173 2018 ποτε

502 2051 827 2123 ἀνάσχοιντο
867 2053 1107 2107 τοιοῦτόν
1149 2070 1203 2107 τι
1242 2054 1489 2124 ἐννοῆσαι
1532 2070 1548 2084 ·
1586 2053 1723 2108 άλλά
1751 2053 1855 2106 κᾶν
1897 2051 2106 2122 μυρίων

504 2136 693 2189 κακῶν
737 2138 1042 2209 ἀνάμεστος
1065 2178 1082 2203 ,
1115 2138 1175 2192 ἓν
1211 2139 1370 2208 μόνον
1404 2138 1755 2210 ἐπιζητοῦσι,
1798 2137 1908 2191 τῶν
1953 2137 2173 2207 χρημά-

498 2241 612 2282 των
634 2225 734 2298 τὴν
769 2230 1085 2299 περιουσίαν
1105 2267 1121 2291 ,
1157 2230 1251 2282 καὶ
1281 2228 1457 2282 πάντα
1482 2231 1550 2281 τὰ
1570 2228 1704 2281 ἄλλα
1733 2226 1961 2297 δεύτερα
1992 2226 2199 2289 αὐτοῖς,

498 2312 813 2385 νενόμισται
842 2355 859 2381 ,
916 2317 1017 2369 οὐκ
1074 2314 1275 2378 εἰδότες
1345 2316 1427 2369 ὅτι
1478 2313 1705 2386 γνώμης
1773 2311 2174 2384 διεφθαρμένης

497 2400 701 2473 οὔσης,
751 2404 857 2459 κᾶν
899 2403 1106 2473 ἀφατος
1149 2405 1385 2478 ἐπιρρέῃ
1428 2404 1689 2467 πλοῦτος,
1728 2402 1921 2455 θᾶττόν
1964 2418 2044 2464 τις
2092 2403 2172 2464 εἰς

497 2491 735 2562 ἐσχάτην
777 2491 967 2548 πενίαν
1006 2492 1159 2563 ἥξει,
1204 2494 1301 2546 καὶ
1330 2493 1481 2546 οὐδὲν
1524 2492 1713 2558 ὄφελος
1760 2490 1912 2544 ἔσται
1941 2490 2042 2559 τῆς
2074 2506 2172 2541 πε-

501 2579 780 2643 ριουσίας.
824 2581 927 2635 οὐκ
966 2578 1134 2652 οὔσης
1171 2581 1270 2651 τῆς
1306 2582 1612 2652 οἰκονομεῖν
1650 2579 1823 2633 ταῦτα
1865 2577 2171 2648 δυναμένης

493 2664 722 2731 δεόντως
746 2667 944 2741 ψυχῆς.

567 2750 635 2821 γ’.
680 2754 819 2806 Ἀλλ’
847 2757 877 2809 δ
904 2754 1003 2826 μὲν
1054 2756 1403 2826 πατριάρχης
1430 2755 1708 2828 ἀρκοῦσαν
1745 2755 1822 2825 τῷ
1873 2753 2025 2806 παιδὶ
2071 2751 2167 2823 τὴν

493 2837 717 2911 ἐντολὴν
746 2840 1059 2913 ἐποιήσατο,
1098 2843 1192 2895 καί
1219 2843 1406 2913 ὅρκοις
1434 2844 1597 2896 αὐτὸν
1619 2841 2169 2913 συνέδησεν.Ἷδωμεν

495 2924 557 2977 δὲ
583 2925 770 2980 λοιπὸν
800 2927 899 2998 τὴν
923 2927 1345 3000 εὐγνωμοσύνην
1377 2929 1470 2983 τοῦ
1499 2930 1712 2984 οἰκέτου
1737 2968 1752 2992 .
1785 2930 1932 2992 ὅπως
1971 2926 2166 2997 ἐζήλου

493 3010 591 3066 τοῦ
643 3007 907 3068 δεσπότου
967 3016 1030 3069 τὸ
1094 3016 1359 3086 φιλόθεον.
1427 3017 1646 3088 Ἐπειδὴ
1702 3016 1809 3087 γάρ
1865 3012 1973 3069 εἶδε
2029 3014 2168 3085 μετά

494 3102 696 3177 πολλῆς
743 3105 1101 3177 σφοδρότητος
1152 3105 1534 3175 ἐντελλόμενον
1597 3106 1688 3159 τὸν
1731 3104 1939 3158 δίκαιον
1964 3144 1979 3168 ,
2028 3104 2169 3173 φησί

492 3191 633 3267 πρὸς
668 3192 831 3246 αὐτόν
864 3208 881 3224 ⁸
935 3192 1077 3248 Ἐὰν
1119 3193 1207 3263 μὴ
1230 3194 1531 3261 ,ϐούληται
1552 3194 1590 3263 ἡ
1622 3193 1775 3262 γυνὴ
1803 3192 2167 3262 πορευθῆναι

488 3279 618 3347 μετ’
646 3277 793 3345 ἐμοῦ
812 3318 827 3342 ,
844 3276 1066 3342 ’,ϐούλει
1099 3278 1207 3332 τὸν
1230 3280 1365 3334 υἱόν
1386 3296 1504 3333 σου
1539 3279 1903 3348 ἀποστρέψει.)
1933 3281 2019 3344 εὶς
2050 3278 2166 3343 τὴν

490 3364 633 3433 γῆνν
666 3364 805 3419 ὅθεν
824 3364 1082 3435 ἐξῆλθες
1112 3366 1377 3430 ἐκεῖθενὶ
1405 3365 1521 3420 Ἵνα
1552 3366 1647 3437 μὴ,
1679 3367 1853 3436 φησὶ,
1882 3365 2166 3428 δυσκολίας

489 3450 636 3515 τινὸς
670 3451 1140 3523 παρεμπεσούσης
1186 3451 1462 3506 ἐκϐαίνειν
1500 3451 1636 3517 δόξω
1672 3453 1772 3515 τάς
1809 3452 2029 3516 ἐντολὰς
2067 3452 2166 3516 τάς

494 3537 619 3600 σάς,
641 3537 729 3591 διὰ
756 3536 916 3591 τοῦτο
947 3537 1311 3608 πυνθάνομαι,
1342 3538 1394 3591 τί
1417 3538 1527 3592 δέοι
1561 3556 1629 3608 με
1653 3538 2162 3611 παραφυλάξασθαι,

490 3624 590 3677 καὶ
612 3623 663 3675 εἰ
691 3623 920 3693 ἀρεστόν
950 3639 1033 3676 σοι
1072 3624 1164 3676 τὸν
1191 3622 1340 3697 [484]
1374 3623 1556 3678 Ἰσαάκ
1578 3626 1695 3678 ἐκεῖ
1717 3624 1991 3688 ἀπελθεῖν,
2023 3624 2162 3679 ὥστε
2218 3646 2225 3651 ·

488 3709 727 3766 λαϐόντα
749 3709 846 3780 τὴν
861 3708 1107 3781 γαμετὴν
1125 3708 1298 3773 οὕτως
1324 3711 1658 3776 ἐπανελθεῖν,
1684 3714 1733 3765 εἰ
1755 3711 1830 3783 μὴ
1853 3714 2160 3784 ἀνάσχοιτο,

490 3795 747 3870 καθάπερ
790 3798 1061 3864 ἐνετείλω,
1106 3799 1225 3868 μετ’
1252 3799 1387 3871 ἐμοῦ
1419 3800 1862 3872 παραγενέσθαι;
1892 3802 1958 3855 Τί
2001 3799 2094 3855 οὖν
2136 3803 2163 3856 6

488 3885 733 3953 δίκαιοςς
779 3886 1140 3959 Ἀπαγορεύει
1169 3887 1330 3942 τοῦτο
1360 3888 1507 3960 αὐτῷ
1538 3889 1631 3944 καί
1661 3908 1791 3961 φησι
1836 3907 1849 3921 ·
1891 3893 2163 3961 Πρόσεχε

489 3971 726 4039 σεαυτῷ
759 3972 845 4043 μὴ
876 3973 1270 4045 ἁποστρέψῃς
1303 3974 1411 4031 τὸν
1440 3976 1574 4031 υίόν
1595 3994 1716 4046 μου
1740 3977 1882 4031 ἐκεῖ.
1905 3978 1979 4031 Οὐ
2004 3978 2164 4047 χρεία

493 4076 579 4115 σοι
632 4062 923 4132 γενήσεται
969 4062 1184 4131 τούτου,
1236 4064 1422 4135 φησίν.
1460 4064 1520 4118 ’0
1558 4064 1667 4136 γάρ
1705 4065 1805 4136 τὴν
1830 4066 2161 4135 ἐπαγγελίαν

484 4147 629 4221 Δ’πρός
672 4165 740 4218 με
776 4149 1165 4220 ποιησάμενος,
1198 4152 1292 4204 καί
1324 4151 1417 4205 ἐπὶ
1456 4149 1713 4207 τοσοῦτον
1754 4151 2054 4223 αὐξηθῆναι
2099 4150 2161 4207 τὸ

489 4242 716 4314 σπέρμα
739 4240 905 4295 αὐτοῦ
933 4241 1302 4312 ὑποσχόμενος
1324 4280 1341 4307 ,
1365 4241 1526 4306 αὐτός
1552 4259 1632 4295 σοι
1660 4244 1751 4296 καί
1779 4243 1938 4296 τοῦτο
1963 4242 2160 4296 εὐοδὼ-

489 4346 595 4383 σει.
619 4323 717 4395 Mi;
738 4328 917 4381 τοίνυν
937 4329 1329 4398 ἀποστρέψῃς
1359 4328 1466 4382 τὸν
1493 4330 1628 4382 υἱόν
1649 4346 1769 4398 μου
1789 4329 1928 4382 ἐκεῖ.
1946 4330 2161 4397 Κύριος

478 4410 523 4472 ’ό
565 4414 710 4482 Θεὸς
749 4416 856 4473 τοῦ
890 4415 1150 4485 οὐρανοῦ
1185 4416 1284 4470 καί
1317 4420 1352 4471 ό
1389 4418 1534 4483 Θεὸς
1575 4415 1684 4486 τῆς
1711 4416 1843 4487 τῆς.
1874 4418 2015 4489 Ὅρα
2045 4418 2161 4482 πῶς

486 4504 582 4559 καί
622 4504 879 4578 ἀνωτέρω
925 4503 1106 4576 όρκῶν
1153 4504 1247 4559 τὸν
1292 4504 1458 4560 παῖδα
1480 4545 1495 4569 ,
1549 4505 1643 4558 τὸν
1685 4505 2013 4578 δημιουργὸν
2050 4506 2160 4561 τῶν

484 4591 623 4647 δλων
661 4594 822 4648 αὐτὸν
865 4593 1180 4648 ἐκπαιδεύει
1214 4609 1228 4625 ⁸
1264 4594 1359 4647 καί
1404 4593 1500 4647 νῦν
1544 4594 1753 4665 μέλλων
1798 4594 2155 4664 ἐπεύχεσθαι,

484 4681 555 4733 τὶ
579 4681 718 4733 αὐτὰ
741 4682 965 4752 ῥήματά
979 4699 1133 4753 φησι,
1156 4681 1246 4736 διὰ
1276 4681 1495 4736 πάντων
1526 4680 1798 4735 παιδεύων
1831 4682 1920 4734 τὸν
1940 4681 2158 4751 οἰκέτην

485 4768 575 4820 ἐπ’
607 4768 816 4819 ἐκεῖνον
844 4767 944 4837 τὴν
969 4769 1293 4838 πεποίθησιν
1314 4768 1528 4839 ἔχοντα,
1557 4767 1700 4822 οὓτω
1726 4767 1825 4837 τῆς
1851 4767 2159 4838 ὁδοιπορίας

486 4855 766 4924 ἅψασθαι,
810 4855 904 4908 καὶ⁵
961 4855 1182 4927 θαρρεῖν
1216 4856 1312 4910 καί
1342 4857 1484 4927 ὐπέρ
1514 4857 1608 4910 τοῦ
1646 4857 1853 4919 τέλους.
1906 4856 2157 4909 Διδάσκει

485 4944 597 5015 γὰρ
632 4941 795 4996 αὐτὸν
821 4941 952 5011 ὅσης
977 4943 1035 5008 ἐξ
1072 4943 1249 5015 ἀρχῆς
1289 4944 1386 4998 καὶ
1432 4946 1497 4997 ἐκ
1536 4944 1834 5015 προοιμίων
1874 4943 2157 5015 άπήλαυσε

481 5031 584 5103 τῆς
633 5029 786 5101 παρά
831 5028 926 5082 τοῦ
956 5028 1063 5081 τῶν
1095 5030 1233 5082 ὅλων
1276 5028 1412 5083 Θεοῦ
1453 5031 1684 5095 εὐνοίας,
1728 5032 1822 5084 καί
1863 5031 1945 5084 δτι
1996 5032 2157 5096 αὐτὸς

481 5113 637 5182 οὗτος
656 5157 673 5183 ,
719 5118 750 5171 6
774 5116 870 5170 καὶ
898 5118 964 5170 ἐκ
989 5116 1089 5186 τῆς
1121 5116 1329 5179 οἰκείας
1371 5118 1631 5189 πατρίδος
1679 5119 2023 5188 ἀναστήσας,
2060 5118 2155 5171 καί

486 5205 652 5277 μέχρι
688 5199 786 5257 νῦν
824 5202 895 5257 τά
935 5200 1057 5257 κατ*
1077 5201 1240 5257 αὐτὸν
1289 5202 1461 5267 οὕτως
1508 5206 1871 5276 οἰκονομήσας
1895 5246 1910 5270 ,
1966 5208 2058 5259 καὶ
2096 5208 2154 5259 ἐν

482 5291 633 5362 αὐτῷ
676 5291 754 5363 τῷ
809 5290 958 5362 γήρᾳ
1009 5290 1104 5343 τοῦ
1157 5290 1343 5344 Ἰσαάκ
1398 5291 1489 5344 τὸν
1539 5292 1697 5345 τόκον
1758 5295 2153 5364 χαρισάμενος,

482 5374 649 5441 αὐτὸς
681 5379 775 5432 καὶ
805 5378 878 5431 τά
903 5377 1240 5449 προκείμενα
1273 5376 1423 5446 αὐτῷ
1461 5380 1842 5434 κατευοδώσει.
1878 5383 2094 5447 Κύριος
2122 5386 2155 5435 ὁ

487 5462 632 5529 Θεὸς
656 5503 673 5527 ,
708 5466 841 5535 φησί
861 5503 878 5528 ,
913 5465 1017 5520 τοῦ
1048 5465 1310 5534 οὐρανοῦ
1342 5464 1444 5519 καί
1471 5464 1581 5534 τῆς
1613 5464 1754 5534 γῆς,
1785 5466 1852 5532 δς
1877 5468 2054 5521 ἔλαϐέ
2078 5486 2155 5537 με

482 5550 554 5604 ἐκ
595 5547 703 5603 τοῦ
749 5549 919 5604 οῑκου
964 5553 1070 5607 τοῦ
1119 5553 1345 5621 πατρός
1383 5570 1537 5622 μου,
1567 5552 1665 5605 καί
1695 5553 1763 5605 ἐκ
1792 5552 1897 5621 τῆς
1936 5553 2049 5623 γῆς
2080 5551 2156 5625 ἧς

486 5635 843 5705 ἐγεννήθην,
871 5639 1053 5704 αὐτὸς
1081 5635 1261 5705 οὗτος
1290 5639 1358 5705 ὃς
1377 5638 1647 5707 ἐλάλησέ
1669 5657 1772 5710 μοι
1807 5641 2022 5710 λέγων,
2053 5641 2155 5696 Σοὶ

472 5722 666 5775 -δώσω
690 5722 807 5791 τὴν
828 5722 945 5794 τῆν
968 5727 1190 5794 ταύτην
1216 5728 1316 5781 καί
1343 5728 1425 5793 τῷ
1446 5728 1743 5797 σπέρματί
1769 5744 1916 5791 σου,
1943 5723 2097 5792 οὗτος
2128 5730 2158 5781 6

493 5807 758 5879 τοσαύτην
786 5810 912 5881 περὶ
932 5810 1033 5881 ἐμὲ
1061 5810 1156 5883 τὴν
1181 5813 1503 5883 κηδεμονίαν
1526 5812 1952 5883 ἐπιδειξάμενος,
1974 5816 2157 5881 αὐτὸς

492 5894 821 5949 ἀποστελεῖ
860 5897 966 5950 τὸν
1010 5897 1273 5967 ἄγγελον
1302 5900 1487 5953 αὐτοῦ
1508 5900 1850 5969 ἔμπροσθέν
1871 5916 1990 5955 σου
2008 5942 2023 5965 ,
2060 5902 2161 5956 καὶ

499 5980 673 6051 λήψῃ
704 5986 957 6051 γυναῖκα
1001 5983 1081 6052 τῷ
1123 5984 1229 6050 υίῷ
1252 6003 1370 6053 μου
1403 5986 1649 6042 ἐκεῖθεν.
1681 5988 1930 6059 Θαρῤῶν,
1967 5990 2132 6060 φησὶν
2151 6031 2166 6059 ,

1292 370 1349 427 S.
1381 364 1663 427 JOANNIS
1700 357 2163 426 CHRYSOSTOM

2270 356 2545 416 iKCHlEP'
2604 353 3141 417 CONSTANTINOP.

3854 354 3951 416 ιεε

2282 476 2438 530 ἄπιθι
2466 495 2480 509 ⁸
2518 479 2818 549 πέπεισμαι
2868 477 2975 547 γὰρ
3022 478 3103 529 ὅτι
3154 476 3185 528 ό
3231 485 3498 543 τοσαύτην
3548 473 3677 545 περί
3723 476 3827 545 ἐμὲ
3856 478 3947 547 τὴν

2282 565 2601 635 εὐεργεσίαν
2631 564 3069 634 ἐπιδειξάμενος,
3115 562 3209 616 καὶ
3241 560 3446 632 ταύτην
3483 561 3790 632 προσθήσει
3831 570 3948 630 τίς

2281 651 2701 721 προλαδούσαις,
2754 653 2849 705 καὶ
2900 650 3187 705 ἀποστελεῖ
3221 649 3312 702 τὸν
3356 648 3587 718 ἄγγελον
3632 650 3804 704 αὐτοῦ
3857 652 3950 723 έμ-

2282 741 2515 813 προσθέν
2554 760 2668 796 σου.
2705 742 2875 805 Αὐτός
2918 757 3000 794 σοι
3043 739 3453 810 προοδοποιήσει
3496 737 3747 802 ἅπαντα,
3786 741 3948 805 αὐτός

2282 845 2363 881 σοι
2410 830 2506 883 καὶ
2552 830 2651 900 τὴν
2699 832 2933 897 γυναῖκα
2980 826 3255 896 γνώριμον
3305 827 3522 895 ποιήσει
3550 867 3564 889 ,
3619 827 3718 880 καὶ
3765 826 3948 882 λαδὼν

2278 907 2449 978 αὐτὴν
2477 908 2646 978 ἥξεις.
2688 909 2811 962 Ἐάν
2839 908 2894 961 δὲ
2919 907 3176 977 γένηται,
3217 904 3245 957 ὃ
3287 904 3360 974 μὴ
3398 904 3607 973 γένοιτο
3629 947 3646 970 ,
3675 907 3773 958 καὶ
3797 909 3947 961 ἀντι-

2279 988 2428 1060 τείνῃ
2454 988 2642 1059 ήγυνὴ
2664 988 2756 1042 τοῦ
2785 989 2858 1058 μὴ
2889 986 3240 1058 πορευθῆναι,
3274 986 3551 1055 ἀλλότριος
3587 986 3686 1059 ἔσῃ
3720 988 3832 1042 ἀπὺ
3850 991 3947 1061 τῆς

2280 1066 2420 1136 ἀρᾶς
2447 1066 2539 1119 τοῦ
2572 1068 2757 1139 ὅρκου.
2790 1067 2898 1119 Τὸν
2913 1066 3121 1134 μέντοι
3151 1067 3285 1119 υίόν
3304 1082 3424 1133 μου
3441 1062 3527 1132 μὴ
3554 1066 3947 1136 ἀποστρέψῃς

2276 1144 2418 1198 ἐκεῖ.
2452 1146 2565 1199 Οὐκ
2591 1144 2915 1217 ἀμφιδάλλω
2946 1144 3073 1214 γὰρ,
3097 1144 3179 1196 ὅτι
3201 1142 3555 1197 κατευοδὼσει
3577 1161 3636 1197 σε
3656 1158 3682 1186 α
3714 1146 3944 1217 Κύριος.

2279 1224 2390 1277 Καὶ
2433 1223 2641 1288 δεικνὺς
2683 1225 2827 1287 ὅπως
2854 1222 3131 1277 ἐπεποίθει
3156 1226 3220 1292 τῇ
3255 1221 3348 1274 τοῦ
3382 1220 3517 1274 Θεοῦ
3547 1223 3797 1293 δυνάμει,
3838 1226 3947 1278 άπ-

2277 1300 2529 1374 αγορεύει
2576 1302 2654 1373 τῷ
2701 1303 2852 1357 παιδὶ
2888 1303 2979 1356 τὸν
3019 1300 3205 1354 Ἰσαάκ
3240 1301 3418 1352 ἐκεῖσε
3450 1300 3778 1369 ἀπαγαγεῖν.
3815 1300 3946 1359 Εἶτα

2276 1379 2464 1451 ἐπειδὴ
2502 1380 2640 1451 μετά
2666 1380 2948 1452 άκριδείας
2977 1379 3272 1433 διετείλατο
3301 1377 3379 1448 τῷ
3410 1378 3562 1431 παιδὶ
3586 1418 3602 1442 ,
3637 1380 3734 1431 καὶ
3765 1382 3949 1453 ἀπήλ-

2275 1457 2436 1523 λαξεν
2484 1460 2649 1513 αὐτὸν
2698 1460 2795 1529 τῆς
2842 1459 3118 1530 φροντίδος
3162 1456 3441 1527 (ἐδεδοίκει
3484 1457 3594 1527 γάρ
3619 1456 3648 1507 6
3678 1462 3814 1522 παῖς
3870 1462 3942 1532 μὴ

2276 1535 2609 1609 ἐπιορκήσας
2661 1537 2774 1609 ἀλῷ
2814 1539 2876 1591 τὸ
2920 1536 3256 1609 προσταχθὲν
3282 1534 3358 1605 μὴ
3401 1535 3746 1607 πληρώσας),
3784 1540 3945 1604 Θείς,

2277 1621 2432 1687 φησί,
2456 1618 2572 1687 τὴν
2597 1619 2760 1687 χεῖρα
2780 1618 2966 1674 αὑτοῦ
2997 1616 3113 1670 ὑπὸ
3142 1615 3249 1669 τὸν
3272 1614 3486 1683 μηρὸν.
3512 1614 3755 1684 ὤμοσεν
3780 1619 3945 1684 αὐτῷ

2275 1697 2409 1765 περί
2446 1698 2553 1752 τσῦ
2578 1698 2849 1767 ῥήματος
2873 1698 3108 1760 τούτου,
3134 1693 3276 1748 ὥστε
3308 1693 3383 1764 μὴ
3415 1692 3506 1746 τὸν
3543 1694 3729 1749 Ἰσαάκ
3758 1697 3945 1751 ἐκεῖσε

2274 1774 2599 1845 ἀπαγαγεῖν.
2655 1774 2806 1839 Εἶδες
2849 1773 2966 1837 πῶς
3003 1774 3068 1827 ἐκ
3092 1770 3389 1843 προοιμίων
3429 1770 3630 1835 ἔδειξεν
3669 1776 3700 1828 6
3723 1775 3944 1845 οἰκέτης

2272 1852 2372 1924 τὴν
2399 1853 2610 1909 εὐνοιαν
2637 1854 2736 1925 τὴν
2764 1853 2893 1925 περί
2916 1852 3008 1906 τὸν
3034 1851 3337 1918 δεσπότην;
3376 1849 3517 1921 Ὅρα
3548 1850 3740 1905 λοιπὸν
3775 1856 3941 1908 αὐτὸν

2273 1926 2340 1987 ἐκ
2364 1936 2463 2006 τῆς
2501 1931 2593 1988 τοῦ
2632 1934 2971 2006 πατριάρχου
2997 1927 3347 1994 διδασκαλίας
3384 1928 3579 1999 βελτίω
3617 1934 3941 2003 γινόμενον,

2274 2011 2367 2065 καί.
2399 2010 2730 2084 μιμούμενον
2777 2009 2870 2065 τοῦ
2923 2008 3133 2064 δικαίου
3160 2007 3222 2061 τδ
3255 2008 3521 2078 φιλόθεον.
3574 2012 3790 2065 Λαϐὼν
3810 2015 3947 2084 γάρ,

2275 2092 2439 2161 φησίν
2462 2133 2476 2154 ,
2513 2095 2547 2145 ὀ
2583 2092 2720 2158 παῖς
2747 2089 2893 2145 δέκα
2923 2088 3233 2159 καμήλους
3263 2087 3361 2142 καί
3389 2089 3506 2144 ἀπὸ
3540 2088 3787 2144 πάντων
3824 2093 3941 2146 τῶν

2271 2169 2511 2238 ἀγαθῶν
2558 2170 2662 2223 τοῦ
2704 2171 2913 2238 κυρίου
2957 2166 3179 2233 αὐτοῦ,
3225 2166 3492 2232 ἀναστὰς
3523 2166 3818 2237 ἐπορεύθη
3853 2175 3941 2238 εἰς

2272 2246 2388 2314 τὴν
2412 2248 2875 2317 Μεσοποταμίαν
2896 2247 2983 2312 εἰς
3021 2243 3139 2313 τὴν
3166 2246 3348 2298 πόλιν
3377 2244 3612 2314 Ναχὼρ,
3652 2247 3755 2300 καί
3784 2248 3941 2302 ἐκοί-

2271 2342 2411 2395 μισε
2472 2327 2578 2394 τὰς
2634 2326 2944 2395 καμήλους
3002 2322 3119 2387 ἔξω
3186 2321 3297 2391 τῆς
3347 2325 3580 2389 πόλεως
3638 2325 3803 2393 παρὰ
3872 2328 3940 2381 τὸ

2270 2403 2456 2473 φρέαρ
2481 2406 2586 2459 τοῦ
2609 2404 2829 2469 ὕδατος
2856 2403 2922 2456 τὸ
2947 2400 3099 2469 πρὸς
3132 2399 3268 2467 ὀψὲ,
3305 2399 3486 2466 ἡνίκα
3510 2401 3939 2471 ἐκπορεύονται

2269 2486 2329 2537 αἱ
2356 2484 2764 2553 ὐδρευόμεναι.
2794 2481 2903 2535 Καὶ
2925 2480 3054 2533 εἷπε
3084 2494 3098 2508 ⁸
3133 2479 3311 2545 Κύριε
3335 2481 3369 2532 ό
3399 2478 3543 2545 Θεὸς
3574 2479 3682 2533 τοῦ
3724 2485 3937 2551 κυρίου

2262 2580 2382 2629 μου
2420 2561 2684 2631 Ἁϐραάμ.
2714 2561 2858 2632 Ὅρα
2878 2558 2971 2613 τοῦ
2996 2556 3206 2610 οἰκέτου
3237 2555 3335 2626 τὴν
3363 2556 3809 2629 εὐγνωμοσύνην.
3835 2561 3937 2614 τὸν

2266 2640 2367 2710 τῆς
2387 2641 2706 2710 οἰκουμένης
2732 2637 3009 2708 Δεσπότην
3035 2635 3142 2689 ἀπὸ
3159 2634 3253 2688 τοῦ
3279 2635 3622 2707 πατριάρχου
3655 2640 3933 2710 ὀνομάζει·

2267 2719 2444 2786 Κύριε
2475 2718 2584 2790 γὰρ
2617 2721 2650 2771 ό
2684 2716 2848 2782 Θεὸς,
2879 2715 3033 2795 φησί,
3065 2714 3170 2795 τοῦ
3205 2715 3415 2795 κυρίου
3433 2732 3553 2795 μου
3606 2717 3886 2786 Ἀϐραὰμ,
3908 2720 3938 2771 6

2268 2796 2533 2861 τοσαύτας
2568 2796 2695 2869 περί
2724 2792 3233 2865 αὐτδν”εὐεργεσίας
3256 2792 3680 2862 ἐπιδειξάμενος.
3733 2797 3845 2851 Καὶ
3882 2798 3940 2851 τί

2269 2874 2569 2945 θαυμάζεις
2596 2877 2645 2929 εί
2671 2877 2699 2929 6
2723 2874 2940 2943 οἰκέτης
2967 2872 3128 2927 αὐτὸν
3152 2872 3295 2925 οὕτω
3323 2872 3477 2925 καλεῖ
3498 2873 3939 2946 ΘεδνἈδραάμτ

2267 2954 2438 3019 Αὐτὸς
2476 2957 2505 3008 ὁ
2544 2953 2654 3007 τῶν
2684 2953 2822 3007 ὃλων
2864 2952 2996 3014 Θεὸς
3017 2951 3232 3013 δεικνὺς
3263 2950 3413 3014 ὅπως
3438 2951 3545 3003 τῶν
3585 2951 3815 3005 δικαίων
3839 2955 3941 3024 τὴν

2268 3032 2466 3105 ἀρετὴν
2489 3034 2619 3103 περί
2644 3030 2838 3086 πολλοῦ
2865 3031 3119 3094 ποιεῖται,
3151 3029 3316 3098 φησίν
3339 3046 3353 3059 ·
3390 3027 3542 3101 [485]
3579 3029 3727 3097 Ἐγώ
3754 3034 3876 3099 ειμι
3902 3035 3941 3087 0'

2269 3110 2410 3178 Θεὸς
2456 3111 2665 3165 Ἰακὼό
2681 3110 2777 3164 καί
2809 3113 2842 3163 ό
2869 3108 3012 3173 Θεὸς
3027 3105 3233 3161 Ἰσαὰκ
3253 3105 3350 3159 καὶ
3367 3109 3399 3160 ό
3423 3107 3566 3169 Θεὸς
3610 3107 3861 3178 Ἁϐραάμ
3886 3110 3936 3165 ι’.

2266 3190 2461 3257 Κύριε,
2491 3189 2675 3258 φησὶν,
2710 3190 2743 3241 ό
2775 3185 2919 3252 Θεὸς
2943 3184 3048 3238 τοῦ
3082 3184 3291 3253 κυρίου
3320 3200 3441 3253 μου
3495 3184 3742 3254 Ἀϐραὰμ
3769 3228 3788 3251 ,
3840 3190 3939 3243 εὺ-

2265 3266 2499 3321 όδωσον
2523 3266 2804 3320 ἐναντίον
2833 3282 2953 3334 μου
2988 3262 3276 3332 σήμερον,
3318 3262 3417 3316 καί
3460 3263 3725 3331 ποίησον
3757 3265 3939 3333 ἕλεος

2258 3344 2409 3413 μετὰ
2463 3344 2569 3397 τοῦ
2612 3345 2822 3412 κυρίου
2861 3360 2980 3411 μου
3046 3338 3334 3409 Ἀϐραάμ·
3384 3339 3461 3404 ὡς
3506 3342 3556 3393 εἰ
3604 3340 3941 3410 ἔλεγεν-Εἰς

2265 3423 2425 3494 ἐργον
2441 3422 2613 3476 ἐλθεῖν
2636 3423 2859 3493 ποίησον
2888 3422 2956 3474 τά
2980 3419 3203 3485 δόξαντα
3225 3418 3395 3488 αὐτῷ,
3414 3419 3509 3472 καί¹
3535 3420 3676 3473 κατά
3705 3423 3939 3493 γνώμην

2264 3502 2364 3570 τὴν
2391 3500 2555 3554 αὐτοῦ
2593 3500 2768 3553 πάντα
2799 3499 3079 3553 εὐόδωσον.
3116 3498 3385 3565 Ποίησον
3415 3497 3591 3562 ἕλεος
3636 3500 3790 3568 μετά
3828 3503 3937 3555 τοῦ

2264 3581 2473 3649 κυρίου
2508 3597 2626 3649 μου
2680 3576 2948 3647 Ἀϐραάμ.
2995 3577 3060 3629 Τί
3093 3578 3210 3630 ἐστι
3232 3617 3244 3633 .
3279 3577 3547 3643 Ποίησον
3574 3576 3794 3642 ἕλεος;
3825 3581 3938 3648 Τὴν

2264 3659 2558 3730 ἐπιθυμίαν
2604 3657 2767 3712 αὐτοῦ
2822 3658 3127 3728 πλήρωσον.
3179 3652 3313 3710 Εἶτά
3366 3672 3529 3725 φησιν
3564 3669 3579 3684 ⁸
3628 3656 3789 3710 Ἰδοὺ
3823 3658 3941 3728 ἐγὼ

2262 3738 2490 3805 ἕστηκα
2515 3736 2611 3789 ἐπί
2646 3736 2755 3803 τῆς
2787 3734 2990 3805 πηγῆς
3019 3734 3124 3789 τοῦ
3150 3734 3388 3800 ὓδατος,
3416 3736 3476 3787 αί
3513 3733 3582 3787 δὲ
3618 3737 3941 3805 θυγατέρες

2262 3815 2382 3869 τῶν
2420 3816 2749 3869 οἰκούντων
2783 3814 2899 3880 τὴν
2934 3816 3118 3867 πόλιν
3155 3814 3584 3880 ἐκπορεύονται
3627 3815 3939 3881 ἀντλῆσαι

2261 3894 2439 3961 ὕδωρ.
2477 3894 2587 3948 Καὶ
2618 3894 2789 3947 ἔσται
2821 3894 2861 3961 ἡ
2895 3892 3188 3960 παρθένος
3209 3932 3223 3956 ,
3256 3887 3297 3963 ᾖ
3325 3891 3401 3947 ἂν
3451 3892 3566 3961 ἐγὼ
3595 3893 3941 3957 εῐπω,Ἕ.τι’-

2263 3976 2474 4028 κλινον
2510 3972 2625 4040 τὴν
2653 3973 2867 4040 ὑδρίαν
2893 3989 3009 4026 σου
3038 3972 3137 4026 ἵνα
3169 3973 3302 4036 πίω,
3334 3970 3431 4025 καί
3463 3971 3606 4038 εἴπῃ
3629 3989 3733 4040 μοι
3759 4014 3775 4036 ,
3811 3977 3937 4037 (Iis,

2261 4051 2361 4104 καί
2404 4053 2509 4117 τὰς
2555 4049 2867 4119 καμήλους
2917 4065 3033 4103 σου
3083 4046 3284 4114 ποτιῶ,
3323 4048 3434 4115 ἕως
3467 4048 3545 4103 ἂν
3583 4051 3939 4105 παύσωνται

2260 4127 2451 4184 πᾶσαι
2494 4128 2801 4194 πίνουσαι,
2846 4128 3072 4195 ταύτην
3109 4127 3444 4198 ἡτοίμασας
3484 4125 3563 4191 τῷ
3599 4128 3773 4181 παιδί
3819 4146 3936 4183 σευ

2274 4206 2502 4266 Ἰσαὰκ,
2525 4204 2624 4259 καὶ
2646 4206 2715 4259 ἐν
2747 4207 2938 4273 τούτῳ
2966 4203 3285 4276 γνώσομαι,
3322 4205 3411 4259 ὅτι
3438 4206 3736 4272 ἐποίησας
3762 4207 3938 4272 ἕλεος

2261 4284 2340 4350 τῷ
2363 4285 2545 4352 κυρίῳ
2584 4302 2704 4354 μου
2743 4283 3175 4357 Ἀϐραάμ.”ορα
3200 4283 3295 4338 τοῦ
3324 4283 3537 4337 οἰκέτου
3564 4285 3664 4354 τὴν
3693 4285 3932 4340 σύνεσιν.

2272 4363 2487 4435 Ἐπειδὴ
2521 4364 2629 4435 γάρ
2658 4364 2771 4434 ᾔδει
2795 4363 2890 4416 τοῦ
2925 4366 3262 4435 πατριάρχου
3289 4363 3349 4416 τὸ
3379 4363 3649 4432 φιλόξενον
3668 4403 3685 4425 ,
3726 4368 3827 4418 καὶ
3856 4368 3938 4419 δτι

2258 4443 2356 4514 τὴν
2403 4443 2571 4512 κόρην
2619 4443 2718 4512 τὴν
2760 4443 2876 4494 ἐκεῖ
2925 4443 3223 4511 μέλλουσαν
3275 4441 3581 4509 ἀπάγεσθαι
3629 4441 3941 4513 όμότροπον

2259 4518 2399 4575 εἶναι
2447 4522 2712 4591 προσήκει
2771 4519 2850 4589 τῷ
2901 4520 3124 4590 δικαίῳ,
3182 4519 3338 4573 οὐδὲν
3388 4519 3576 4589 ἕτερον
3627 4524 3939 4593 τεκμήριον

2259 4600 2525 4667 ἐπιζητεῖς
2561 4599 2674 4652 ἀλλ’
2699 4600 2806 4652 ἀπὸ
2826 4599 2923 4669 τῆς
2946 4600 3173 4668 γνώμης
3198 4598 3295 4667 τὴν
3325 4597 3628 4666 φιλοξενίαν
3654 4617 3941 4670 χαρακτη-

2260 4678 2408 4748 ρίσαι
2440 4677 2685 4747 βούλεται
2713 4678 2813 4747 τῆς
2845 4678 3036 4747 κόρης,
3066 4677 3160 4730 καί
3190 4694 3354 4747 φησιν
3380 4692 3393 4706 ⁸
3437 4676 3563 4730 Ἐὰν
3603 4677 3741 4745 ἐμοῦ
3778 4683 3937 4749 αἰτή-

2260 4773 2452 4819 σαντος
2491 4757 2621 4829 παρ’
2663 4756 2835 4825 αὐτῆς
2870 4755 2933 4807 τὸ
2976 4754 3143 4826 ὓδωρ,
3186 4754 3437 4826 ἐπικλίνῃ
3467 4771 3556 4823 μοι
3585 4754 3686 4825 τὴν
3714 4756 3937 4828 ὑδρίαν,

2257 4834 2455 4905 καὶμὴ
2488 4833 2649 4904 μόνον
2676 4833 2737 4885 τὸ
2779 4832 3000 4901 αἰτηθὲν
3048 4834 3281 4904 ποιήσῃ,
3321 4829 3457 4884 ἀλλά
3500 4832 3593 4885 καὶ
3638 4832 3742 4902 τὴν
3782 4833 3941 4903 διψία-

2256 4911 2404 4967 λειαν
2422 4915 2522 4984 τῆς
2536 4914 2743 4976 οἰκείας
2766 4911 2987 4983 γνώμης
3015 4912 3366 4983 ἐπιδείξηται,
3396 4911 3490 4964 καὶ
3507 4909 3655 4983 εἴπῃ.
3692 4915 3801 4968 Καὶ
3827 4919 3944 4979 ταῖς

2258 4992 2524 5063 καμήλοις
2576 5009 2670 5045 σου
2716 4991 3138 5062 ἐφυδρεύσομαι,
3190 4990 3466 5061 ἀρκοῦσαν
3507 4992 3789 5058 ἀπόδειξιν
3834 5013 3941 5047 πα-

2258 5073 2418 5143 ρέσχε
2462 5073 2549 5125 διά
2599 5072 2701 5142 τῆς
2745 5071 2838 5124 τοῦ
2884 5071 3076 5134 ὓδατος
3119 5070 3364 5142 παροχῆς
3405 5071 3505 5141 τῆς
3551 5070 3661 5123 τῶν
3719 5075 3943 5144 τρόπων

2255 5153 2574 5215 ἐπιεικείας.

2324 5233 2386 5284 δ’.
2405 5232 2684 5299 Ἐννόησον
2713 5231 2821 5301 γάρ
2844 5248 2952 5300 μοι,
2981 5232 3251 5301 ἀγαπητὲ,
3269 5231 3393 5284 ὅσον
3418 5226 3486 5301 ἦν
3512 5232 3681 5304 κόρην
3721 5233 3944 5305 ἁπαλὴν

2256 5312 2625 5381 ὑδρευομένην
2658 5311 2719 5363 οὐ
2758 5311 2916 5381 μόνον
2950 5311 3023 5380 μὴ
3053 5310 3346 5363 ἀνανεῦσαι
3378 5310 3517 5379 πρὸς
3546 5315 3644 5381 τὴν
3677 5312 3941 5378 αἴτησιν,

2256 5391 2390 5443 ἀλλὰ
2410 5391 2505 5443 καί
2527 5390 2772 5443 καθεῖναι
2791 5392 2891 5459 τὴν
2919 5390 3106 5460 ὑδρίαν
3131 5389 3238 5442 ἀπὸ
3261 5388 3369 5441 τῶν
3392 5388 3558 5458 ὤμων
3583 5430 3597 5449 ,
3630 5390 3725 5442 καί
3756 5409 3942 5463 παρα-

2261 5474 2410 5539 σχεῖν
2437 5470 2814 5540 ἐμφορηθῆναι
2834 5469 2912 5539 τῴ
2940 5469 3198 5529 αἰτοῦντι,
3228 5470 3320 5520 καὶ
3344 5468 3516 5521 ταῦτα
3541 5469 3677 5537 ξένῳ
3703 5470 3824 5522 δντι
3852 5473 3944 5522 καὶ

2258 5552 2554 5621 οὐδαμόθεν
2580 5553 2839 5621 γνωρίμῳ
2859 5567 2871 5580 ⁸
2896 5553 2989 5605 καί
3020 5553 3081 5604 οὐ
3119 5552 3276 5620 μόνον
3310 5551 3507 5621 τούτῳ,
3538 5551 3675 5604 άλλά
3698 5554 3794 5605 καὶ
3822 5557 3942 5616 ταῖς

2262 5632 2525 5703 καμήλοις
2549 5633 2789 5695 ἁπάσαις
2819 5632 3199 5701 ὑδρεύσασθαι,
3227 5631 3321 5684 καί
3346 5630 3515 5697 δεῖξαι
3539 5631 3625 5684 διὰ
3650 5632 3763 5684 τῶν
3794 5650 3945 5700 γινοο

2266 5714 2441 5783 μένων
2468 5714 2566 5781 τῆς
2595 5714 2652 5766 ἐν
2687 5715 2752 5782 τῇ
2790 5712 2935 5783 ψυχῇ
2973 5713 3252 5780 εὐγενείας
3290 5710 3358 5764 τά
3400 5713 3699 5783 τεκμήρια.
3737 5713 3815 5766 Ἦ
3845 5717 3943 5768 οὐκ

2331 5818 2356 5875 9
2395 5816 2543 5863 Savil.
2567 5820 2620 5862 et
2638 5820 2849 5875 quatuor
2870 5829 2983 5864 mss.
3011 5833 3104 5865 σοι.
3131 5814 3302 5864 Morel.
3328 5833 3400 5865 σε.

2333 5874 2362 5913 1³
2388 5877 2468 5924 Sic
2491 5874 2687 5925 inversb
2707 5877 2875 5924 ordine
2906 5878 3084 5937 legitur
3108 5877 3254 5924 etiam
3278 5877 3325 5924 in
3348 5880 3457 5926 Sav.
3479 5882 3526 5925 el
3565 5879 3613 5925 in
3636 5890 3754 5926 mss.
3772 5876 3942 5925 Inter-

2311 5951 2392 5985 res
2413 5944 2555 5984 velns
2579 5939 2759 5995 legisse
2803 5939 3013 5990 sidelur.
3057 5940 3109 5984 ut
3135 5945 3213 5985 est
3235 5939 3496 5997 hodieque»,
3524 5937 3569 5985 in
3615 5940 3789 5987 (ἴτε-ω
3819 5950 3875 5989 el
3896 5944 3941 5991 in

2311 5952 2392 5985 res
2413 5952 2555 5984 νειιις
2580 5952 2759 5995 ιρκιςςρ
2803 5952 3013 5990 ιισθιιιτ.
3057 5952 3109 5984 Ill
3135 5952 3213 5985 est
3236 5952 3496 5997 ιιοαιθηιιρ,
3524 5953 3569 5985 Ill
3615 5952 3685 5985 hi"

2275 5952 2517 6063 Qulgata,
2538 5998 2664 6048 Deus
2687 5998 2946 6060 Abraham,
2973 6000 3094 6051 Deus
3120 5998 3279 6061 Isaac,
3309 6008 3354 6051 εἰ
3384 6001 3509 6050 Deus
3528 6000 3685 6049 Jacob
