4078 6438
330 348 432 404 ιῦἺ

327 481 447 517 nent
487 476 652 515 meam
677 501 696 529 ,λ
735 468 782 515 et
814 457 932 513 inde
960 456 1174 527 accipies
1198 471 1405 510 uxorem
1455 453 1562 520 [ilio
1598 466 1705 504 meo
1752 447 1920 502 Isaac.

329 553 526 609 Vidisti
553 550 860 606 mandatum
889 548 1229 620 patriarcha‘,
1257 545 1396 617 quod
1423 543 1618 597 famulo
1644 540 1830 595 dedit?
1860 541 1929 592 At

330 663 401 701 ne
449 643 809 716 perfunctorie
838 651 1122 712 prietereas
1152 639 1326 704 dicta,
1367 637 1461 692 sed
1497 636 1667 702 cogita
1696 641 1926 686 mentem

327 749 384 792 et
415 737 748 808 propositum
771 735 934 805 justi,
965 741 1020 788 et
1047 730 1262 787 attende
1289 727 1559 799 quomodo
1589 735 1796 780 veteres
1821 737 1928 776 non

328 831 650 899 titimrebant
689 826 1037 881 substantiam
1081 822 1339 887 multam,
1388 837 1494 874 ιιοη
1532 818 1740 873 divitias
1763 857 1779 881 ,
1820 829 1928 870 nta

326 936 540 986 servus,
573 935 679 973 non
711 927 785 973 tot
811 927 864 972 et
891 925 967 972 tot
987 915 1172 985 jugera
1203 913 1336 982 agri,
1366 927 1468 965 non
1495 921 1730 964 externa:
1758 923 1926 960 venu-

328 1015 486 1068 statis
518 1012 774 1070 formam.
807 1009 902 1063 sed
939 1007 1133 1062 anintte
1163 1002 1610 1074 pulchritudinem
1642 1009 1696 1054 ct
1718 1013 1924 1052 morum

329 1106 688 1160 nobilitatem.
735 1102 866 1156 Nam
899 1101 1150 1171 quoniatn
1177 1096 1388 1152 videbat
1422 1093 1709 1162 nequitiam
1739 1104 1924 1144 eorum

324 1198 420 1267 qui
452 1198 506 1250 in
533 1195 835 1250 Chanantea
868 1189 1195 1254 habitabant,
1239 1188 1416 1242 sciens
1444 1195 1700 1254 quantum
1729 1180 1924 1234 benmn

325 1292 400 1345 sit
423 1290 706 1359 etinjugem
741 1285 940 1339 habere
971 1283 1157 1337 iisdem
1186 1279 1423 1334 moribus
1448 1275 1718 1346 praeditam
1737 1313 1750 1336 ,
1781 1287 1923 1340 prae-

324 1382 458 1452 cipit
489 1394 668 1443 servo,
699 1387 753 1432 et
775 1377 1135 1445 jnramcntum
1164 1371 1402 1434 adhibet,
1434 1377 1484 1421 ut
1515 1382 1701 1421 cxsua
1729 1379 1923 1433 cogna-
1968 1387 1970 1389 >

327 1474 478 1527 tione
506 1487 726 1526 uxorem
763 1469 940 1522 lsaaco
968 1466 1194 1520 adducat
1230 1483 1242 1517 :
1274 1477 1444 1532 neque
1476 1457 1808 1513 intervallum
1842 1455 1922 1507 lo-

321 1581 515 1620 corum
542 1606 556 1630 ,
600 1579 772 1628 neque
809 1562 926 1615 alia:
954 1559 1290 1613 difficultates
1312 1568 1528 1625 segnem
1568 1567 1690 1606 eum
1738 1550 1788 1603 in
1842 1549 1922 1602 his

322 1657 560 1712 reddunt
589 1674 601 1709 :
631 1655 725 1709 sed
757 1654 933 1709 sciens
959 1653 1034 1707 rei
1066 1650 1459 1712 ηρεθδεὶιτιιειιι,
1496 1660 1708 1700 omnem
1736 1658 1918 1698 curam

324 1759 381 1804 ct
425 1748 660 1803 studium
691 1746 938 1810 adhibet,
972 1760 1034 1799 ac
1062 1744 1221 1798 mittit
1250 1741 1622 1795 domesticum;
1655 1735 1920 1792 Caeterum

322 1839 626 1910 patriarcha
653 1839 900 1892 virtutem
931 1845 1134 1891 tantum
1157 1832 1318 1888 animi
1343 1844 1608 1900 quaerens,
1641 1838 1694 1882 et
1718 1827 1915 1880 abhor-

320 1947 451 1986 rens
472 1947 500 1984 a
525 1930 817 1982 vicinorum
841 1928 1064 1989 malitia,
1090 1926 1159 1978 ita
1188 1923 1402 1994 quidem
1429 1936 1486 1975 se
1506 1919 1672 1990 gerit;
1698 1927 1752 1971 at
1779 1931 1920 1971 nunc

317 2039 515 2078 omnes
545 2021 848 2092 hujusmodi
874 2019 1235 2074 conditionem
1262 2032 1328 2070 ne
1349 2014 1644 2084 cogitarent
1663 2010 1876 2081 quidem
1901 2027 1916 2063 :

320 2131 447 2170 nam
479 2116 581 2170 etsi
617 2115 756 2168 vitiis
786 2112 1080 2166 innumeris
1105 2111 1260 2180 plena
1286 2109 1375 2171 sit,
1407 2108 1518 2162 hoc
1537 2107 1708 2160 solum
1741 2104 1919 2173 inqui-

315 2216 467 2272 runt,
497 2215 748 2276 quantum
787 2204 1023 2257 abundet
1051 2201 1326 2271 pecuniis;
1379 2207 1571 2253 cit-tera
1607 2197 1786 2250 omnia
1825 2211 1922 2264 po-

314 2302 548 2353 steriore
576 2299 694 2352 loco
724 2297 944 2362 habent,
978 2295 1277 2349 nescientes
1297 2310 1376 2361 se,
1408 2292 1451 2346 si
1485 2307 1636 2346 mens
1664 2305 1914 2361 perversa

311 2392 385 2445 sit
407 2433 422 2453 ,
456 2391 578 2444 licet
606 2390 882 2443 immensa:
908 2387 1130 2440 affluant
1154 2385 1352 2440 divitia:
1372 2426 1386 2448 ,
1420 2385 1525 2438 cito
1548 2384 1599 2438 in
1621 2392 1914 2437 extremam

317 2492 580 2538 venturos
610 2480 844 2550 inopiam
873 2497 886 2534 :
913 2489 967 2533 et
991 2477 1122 2532 nihil
1152 2475 1456 2547 profuturas
1476 2489 1626 2544 Opes,
1654 2491 1776 2529 cum
1807 2488 1914 2526 non

313 2577 387 2631 sit
414 2577 485 2629 ibi
517 2589 667 2629 mens
694 2589 814 2644 qua:
846 2573 981 2627 bene
1005 2571 1120 2624 illas
1149 2571 1467 2639 dispensare
1487 2585 1556 2637 qtt
1581 2577 1666 2622 'at.

388 2669 445 2722 3.
477 2667 670 2722 Verum
714 2665 1012 2736 patriarcha
1040 2678 1199 2718 servo
1238 2671 1546 2716 accuratum
1576 2661 1727 2714 dedit
1757 2675 1913 2714 man-

312 2760 502 2813 datum
530 2801 546 2822 ,
575 2757 968 2826 ctjuramentis
1006 2771 1136 2809 eum.
1155 2753 1459 2808 adstrinxit.
1498 2752 1782 2806 Videamus
1822 2766 1916 2804 au-

316 2862 430 2906 tem
480 2865 622 2904 nunc
652 2857 708 2903 ct
734 2849 871 2902 servi
902 2847 1250 2916 probitatem,
1282 2843 1551 2915 quomodo
1592 2843 1706 2896 heri
1749 2843 1916 2912 pieta-

313 2954 424 2998 tetn
455 2941 792 2995 itnitatussit.
817 2939 948 2992 Nam
981 2947 1256 3008 postquam
1285 2936 1416 2990 vidit
1437 2944 1542 2990 tam
1564 2934 1913 3004 seriojustum

313 3036 419 3088 sibi
477 3032 800 3102 percipere,
848 3030 979 3084 dicit
1017 3030 1065 3083 ei
1101 3029 1191 3084 :5.
1224 3028 1284 3083 Si
1328 3044 1429 3081 non
1479 3027 1692 3082 voluerit
1736 3026 1918 3080 mulier

314 3125 486 3180 venire
511 3141 703 3177 mecum
726 3165 738 3188 ,
769 3124 843 3176 vis
867 3124 1033 3191 ﬁlium
1065 3131 1207 3175 tuum
1231 3122 1284 3174 in
1319 3130 1503 3173 (errant
1525 3161 1547 3184 ,.
1566 3120 1699 3173 unde
1737 3120 1914 3186 existi,

312 3217 597 3271 inducant?
624 3215 692 3270 Ut
719 3231 786 3268 ne
807 3255 820 3278 ,
860 3213 1060 3284 inquit,
1093 3212 1138 3266 si
1167 3211 1452 3266 difficultas
1474 3210 1646 3279 aliqua
1682 3209 1920 3275 incidat,

310 3307 695 3376 transgredior
718 3306 962 3360 mandata
1009 3314 1137 3357 tua:
1173 3319 1301 3373 rogo
1324 3345 1337 3366 ,
1368 3301 1492 3372 qttid
1538 3301 1805 3370 oportebit
1831 3317 1917 3356 me

311 3399 608 3452 observare
630 3437 644 3459 ,
669 3405 726 3451 et
749 3411 888 3450 nunc
922 3395 1093 3464 placet
1120 3394 1213 3448 tibi
1236 3403 1292 3448 ut
1315 3393 1440 3447 illuc
1469 3391 1626 3447 abeat
1650 3391 1797 3445 lsaac
1819 3435 1833 3455 ,
1864 3400 1918 3445 et

311 3500 534 3558 accepta
562 3503 757 3558 sponsa
783 3488 1004 3552 redeat,
1029 3487 1205 3540 sinon
1238 3485 1484 3549 voluerit,
1517 3493 1578 3538 ιιι
1609 3483 1873 3538 mandasti
1897 3526 1912 3549 ,

313 3583 504 3639 venire
549 3581 790 3636 mecura?
824 3580 962 3646 Quid
1011 3580 1170 3649 igitur
1211 3579 1425 3649 justus?
1456 3579 1689 3648 Denegat
1734 3577 1835 3632 hoc
1864 3588 1917 3634 et

311 3675 448 3729 dicit
476 3692 488 3726 :
515 3673 548 3727 6
573 3671 786 3726 Attende
812 3671 924 3735 tibi;
955 3688 1018 3725 ne
1042 3672 1228 3724 educas
1251 3671 1414 3739 [ilium
1441 3687 1604 3723 meum
1633 3670 1774 3724 illuc.
1797 3669 1914 3723 Non

312 3769 421 3821 erit
450 3767 542 3820 tibi
566 3765 666 3819 hac
689 3781 746 3819 re
771 3779 925 3833 Opus.
942 3763 1041 3830 Qui
1072 3763 1216 3818 enim
1242 3763 1368 3817 mihi
1395 3763 1496 3817 hoc
1525 3763 1788 3832 pollicitus
1810 3773 1911 3829 εδι,

312 3869 372 3914 et
419 3857 665 3928 promisit
699 3870 882 3911 semen
930 3855 1046 3924 ejus
1091 3857 1160 3908 ita
1214 3854 1702 3924 multiplicandum,
1754 3856 1914 3909 etiam

311 3950 529 4006 curabit
580 3948 680 4001 hoc
707 3957 760 4001 ut
793 3963 1046 4016 prosiiere
1085 3945 1356 4001 succedat.
1392 3944 1473 3999 Ne
1512 3946 1672 4016 igitur
1695 3946 1917 4000 abducas

312 4042 442 4096 illuc
490 4041 657 4108 [ilium
709 4056 893 4093 meum.
931 4040 984 4091 7.
1037 4037 1290 4092 Dominus
1343 4037 1481 4091 Deus
1529 4039 1641 4092 αι’ιί
1687 4048 1734 4092 et
1779 4037 1918 4094 Deus

314 4145 487 4186 terrte.
542 4130 674 4185 Vide
729 4129 999 4198 quomodo
1045 4130 1293 4198 superius
1345 4143 1558 4182 servum
1612 4129 1867 4199 adjurans
1898 4171 1914 4196 ,

313 4226 497 4293 ipsum
526 4222 596 4277 de
618 4221 856 4275 omnium
879 4221 1169 4275 Conditore
1195 4219 1424 4273 instituit
1455 4236 1469 4272 :
1493 4229 1708 4275 etmtnc
1735 4235 1918 4286 preca-

313 4327 472 4368 turus
503 4315 724 4375 iterum,
757 4312 945 4366 eadem
977 4311 1140 4366 verba
1183 4309 1315 4364 dicit
1343 4326 1358 4364 :
1384 4326 1478 4380 per
1498 4310 1676 4366 omnia
1701 4325 1914 4364 servum

312 4408 554 4468 docens,
603 4413 659 4457 ut
707 4403 896 4457 fiducia
947 4404 997 4456 in
1044 4418 1165 4457 eum
1215 4402 1400 4470 plenus
1438 4402 1540 4456 iter
1580 4403 1834 4471 arripiat,
1866 4411 1917 4456 et

311 4499 387 4550 de
435 4497 580 4550 bono
627 4495 703 4548 rei
766 4495 909 4548 exitu
961 4493 1096 4548 bene
1136 4501 1337 4562 speret.
1383 4492 1548 4546 Docet
1592 4493 1736 4547 enim
1796 4509 1916 4547 etnn

314 4597 578 4659 quantam
606 4588 731 4641 olim
757 4587 828 4641 ab
854 4587 1014 4640 initio
1034 4585 1463 4641 benevolentiam
1488 4586 1579 4640 Dei
1611 4584 1873 4642 invenerit
1899 4629 1915 4652 ,

313 4694 371 4737 et
393 4697 522 4736 cum
554 4681 643 4750 qui
673 4697 702 4734 a
727 4680 888 4734 domo
912 4689 1128 4749 paterna
1151 4694 1209 4734 se
1229 4679 1550 4744 evocaverit,
1580 4690 1631 4734 et
1662 4696 1828 4750 usque
1851 4681 1919 4735 ad

319 4778 428 4830 hoc
473 4785 683 4843 tempus
725 4774 796 4827 ita
834 4773 1247 4843 gubernaverit,
1276 4772 1494 4843 jamque
1522 4775 1573 4828 in
1602 4783 1706 4828 tam
1726 4790 1916 4844 prove-

313 4876 406 4919 cta
455 4875 670 4920 senecta
712 4865 859 4919 Isaac
889 4865 1092 4920 dederit
1117 4906 1134 4929 ,
1171 4880 1423 4934 prospera
1463 4865 1624 4918 etiam
1656 4882 1775 4936 qua:
1819 4866 1918 4921 ad-

318 4962 428 5015 huc
481 4960 790 5026 restabant,
835 4959 1096 5014 facturum
1137 4975 1279 5014 esse.
1327 4957 1577 5013 Dnuiuus
1620 4959 1794 5024 Deus,
1841 4961 1921 5016 in-

313 5051 456 5121 quit,
485 5049 597 5104 ειειὶ
614 5060 658 5104 et
685 5061 848 5116 terras,
866 5051 953 5124 qui
971 5052 1243 5120 assumpsit
1265 5068 1344 5104 me
1360 5051 1588 5106 declamo
1617 5055 1775 5121 patris
1801 5055 1920 5118 mei,

317 5155 367 5196 et
401 5143 466 5195 de
489 5153 623 5196 terra
658 5145 710 5196 in
740 5161 839 5205 qua
869 5157 1016 5198 natus
1043 5161 1156 5198 sum
1180 5185 1199 5211 ,
1233 5145 1319 5198 ille
1348 5145 1454 5215 ipse
1477 5145 1561 5214 qui
1586 5145 1822 5212 loquutus
1847 5154 1919 5199 est

317 5234 449 5287 mihi
478 5235 649 5288 dicens
678 5251 697 5288 :
727 5233 842 5288 Tibi
870 5234 999 5288 dabo
1023 5244 1210 5288 terram
1240 5235 1370 5288 hanc
1395 5245 1442 5289 et
1465 5235 1642 5289 semini
1670 5246 1756 5288 tuo
1782 5251 1801 5289 .'
1831 5236 1920 5291 ille

317 5327 412 5396 qui
462 5338 661 5380 tantam
703 5342 829 5397 erga
881 5343 967 5382 me
1005 5327 1296 5383 declaravit
1327 5327 1708 5398 benignitatem
1736 5339 1790 5383 et
1818 5345 1918 5384 cu-

317 5436 437 5475 ram
462 5461 477 5486 ,
511 5421 622 5489 ipse
672 5420 833 5473 mittet
863 5427 1096 5491 angelum
1135 5436 1285 5473 suum
1305 5429 1423 5473 ante
1465 5431 1542 5487 te,
1565 5429 1613 5475 et
1642 5421 1760 5474 inde
1783 5421 1919 5472 acci-

321 5514 435 5582 pies
461 5514 572 5581 ﬁlio
603 5529 714 5566 meo
750 5529 979 5566 uxorem.
1009 5511 1331 5577 Confidens,
1361 5512 1550 5582 inquit,
1580 5513 1665 5566 abi
1694 5531 1708 5567 :
1741 5521 1919 5567 certas

313 5607 459 5660 enim
510 5620 631 5660 sum
681 5620 804 5660 eum
855 5605 942 5676 qui
998 5606 1155 5658 tantis
1196 5620 1282 5658 me
1351 5603 1623 5659 beneficiis
1664 5605 1921 5662 hactenus

315 5706 684 5768 proscquutus
711 5705 823 5764 est,
856 5697 1123 5765 prioribus
1149 5698 1308 5752 etiam
1353 5696 1482 5750 illud
1511 5696 1837 5762 additurum,
1868 5708 1922 5753 et

311 5794 612 5850 missurum
637 5791 888 5862 angelum
920 5806 1074 5847 suum
1098 5801 1221 5847 ante
1253 5800 1321 5847 te.
1353 5789 1469 5860 ipse
1493 5829 1510 5858 ,
1539 5790 1744 5860 inquit,
1774 5792 1912 5847 viam

1320 339 1386 400 ιΝ
1423 338 1572 395 CAP.
1618 334 1803 390 XXlV.
1845 333 2089 390 GENES.
2134 333 2367 391 HOMIL.
2411 334 2645 390 Χινιιι.

3529 355 3680 411 858⁷

2044 446 2138 507 ιίὺὶ
2187 449 2507 517 praeparabit
2551 450 2603 504 in
2635 451 2910 516 omnibus,
2947 468 3275 527 uxoremque
3307 461 3400 518 tibi
3446 477 3626 526 notam
3685 503 3688 506 ι

2037 535 2216 602 faciet,
2253 546 2308 591 ut
2337 549 2554 609 accepta
2585 555 2646 595 ea
2675 539 2777 610 huc
2805 542 3012 599 redeas.
3051 546 3202 613 Quod
3234 551 3279 604 si
3311 556 3578 626 contingat
3607 598 3624 622 ,

2038 626 2180 696 quod
2224 628 2401 695 absit,
2431 639 2489 684 ut
2537 632 2828 687 reluctetur
2861 649 2994 688 uxor
3025 638 3209 694 venire
3247 640 3378 707 huc,
3420 646 3628 704 alienus

2036 721 2143 774 eris
2163 735 2191 774 ο
2223 722 2596 779 maledictione
2613 725 2922 794 juratnenti.
2946 730 2999 784 8.
3022 729 3244 786 Tantum
3270 737 3434 805 [ilium
3462 757 3626 796 ineunt

2034 819 2156 864 ntuc
2195 828 2256 864 ne
2279 812 2517 868 abducas.
2545 815 2756 871 Nullum
2777 820 2920 873 enim
2955 821 3084 876 mihi
3109 822 3328 882 dubium
3351 839 3462 896 est,
3496 835 3623 902 quin

1987 946 1990 950 .
2037 902 2293 960 Dominus
2313 907 2542 962 secunda
2564 908 2652 962 tibi
2674 909 3040 969 faciatomnia.
3062 917 3347 976 Declarans
3362 935 3620 992 quantum

2034 993 2228 1050 divina:
2278 1000 2528 1066 potentia:
2581 1001 2738 1066 fidat,
2774 1005 3018 1071 prohibet
3057 1023 3306 1079 servum,
3341 1030 3408 1070 ne
3455 1017 3623 1073 lilium

2034 1083 2126 1138 illo
2151 1085 2384 1142 inducat.
2411 1089 2624 1156 Postea,
2656 1108 2776 1147 cum
2805 1094 3090 1166 diligenter
3119 1103 3422 1161 mandasset
3441 1123 3622 1175 servo,
3671 1169 3676 1172 _

2033 1194 2270 1250 curaque
2321 1198 2445 1237 eum
2486 1185 2806 1251 liberasset;
2837 1191 3125 1246 verebatur
3168 1196 3313 1250 enim
3343 1214 3532 1256 servus
3560 1217 3627 1256 nc

2033 1273 2286 1329 mandato
2314 1290 2418 1329 non
2461 1276 2679 1347 impleto
2705 1282 2918 1348 perjurii
2950 1298 3074 1339 rcus
3116 1284 3303 1341 ﬁeret:
3337 1289 3391 1344 9.
3423 1289 3623 1354 Posito,

2032 1362 2203 1434 inquit
2222 1407 2236 1430 ,
2266 1383 2418 1420 manu
2448 1385 2540 1422 sua
2585 1369 2756 1424 subter
2799 1374 2977 1443 feritur,
3001 1377 3194 1445 juratn't
3224 1379 3269 1432 ei
3293 1397 3444 1450 super
3473 1384 3620 1437 verbo

2032 1457 2148 1525 hoc,
2182 1459 2322 1529 quod
2356 1463 2523 1518 lilium
2545 1479 2699 1519 suum
2722 1467 2846 1523 illuc
2867 1484 2973 1524 non
3003 1471 3294 1528 abduceret
3319 1476 3490 1532 Isaae.
3523 1478 3616 1532 Vi—
3662 1528 3665 1532 .

2029 1548 2153 1603 disti
2184 1552 2455 1620 quomodo
2484 1555 2551 1609 ab
2575 1555 2728 1611 initio
2749 1574 2936 1614 servus
2977 1561 3288 1620 indicaverit
3314 1582 3464 1622 suam
3494 1585 3638 1639 erga.

2030 1639 2308 1696 dominum
2331 1644 2787 1703 benevolentiam?
2818 1651 2950 1706 Vide
2969 1669 3109 1708 nunc
3139 1658 3409 1725 quomodo
3436 1676 3498 1715 ea
3530 1677 3619 1730 pa~

2031 1733 2278 1789 triareha:
2301 1735 2543 1792 doctrina
2594 1740 2784 1795 melior
2804 1745 3069 1810 evaserit,
3102 1754 3156 1800 et
3185 1747 3433 1804 imitatus-
3460 1750 3626 1806 fuerit

2022 1825 2150 1895 justi
2185 1828 2434 1897 pietatem
2483 1841 2644 1902 atque
2688 1834 3019 1904 religionem.
3055 1839 3138 1894 l0.
3187 1841 3421 1911 Acceptis
3444 1844 3619 1908 enim,

2027 1917 2216 1986 inquit,
2241 1936 2414 1974 seruus
2433 1920 2601 1976 decent
2642 1925 2848 1979 camelis
2869 1967 2883 1991 ,
2918 1936 2963 1980 et
2993 1928 3057 1982 de
3079 1930 3310 1985 omnibus
3332 1932 3476 1988 bonis
3505 1951 3620 1999 quin

2027 2009 2219 2064 domini
2245 2013 2324 2066 sui
2347 2024 2492 2067 erant
2516 2057 2532 2080 ,
2577 2021 2796 2072 surrexit
2822 2027 2869 2072 et
2911 2021 3164 2090 profectus
3192 2033 3264 2078 est
3302 2025 3354 2078 in
3382 2025 3634 2096 Mesopo-.

2026 2104 2238 2157 tamiam
2261 2107 2314 2159 in
2351 2107 2605 2161 civitatem
2632 2109 2865 2175 Nachor,
2901 2113 2982 2166 Η.
3017 2122 3060 2166 et
3088 2117 3376 2171 recumbere
3393 2117 3620 2171 camelos

2025 2198 2143 2267 fecit
2172 2208 2317 2252 extra
2341 2200 2590 2255 civitatem
2604 2203 2761 2273 juxta
2776 2215 2982 2274 puteum
3003 2223 3150 2276 aqua?
3172 2209 3366 2279 vesperi
3379 2251 3394 2277 ,
3414 2212 3620 2280 quando

2025 2290 2350 2359 egrediuntur
2386 2302 2666 2362 aquaturaz.
2739 2295 2823 2350 12.
2873 2295 2940 2350 Et
2983 2299 3151 2353 dixit:
3215 2300 3429 2356 Domine
3480 2302 3618 2356 Deus

2025 2380 2217 2434 domini
2240 2384 2335 2436 mei
2373 2384 2649 2440 Abraham.
2696 2386 2830 2442 Vide
2877 2391 3037 2444 servi.
3062 2391 3405 2459 probitatem.
3460 2394 3619 2450 Orbis

2024 2471 2310 2527 Dominum
2341 2490 2370 2528 a
2415 2475 2714 2544 patriarcha
2763 2479 3003 2533 nominat
3030 2497 3044 2534 :
3075 2481 3293 2536 Domine
3321 2485 3461 2538 enim
3484 2527 3498 2549 ,
3534 2485 3617 2539 itt-

2024 2565 2157 2634 quit,
2191 2563 2325 2618 Deus
2355 2567 2548 2637 domini
2578 2570 2672 2620 mei
2723 2568 2978 2623 Abraham
3003 2612 3018 2637 ,
3059 2573 3148 2642 qui
3193 2582 3335 2627 tanta
3382 2575 3431 2628 in
3467 2551 3631 2630 illum.

2025 2659 2279 2713 beneficia
2307 2660 2605 2715 contulisti.
2638 2661 2702 2715 Et
2727 2662 2852 2731 quid
2880 2664 3088 2719 miraris
3116 2665 3158 2720 si
3191 2681 3376 2722 servus
3397 2668 3626 2722 eumita-

2023 2760 2178 2806 vocat
2203 2752 2368 2807 Deum
2397 2752 2692 2808 Abraham?
2722 2754 2836 2823 Ipse
2861 2757 3099 2812 omnimn
3131 2757 3272 2814 Deus
3313 2770 3622 2816 monstratis

2024 2845 2296 2914 quomodo
2334 2845 2603 2915 justorum
2635 2847 2884 2902 virtutem
2931 2848 3109 2918 magni
3161 2848 3354 2919 faciat,
3412 2851 3630 2922 inquit...

2027 2936 2137 3006 Ego
2189 2954 2299 2991 sum
2328 2936 2468 2993 Deus
2496 2937 2752 2992 Abraham
2783 2951 2830 2994 et
2859 2939 2999 2995 Deus
3036 2939 3190 2995 Isaac
3209 2953 3256 2996 et
3291 2941 3430 2998 Deus
3457 2942 3623 2998 Iacob.

2028 3029 2223 3101 (Exod.
2270 3030 2324 3084 5.
2379 3029 2458 3100 6).
2510 3030 2576 3084 Et
2606 3030 2736 3084 dicit
2782 3030 3044 3085 :Domine
3089 3031 3230 3087 Deus
3276 3032 3470 3099 domini
3523 3035 3622 3088 mei

2023 3121 2317 3187 Abraham,
2363 3139 2600 3202 prospere
2629 3122 2791 3193 dirige
2817 3139 2989 3178 coram
3019 3140 3097 3178 me
3118 3124 3268 3178 hodie
3291 3165 3307 3190 ,
3341 3134 3386 3178 et
3409 3128 3494 3196 [ac
3519 3126 3621 3178 nti-

2024 3213 2353 3266 sericordiam
2367 3229 2483 3266 cum
2507 3213 2711 3266 domino
2739 3229 2848 3267 meo
2874 3213 3130 3268 Abraham
3149 3231 3169 3279 ;
3191 3214 3342 3284 quasi
3369 3213 3574 3269 diceret
3601 3232 3616 3268 :

2024 3303 2128 3358 Fac
2158 3313 2215 3358 ut
2242 3303 2564 3374 impleantur
2594 3319 2656 3359 ea
2687 3320 2804 3374 qua:
2834 3305 2922 3359 ille
2945 3305 3075 3371 vult,
3104 3313 3161 3359 et
3179 3305 3474 3360 secundum
3503 3291 3620 3376 ejus

2023 3397 2342 3450 sententiam
2395 3411 2650 3466 prospera
2699 3395 2785 3452 fac
2813 3399 3014 3451 omnia.
3061 3396 3173 3450 Fac
3217 3388 3619 3453 misericordiam

2023 3505 2138 3541 cum
2183 3487 2392 3544 domino
2419 3503 2528 3541 meo
2552 3486 2831 3541 Abraham.
2873 3486 3012 3554 Quid
3032 3495 3114 3542 est
3137 3527 3152 3551 ,
3186 3485 3297 3540 Fac
3324 3487 3616 3541 misericor-

2024 3579 2205 3632 diam?
2233 3578 2352 3632 Voti
2385 3586 2691 3648 compotem
2722 3593 2843 3633 cum
2891 3577 2994 3632 fac.
3027 3578 3230 3633 Deinde
3279 3578 3489 3648 inquit,
3522 3579 3616 3634 15.

2027 3669 2156 3724 Ecce
2181 3686 2275 3740 ego
2300 3679 2376 3722 sto
2427 3679 2632 3740 propter
2656 3669 2848 3738 {autem
2893 3684 3038 3739 aqute
3061 3710 3075 3735 ,
3103 3669 3227 3738 [ilice
3263 3679 3431 3723 autem
3474 3669 3622 3722 habi-

2024 3764 2240 3816 tantium
2275 3762 2526 3815 civitatem
2567 3746 2892 3831 egrediuntur
2922 3769 2978 3814 ut
3006 3762 3248 3814 hauriant
3286 3777 3493 3829 aquam.
3527 3762 3612 3815 li.

2025 3855 2093 3908 Et
2110 3856 2201 3908 erit
2218 3856 2359 3924 uirgo
2380 3855 2464 3907 cui
2487 3870 2577 3922 ego
2600 3854 2776 3907 dixero
2799 3869 2818 3907 :
2833 3852 3034 3906 Inclina
3051 3853 3287 3923 hydriam
3313 3862 3451 3906 tuam
3477 3852 3617 3905 utbia

2023 3946 2158 4013 bant,
2177 3957 2222 3999 et
2249 3944 2430 3998 dixerit
2448 3943 2590 4007 mihi,
2609 3943 2753 4006 Bibe,
2780 3954 2826 3998 et
2845 3944 3062 3999 camelos
3086 3954 3198 3998 tuos
3211 3944 3412 4014 putabo,
3439 3959 3619 4014 usque-

2023 4056 2120 4109 quo
2137 4038 2300 4093 bibere
2314 4054 2392 4092 om
2400 4054 2485 4091 nes
2501 4045 2714 4101 cessent;
2736 4035 2878 4090 illam
2892 4038 3192 4107 praaparasti
3211 4053 3368 4106 puero
3397 4044 3483 4088 tuo
3503 4033 3527 4087 1
3534 4052 3593 4087 sa
3604 4064 3620 4074 ο

2023 4147 2115 4188 ac:
2141 4141 2187 4186 et
2216 4133 2268 4184 in
2286 4131 2379 4184 hoc
2405 4147 2725 4201 cognoscam,
2750 4131 2884 4201 quod
2908 4130 3303 4184 misericordiam
3334 4131 3509 4202 feceris
3535 4129 3622 4182 do-

2025 4224 2161 4276 mino
2190 4239 2300 4276 meo
2323 4221 2598 4275 Abraham.
2633 4220 2765 4276 Vide
2795 4220 2933 4274 servi
2956 4219 3310 4289 prudentiam.
3333 4219 3466 4274 Nam
3494 4219 3617 4289 quia

2026 4322 2248 4371 noverat
2283 4311 2596 4382 patriarcha:
2645 4310 3090 4381 hospitalitatem,
3117 4319 3172 4366 ct
3209 4310 3331 4380 quia
3357 4309 3618 4380 virginem

2027 4408 2151 4462 inde
2164 4404 2458 4462 ducendam
2476 4420 2571 4474 par
2585 4412 2701 4470 erat
2719 4403 2906 4476 iisdem
2922 4417 3042 4458 esse
3060 4402 3333 4471 prazditam
3359 4401 3618 4465 moribus,

2026 4500 2220 4570 quibus
2246 4498 2422 4566 justus
2451 4497 2539 4552 ille
2573 4514 2587 4550 :
2621 4495 2820 4566 nullam
2853 4495 3013 4548 aliam
3049 4493 3415 4563 conjecturam
3447 4491 3619 4560 inqui-

2027 4593 2124 4653 rit,
2154 4588 2246 4644 sed
2271 4589 2636 4642 characterem
2667 4585 2934 4656 virginalis
2965 4584 3127 4638 animi
3157 4598 3221 4638 ex
3257 4581 3619 4650 hoSpitalitate

2025 4682 2279 4752 colligere
2305 4680 2433 4744 vult,
2460 4687 2514 4732 et
2541 4677 2711 4747 inquit
2738 4687 2753 4732 :
2785 4677 2840 4731 Si
2868 4675 3082 4745 quando
3111 4690 3211 4745 ego
3235 4690 3425 4745 aquam
3453 4673 3522 4728 ab
3556 4689 3620 4728 .ea

2029 4775 2266 4844 petivere
2291 4813 2304 4836 ,
2338 4781 2391 4826 et
2444 4770 2662 4824 inclinet
2709 4767 2837 4822 mihi
2888 4765 3130 4836 bydriam
3164 4782 3178 4818 :
3208 4775 3261 4820 ct
3308 4780 3414 4819 non
3445 4764 3620 4818 solum

2028 4864 2186 4919 faciat
2209 4862 2350 4933 quod
2380 4861 2626 4932 petierim
2648 4901 2664 4926 ,
2698 4859 2794 4913 sed
2823 4859 2983 4913 etiam
3015 4857 3308 4913 candorem
3333 4871 3397 4911 ac
3419 4857 3618 4911 libera-

2028 4960 2229 5014 litatem
2259 4959 2451 5012 mentis
2480 4972 2592 5011 sua:
2616 4955 2880 5020 declaret,
2911 4953 3164 5025 dicatque
3194 4972 3207 5008 :
3243 4952 3414 5007 Etiam
3437 4967 3619 5006 came-

2029 5053 2109 5108 los
2141 5061 2260 5106 tuos
2279 5049 2520 5121 aquabo,
2545 5065 2755 5104 morum
2777 5063 2996 5102 suorum
3026 5045 3492 5104 mansuetudinem
3532 5057 3620 5096 sa-

1996 5189 2000 5192 .
2030 5145 2101 5198 tis
2119 5160 2184 5199 ex
2211 5159 2362 5213 aqtuc
2389 5141 2670 5211 largitione
2695 5140 2952 5196 ostendit.

2099 5238 2154 5290 4.
2187 5234 2587 5299 Animadverte,
2614 5234 2862 5299 obsecro,
2893 5231 3191 5295 Carissimo,
3224 5236 3481 5297 quantum
3509 5225 3624 5280 fue-

2030 5328 2132 5390 rit,
2171 5328 2313 5398 quod
2345 5327 2492 5397 virgo
2524 5335 2705 5381 tenera
2737 5337 2988 5396 aquatum
3029 5323 3265 5393 profecta
3299 5337 3404 5374 non
3447 5319 3621 5373 solum

2029 5419 2276 5475 annuerit
2313 5420 2432 5488 ejus
2492 5418 2768 5486 petitioni,
2818 5426 2872 5470 et
2919 5415 3224 5482 deposuerit
3265 5414 3334 5466 ab
3387 5412 3625 5465 humeris

2001 5563 2004 5570 .
2031 5513 2297 5584 bydriam,
2315 5522 2368 5568 et
2388 5510 2455 5565 ad
2481 5513 2790 5565 societatem
2821 5507 3107 5586 prafbuerit
3131 5505 3329 5575 petenti
3359 5504 3474 5559 viro
3502 5519 3622 5573 per-

2028 5604 2215 5674 egrino
2247 5613 2303 5658 et
2330 5616 2548 5673 prorsus
2594 5601 2817 5669 ignoto:
2853 5608 3011 5667 atque
3054 5613 3158 5651 non
3199 5597 3374 5650 solum
3424 5595 3497 5648 illi
3526 5596 3623 5648 de-

2029 5696 2190 5759 derit,
2219 5695 2311 5749 sed
2337 5703 2390 5748 et
2409 5691 2645 5746 camelos
2676 5704 2864 5745 omnes
2888 5689 3186 5759 aqnaverit,
3215 5699 3269 5742 et
3295 5703 3386 5758 per
3413 5703 3472 5742 ca
3504 5703 3621 5754 qua:

2037 5790 2242 5848 llebant
2288 5785 2663 5842 monstraverit
2706 5784 2901 5841 anima:
2937 5798 3050 5839 sua:
3093 5783 3494 5854 ingenuitatem.
3543 5783 3632 5834 Au.
