4078 6438
405 315 516 374 839
1131 317 1189 374 S.
1219 319 1498 376 JOANNIS
1531 319 2012 378 CHRYSOSTOMI
2041 321 2358 379 ARCHIEP.
2399 323 2936 380 CONSTANTINOP.

402 432 622 491 nescitis
647 431 790 502 quod
830 432 978 488 multi
1006 433 1168 488 etiam
1207 434 1306 489 viri
1333 434 1600 506 denegauit
1632 451 1776 507 saepe
1797 445 1987 507 peten-
2103 439 2158 494 in
2187 452 2247 494 se
2271 447 2476 494 tantam
2516 440 2845 496 declarasset
2867 438 3256 511 providentiam
3274 479 3291 505 ,
3322 448 3377 494 ct
3403 438 3548 511 quod
3569 455 3690 495 om-

408 530 553 584 tihus
579 527 739 585 talia?
765 527 832 583 Et
852 527 980 600 quid
1004 527 1128 583 dico
1155 527 1222 584 de
1246 543 1382 599 aqua
1421 543 1541 600 qua:
1569 529 1879 600 prtebetur?
1910 527 1998 586 ln-
2103 528 2190 582 nia
2220 530 2374 598 plana
2403 539 2457 585 et
2495 529 2667 586 facilia
2701 531 2772 590 illi
2800 531 3156 586 reddidisset:
3185 542 3240 585 et
3267 530 3404 586 diuit
3429 547 3444 583 :
3469 532 3558 586 27.
3588 529 3693 586 Be-

409 621 620 676 tcrdum
647 635 768 676 etim
795 620 943 678 faces
964 629 1171 688 tenent,
1199 629 1254 675 et
1279 620 1348 676 ab
1375 621 1754 677 accedentibus
1779 631 2000 676 urantur
2103 620 2330 676 ncdittus
2359 619 2605 677 Dentium
2632 619 2770 676 Deus
2807 623 3000 676 domini
3029 623 3125 676 nisi
3149 623 3406 676 Abraham
3429 665 3446 689 ,
3476 624 3564 692 qui
3589 639 3693 679 non

412 727 468 772 ut
493 716 764 786 paulisper
781 724 1118 786 exspectent,
1142 728 1253 785 quo
1279 714 1459 770 lumen
1483 714 1816 783 accendant,
1849 714 1902 769 ld
1921 711 2001 769 fa.
2106 709 2312 765 abstulit
2328 713 2587 783 justitiam
2612 729 2760 766 suam
2780 724 2827 768 et
2847 715 3100 767 veritam»
3116 730 3148 766 ι
3173 714 3377 767 domino
3397 730 3526 767 meo.
3547 714 3697 769 Post.

412 820 535 861 rere
557 813 803 869 renuunt,
837 804 1049 860 tametsi
1080 803 1213 858 nihil
1244 803 1370 860 inde
1397 805 1668 860 minuatttr
1694 803 1831 874 ignis
1857 845 1874 872 ,
1901 805 2001 860 etsi
2108 817 2267 874 quam
2303 802 2433 859 vidit
2476 804 2666 874 puella
2713 804 3177 866 benevolentiam,
3207 814 3265 860 et
3306 805 3376 860 ab
3422 820 3485 858 ea
3517 805 3698 859 omnia

415 896 680 952 innumeri
709 897 815 961 sint
831 897 919 967 qui
943 895 1246 957 accendere
1266 895 1453 950 velint.
1484 895 1581 950 llic
1610 903 1791 951 autem
1812 904 1866 950 et
1889 910 2006 949 mu-
2111 893 2391 951 manifeste
2417 895 2632 962 didicit,
2665 905 2792 952 tunc
2835 905 2890 953 et
2929 896 3045 966 ipse
3071 897 3264 966 puellzc
3287 897 3556 966 signiﬁcat
3579 899 3703 968 quis

417 989 514 1044 lier
534 998 588 1044 et
615 989 815 1060 puella,
835 989 1080 1060 hydriam
1105 1004 1318 1059 quoque
1346 1003 1510 1059 super
1536 988 1786 1044 humeros
1806 987 2005 1054 ierens,
2111 995 2258 1042 esset
2286 1003 2301 1042 :
2330 995 2385 1042 et
2413 1002 2508 1058 per
2537 989 2828 1058 gratiarum
2866 989 3134 1044 actionem
3170 988 3224 1042 in
3245 988 3414 1044 Deum
3442 989 3620 1060 palam
3651 990 3701 1044 ei

3582 323 3688 382 κο

418 1095 524 1134 non
545 1079 723 1134 solum
751 1091 863 1137 non
889 1079 1152 1150 gravatim
1179 1078 1303 1134 tulit
1343 1077 1485 1148 quod
1511 1077 1579 1133 ab
1605 1093 1668 1134 ea
1699 1085 2006 1150 peteretur:

421 1170 517 1226 sed
557 1181 612 1226 et
642 1170 762 1242 plus
789 1185 947 1241 quam
990 1171 1212 1240 petitum
1239 1179 1350 1226 erat
1395 1169 1663 1226 concessit
1694 1178 1792 1224 :et
1829 1177 2010 1239 potum

422 1263 592 1330 dedit,
623 1265 684 1318 ut
710 1262 948 1334 petebat,
977 1271 1140 1332 atque
1167 1276 1231 1316 es
1262 1261 1438 1331 seipsa
1464 1260 1626 1316 etiam
1658 1260 1895 1316 camelos
1915 1274 2014 1330 po-

428 1367 549 1414 tare
563 1357 802 1414 testinat.
846 1359 1122 1412 Annuerat
1147 1357 1292 1412 enim
1319 1355 1582 1427 benignus
1608 1356 1751 1412 Deus
1781 1355 2017 1427 patriar-

427 1447 548 1505 chze
572 1449 838 1518 precibus,
859 1448 1156 1520 angeloque
1183 1462 1282 1503 suo
1309 1448 1494 1512 misso,
1513 1447 1692 1503 omnia
1719 1448 1810 1502 illa
1835 1448 2019 1518 dispo-

430 1541 538 1598 suit
563 1541 679 1596 fieri
717 1542 857 1596 sicut
882 1555 1072 1596 servus
1105 1541 1386 1610 petiverat.
1416 1539 1548 1594 Dein
1577 1547 1862 1610 postquam
1890 1539 2022 1593 vidit

431 1649 491 1688 re
517 1633 632 1704 ipsa
661 1647 852 1703 preces
877 1630 1198 1702 patriarehre
1218 1628 1490 1696 efﬁcaces,
1517 1638 1575 1686 et
1601 1631 1832 1685 obtinuit
1856 1629 2022 1699 virgi-

439 1739 562 1780 nem
589 1733 748 1796 qnam
773 1724 1014 1794 optabat,
1045 1721 1291 1792 illiusque
1315 1721 1562 1776 eximiam
1585 1720 1717 1775 vidit
1741 1720 2025 1790 hospitali-

435 1824 633 1881 tatem,
682 1814 805 1869 vide
845 1813 977 1884 quid
1022 1812 1110 1878 lit;
1139 1811 1271 1866 dicit
1309 1811 1490 1866 enim:
1523 1810 1612 1866 20.
1661 1809 1941 1866 Festinavit
1982 1818 2029 1865 et

434 1913 695 1966 θυαε-καὶὴ(
737 1925 923 1981 nquam
959 1911 1014 1964 in
1034 1909 1239 1964 canales
1260 1949 1276 1976 ,
1304 1918 1354 1963 et
1378 1908 1596 1963 cucurrit
1614 1907 1685 1960 ad
1717 1915 1944 1976 puteum,
1971 1911 2030 1957 ut

428 2003 666 2060 hauriret
702 2011 995 2073 aquam,et
1021 2002 1223 2073 aquasit
1263 2018 1435 2056 otnnes
1475 2001 1695 2055 camelos
1735 2001 1864 2070 ejus.
1895 1995 2032 2052 Vide

433 2096 923 2168 locupletissimam
945 2095 1444 2165 promptitudinem.
1461 2094 1564 2150 Per
1587 2092 1692 2147 hoc
1721 2092 1864 2147 enim
1887 2087 2034 2161 quod

443 2189 515 2244 ait
524 2186 596 2254 ,Ρ
597 2189 843 2256 estinavit,
851 2197 898 2242 et
909 2187 1164 2242 concitavit
1177 2188 1484 2259 hydriam,ct
1495 2185 1712 2240 cucurrit
1725 2183 1793 2238 ad
1809 2191 2033 2256 puteum,

447 2290 776 2338 monstratur
818 2281 1010 2351 puella:
1047 2295 1260 2336 summa
1299 2279 1550 2334 alacritas
1581 2296 1594 2332 :
1623 2278 1751 2348 quia
1779 2289 1955 2347 neque
1979 2283 2040 2329 ut

447 2373 621 2429 aliena
649 2373 886 2444 aufugit,
925 2389 1101 2444 neque
1126 2381 1386 2442 pmtextu
1430 2369 1771 2426 continentiae
1795 2365 2041 2440 petitioni

429 2465 670 2552 lrenuit:
710 2466 805 2522 sed
854 2481 977 2522 cum
1022 2466 1188 2520 multa
1234 2463 1648 2519 mansuetudine
1693 2461 1897 2532 inquit,
1947 2458 2039 2514 t8.

447 2555 594 2623 Bibe,
623 2556 844 2612 domine.
871 2556 1080 2628 Cogita,
1107 2556 1353 2622 obsecro,
1378 2563 1575 2626 quanta
1605 2552 1768 2610 etiam
1796 2565 1859 2607 ea
1886 2556 2045 2606 :etate

449 2647 612 2704 fuerit
633 2649 978 2704 continentiae
1011 2647 1318 2718 diligentia,
1347 2656 1403 2702 et
1429 2645 1709 2700 modestia:
1745 2641 2040 2699 eminentia

436 2739 940 2820 Iliospitalit'atisque
961 2739 1278 2810 frequentia.
1298 2735 1504 2804 Quibus
1530 2735 1689 2806 igitur
1708 2733 1902 2804 opibus
1929 2731 2050 2788 haec

456 2847 565 2891 Ion
592 2840 719 2887 sunt
739 2831 1057 2904 pretiosiora
1078 2830 1102 2884 ν
1127 2831 1322 2901 quibus
1351 2829 1620 2884 thesauris
1649 2827 1766 2883 haec
1793 2841 1898 2881 non
1925 2832 2052 2880 sunt

457 2922 826 2995 νηῆσαιὼῖ
851 2922 980 2981 llaec
1021 2937 1227 2981 summa
1253 2921 1353 2976 dos
1375 2963 1390 2986 ,
1414 2920 1530 2978 lucc
1565 2919 1850 2974 innumera
1871 2917 2008 2972 bona
2033 2956 2050 2982 ,

442 3013 578 3075 ’ὑπ
620 3014 907 3072 thesaurus
951 3014 1044 3085 qui
1085 3029 1194 3068 non
1243 3012 1598 3068 consumitur.
1645 3011 1848 3068 Videns
1894 3010 2056 3082 igitur

459 3099 700 3180 prudens
740 3121 933 3164 servus
977 3106 1314 3162 manifestam
1354 3106 1448 3162 Dei
1499 3103 1922 3175 providentiam,
1955 3101 2052 3159 2|.

462 3193 702 3260 Distebat
725 3214 858 3267 eam,
889 3198 1063 3270 inquit
1087 3240 1102 3264 ,
1131 3208 1178 3254 et
1205 3198 1405 3265 silebat,
1436 3207 1492 3252 ut
1517 3198 1664 3252 sciret
1689 3209 2058 3268 prosperrimus

464 3286 664 3364 fecisset
693 3289 942 3345 Dominus
979 3291 1077 3345 iter
1101 3304 1283 3357 suum,
1312 3305 1380 3343 an
1421 3305 1542 3343 non.
1569 3286 1707 3357 Quid
1753 3294 1839 3342 est
1885 3284 2016 3341 illud
2038 3326 2054 3352 ,

462 3379 700 3438 Ducebat
727 3399 837 3438 eam
857 3383 884 3438 Ρ
908 3382 1080 3439 Verba
1103 3383 1219 3453 ipsa
1254 3381 1450 3453 puella:
1497 3371 1784 3450 diligenter
1805 3375 2059 3433 consido-

465 3473 651 3542 tabat,
679 3483 955 3545 aspectum
976 3513 993 3540 ,
1040 3473 1310 3528 incessum
1335 3512 1351 3536 ,
1380 3471 1619 3527 habitum
1636 3511 1652 3536 ,
1679 3469 1889 3539 aliaquo
1941 3480 2061 3521 om-

465 3563 557 3622 nia
588 3581 602 3618 :
634 3572 690 3619 et
714 3563 1088 3632 exspectabat,
1119 3560 1193 3616 Ut
1221 3561 1371 3614 sciret
1412 3576 1482 3614 an
1517 3574 1821 3630 prosperum
1865 3557 2063 3626 fecisset

475 3656 722 3715 Dominus
743 3657 840 3710 iter
859 3671 1027 3721 suum,
1046 3670 1113 3708 an
1138 3670 1262 3707 non.
1290 3651 1422 3707 Nam
1445 3667 1564 3722 qute
1575 3650 1688 3721 jam
1713 3650 1854 3705 facta
1884 3655 2060 3713 erant,

467 3748 736 3818 insignem
767 3755 822 3802 et
859 3745 1148 3816 plurimam
1182 3743 1402 3814 virginis
1441 3741 1750 3797 indicabant
1786 3740 2060 3796 virtutem.

471 3839 541 3894 Et
561 3838 684 3893 ideo
706 3851 1060 3893 remunerans
1082 3835 1200 3905 ejus
1219 3833 1580 3890 obedientiam
1601 3841 1657 3888 et
1680 3846 1835 3903 aqua;
1857 3829 2066 3886 submi-

473 3931 868 3995 nistrationem,
901 3928 1256 3998 circumponit
1283 3927 1332 3982 ei
1353 3969 1367 3994 ,
1399 3925 1592 3996 inquit,
1618 3924 1709 3980 29.
1735 3923 1954 3981 lnam
1971 3939 2068 3976 su-

475 4037 590 4082 reos
608 4032 655 4079 et
679 4023 816 4078 duas
835 4021 1084 4088 eruditas,
1108 4030 1167 4077 et
1187 4021 1475 4091 diligenter
1493 4017 1828 4082 addiscat”,
1848 4031 1972 4086 quae
1994 4013 2067 4075 ad

474 4119 646 4187 ipsam
677 4117 1007 4187 pertinerent
1027 4155 1042 4182 ,
1063 4122 1120 4170 et
1145 4113 1406 4186 rogabat,
1434 4112 1527 4170 25.
1551 4111 1713 4180 Cujus
1737 4125 1790 4164 es
1820 4108 1966 4178 ﬁlia?
1987 4117 2066 4174 et,

479 4209 535 4269 Ν
540 4225 622 4264 um
642 4217 714 4263 est
737 4207 877 4280 apud
905 4215 1100 4276 patrons
1118 4215 1264 4259 tuum
1288 4203 1428 4258 locus
1447 4202 1711 4256 diversorii
1724 4201 1753 4254 γ
1775 4199 2067 4256 Considera

481 4313 536 4359 et
568 4301 657 4357 hic
693 4300 885 4372 puellm
911 4311 1250 4368 responsum.
1277 4294 1411 4351 Nam
1438 4297 1578 4350 sicut
1601 4308 1724 4348 eum
1754 4307 1947 4362 aquam
1975 4306 2072 4362 pe-

481 4403 639 4462 teret,
660 4407 768 4450 non
791 4393 968 4449 solum
989 4407 1108 4448 eam
1133 4389 1278 4446 dedit
1296 4431 1312 4458 ,
1339 4388 1437 4444 sed
1454 4397 1512 4444 et
1531 4385 1772 4442 camelos
1797 4386 1944 4440 illius
1969 4400 2070 4455 po-

481 4489 612 4544 tavit
642 4503 658 4542 :
685 4487 759 4542 ita
785 4492 841 4541 et
861 4484 952 4539 hic
972 4525 987 4548 ,
1015 4491 1244 4554 rogante
1263 4495 1425 4536 servo
1443 4521 1460 4547 ,
1486 4494 1613 4534 num
1636 4485 1782 4533 esset
1803 4478 1955 4533 locus
1971 4515 1990 4543 ,
2019 4483 2076 4532 et

477 4581 632 4650 cujus
661 4586 808 4636 esset
834 4578 941 4633 lilia
967 4617 983 4645 ,
1011 4575 1223 4648 inquit,
1249 4573 1341 4630 '24.
1368 4572 1510 4627 Filia
1536 4587 1649 4626 sunt
1687 4569 1954 4625 Botltuelis
1978 4569 2075 4639 ﬁlii

481 4668 735 4736 letalia,
763 4681 907 4740 quem
929 4667 1128 4738 peperit
1154 4666 1255 4737 ipsi
1283 4663 1516 4719 Naehor.
1548 4662 1688 4718 Dicit
1711 4671 1770 4717 et
1792 4669 1998 4732 patrem
2015 4669 2077 4715 et

480 4771 640 4818 avum
663 4800 679 4826 ,
707 4767 766 4814 ut
808 4759 914 4814 illis
941 4758 1171 4828 cognitis
1195 4758 1288 4812 fiat
1333 4755 1580 4811 alacrior.
1610 4753 1745 4810 Vide
1780 4753 2076 4808 auderem

482 4851 698 4924 puellas.
722 4845 804 4907 De
830 4858 986 4921 patre
1005 4858 1245 4919 rogatur,
1275 4857 1331 4903 et
1355 4863 1462 4902 non
1489 4847 1664 4927 solum
1687 4846 1834 4902 hunc
1853 4845 2074 4909 indicat,

481 4941 580 5003 sed
625 4951 681 4999 et
707 4951 916 5014 patrem
939 4942 1131 5012 patris.
1158 4939 1229 4995 Et
1252 4954 1373 4995 cum
1401 4947 1647 5010 rogasset
1671 4952 1861 4995 servus
1901 4936 2079 4992 solum

483 5053 552 5093 an
590 5045 738 5095 esset
778 5037 934 5091 locus
981 5034 1286 5091 divertendi
1312 5075 1327 5099 ,
1358 5033 1444 5088 illa
1481 5031 1865 5088 addiditzNon
1902 5030 2078 5086 solum

484 5132 658 5199 locus,
683 5129 778 5186 sed
797 5129 890 5186 25.
914 5127 984 5183 Et
1005 5132 1195 5200 [mnum
1215 5138 1262 5182 et
1287 5126 1530 5197 pabulum
1556 5124 1774 5180 multum
1800 5123 1938 5193 apud
1969 5137 2086 5177 nos.

485 5223 614 5278 lltec
653 5231 716 5278 ut
743 5222 947 5278 audivit
971 5235 1190 5289 servus,
1215 5219 1510 5276 admiratus
1545 5226 1636 5274 est
1671 5217 1866 5272 miram
1895 5224 1945 5270 et
1981 5214 2090 5269 lar-

488 5326 610 5384 gam
648 5314 843 5385 puellas
884 5311 1338 5384 hospitalitatem.
1387 5312 1536 5367 Etet
1574 5309 1760 5364 didicit
1785 5322 1848 5362 se
1875 5321 1984 5360 non
2007 5303 2082 5359 ad

493 5407 704 5474 ignotos
735 5405 998 5477 quosdam
1018 5404 1266 5472 venisse,
1295 5403 1390 5459 sed
1421 5403 1478 5456 in
1503 5401 1724 5459 (lernam
1753 5397 1972 5454 Nachor
1993 5395 2083 5465 qui

491 5497 660 5553 irater
679 5507 797 5553 erat
810 5499 1151 5568 patriarchae,
1179 5497 1272 5555 26.
1306 5496 1421 5551 Hoc
1435 5507 1560 5549 eam
1579 5493 1819 5565 probaret
1838 5531 1854 5559 ,
1875 5489 2051 5560 inquit
2065 5529 2082 5554 ,

496 5591 643 5646 homo
672 5589 904 5646 adoravit
932 5590 1232 5646 Dominum.
1272 5588 1616 5644 Exhilaratus
1635 5586 1708 5640 iis
1732 5593 1853 5653 qua:
1879 5595 2088 5651 cogito-

497 5692 688 5752 verat,
713 5691 770 5740 et
799 5683 865 5738 iis
890 5697 1012 5754 qua:
1053 5683 1156 5754 ipsi
1176 5682 1352 5754 puella
1377 5681 1608 5746 dixerat,
1638 5677 1883 5733 Adoraoit
1905 5674 2090 5729 Domi.

502 5789 644 5841 ututi,
673 5775 976 5849 gratiasque
1020 5774 1095 5831 illi
1133 5775 1284 5846 egit,
1304 5787 1376 5830 co
1404 5771 1546 5844 quod
1567 5772 1624 5828 in
1647 5767 2089 5842 patriarcharum

2118 1076 2241 1132 facit
2267 1092 2326 1133 se
2352 1093 2459 1133 non
2479 1094 2546 1134 ex
2589 1079 2766 1136 aliena
2791 1079 2954 1136 domo
2979 1081 3192 1148 venire,
3222 1082 3316 1136 sed
3351 1079 3572 1137 fratrem
3598 1082 3705 1136 Na-

2117 1167 2297 1222 choris
2315 1183 2437 1224 esse
2464 1184 2586 1224 eum
2615 1170 2705 1240 qui
2734 1171 2838 1226 huc
2860 1185 2922 1225 so
2957 1171 3218 1226 misisset.
3254 1170 3378 1226 llaec
3397 1171 3486 1226 ubi
3518 1171 3709 1228 didicit

2119 1259 2213 1314 ‘28.
2243 1257 2458 1327 Puella,
2490 1275 2610 1316 cum
2661 1277 2850 1331 magna
2885 1263 3189 1333 voluptate,
3213 1265 3477 1330 cucurrit,
3515 1264 3706 1333 inquit.

2122 1349 2258 1405 Vide
2283 1350 2553 1422 quomodo
2581 1353 2635 1407 in
2662 1353 2888 1424 singulis
2931 1353 3170 1410 declaret
3217 1355 3375 1410 nobis
3427 1355 3712 1423 hospitali.

2127 1443 2249 1498 tatis
2293 1442 2620 1499 alacritatem
2647 1485 2663 1510 ,
2691 1459 2884 1508 cursu,
2916 1445 3125 1509 verbis,
3160 1446 3586 1500 mansuetudine.
3615 1447 3717 1500 Cu-

2127 1533 2284 1587 currit
2309 1533 2452 1588 enim
2474 1575 2489 1600 ,
2515 1534 2710 1604 inquit,
2735 1545 2784 1588 et
2808 1535 3122 1590 aununtiaoit
3149 1537 3200 1590 in
3229 1537 3380 1590 domo
3410 1537 3586 1590 matris
3612 1553 3719 1591 suo

2119 1627 2272 1696 juxta
2290 1625 2439 1680 verba
2463 1626 2590 1680 haec.
2621 1625 2807 1682 Omnia
2825 1644 2940 1697 qua
2958 1629 3223 1684 audiverat
3253 1645 3283 1682 a
3315 1645 3499 1695 servo,
3527 1645 3721 1701 paren-

2132 1715 2274 1771 tibus
2319 1716 2656 1788 signiiicavit.
2695 1717 2786 1774 $9.
2831 1717 2897 1773 Et
2929 1721 3186 1785 cucurrit,
3211 1721 3421 1790 inquit,
3454 1719 3629 1775 [Abest
3655 1725 3724 1776 ad

2133 1810 2384 1865 hominem
2418 1813 2558 1883 foras
2581 1811 2652 1866 ad
2671 1810 2882 1881 (autem.
2908 1811 3043 1868 Vide
3069 1811 3340 1882 quomodo
3365 1822 3419 1868 et
3449 1812 3535 1867 hic
3560 1827 3722 1866 cursu

2135 1901 2459 1958 desiderium
2485 1917 2645 1958 suum
2673 1911 2934 1959 monstret
2958 1904 3031 1974 (υ.
3063 1904 3182 1973 30).
3213 1903 3282 1958 Et
3305 1914 3361 1958 ut
3385 1903 3517 1958 vidit
3549 1904 3726 1958 ltotnio

2137 2009 2260 2050 nem
2291 2003 2520 2049 stantem
2542 1994 2683 2065 apud
2723 1993 2924 2050 fontem
2942 2010 3065 2050 cum
3087 1996 3308 2051 camelis
3331 2036 3347 2062 ,
3367 1996 3428 2051 5i
3443 2036 3458 2050 .
3479 1994 3619 2048 Diail
3636 1997 3682 2049 ei
3708 2012 3727 2054 ε

2149 2081 2294 2152 Vetti,
2323 2085 2604 2156 ingredere;
2633 2085 2920 2141 (rettudit-tus
2945 2084 3190 2140 Dominus
3210 2102 3228 2140 :
3245 2103 3336 2140 cur
3357 2087 3486 2157 foris
3507 2086 3730 2142 stetisti?

2141 2174 2255 2246 Ego
2277 2177 2504 2246 disposed
2518 2178 2722 2231 lanium
2743 2177 2976 2232 stlocum
2995 2179 3218 2232 camelis.
3237 2177 3370 2234 Vide
3381 2187 3435 2232 et
3463 2178 3602 2233 htute
3633 2178 3732 2232 he-

2143 2270 2477 2325 nedioentem
2499 2270 2669 2326 Deum
2697 2271 2748 2324 in
2777 2270 3014 2326 adventu
3041 2270 3347 2340 peregrini,
3385 2279 3439 2325 et
3460 2270 3734 2341 quomodo

2143 2369 2429 2430 antequam
2458 2359 2880 2430 hospitalitatem
2912 2362 3161 2431 impleret
3181 2376 3366 2431 opere,
3402 2361 3582 2415 multis
3609 2376 3734 2414 enirn

2147 2451 2392 2508 hortatus
2418 2461 2520 2508 est.
2561 2451 2705 2517 Veni,
2733 2451 2922 2522 inquit,
2953 2452 3218 2522 ingredere
3246 2467 3265 2506 :
3286 2451 3397 2522 iam
3421 2451 3568 2511 enim
3595 2450 3738 2505 Ρνο-

2149 2545 2323 2614 parari
2347 2545 2550 2598 domum
2589 2553 2634 2598 et
2657 2544 2826 2598 locum
2845 2544 3073 2598 mutetis.
3105 2543 3306 2600 Deinde
3350 2543 3594 2614 ingresso
3626 2558 3697 2598 eo
3717 2584 3736 2610 ,

2150 2635 2322 2706 inquit
2351 2654 2366 2691 :
2397 2634 2487 2691 52.
2513 2633 2768 2690 Destravit
2810 2635 3030 2690 camelos
3075 2644 3123 2690 ct
3169 2635 3305 2690 dedit
3334 2636 3506 2705 paleas
3526 2675 3546 2704 ,
3577 2647 3623 2689 ct
3643 2639 3736 2707 [οι

2151 2743 2290 2792 num,
2314 2736 2360 2781 et
2383 2743 2567 2798 «artam
2582 2767 2598 2793 ,
2625 2736 2681 2780 ut
2706 2726 2997 2781 lavarentur
3023 2727 3175 2796 pedes
3199 2728 3328 2797 ejus.

2224 2819 2279 2874 5.
2309 2819 2440 2874 Vide
2459 2819 2730 2890 quomodo
2755 2818 2807 2873 hi
2829 2819 2916 2890 qui
2955 2819 3132 2876 adhuc
3174 2833 3362 2874 errore
3401 2817 3744 2884 tenebantur,

2155 2925 2402 2982 magnam
2423 2909 2799 2981 hospitalitatis
2815 2926 2998 2967 curam
3013 2911 3258 2982 agebant.
3287 2909 3352 2964 Et
3373 2909 3512 2964 dedit
3532 2926 3745 2980 «quam,

2157 3013 2214 3059 ut
2240 3005 2536 3060 lavarentur
2561 3005 2713 3076 pedes
2738 3006 2871 3074 ejus,
2897 3014 2944 3059 ot
2971 3004 3124 3074 pales
3152 3005 3379 3058 uirorum
3405 3008 3497 3074 qut
3531 3019 3648 3056 cum
3688 3019 3748 3056 eo

2159 3106 2322 3152 erant.
2349 3097 2440 3152 55.
2473 3096 2800 3168 Etapposuit
2823 3098 2894 3151 eis
2920 3113 3076 3168 panes
3115 3097 3184 3150 ad
3223 3096 3606 3150 cmedeudum.
3643 3094 3750 3150 Sed

2163 3190 2250 3246 hic
2289 3189 2529 3257 attende,
2583 3189 2831 3257 obsecro,
2876 3205 3120 3260 magnam
3169 3187 3353 3243 famuli
3395 3187 3749 3258 pmdcntiam.

2161 3281 2300 3350 Quid
2317 3281 2462 3338 enim
2484 3281 2596 3336 ait?
2617 3279 2740 3336 Non
2758 3280 3042 3348 contestans,
3061 3280 3222 3336 donec
3241 3279 3426 3349 loquar
3445 3279 3592 3334 verba
3617 3295 3750 3333 mea.

2164 3373 2272 3428 Vos
2299 3373 2536 3444 quidem,
2559 3372 2752 3443 inquit,
2779 3371 3015 3427 ofﬁcium
3034 3380 3278 3428 vestrum
3329 3371 3381 3426 in
3405 3385 3492 3426 me
3545 3371 3757 3440 prresti-

2166 3463 2305 3518 tistis
2333 3481 2349 3517 :
2377 3479 2478 3535 ego
2505 3474 2684 3519 autem
2711 3478 3048 3534 nequaquam
3077 3471 3233 3518 antea
3253 3453 3456 3535 quietis
3473 3477 3614 3516 mem
3663 3477 3756 3514 ra-

2167 3561 2366 3616 tionem
2388 3559 2618 3625 habebo,
2660 3559 2834 3616 donec
2853 3573 3070 3615 causam
3095 3573 3192 3614 vos
3220 3557 3456 3614 docuero
3477 3597 3493 3620 ,
3540 3564 3761 3626 propter

2166 3669 2326 3725 quam
2345 3654 2401 3709 in
2427 3653 2571 3709 hanc
2588 3653 2729 3708 viam
2752 3653 2857 3708 sim
2877 3653 3096 3720 missus,
3123 3660 3184 3706 et
3209 3665 3378 3721 quare
3397 3665 3429 3704 a
3454 3647 3759 3704 Chananata

2170 3749 2276 3805 huc
2303 3746 2564 3813 venerim,
2587 3757 2642 3803 et
2659 3746 2930 3818 quomodo
2949 3746 3003 3800 in
3031 3745 3248 3800 domum
3269 3753 3501 3798 vestram
3531 3741 3635 3796 huc
3661 3740 3762 3798 duo

2170 3849 2289 3896 ctus
2314 3839 2437 3905 sim,
2468 3851 2532 3894 ac
2557 3854 2682 3894 cum
2724 3837 2904 3893 omnia
2928 3836 3246 3899 didiceritis,
3275 3843 3401 3888 tunc
3432 3842 3492 3888 et
3518 3847 3612 3887 vos
3663 3847 3760 3888 ve-

2169 3941 2336 3988 stram
2361 3946 2487 4003 erga
2509 3931 2788 3988 dominum
2812 3944 2994 3985 mum
3030 3926 3456 3984 benevolentiam
3485 3925 3767 3981 declarare

2169 4025 2435 4098 poteritis.
2461 4019 2939 4092 Narratienemque
2957 4034 3121 4076 orsus
3143 4020 3217 4073 ait
3237 4035 3252 4073 :
3269 4019 3360 4074 δι.
3386 4017 3576 4073 Seruus
3603 4016 3768 4069 Abi-ac

2173 4119 2255 4174 hc
2279 4134 2392 4172 sunt
2411 4133 2507 4188 ego
2532 4132 2553 4173 :
2582 4116 2670 4171 35.
2701 4114 2953 4169 Dominus
2995 4123 3165 4167 autem
3207 4112 3460 4167 benedixit
3505 4110 3767 4164 doiuinum

2174 4226 2340 4268 meum
2365 4210 2544 4277 ualde,
2566 4217 2613 4262 et
2642 4207 2844 4262 deditei
2868 4208 2885 4239 ¹
2918 4221 3034 4261 oves
3077 4216 3127 4259 et
3165 4204 3370 4268 titulos,
3398 4219 3580 4256 aursou
3607 4211 3652 4256 et
3683 4219 3769 4253 πμ

2175 4315 2398 4379 genium,
2429 4311 2668 4358 servaret
2695 4300 2934 4366 ancillas,
2966 4299 3185 4354 omne!»
3229 4307 3276 4352 et
3314 4297 3509 4351 asinos.
3567 4295 3656 4351 56.
3707 4293 3772 4348 Et

2175 4399 2369 4469 peperit
2398 4394 2562 4451 Sarra
2579 4409 2710 4448 uxor
2729 4391 2922 4447 domini
2937 4393 3034 4445 mei
3052 4391 3219 4460 ﬁdium
3237 4405 3394 4444 unum
3410 4387 3616 4442 domino
3635 4403 3770 4449 meo,

2177 4507 2293 4544 cum
2319 4491 2429 4560 ipsc
2446 4488 2562 4558 jam
2592 4485 2856 4549 scuuissel,
2888 4493 2939 4537 et
2967 4482 3105 4536 dedit
3127 4482 3206 4535 illi
3234 4481 3406 4535 omnia
3446 4493 3777 4546 quacumque

2173 4582 2376 4636 habuit.
2399 4580 2532 4635 Vide
2557 4577 2826 4650 quomodo
2843 4589 2966 4631 eam
2984 4574 3258 4644 diligentia
3279 4571 3771 4627 omniaeisnarrat.

2181 4673 2331 4728 Illius
2358 4687 2500 4735 sum,
2545 4671 2738 4740 inquit,
2771 4666 3002 4723 Abt-abte
3025 4679 3236 4732 set-vus,
3257 4679 3422 4734 quem
3455 4664 3645 4716 nostis.
3675 4661 3774 4715 Di-

2181 4767 2316 4822 scite
2344 4766 2525 4835 itaque
2547 4771 2799 4832 quantom
2827 4760 2895 4814 ab
2921 4760 3160 4814 omnium
3183 4755 3416 4811 Domino
3441 4752 3774 4809 benedictio-

2183 4875 2309 4916 nem
2327 4867 2693 4930 consequutus
2714 4855 2804 4918 sit,
2833 4854 2906 4908 ita
2936 4862 2994 4908 at
3024 4850 3178 4908 valde
3204 4851 3272 4904 sit
3296 4849 3519 4904 ditatus.
3570 4845 3776 4902 Deinde

2184 4953 2383 5009 docens
2410 4951 2713 5007 divitiarum
2765 4945 2994 5015 capiam,
3045 4942 3260 5012 inquit:
3297 4937 3426 4994 θνα
3465 4947 3515 4992 et
3566 4937 3775 4999 situlos,

2186 5055 2452 5118 argentum
2470 5053 2519 5099 et
2545 5056 2754 5106 aurum,
2775 5051 2948 5092 seruos
2976 5048 3028 5090 et
3047 5033 3291 5098 ancillas,
3306 5030 3593 5086 casteloset
3608 5028 3778 5082 asinos

2185 5137 2486 5211 acquisivit.
2517 5135 2734 5198 Audite,
2761 5131 2979 5196 divites,
3006 5129 3095 5196 qui
3115 5136 3197 5180 tot
3221 5136 3278 5181 et
3293 5121 3626 5194 totquotidie
3645 5119 3782 5174 emi-

2181 5209 2581 5302 tis—praediayet
2607 5225 2799 5280 balnea
2840 5237 2902 5278 ac
2941 5217 3317 5277 deambulacra
3367 5226 3421 5270 et
3474 5209 3784 5284 sidaididas

2192 5327 2380 5384 domos
2405 5319 2702 5376 aedificetis.

2262 5414 2466 5471 Divitiis
2486 5429 2588 5467 non
2628 5409 2679 5463 in
2721 5407 2994 5479 super-fluis
3016 5400 3390 5473 impendendus.
3432 5426 3504 5438 —-
3533 5393 3738 5449 Videtis
3770 5433 3788 5460 ,

2192 5509 2246 5566 in
2277 5506 2470 5578 quibus
2487 5501 2690 5560 divitiae
2713 5500 2844 5571 iusti
2882 5497 3083 5552 iuerint
3120 5490 3467 5553 constituite?
3509 5487 3785 5556 Nusquam

2255 5641 2273 5669 ί
2303 5636 2387 5685 Sic
2410 5635 2558 5684 etiam
2585 5630 2632 5681 in
2657 5630 2810 5680 Savil.
2849 5625 2907 5677 'ln
2945 5630 3089 5674 textu
3113 5635 3243 5685 vero
3263 5616 3582 5685 septuaginta
3615 5615 3786 5674 inter—

2189 5681 2388 5760 pretum
2407 5681 2724 5760 hic-euentu
2742 5703 2948 5760 senatus,
3622 5687 3787 5730 meum

2191 5745 2422 5820 suam
2445 5756 2690 5810 miratus
2710 5759 2780 5804 est
2806 5755 2907 5815 (καὶ
2932 5747 3144 5812 ὑψώθη),
3164 5752 3210 5798 ct
3229 5745 3366 5797 αοάη
3388 5745 3452 5803 ei,
3479 5748 3578 5792 etc.
