4078 6462
408 327 506 382 HI

403 460 557 516 ager;
585 457 847 514 nusquam
869 441 1080 508 domus,
1104 448 1156 496 et
1180 453 1570 512 supervacanea
1593 441 1996 512 sumptuositas:

335 567 350 601 -_
407 539 507 595 sed
529 553 658 594 oves
687 547 742 592 et
763 536 947 604 vituli,
975 536 1166 592 cameli
1209 545 1263 591 et
1288 539 1452 592 asina:
1476 577 1491 602 ,
1515 536 1656 591 servi
1697 544 1751 592 et
1774 534 1998 589 ancillae.

409 629 479 684 Et
507 637 563 682 ut
590 628 786 694 discas,
815 642 1090 683 servorum
1119 625 1401 682 multitudo
1426 625 1567 681 unde
1592 626 1640 681 ei
1680 624 1961 694 contigerit
1985 664 2002 690 ,

409 720 616 774 addidit
643 719 750 774 alio
779 719 938 774 loco:
980 716 1259 774 Vernaculi
1304 733 1490 773 omnes
1538 727 1688 773 erant
1715 718 1732 786 (
1764 716 1890 770 Gen.
1917 714 2004 770 l7.

411 811 533 880 23).
567 810 664 866 IIic
692 810 868 882 igitur,
901 810 1089 881 inquit,
1117 809 1364 864 dominus
1410 823 1584 873 meus,
1618 808 1700 862 cui
1743 816 1905 862 tanta:
1928 807 2009 861 fa-

413 900 646 954 cultates
671 907 814 963 sunt,
841 907 897 953 et
923 898 1013 969 qui
1044 899 1264 954 multam
1286 913 1514 967 superne
1534 897 1757 967 gratiam
1785 896 2008 964 invenit,

416 981 768 1062 quando'jam
798 990 976 1045 senuit
1003 1032 1019 1058 ,
1049 1005 1116 1046 ex
1155 987 1313 1046 Sarra
1346 984 1510 1043 filium
1540 989 1812 1058 suscepit,
1840 989 2012 1042 hunc-

420 1099 529 1154 que
560 1083 763 1138 habens
783 1082 1132 1153 unigenitum,
1163 1083 1333 1152 ipsum
1360 1080 1610 1136 heredem
1627 1080 1864 1135 omnium
1886 1094 2012 1134 suo-

415 1191 538 1229 rum
571 1173 680 1244 jam
709 1174 983 1230 constituit
1007 1191 1022 1229 :
1049 1173 1246 1244 quippe
1273 1169 1460 1227 Omnia
1490 1172 1626 1225 dedit
1653 1173 1730 1226 illi
1758 1187 2015 1241 quaecum-

417 1283 519 1335 que
539 1265 734 1322 habuit.
766 1264 895 1320 Dein
927 1273 1205 1336 postquam
1227 1265 1460 1319 narravit
1485 1263 1684 1319 domini
1708 1262 2016 1333 gloriam,et

420 1358 593 1412 Isaaci
621 1369 852 1428 partum,
877 1357 1005 1412 dicit
1045 1359 1260 1428 insuper
1280 1364 1334 1411 et
1363 1355 1612 1410 mandata
1640 1369 1758 1425 qua:
1794 1367 2019 1422 accepe-

419 1459 509 1504 rat
537 1449 605 1503 ab
633 1449 763 1505 hero
791 1464 908 1516 suo,
934 1458 991 1504 ut
1015 1449 1070 1502 in
1095 1447 1330 1504 Charran
1355 1448 1804 1518 proficisceretur.
1831 1447 1920 1500 '57.
1950 1444 2020 1498 Et

422 1541 682 1611 adjuravit
711 1557 806 1606 me,
830 1540 1018 1612 inquit,
1050 1539 1285 1594 dominus
1305 1556 1464 1606 meus,
1490 1539 1659 1592 dicens
1688 1555 1709 1592 :
1733 1536 1853 1591 Non
1880 1536 2020 1590 acci-

426 1634 538 1702 pies
559 1648 765 1687 uxorem
803 1633 912 1700 ﬁlio
935 1648 1044 1685 meo
1073 1630 1226 1686 Isaac
1251 1632 1313 1685 de
1338 1630 1566 1685 omnibus
1585 1628 1787 1699 ﬁliabus
1817 1628 2023 1682 Chana-

427 1740 658 1779 nxorum
683 1765 697 1789 ,
727 1724 855 1777 inter
896 1740 1020 1796 quos
1063 1740 1152 1792 ego
1208 1724 1376 1776 habito
1401 1739 1420 1777 :
1457 1723 1547 1778 '58.
1591 1721 1679 1775 sed
1718 1722 1771 1774 in
1819 1720 2026 1774 domum

429 1819 594 1885 patris
639 1818 732 1870 mei
761 1815 905 1883 vade,
955 1825 1001 1868 et
1054 1815 1121 1868 ad
1148 1815 1494 1885 cognationem
1539 1829 1723 1879 meam,
1753 1811 1873 1866 inde
1895 1811 2028 1864 acci-

429 1910 542 1979 pies
562 1925 768 1964 uxorem
796 1909 904 1978 ﬁlio
927 1925 1056 1961 meo.
1088 1908 1153 1962 Et
1177 1909 1294 1978 ipse
1321 1906 1536 1977 quidem
1569 1905 1686 1959 haec
1721 1904 1851 1958 mihi
1880 1919 2032 1957 man-

431 2000 601 2068 davit,
631 2016 729 2070 ego
759 2010 934 2056 autem
956 2000 1318 2055 difﬁcultatem
1350 1999 1544 2069 ncgmii
1563 2012 1770 2053 mecum
1799 2011 2029 2066 perpen-

433 2093 596 2158 dens,
620 2092 872 2162 rogabam
916 2091 1190 2147 dominum
1221 2106 1397 2145 meum
1423 2089 1442 2162 (
1468 2106 1514 2143 v.
1564 2088 1696 2159 59),
1729 2088 1772 2142 si
1801 2103 1904 2142 non
1934 2101 2033 2140 vo-

433 2188 598 2242 luerit
625 2187 815 2241 mulicr
841 2185 1021 2240 venire
1051 2199 1280 2239 mecum.
1341 2183 1432 2237 40.
1464 2181 1532 2235 Et
1566 2181 1693 2236 dixit
1723 2180 1848 2233 mihi
1879 2195 1898 2234 :
1927 2177 2033 2232 Do-

435 2281 608 2332 minus
637 2274 774 2332 Deus
795 2277 876 2330 cui
915 2275 1196 2346 complacui
1215 2290 1386 2328 coram
1417 2289 1496 2340 eo,
1541 2273 1645 2344 ipse
1686 2272 1846 2326 mittet
1882 2286 2040 2342 augeo

440 2375 550 2424 lnm
581 2385 726 2423 suum
751 2377 913 2422 tecum
935 2410 949 2435 ,
973 2376 1020 2421 et
1053 2381 1347 2438 prosperum
1371 2365 1520 2435 faciet
1548 2364 1643 2417 iter
1667 2372 1846 2430 tuum,
1879 2371 1924 2415 et
1952 2378 2040 2414 ac-

437 2461 598 2530 cipies
628 2476 833 2514 uxorem
864 2459 971 2528 ﬁlio
998 2475 1129 2524 meo,
1161 2473 1222 2511 ea:
1248 2456 1550 2526 cognatione
1580 2472 1710 2518 mea,
1731 2460 1776 2508 et
1804 2470 1866 2507 ea:
1889 2453 2039 2506 doma

440 2553 605 2623 patris
635 2551 752 2605 mei.
805 2549 958 2618 Quod
1003 2550 1047 2604 si
1074 2563 1180 2604 non
1211 2548 1442 2618 potuerit
1487 2545 1793 2617 persuaderi
1824 2543 2040 2611 mulier,

444 2655 502 2697 ut
527 2654 695 2697 tecum
725 2643 828 2696 huc
843 2640 1295 2712 proficiscatur,“
1310 2679 1322 2692 .
1347 2636 1492 2692 Tune
1509 2639 1746 2691 innocens
1765 2635 1862 2689 eris
1885 2651 1916 2686 a
1942 2650 2046 2687 ma-

445 2735 714 2790 lcdictione
743 2751 874 2788 mea.
898 2732 1062 2802 Igitur
1088 2731 1335 2786 dominus
1361 2729 1574 2800 quidem
1599 2728 1714 2782 lucc
1743 2725 1870 2780 mihi
1890 2740 2042 2778 man-

445 2826 626 2891 davit,
666 2835 720 2879 ct
747 2825 928 2878 talimu
982 2837 1196 2892 precum
1224 2821 1413 2874 viatico
1460 2834 1545 2873 me
1595 2818 1909 2872 instructum
1940 2813 2046 2869 huc

449 2917 601 2971 misit
632 2931 648 2970 :
680 2931 776 2986 ego
797 2924 972 2970 autem
1005 2913 1170 2968 fretus
1190 2913 1330 2966 illius
1355 2910 1618 2981 precibus,
1643 2908 1730 2962 ubi
1749 2907 1814 2962 ad
1845 2906 2045 2961 fontem

451 3011 596 3078 veni,
629 3010 742 3064 lucc
781 3009 942 3064 verba
979 3008 1230 3076 loquutus
1259 3021 1410 3069 sum,
1445 3013 1498 3058 ct
1527 3002 1634 3057 dixi
1668 3019 1678 3054 :
1713 3000 1801 3055 42.
1831 2997 2049 3052 Domine

451 3101 596 3156 Deus
642 3101 834 3154 domini
884 3100 982 3152 mei
1021 3097 1323 3161 Abraham,
1371 3094 1417 3148 si
1479 3103 1532 3146 tu
1583 3106 1878 3164 prosperum
1923 3089 2049 3160 facis

452 3195 551 3247 iter
579 3209 678 3263 quo
705 3207 840 3245 nunc
864 3190 987 3244 abeo
1027 3204 1046 3243 :
1095 3189 1186 3242 45.
1220 3186 1352 3240 Ecce
1393 3201 1481 3256 ego
1509 3192 1586 3237 sto
1615 3181 1754 3253 apud
1779 3185 1970 3251 fontem
1993 3195 2051 3231 a-

455 3300 572 3353 qua:
596 3301 615 3349 ;
665 3283 785 3352 ﬁlia:
827 3292 997 3336 autem
1027 3279 1288 3333 hominum
1317 3277 1470 3347 hujus
1497 3273 1711 3328 civitatis
1737 3270 2052 3342 egredientur

456 3377 529 3429 ad
572 3374 905 3429 hauriendam
932 3387 1137 3443 aquam.
1192 3369 1255 3424 Et
1283 3370 1374 3424 erit
1398 3368 1559 3437 virgo,
1589 3365 1671 3418 cui
1698 3380 1787 3434 ego
1828 3363 2002 3416 dixero
2035 3375 2054 3414 :

463 3465 681 3538 Porrige
710 3466 832 3519 mihi
859 3480 1040 3534 parum
1066 3478 1212 3531 aqua:
1236 3477 1298 3515 ea:
1340 3459 1523 3530 hydria
1562 3467 1646 3511 tua
1674 3475 1693 3522 ,°
1721 3455 1810 3510 44.
1844 3455 1886 3508 si
1912 3454 2056 3507 dixe-

462 3560 530 3612 rit
552 3559 699 3624 mihi,
737 3557 804 3610 Et
831 3566 882 3609 tu
910 3556 1038 3620 bibe,
1069 3564 1112 3608 et
1139 3553 1357 3608 camelos
1388 3561 1498 3605 tuos
1525 3551 1719 3621 aquabo
1761 3564 1781 3601 :
1824 3549 1937 3615 ipsa
1964 3547 2056 3599 erit

464 3669 598 3706 uxor
623 3667 772 3721 quam
799 3648 1098 3719 prwparasti
1122 3662 1262 3700 servo
1293 3655 1380 3698 tuo
1405 3642 1575 3698 Isaac.
1606 3641 1674 3695 Et
1700 3642 1753 3694 in
1782 3641 1875 3694 hoc
1900 3639 2058 3693 sciam

463 3741 604 3812 quod
632 3742 809 3810 feceris
836 3738 1232 3794 misericordiam
1261 3736 1464 3789 domino
1494 3751 1602 3788 meo
1630 3732 1906 3786 Abraham.
1934 3730 2060 3784 Haec

465 3851 569 3906 ego
593 3836 826 3906 quidem,
858 3833 1046 3902 inquit,
1074 3830 1214 3899 apud
1257 3830 1628 3897 memetipsum
1663 3827 1826 3880 Deum
1847 3824 2058 3893 rogavi;

468 3927 707 3981 nondum
747 3932 922 3978 autem
976 3924 1133 3976 finem
1187 3921 1417 3976 feceram
1456 3920 1541 3973 illa
1569 3917 1816 3982 dicendi,
1851 3927 1905 3970 et
1929 3931 2062 3969 con-

470 4018 651 4074 feStim
700 4017 986 4086 adimpleta
1038 4022 1180 4068 sunt.
1229 4013 1319 4068 45.
1355 4009 1494 4064 Nam
1540 4010 1834 4081 priusquam
1866 4023 1958 4078 ego
1986 4005 2065 4058 di-

469 4111 619 4166 cendi
648 4111 803 4179 ﬁnem
829 4112 1044 4180 facerem
1073 4149 1088 4173 ,
1118 4123 1230 4160 ecce
1279 4105 1502 4160 Rebecca
1547 4103 1664 4156 exiit
1689 4117 1872 4171 aquam
1901 4103 2066 4171 ferens

471 4205 526 4256 in
576 4203 793 4256 humeris
840 4201 964 4254 suis.
1005 4199 1243 4252 Dicebam
1296 4205 1463 4248 autem
1493 4195 1538 4248 ei
1565 4209 1583 4248 :
1616 4193 1692 4246 Da
1720 4191 1844 4245 mihi
1872 4199 2063 4260 potum.

473 4294 568 4348 46.
589 4292 649 4346 Et
675 4291 960 4346 uccelerans
989 4290 1220 4360 deposuit
1243 4287 1476 4359 hydriam
1502 4302 1665 4350 suam,
1685 4296 1729 4337 et
1749 4283 1883 4336 dixit
1909 4280 2065 4334 mihi:

475 4386 602 4440 Bibe
627 4396 672 4439 et
699 4395 752 4438 tu
775 4426 790 4449 ,
824 4395 869 4438 et
915 4382 1132 4437 camelos
1160 4393 1270 4435 tuos
1323 4378 1537 4450 aquabo.
1591 4379 1656 4430 Et
1684 4391 1802 4430 cum
1831 4375 2066 4429 viderem

472 4477 584 4546 jntn
615 4476 914 4530 evidentem
956 4473 1068 4527 fieri
1105 4473 1194 4526 Dei
1225 4470 1644 4542 providentiam,
1676 4467 2067 4536 interrogabam

478 4568 632 4636 cujus
660 4575 800 4622 esset
831 4566 956 4620 ﬁlia.
986 4566 1055 4620 Et
1080 4573 1137 4619 ut
1161 4562 1320 4618 didici
1346 4561 1496 4616 exiis
1523 4576 1640 4629 qua:
1666 4558 1820 4624 dixit,
1851 4573 1936 4611 me
1966 4571 2070 4610 non

480 4660 546 4713 ad
581 4658 788 4712 alienos
817 4659 1044 4722 venisse,
1074 4655 1168 4709 sed
1201 4656 1251 4707 in
1280 4653 1496 4706 domum
1532 4650 1742 4705 Nachor
1769 4649 1945 4703 fratris
1973 4647 2072 4701 do-

484 4751 613 4805 mini
647 4751 774 4818 mei,
802 4758 1009 4818 smnpta
1037 4764 1131 4817 spe
1157 4748 1316 4811 bona,
1349 4746 1437 4800 47.
1469 4743 1703 4814 Appendi
1733 4743 1776 4796 ei
1805 4744 2005 4794 inaures
2028 4750 2075 4794 et

482 4845 733 4911 armillas,
765 4854 810 4898 et
833 4860 946 4896 cum
967 4842 1060 4894 hoc
1091 4840 1330 4908 placeret,
1365 4838 1454 4892 48.
1485 4837 1692 4890 adoravi
1719 4834 2076 4900 Dominum,et

482 4936 718 4991 benedixi
748 4933 911 4988 Deum
938 4934 1130 4987 donuni
1175 4932 1274 4985 mei
1318 4930 1594 4995 Abraham,
1636 4928 1754 4998 quia
1785 4941 2076 4998 prosperum

483 5029 610 5081 mihi
637 5029 730 5080 iter
747 5028 861 5096 fecit
885 5027 925 5094 ί,
953 5037 1008 5078 ut
1032 5040 1335 5078 assumerem
1364 5023 1524 5092 ﬁliam
1553 5021 1728 5090 fratris
1745 5019 1937 5072 domini
1961 5019 2076 5071 mei.

491 5122 688 5176 Verum
719 5119 834 5173 haec
860 5120 929 5172 ita
956 5135 983 5171 a
1018 5117 1242 5171 Domino
1281 5116 1557 5170 manifeste
1581 5113 1884 5181 dispensata
1921 5118 2076 5175 sunt;

489 5225 681 5280 preces
721 5211 919 5279 quippe
965 5208 1163 5261 domini
1205 5207 1308 5261 mei
1364 5215 1489 5260 tunc
1515 5205 1714 5260 exitum
1759 5201 2077 5255 habuerunt.

488 5305 757 5358 Caeterum
780 5319 875 5356 vos
905 5301 953 5354 si
982 5311 1217 5354 vestrum
1244 5300 1479 5353 officium
1512 5297 1760 5367 impletis,
1791 5295 1879 5349 b9.
1906 5293 2084 5346 Facite

489 5391 890 5447 misericordium
913 5403 957 5446 et
984 5392 1231 5456 iustitiam
1257 5406 1368 5443 cum
1399 5389 1600 5442 domino
1631 5404 1768 5442 meo:
1788 5388 1866 5439 sin
1893 5386 2080 5452 minus,

494 5485 794 5538 annuntiate
815 5485 958 5537 mihi.
987 5482 1102 5537 Jam
1128 5481 1276 5545 mihi,
1309 5481 1496 5548 inquit,
1529 5481 1842 5550 significate,
1867 5487 1923 5531 ut
1951 5478 2086 5531 scire

496 5577 696 5647 possim
728 5575 852 5645 quid
881 5583 1121 5643 oporteat
1151 5590 1233 5627 me
1264 5572 1456 5626 facere.
1489 5571 1637 5638 Quod
1682 5571 1734 5623 si'
1767 5570 1942 5623 minus
1971 5569 2085 5631 pla-

495 5679 604 5737 eet,
633 5679 688 5722 et
714 5667 938 5737 idipsmn
961 5666 1142 5732 dit-ite,
1178 5675 1233 5719 ut
1257 5665 1363 5719 alio
1390 5664 1489 5718 iter
1517 5664 1727 5728 faciam,
1757 5673 1811 5717 et
1842 5662 1925 5714 Me
1955 5680 2050 5716 con
2072 5691 2084 5699 —

566 5784 584 5815 ι
618 5780 703 5829 llic
724 5780 1032 5842 septuaginta
1058 5785 1204 5842 lnler[
1220 5785 1356 5827 retes
1373 5775 1568 5835 addunt,
1594 5773 1645 5826 in
1667 5773 1741 5826 ria
1764 5772 1992 5825 veritatis.

1375 325 1440 382 IN
1477 327 1626 383 CAP.
1673 324 1862 382 XXIV.
1901 324 2144 383 GENES.
2183 327 2414 387 IIOMIL.
2459 330 2690 390 XLVIII.

3587 331 3688 386 ΗΞ

2107 457 2294 502 vertam
2321 449 2397 502 vel
2433 449 2502 502 ad
2527 449 2778 514 dextram,
2825 446 2900 502 vel
2923 445 2993 500 ad
3030 445 3306 499 sinistram.
3339 444 3527 500 Postea
3556 462 3690 513 quo-

2107 541 2250 595 niam
2277 543 2414 596 Deus
2451 551 2566 596 erat
2594 542 2683 610 qui
2717 540 2894 595 omnia
2927 549 3142 610 propter
3168 553 3351 608 preces
3368 537 3692 607 patriarclun

2108 631 2454 696 secundabat,
2487 631 2671 686 dicunt
2703 630 2752 685 ei
2783 639 2931 699 pater
2960 639 3016 684 et
3051 629 3214 683 frater
3238 628 3458 697 virginis
3488 643 3501 680 :
3535 627 3623 681 50.
3653 627 3694 677 Α

2110 725 2329 780 Domino
2373 725 2490 780 exiit
2533 725 2730 779 verbum
2769 724 2862 777 hoc
2891 739 2910 778 :
2939 740 3039 777 non
3085 722 3358 793 poterimus
3387 720 3474 773 tibi
3500 729 3701 773 saturu-

2112 816 2277 869 dicere
2304 817 2380 869 vel
2407 815 2594 869 malum
2636 815 2711 869 vel
2750 814 2954 868 bonum.
2986 813 3064 866 Ex
3107 812 3411 866 narratione
3458 819 3544 862 tua
3571 809 3700 861 satis

2115 905 2484 975 intelligimus,
2516 904 2806 959 totumhoc
2831 904 3006 958 divina
3035 901 3432 972 dispensatione
3460 899 3594 953 ﬁeri.
3630 898 3707 951 Nc

2117 998 2276 1068 igitur
2305 1006 2457 1066 putes
2499 1011 2596 1050 nos
2634 995 2772 1049 velle
2796 994 3066 1048 adversari
3097 993 3160 1046 iis
3186 1007 3305 1061 qua:
3337 991 3447 1058 Deo
3472 988 3709 1058 proban-

2119 1097 2203 1144 tur
2235 1107 2245 1142 :
2272 1088 2400 1144 illud
2426 1089 2567 1142 enim
2596 1087 2894 1142 facerenon
2922 1099 3222 1154 possumus.
3247 1082 3384 1136 Ecce
3411 1080 3574 1133 habes
3603 1079 3711 1132 vir-

2118 1182 2293 1252 ginem
2320 1199 2334 1247 ;
2365 1181 2454 1235 51.
2482 1180 2629 1234 Tolle
2666 1195 2796 1244 eam,
2820 1187 2865 1233 et
2887 1177 3230 1249 proﬁciscere,
3259 1188 3304 1229 et
3327 1176 3418 1240 erit
3447 1190 3576 1228 uxor
3603 1173 3711 1242 ﬁlio

2121 1273 2314 1327 domini
2340 1273 2432 1337 tui,
2460 1273 2588 1327 sicut
2614 1272 2846 1341 loquutus
2867 1277 2938 1324 est
2973 1268 3240 1322 Dominus.

2195 1365 2246 1420 6.
2271 1363 2556 1418 Historiam
2572 1363 2810 1417 Rebecca:
2836 1377 2993 1432 usque
3020 1361 3087 1414 ad
3108 1361 3266 1431 ipsius
3287 1363 3566 1429 profectum
3597 1370 3716 1423 pro-

2124 1458 2386 1527 sequitur;
2436 1457 2727 1510 narratione
2766 1455 3051 1523 exprimens
3097 1451 3341 1523 quidquid
3399 1451 3500 1503 sive
3541 1448 3710 1515 wdiﬁ-

2125 1548 2300 1602 caudis
2341 1549 2442 1601 sive
2471 1546 2758 1601 erudiendis
2782 1544 3097 1599 auditoribus
3121 1543 3358 1596 inservire
3387 1549 3566 1608 potest.
3609 1534 3714 1592 Sub

2130 1643 2282 1710 ﬁnem
2311 1640 2572 1705 homiliaz,
2623 1639 2690 1692 ad
2735 1637 2973 1692 Isaacum
3010 1645 3056 1690 et
3105 1633 3380 1688 Rebeccam
3408 1627 3722 1686 mandandos

2130 1736 2359 1789 hortatur
2387 1774 2402 1799 ,
2453 1731 2614 1786 malos
2675 1732 2754 1786 sui
2805 1730 3042 1801 temporis
3105 1727 3400 1798 nuptiarum
3450 1725 3577 1778 ritus
3631 1738 3722 1774 ar-

2130 1843 2306 1899 guens.
2359 1855 2431 1865 —
2482 1824 2700 1879 Vidistis
2769 1821 3038 1892 quomodo
3085 1819 3371 1875 studebant
3429 1818 3554 1871 olim
3605 1814 3725 1868 ﬁliis

2134 1920 2245 1973 suis
2276 1932 2469 1972 uxores
2495 1915 2735 1970 ducere?
2769 1911 3038 1983 quomodo
3065 1911 3235 1980 magis
3267 1900 3464 1963 anima:
3505 1920 3727 1976 genero-

2135 2013 2366 2076 sitatem,
2399 2024 2555 2079 quam
2579 2021 2737 2076 opum
2760 2003 3136 2059 abundantiam
3168 1995 3554 2069 inquirebant?
3585 1995 3725 2050 Nus-

2137 2117 2294 2173 quam
2324 2102 2670 2155 iustrumcnta
2694 2139 2710 2164 ,
2759 2110 3019 2164 nusquam
3062 2101 3211 2162 pacta
3236 2131 3251 2157 ,
3288 2098 3342 2144 et
3380 2088 3480 2142 alia
3508 2085 3727 2141 ridicula

2139 2211 2256 2264 qua:
2287 2208 2426 2247 nunc
2453 2189 2590 2259 apud
2623 2203 2720 2242 nos
2747 2187 2900 2251 fiunt,
2932 2193 2987 2240 et
3013 2183 3350 2240 conditiones
3378 2181 3484 2234 illac
3506 2193 3624 2248 qua:
3654 2187 3731 2229 ta-

2140 2286 2280 2340 bulis
2311 2286 2619 2339 inseruntur
2651 2298 2664 2333 :
2717 2280 2774 2335 Si
2801 2279 3003 2348 absque
3053 2277 3240 2332 liberis
3267 2318 3282 2343 ,
3313 2273 3507 2344 inquit,
3539 2270 3736 2325 moria-

2144 2388 2248 2441 tur,
2278 2376 2323 2430 si
2354 2375 2454 2430 hoc
2482 2382 2536 2429 et
2582 2373 2683 2426 hoc
2707 2372 2981 2439 contingat
3011 2385 3025 2423 :
3063 2383 3248 2422 verum
3287 2363 3424 2436 apud
3456 2363 3574 2418 illos
3603 2360 3734 2415 nihil

2145 2470 2268 2533 tale,
2320 2467 2413 2522 sed
2445 2464 2688 2519 maximm
2709 2471 2761 2516 ct
2798 2459 3151 2516 sccurissima:
3179 2457 3368 2511 tabula:
3398 2463 3548 2509 erant
3579 2451 3734 2520 virgi-

2146 2561 2228 2614 nis
2272 2571 2495 2612 mores:
2539 2569 2798 2623 nusquam
2846 2549 3090 2622 cymbala
3132 2557 3186 2602 et
3233 2546 3466 2600 chorem.
3521 2543 3588 2596 Et
3635 2541 3736 2594 hoc

2146 2647 2532 2719 scies,quando
2563 2646 2627 2700 ad
2657 2658 2909 2714 sponsum
2935 2641 3195 2711 virginem
3223 2637 3420 2693 videris
3448 2633 3734 2690 introduci.

2149 2743 2238 2799 5‘2.
2275 2740 2339 2796 Ut
2369 2740 2500 2794 eniut
2529 2737 2720 2792 audivit
2742 2751 2934 2801 servus,
2967 2734 3156 2803 inquit,
3191 2731 3299 2784 lucc
3328 2747 3359 2782 a
3393 2738 3537 2798 putre
3564 2737 3609 2780 et
3628 2730 3739 2796 fra-

2151 2846 2242 2902 tre,
2271 2833 2500 2889 adoravit
2534 2831 2692 2885 Deum
2718 2845 2869 2898 super
2888 2824 3235 2881 tetrant.\’itle
3260 2821 3527 2894 quomodo
3552 2819 3603 2874 in
3635 2821 3740 2872 sin-

2149 2927 2288 2998 gulis
2313 2941 2432 2996 quae
2458 2924 2675 2989 fiebant,
2704 2921 3073 2976 universorum
3098 2917 3326 2971 Domino
3349 2914 3542 2985 gratias
3567 2911 3740 2965 offert.

2152 3021 2271 3090 Ipse
2297 3018 2438 3074 enim
2469 3024 2585 3071 erat
2611 3015 2701 3085 qui
2751 3019 2908 3067 antea
2955 3007 3289 3081 pra-parabat
3319 3005 3494 3059 omnia
3529 3045 3543 3068 ,
3576 3011 3629 3057 et
3655 3018 3742 3055 se-

2154 3111 2384 3167 cundum
2403 3105 2722 3179 patriarcha:
2741 3104 2965 3157 verbum
2994 3098 3348 3170 prtemittebat
3364 3094 3606 3164 angelum
3623 3101 3744 3144 ante

2156 3206 2303 3260 illum
2332 3243 2348 3268 ,
2389 3201 2480 3272 qui
2527 3199 2703 3254 omnia
2748 3195 2972 3252 feliciter
3013 3192 3313 3248 ordinabat.
3356 3190 3595 3259 Denique
3627 3187 3744 3257 quia

2160 3294 2355 3350 certior
2381 3293 2551 3346 factus
2579 3290 2646 3344 de
2673 3289 2887 3358 negotio
2913 3285 3136 3340 feliciter
3155 3283 3415 3353 perfecto,
3439 3281 3528 3336 55.
3572 3277 3745 3330 Prola-

2158 3397 2229 3452 ta,
2260 3385 2449 3454 inquit,
2479 3398 2600 3437 vasa
2635 3396 2810 3445 aurea,
2842 3388 2887 3431 et
2913 3387 3169 3447 argentea,
3197 3385 3244 3428 et
3269 3383 3450 3428 vestem
3481 3371 3616 3424 dedit
3648 3370 3748 3422 Re-

2161 3481 2338 3534 beccte.
2371 3477 2522 3531 Nunc
2560 3491 2680 3530 cum
2734 3472 2926 3526 fiducia
2973 3485 3092 3524 eam
3137 3468 3237 3522 sibi
3263 3465 3511 3520 conciliat
3539 3461 3748 3525 officiis,

2163 3571 2312 3639 quasi
2344 3570 2453 3638 jam
2485 3566 2662 3622 verbis
2687 3565 3063 3634 desponsatam
3109 3560 3273 3614 Isaac.
3307 3557 3543 3611 Ilonorat
3571 3562 3749 3606 autem

2165 3661 2320 3716 donis
2351 3670 2404 3715 et
2435 3659 2651 3714 fratrem
2678 3697 2693 3722 ,
2722 3665 2777 3711 et
2821 3665 3067 3720 matrem,
3096 3661 3150 3706 et
3179 3667 3298 3705 cum
3328 3648 3457 3702 vidit
3482 3644 3750 3715 negotium

2167 3766 2220 3809 ct
2251 3752 2558 3807 mandatum
2583 3750 2882 3818 impletum,
2916 3754 3041 3800 tunc
3063 3742 3274 3798 tandem
3302 3739 3444 3794 refici
3482 3753 3541 3791 se
3569 3750 3754 3805 passus

2167 3859 2270 3902 est.
2297 3847 2385 3901 δῶ.
2417 3843 2756 3899 Comederunt
2780 3840 2919 3894 cnim
2949 3879 2962 3902 ,
3001 3835 3210 3905 inquit,
3243 3843 3286 3886 et
3315 3832 3538 3886 biberunt
3578 3829 3683 3899 ipse
3709 3834 3757 3879 et

2168 3939 2260 3992 viri
2289 3938 2514 4008 quicum
2554 3950 2611 3987 eo
2656 3940 2832 3994 erant,
2882 3938 2927 3983 et
2975 3926 3333 3980 dormit-erunt.
3367 3921 3585 3989 Cumque
3615 3932 3759 3968 mane

2169 4024 2621 4090 surrexisset,dixit
2651 4040 2669 4076 :
2691 4021 2944 4074 Dimittite
2972 4035 3072 4081 me,
3097 4025 3152 4069 ut
3178 4015 3358 4075 vadum
3390 4010 3456 4064 ad
3500 4008 3759 4061 dominum

2172 4135 2358 4174 meum.
2389 4115 2650 4184 Quoniam
2682 4111 2860 4165 omnia
2910 4108 3039 4162 mihi
3088 4116 3192 4160 tam
3237 4103 3460 4157 feliciter
3488 4112 3762 4152 successe-

2171 4221 2317 4278 runt,
2350 4208 2539 4278 inquit,
2562 4213 2616 4260 ct
2644 4203 2773 4258 nihil
2800 4211 2883 4257 est
2913 4199 3055 4270 quod
3077 4204 3260 4259 restet,
3293 4194 3386 4248 scd
3412 4191 3476 4246 ad
3513 4189 3760 4260 placitum

2173 4311 2405 4357 vestrum
2431 4313 2519 4353 res
2549 4292 2994 4366 agitur,Dimittite
3018 4306 3116 4354 me,
3137 4298 3192 4342 ut
3219 4286 3392 4340 abeam
3418 4283 3485 4336 ad
3508 4281 3759 4335 dominum

2175 4411 2362 4448 meum.
2391 4391 2479 4446 55.
2519 4389 2765 4442 Dixerunt
2791 4394 2978 4450 autem,
3011 4381 3219 4452 inquit,
3254 4383 3436 4448 fratres
3465 4384 3512 4427 et
3562 4380 3721 4425 mater
3754 4387 3769 4422 :

2177 4485 2385 4538 Maneat
2412 4481 2668 4535 nobiscum
2693 4478 2831 4545 virgo
2863 4474 3033 4527 diebus
3055 4470 3198 4542 quasi
3227 4469 3415 4530 decem,
3447 4474 3493 4518 et
3520 4470 3633 4532 post
3659 4460 3773 4514 qu'c

2176 4578 2396 4632 ebibitis.
2424 4575 2513 4629 56.
2537 4572 2640 4626 Ille
2659 4579 2822 4623 autem
2845 4568 2970 4621 dixit
2998 4566 3064 4616 ad
3087 4580 3168 4617 eos
3196 4577 3215 4614 :
3247 4560 3330 4614 Ne
3355 4574 3432 4612 me
3461 4551 3724 4610 detinentis
3751 4570 3768 4617 ,-

2178 4670 2360 4724 etenim
2413 4665 2657 4719 Dominus
2688 4675 2986 4730 prosperum
3017 4655 3132 4724 fecit
3179 4654 3273 4706 iter
3302 4665 3467 4704 meum
3493 4664 3512 4702 :
3538 4645 3768 4700 dimittit?

2178 4776 2258 4813 me
2274 4767 2327 4811 ut
2347 4757 2524 4810 abeam
2554 4753 2621 4805 ad
2646 4750 2908 4803 dominum
2933 4761 3121 4800 meum.
3149 4743 3344 4809 Qua-re,
3374 4738 3564 4808 inquit,
3591 4732 3771 4790 dilI'er-

2183 4853 2249 4906 tis
2268 4861 2320 4905 et
2346 4843 2768 4920 procrastinatis,
2791 4855 2914 4895 cum
2934 4840 3075 4892 Deus
3093 4843 3291 4890 tantam
3312 4831 3616 4887 facilitatem
3641 4821 3772 4880 mihi

2183 4944 2235 4998 in
2266 4917 2513 4996 omnibus
2535 4934 2778 4992 dederit?
2809 4930 3060 4985 Dimittite
3079 4943 3162 4982 me
3185 4970 3199 4994 ,
3229 4935 3282 4979 ut
3310 4925 3484 4979 abeant
3513 4922 3580 4975 ad
3604 4917 3759 4972 domi-

2185 5052 2307 5090 num
2339 5048 2526 5086 meum.
2555 5031 2646 5084 57.
2691 5025 2783 5081 Illi
2823 5033 2991 5078 autem
3033 5020 3314 5074 dixerunt:
3355 5014 3600 5068 Vocemus
3630 5006 3765 5080 puel-

2187 5130 2312 5192 lam,
2341 5135 2387 5180 et
2414 5127 2780 5191 interrogemus
2805 5117 2961 5172 eam‘.
2994 5115 3088 5170 58.
3120 5111 3189 5165 Et
3210 5114 3507 5163 vocaverunt
3531 5117 3663 5167 eum,
3691 5099 3771 5152 di-

2189 5314 2278 5369 59.
2306 5311 2371 5367 Et
2401 5310 2700 5362 dimiserunt
2724 5306 2998 5359 Rebeccam
3034 5313 3256 5352 sororem
3280 5308 3446 5355 suam,
3475 5299 3520 5344 et
3543 5288 3772 5342 substan-

2193 5406 2290 5459 tias
2318 5405 2446 5472 ejus,
2469 5411 2514 5453 et
2542 5413 2737 5453 servum
2764 5395 3048 5453 Abraham,
3074 5397 3122 5442 et
3152 5402 3255 5451 eos,
3281 5384 3366 5454 qui
3388 5397 3504 5434 cum
3532 5397 3588 5434 eo
3609 5387 3772 5432 erant.

2192 5496 2279 5551 ϐε).
2303 5469 2371 5546 Et
2400 5491 2756 5546 benedixerunt
2799 5482 3072 5536 Rebeccam
3097 5520 3111 5544 ,
3141 5486 3186 5531 et
3215 5476 3453 5528 dixerunt
3491 5471 3534 5525 ei
3570 5485 3590 5524 :
3613 5469 3776 5523 Soror

2196 5601 2370 5641 nostra
2417 5600 2488 5648 es,
2523 5582 2617 5648 ﬁas
2658 5579 2712 5630 in
2749 5573 2913 5628 millia
2954 5572 3121 5625 decem
3157 5567 3396 5628 millium,
3429 5573 3474 5618 et
3492 5560 3776 5617 hereditate

2197 5675 2448 5748 possideat
2487 5687 2652 5723 semen
2684 5678 2825 5722 tuum
2848 5665 3072 5718 civitates
3100 5659 3439 5714 inimicorum.
3481 5651 3612 5707 Vide
3640 5663 3778 5720 quo-

2269 5769 2284 5798 ι
2319 5762 2637 5829 septuaginta
2656 5762 2725 5810 sic
2746 5757 2948 5816 habent,
2972 5753 3316 5816 interrogemus
3338 5758 3391 5797 os
3418 5747 3538 5806 ejus.
