  <div class='ocr_page' id='page_1' title='image "/cluster/home/n/w/nwhite01/storage/ocr_20150623/54:no.4:pt.2/coo.31924054869544/071.png"; bbox 0 0 4078 6422; ppageno 0'>
   <div class='ocr_carea' id='block_1_1' title="bbox 420 308 525 366">
    <p class='ocr_par' dir='ltr' id='par_1_1' title="bbox 420 308 525 366">
     <span class='ocr_line' id='line_1_1' title="bbox 420 308 525 366; baseline 0 0"><span class='ocrx_word' id='word_1_1' title='bbox 420 308 525 366; x_wconf 71' lang='grc' dir='ltr'>ιιδ</span> 
     </span>
    </p>
   </div>
   <div class='ocr_carea' id='block_1_2' title="bbox 428 425 2012 498">
    <p class='ocr_par' dir='ltr' id='par_1_2' title="bbox 428 425 2012 498">
     <span class='ocr_line' id='line_1_2' title="bbox 428 425 2012 498; baseline -0.002 -16"><span class='ocrx_word' id='word_1_2' title='bbox 428 427 590 483; x_wconf 87' lang='lat' dir='ltr'><strong>modo</strong></span> <span class='ocrx_word' id='word_1_3' title='bbox 618 436 673 483; x_wconf 87' lang='lat' dir='ltr'><strong>et</strong></span> <span class='ocrx_word' id='word_1_4' title='bbox 702 427 776 483; x_wconf 86' lang='lat' dir='ltr'><strong>illi</strong></span> <span class='ocrx_word' id='word_1_5' title='bbox 800 427 1109 498; x_wconf 80' lang='lat' dir='ltr'><strong>ignorantes</strong></span> <span class='ocrx_word' id='word_1_6' title='bbox 1135 425 1328 498; x_wconf 76' lang='lat' dir='ltr'><strong>virgini</strong></span> <span class='ocrx_word' id='word_1_7' title='bbox 1352 441 1471 497; x_wconf 63' lang='lat' dir='ltr'><strong>quae</strong></span> <span class='ocrx_word' id='word_1_8' title='bbox 1509 425 1684 482; x_wconf 77' lang='lat' dir='ltr'><strong>futura</strong></span> <span class='ocrx_word' id='word_1_9' title='bbox 1714 434 1838 480; x_wconf 86' lang='lat' dir='ltr'><strong>sunt</strong></span> <span class='ocrx_word' id='word_1_10' title='bbox 1873 439 2012 496; x_wconf 70' lang='lat' dir='ltr'><strong>prte-</strong></span> 
     </span>
    </p>
   </div>
   <div class='ocr_carea' id='block_1_3' title="bbox 422 517 2013 592">
    <p class='ocr_par' dir='ltr' id='par_1_3' title="bbox 422 517 2013 592">
     <span class='ocr_line' id='line_1_3' title="bbox 422 517 2013 592; baseline -0.002 -18"><span class='ocrx_word' id='word_1_11' title='bbox 422 522 746 592; x_wconf 78' lang='lat' dir='ltr'><strong>signiticant,</strong></span> <span class='ocrx_word' id='word_1_12' title='bbox 775 521 889 576; x_wconf 89' lang='lat' dir='ltr'><strong>Deo</strong></span> <span class='ocrx_word' id='word_1_13' title='bbox 932 527 1165 576; x_wconf 87' lang='lat' dir='ltr'><strong>mentem</strong></span> <span class='ocrx_word' id='word_1_14' title='bbox 1208 533 1396 574; x_wconf 89' lang='lat' dir='ltr'><strong>eorum</strong></span> <span class='ocrx_word' id='word_1_15' title='bbox 1429 517 1497 574; x_wconf 76' lang='lat' dir='ltr'><strong>ad</strong></span> <span class='ocrx_word' id='word_1_16' title='bbox 1539 517 1643 574; x_wconf 80' lang='lat' dir='ltr'><strong>hoc</strong></span> <span class='ocrx_word' id='word_1_17' title='bbox 1669 517 1932 588; x_wconf 80' lang='lat' dir='ltr'><strong>dirigente</strong></span> <span class='ocrx_word' id='word_1_18' title='bbox 1955 525 2013 571; x_wconf 87' lang='lat' dir='ltr'><strong>et</strong></span> 
     </span>
    </p>
   </div>
   <div class='ocr_carea' id='block_1_4' title="bbox 422 609 2009 682">
    <p class='ocr_par' dir='ltr' id='par_1_4' title="bbox 422 609 2009 682">
     <span class='ocr_line' id='line_1_4' title="bbox 422 609 2009 682; baseline -0.002 -17"><span class='ocrx_word' id='word_1_19' title='bbox 422 613 696 668; x_wconf 89' lang='lat' dir='ltr'><strong>incitante.</strong></span> <span class='ocrx_word' id='word_1_20' title='bbox 727 609 966 682; x_wconf 86' lang='lat' dir='ltr'><strong>Utraque</strong></span> <span class='ocrx_word' id='word_1_21' title='bbox 994 611 1138 666; x_wconf 88' lang='lat' dir='ltr'><strong>enim</strong></span> <span class='ocrx_word' id='word_1_22' title='bbox 1165 611 1214 666; x_wconf 90' lang='lat' dir='ltr'><strong>ei</strong></span> <span class='ocrx_word' id='word_1_23' title='bbox 1251 609 1508 680; x_wconf 71' lang='lat' dir='ltr'><strong>prmdiaa</strong></span> <span class='ocrx_word' id='word_1_24' title='bbox 1529 618 1693 678; x_wconf 83' lang='lat' dir='ltr'><strong>sunt,</strong></span> <span class='ocrx_word' id='word_1_25' title='bbox 1725 619 1836 664; x_wconf 87' lang='lat' dir='ltr'><strong>tum</strong></span> <span class='ocrx_word' id='word_1_26' title='bbox 1864 609 2009 679; x_wconf 79' lang='lat' dir='ltr'><strong>quod</strong></span> 
     </span>
    </p>
   </div>
   <div class='ocr_carea' id='block_1_5' title="bbox 415 703 2009 776">
    <p class='ocr_par' dir='ltr' id='par_1_5' title="bbox 415 703 2009 776">
     <span class='ocr_line' id='line_1_5' title="bbox 415 703 2009 776; baseline -0.001 -17"><span class='ocrx_word' id='word_1_27' title='bbox 415 707 468 760; x_wconf 92' lang='lat' dir='ltr'><strong>in</strong></span> <span class='ocrx_word' id='word_1_28' title='bbox 490 705 655 760; x_wconf 82' lang='lat' dir='ltr'><strong>millia</strong></span> <span class='ocrx_word' id='word_1_29' title='bbox 670 705 969 776; x_wconf 81' lang='lat' dir='ltr'><strong>myriad-um</strong></span> <span class='ocrx_word' id='word_1_30' title='bbox 998 705 1172 758; x_wconf 87' lang='lat' dir='ltr'><strong>l&#39;utura</strong></span> <span class='ocrx_word' id='word_1_31' title='bbox 1193 712 1356 770; x_wconf 89' lang='lat' dir='ltr'><strong>esset,</strong></span> <span class='ocrx_word' id='word_1_32' title='bbox 1379 711 1489 758; x_wconf 89' lang='lat' dir='ltr'><strong>tum</strong></span> <span class='ocrx_word' id='word_1_33' title='bbox 1511 703 1654 775; x_wconf 81' lang='lat' dir='ltr'><strong>quod</strong></span> <span class='ocrx_word' id='word_1_34' title='bbox 1681 717 1865 760; x_wconf 85' lang='lat' dir='ltr'><strong>semen</strong></span> <span class='ocrx_word' id='word_1_35' title='bbox 1892 703 2009 773; x_wconf 85' lang='lat' dir='ltr'><strong>ejus</strong></span> 
     </span>
    </p>
   </div>
   <div class='ocr_carea' id='block_1_6' title="bbox 413 795 2006 866">
    <p class='ocr_par' dir='ltr' id='par_1_6' title="bbox 413 795 2006 866">
     <span class='ocr_line' id='line_1_6' title="bbox 413 795 2006 866; baseline 0.003 -18"><span class='ocrx_word' id='word_1_36' title='bbox 413 795 708 852; x_wconf 72' lang='lat' dir='ltr'><strong>hereditate</strong></span> <span class='ocrx_word' id='word_1_37' title='bbox 751 810 1118 866; x_wconf 79' lang='lat' dir='ltr'><strong>possessorum</strong></span> <span class='ocrx_word' id='word_1_38' title='bbox 1160 805 1306 852; x_wconf 81' lang='lat' dir='ltr'><strong>esset</strong></span> <span class='ocrx_word' id='word_1_39' title='bbox 1341 797 1587 852; x_wconf 79' lang='lat' dir='ltr'><strong>civitates</strong></span> <span class='ocrx_word' id='word_1_40' title='bbox 1637 796 2006 852; x_wconf 80' lang='lat' dir='ltr'><strong>inimicorum.</strong></span> 
     </span>
    </p>
   </div>
   <div class='ocr_carea' id='block_1_7' title="bbox 414 888 2009 961">
    <p class='ocr_par' dir='ltr' id='par_1_7' title="bbox 414 888 2009 961">
     <span class='ocr_line' id='line_1_7' title="bbox 414 888 2009 961; baseline 0.003 -20"><span class='ocrx_word' id='word_1_41' title='bbox 414 888 602 943; x_wconf 79' lang='lat' dir='ltr'><strong>Vidisti</strong></span> <span class='ocrx_word' id='word_1_42' title='bbox 635 904 730 958; x_wconf 88' lang='lat' dir='ltr'><strong>per</strong></span> <span class='ocrx_word' id='word_1_43' title='bbox 756 889 934 944; x_wconf 89' lang='lat' dir='ltr'><strong>omnia</strong></span> <span class='ocrx_word' id='word_1_44' title='bbox 965 889 1270 945; x_wconf 70' lang='lat' dir='ltr'><strong>evidentem</strong></span> <span class='ocrx_word' id='word_1_45' title='bbox 1302 890 1394 946; x_wconf 88' lang='lat' dir='ltr'><strong>Dei</strong></span> <span class='ocrx_word' id='word_1_46' title='bbox 1433 890 1822 961; x_wconf 70' lang='lat' dir='ltr'><strong>providentiam</strong></span> <span class='ocrx_word' id='word_1_47' title='bbox 1865 891 2009 945; x_wconf 84' lang='lat' dir='ltr'><strong>relu-</strong></span> 
     </span>
    </p>
   </div>
   <div class='ocr_carea' id='block_1_8' title="bbox 407 981 1998 1054">
    <p class='ocr_par' dir='ltr' id='par_1_8' title="bbox 407 981 1998 1054">
     <span class='ocr_line' id='line_1_8' title="bbox 407 981 1998 1054; baseline 0.003 -20"><span class='ocrx_word' id='word_1_48' title='bbox 407 997 558 1048; x_wconf 87' lang='lat' dir='ltr'><strong>cere,</strong></span> <span class='ocrx_word' id='word_1_49' title='bbox 585 981 857 1052; x_wconf 88' lang='lat' dir='ltr'><strong>quomodo</strong></span> <span class='ocrx_word' id='word_1_50' title='bbox 888 999 986 1053; x_wconf 91' lang='lat' dir='ltr'><strong>per</strong></span> <span class='ocrx_word' id='word_1_51' title='bbox 1031 982 1274 1038; x_wconf 78' lang='lat' dir='ltr'><strong>inﬁdeles</strong></span> <span class='ocrx_word' id='word_1_52' title='bbox 1306 983 1480 1039; x_wconf 83' lang='lat' dir='ltr'><strong>futura</strong></span> <span class='ocrx_word' id='word_1_53' title='bbox 1519 993 1584 1039; x_wconf 87' lang='lat' dir='ltr'><strong>ut.</strong></span> <span class='ocrx_word' id='word_1_54' title='bbox 1622 983 1998 1054; x_wconf 72' lang='lat' dir='ltr'><strong>prtudicantur,</strong></span> 
     </span>
    </p>
   </div>
   <div class='ocr_carea' id='block_1_9' title="bbox 403 1071 2000 1141">
    <p class='ocr_par' dir='ltr' id='par_1_9' title="bbox 403 1071 2000 1141">
     <span class='ocr_line' id='line_1_9' title="bbox 403 1071 2000 1141; baseline 0.003 -16"><span class='ocrx_word' id='word_1_55' title='bbox 403 1071 679 1141; x_wconf 83' lang='lat' dir='ltr'><strong>dispensat</strong></span> <span class='ocrx_word' id='word_1_56' title='bbox 703 1073 942 1128; x_wconf 86' lang='lat' dir='ltr'><strong>omnium</strong></span> <span class='ocrx_word' id='word_1_57' title='bbox 975 1074 1268 1130; x_wconf 78' lang='lat' dir='ltr'><strong>Dominus?</strong></span> <span class='ocrx_word' id='word_1_58' title='bbox 1291 1075 1378 1131; x_wconf 75' lang='lat'><strong>6|.</strong></span> <span class='ocrx_word' id='word_1_59' title='bbox 1399 1075 1527 1130; x_wconf 85' lang='lat' dir='ltr'><strong>Cum</strong></span> <span class='ocrx_word' id='word_1_60' title='bbox 1549 1077 1880 1132; x_wconf 78' lang='lat' dir='ltr'><strong>surrexissent</strong></span> <span class='ocrx_word' id='word_1_61' title='bbox 1900 1093 2000 1130; x_wconf 83' lang='lat' dir='ltr'><strong>au-</strong></span> 
     </span>
    </p>
   </div>
   <div class='ocr_carea' id='block_1_10' title="bbox 403 1161 1993 1242">
    <p class='ocr_par' dir='ltr' id='par_1_10' title="bbox 403 1161 1993 1242">
     <span class='ocr_line' id='line_1_10' title="bbox 403 1161 1993 1242; baseline 0.006 -24"><span class='ocrx_word' id='word_1_62' title='bbox 403 1174 501 1218; x_wconf 89' lang='lat' dir='ltr'><strong>tent</strong></span> <span class='ocrx_word' id='word_1_63' title='bbox 533 1161 761 1220; x_wconf 86' lang='lat' dir='ltr'><strong>Rebecca</strong></span> <span class='ocrx_word' id='word_1_64' title='bbox 773 1175 818 1220; x_wconf 89' lang='lat' dir='ltr'><strong>et</strong></span> <span class='ocrx_word' id='word_1_65' title='bbox 839 1167 1046 1222; x_wconf 80' lang='lat' dir='ltr'><strong>ancillte</strong></span> <span class='ocrx_word' id='word_1_66' title='bbox 1071 1170 1202 1239; x_wconf 79' lang='lat' dir='ltr'><strong>ejus,</strong></span> <span class='ocrx_word' id='word_1_67' title='bbox 1224 1171 1561 1225; x_wconf 87' lang='lat' dir='ltr'><strong>ascenderunt</strong></span> <span class='ocrx_word' id='word_1_68' title='bbox 1581 1187 1734 1242; x_wconf 86' lang='lat' dir='ltr'><strong>super</strong></span> <span class='ocrx_word' id='word_1_69' title='bbox 1757 1171 1993 1230; x_wconf 77' lang='lat' dir='ltr'><strong>camelos.</strong></span> 
     </span>
    </p>
   </div>
   <div class='ocr_carea' id='block_1_11' title="bbox 402 1260 1997 1338">
    <p class='ocr_par' dir='ltr' id='par_1_11' title="bbox 402 1260 1997 1338">
     <span class='ocr_line' id='line_1_11' title="bbox 402 1260 1997 1338; baseline 0.004 -23"><span class='ocrx_word' id='word_1_70' title='bbox 402 1260 596 1318; x_wconf 81' lang='lat' dir='ltr'><strong>Vidisti</strong></span> <span class='ocrx_word' id='word_1_71' title='bbox 638 1265 850 1335; x_wconf 90' lang='lat' dir='ltr'><strong>qualem</strong></span> <span class='ocrx_word' id='word_1_72' title='bbox 890 1280 1139 1336; x_wconf 84' lang='lat' dir='ltr'><strong>sponsam</strong></span> <span class='ocrx_word' id='word_1_73' title='bbox 1179 1267 1341 1322; x_wconf 88' lang='lat' dir='ltr'><strong>ducat</strong></span> <span class='ocrx_word' id='word_1_74' title='bbox 1384 1267 1734 1338; x_wconf 78' lang='lat' dir='ltr'><strong>patriarcha?</strong></span> <span class='ocrx_word' id='word_1_75' title='bbox 1779 1269 1997 1337; x_wconf 83' lang='lat' dir='ltr'><strong>Aquan-</strong></span> 
     </span>
    </p>
   </div>
   <div class='ocr_carea' id='block_1_12' title="bbox 401 1355 1997 1430">
    <p class='ocr_par' dir='ltr' id='par_1_12' title="bbox 401 1355 1997 1430">
     <span class='ocr_line' id='line_1_12' title="bbox 401 1355 1997 1430; baseline 0.004 -23"><span class='ocrx_word' id='word_1_76' title='bbox 401 1363 531 1422; x_wconf 90' lang='lat' dir='ltr'><strong>tem,</strong></span> <span class='ocrx_word' id='word_1_77' title='bbox 564 1365 620 1412; x_wconf 90' lang='lat' dir='ltr'><strong>et</strong></span> <span class='ocrx_word' id='word_1_78' title='bbox 645 1355 894 1430; x_wconf 88' lang='lat' dir='ltr'><strong>hydriam</strong></span> <span class='ocrx_word' id='word_1_79' title='bbox 935 1373 1098 1429; x_wconf 89' lang='lat' dir='ltr'><strong>super</strong></span> <span class='ocrx_word' id='word_1_80' title='bbox 1141 1358 1397 1414; x_wconf 81' lang='lat' dir='ltr'><strong>humeros</strong></span> <span class='ocrx_word' id='word_1_81' title='bbox 1422 1360 1690 1415; x_wconf 83' lang='lat' dir='ltr'><strong>ferentem</strong></span> <span class='ocrx_word' id='word_1_82' title='bbox 1716 1401 1730 1424; x_wconf 96' lang='lat'><strong>,</strong></span> <span class='ocrx_word' id='word_1_83' title='bbox 1762 1366 1816 1414; x_wconf 90' lang='lat' dir='ltr'><strong>et</strong></span> <span class='ocrx_word' id='word_1_84' title='bbox 1856 1374 1997 1414; x_wconf 90' lang='lat' dir='ltr'><strong>nunc</strong></span> 
     </span>
    </p>
   </div>
   <div class='ocr_carea' id='block_1_13' title="bbox 400 1447 1994 1524">
    <p class='ocr_par' dir='ltr' id='par_1_13' title="bbox 400 1447 1994 1524">
     <span class='ocr_line' id='line_1_13' title="bbox 400 1447 1994 1524; baseline 0.004 -23"><span class='ocrx_word' id='word_1_85' title='bbox 400 1447 594 1503; x_wconf 88' lang='lat' dir='ltr'><strong>itcrttm</strong></span> <span class='ocrx_word' id='word_1_86' title='bbox 621 1451 1002 1508; x_wconf 86' lang='lat' dir='ltr'><strong>ascendentem</strong></span> <span class='ocrx_word' id='word_1_87' title='bbox 1038 1467 1202 1523; x_wconf 89' lang='lat' dir='ltr'><strong>super</strong></span> <span class='ocrx_word' id='word_1_88' title='bbox 1233 1452 1490 1508; x_wconf 84' lang='lat' dir='ltr'><strong>camelos.</strong></span> <span class='ocrx_word' id='word_1_89' title='bbox 1531 1453 1804 1524; x_wconf 83' lang='lat' dir='ltr'><strong>Nusquam</strong></span> <span class='ocrx_word' id='word_1_90' title='bbox 1838 1453 1994 1507; x_wconf 67' lang='lat' dir='ltr'><strong>multo</strong></span> 
     </span>
    </p>
   </div>
   <div class='ocr_carea' id='block_1_14' title="bbox 396 1541 1994 1616">
    <p class='ocr_par' dir='ltr' id='par_1_14' title="bbox 396 1541 1994 1616">
     <span class='ocr_line' id='line_1_14' title="bbox 396 1541 1994 1616; baseline 0.004 -22"><span class='ocrx_word' id='word_1_91' title='bbox 396 1549 620 1611; x_wconf 86' lang='lat' dir='ltr'><strong>argento</strong></span> <span class='ocrx_word' id='word_1_92' title='bbox 641 1541 963 1615; x_wconf 75' lang='lat' dir='ltr'><strong>fulgentibus</strong></span> <span class='ocrx_word' id='word_1_93' title='bbox 988 1545 1308 1611; x_wconf 75' lang='lat' dir='ltr'><strong>cervicibus,</strong></span> <span class='ocrx_word' id='word_1_94' title='bbox 1337 1561 1509 1616; x_wconf 87' lang='lat' dir='ltr'><strong>neque</strong></span> <span class='ocrx_word' id='word_1_95' title='bbox 1534 1545 1851 1600; x_wconf 86' lang='lat' dir='ltr'><strong>famulorum</strong></span> <span class='ocrx_word' id='word_1_96' title='bbox 1878 1556 1994 1600; x_wconf 89' lang='lat' dir='ltr'><strong>tur-</strong></span> 
     </span>
    </p>
   </div>
   <div class='ocr_carea' id='block_1_15' title="bbox 393 1627 1988 1707">
    <p class='ocr_par' dir='ltr' id='par_1_15' title="bbox 393 1627 1988 1707">
     <span class='ocr_line' id='line_1_15' title="bbox 393 1627 1988 1707; baseline 0.005 -24"><span class='ocrx_word' id='word_1_97' title='bbox 393 1627 482 1696; x_wconf 92' lang='lat' dir='ltr'><strong>ba,</strong></span> <span class='ocrx_word' id='word_1_98' title='bbox 506 1646 680 1703; x_wconf 90' lang='lat' dir='ltr'><strong>neque</strong></span> <span class='ocrx_word' id='word_1_99' title='bbox 707 1649 896 1704; x_wconf 87' lang='lat' dir='ltr'><strong>magna</strong></span> <span class='ocrx_word' id='word_1_100' title='bbox 927 1636 1200 1703; x_wconf 88' lang='lat' dir='ltr'><strong>mollities,</strong></span> <span class='ocrx_word' id='word_1_101' title='bbox 1229 1651 1348 1707; x_wconf 73' lang='lat' dir='ltr'><strong>qum</strong></span> <span class='ocrx_word' id='word_1_102' title='bbox 1369 1651 1514 1691; x_wconf 91' lang='lat' dir='ltr'><strong>nunc</strong></span> <span class='ocrx_word' id='word_1_103' title='bbox 1540 1636 1783 1692; x_wconf 83' lang='lat' dir='ltr'><strong>adhiberi</strong></span> <span class='ocrx_word' id='word_1_104' title='bbox 1810 1637 1946 1691; x_wconf 75' lang='lat' dir='ltr'><strong>solet</strong></span> <span class='ocrx_word' id='word_1_105' title='bbox 1971 1654 1988 1691; x_wconf 90' lang='lat'><strong>:</strong></span> 
     </span>
    </p>
   </div>
   <div class='ocr_carea' id='block_1_16' title="bbox 391 1723 1987 1798">
    <p class='ocr_par' dir='ltr' id='par_1_16' title="bbox 391 1723 1987 1798">
     <span class='ocr_line' id='line_1_16' title="bbox 391 1723 1987 1798; baseline 0.004 -21"><span class='ocrx_word' id='word_1_106' title='bbox 391 1723 486 1778; x_wconf 91' lang='lat' dir='ltr'><strong>sed</strong></span> <span class='ocrx_word' id='word_1_107' title='bbox 508 1733 711 1781; x_wconf 91' lang='lat' dir='ltr'><strong>tantum</strong></span> <span class='ocrx_word' id='word_1_108' title='bbox 740 1737 860 1783; x_wconf 87' lang='lat' dir='ltr'><strong>erat</strong></span> <span class='ocrx_word' id='word_1_109' title='bbox 894 1728 1189 1798; x_wconf 89' lang='lat' dir='ltr'><strong>priscarum</strong></span> <span class='ocrx_word' id='word_1_110' title='bbox 1232 1730 1516 1786; x_wconf 85' lang='lat' dir='ltr'><strong>mulierum</strong></span> <span class='ocrx_word' id='word_1_111' title='bbox 1544 1730 1734 1795; x_wconf 91' lang='lat' dir='ltr'><strong>robur,</strong></span> <span class='ocrx_word' id='word_1_112' title='bbox 1772 1739 1828 1784; x_wconf 91' lang='lat' dir='ltr'><strong>ut</strong></span> <span class='ocrx_word' id='word_1_113' title='bbox 1853 1741 1905 1786; x_wconf 90' lang='lat' dir='ltr'><strong>et</strong></span> <span class='ocrx_word' id='word_1_114' title='bbox 1937 1732 1987 1784; x_wconf 92' lang='lat' dir='ltr'><strong>in</strong></span> 
     </span>
    </p>
   </div>
   <div class='ocr_carea' id='block_1_17' title="bbox 390 1815 1988 1888">
    <p class='ocr_par' dir='ltr' id='par_1_17' title="bbox 390 1815 1988 1888">
     <span class='ocr_line' id='line_1_17' title="bbox 390 1815 1988 1888; baseline 0.005 -20"><span class='ocrx_word' id='word_1_115' title='bbox 390 1815 629 1871; x_wconf 89' lang='lat' dir='ltr'><strong>camelos</strong></span> <span class='ocrx_word' id='word_1_116' title='bbox 657 1817 786 1887; x_wconf 84' lang='lat' dir='ltr'><strong>ipsae</strong></span> <span class='ocrx_word' id='word_1_117' title='bbox 835 1820 1213 1888; x_wconf 90' lang='lat' dir='ltr'><strong>ascendereut,</strong></span> <span class='ocrx_word' id='word_1_118' title='bbox 1263 1828 1318 1877; x_wconf 91' lang='lat' dir='ltr'><strong>et</strong></span> <span class='ocrx_word' id='word_1_119' title='bbox 1343 1822 1422 1877; x_wconf 93' lang='lat' dir='ltr'><strong>sic</strong></span> <span class='ocrx_word' id='word_1_120' title='bbox 1465 1823 1566 1876; x_wconf 91' lang='lat' dir='ltr'><strong>iter</strong></span> <span class='ocrx_word' id='word_1_121' title='bbox 1614 1822 1871 1878; x_wconf 87' lang='lat' dir='ltr'><strong>facerent.</strong></span> <span class='ocrx_word' id='word_1_122' title='bbox 1919 1821 1988 1876; x_wconf 85' lang='lat' dir='ltr'><strong>Et</strong></span> 
     </span>
    </p>
   </div>
   <div class='ocr_carea' id='block_1_18' title="bbox 393 1909 1980 1984">
    <p class='ocr_par' dir='ltr' id='par_1_18' title="bbox 393 1909 1980 1984">
     <span class='ocr_line' id='line_1_18' title="bbox 393 1909 1980 1984; baseline 0.007 -25"><span class='ocrx_word' id='word_1_123' title='bbox 393 1909 635 1979; x_wconf 76' lang='lat' dir='ltr'><strong>profecta:</strong></span> <span class='ocrx_word' id='word_1_124' title='bbox 658 1920 775 1980; x_wconf 74' lang='lat' dir='ltr'><strong>sunt</strong></span> <span class='ocrx_word' id='word_1_125' title='bbox 795 1953 810 1979; x_wconf 93' lang='lat'><strong>,</strong></span> <span class='ocrx_word' id='word_1_126' title='bbox 839 1911 1042 1984; x_wconf 86' lang='lat' dir='ltr'><strong>inquit,</strong></span> <span class='ocrx_word' id='word_1_127' title='bbox 1071 1930 1188 1968; x_wconf 88' lang='lat' dir='ltr'><strong>cum</strong></span> <span class='ocrx_word' id='word_1_128' title='bbox 1239 1915 1459 1970; x_wconf 82' lang='lat' dir='ltr'><strong>homine.</strong></span> <span class='ocrx_word' id='word_1_129' title='bbox 1491 1917 1582 1972; x_wconf 77' lang='lat'><strong>63.</strong></span> <span class='ocrx_word' id='word_1_130' title='bbox 1613 1915 1766 1970; x_wconf 87' lang='lat' dir='ltr'><strong>Isaac</strong></span> <span class='ocrx_word' id='word_1_131' title='bbox 1811 1928 1980 1970; x_wconf 89' lang='lat' dir='ltr'><strong>autem</strong></span> 
     </span>
    </p>
   </div>
   <div class='ocr_carea' id='block_1_19' title="bbox 385 2007 1982 2080">
    <p class='ocr_par' dir='ltr' id='par_1_19' title="bbox 385 2007 1982 2080">
     <span class='ocr_line' id='line_1_19' title="bbox 385 2007 1982 2080; baseline 0.008 -30"><span class='ocrx_word' id='word_1_132' title='bbox 385 2014 616 2069; x_wconf 81' lang='lat' dir='ltr'><strong>egressus</strong></span> <span class='ocrx_word' id='word_1_133' title='bbox 644 2011 754 2056; x_wconf 83' lang='lat' dir='ltr'><strong>erat</strong></span> <span class='ocrx_word' id='word_1_134' title='bbox 777 2045 792 2070; x_wconf 95' lang='lat'><strong>,</strong></span> <span class='ocrx_word' id='word_1_135' title='bbox 826 2012 882 2058; x_wconf 88' lang='lat' dir='ltr'><strong>ut</strong></span> <span class='ocrx_word' id='word_1_136' title='bbox 907 2021 960 2058; x_wconf 90' lang='lat' dir='ltr'><strong>se</strong></span> <span class='ocrx_word' id='word_1_137' title='bbox 979 2015 1228 2060; x_wconf 76' lang='lat' dir='ltr'><strong>exerceret</strong></span> <span class='ocrx_word' id='word_1_138' title='bbox 1248 2007 1301 2060; x_wconf 89' lang='lat' dir='ltr'><strong>in</strong></span> <span class='ocrx_word' id='word_1_139' title='bbox 1332 2024 1458 2078; x_wconf 87' lang='lat' dir='ltr'><strong>agro</strong></span> <span class='ocrx_word' id='word_1_140' title='bbox 1487 2009 1556 2062; x_wconf 87' lang='lat' dir='ltr'><strong>ad</strong></span> <span class='ocrx_word' id='word_1_141' title='bbox 1583 2009 1932 2080; x_wconf 77' lang='lat' dir='ltr'><strong>crepusculum</strong></span> <span class='ocrx_word' id='word_1_142' title='bbox 1962 2025 1982 2063; x_wconf 91' lang='lat'><strong><em>:</em></strong></span> 
     </span>
    </p>
   </div>
   <div class='ocr_carea' id='block_1_20' title="bbox 385 2091 1979 2163">
    <p class='ocr_par' dir='ltr' id='par_1_20' title="bbox 385 2091 1979 2163">
     <span class='ocr_line' id='line_1_20' title="bbox 385 2091 1979 2163; baseline 0.008 -20"><span class='ocrx_word' id='word_1_143' title='bbox 385 2101 434 2143; x_wconf 91' lang='lat' dir='ltr'><strong>et</strong></span> <span class='ocrx_word' id='word_1_144' title='bbox 459 2092 526 2145; x_wconf 85' lang='lat' dir='ltr'><strong>ibi</strong></span> <span class='ocrx_word' id='word_1_145' title='bbox 553 2091 758 2148; x_wconf 81' lang='lat' dir='ltr'><strong>elevatis</strong></span> <span class='ocrx_word' id='word_1_146' title='bbox 784 2097 943 2150; x_wconf 88' lang='lat' dir='ltr'><strong>oculis</strong></span> <span class='ocrx_word' id='word_1_147' title='bbox 969 2138 987 2163; x_wconf 87' lang='lat'><strong>,</strong></span> <span class='ocrx_word' id='word_1_148' title='bbox 1023 2098 1144 2151; x_wconf 80' lang='lat' dir='ltr'><strong>uidit</strong></span> <span class='ocrx_word' id='word_1_149' title='bbox 1193 2099 1412 2154; x_wconf 79' lang='lat' dir='ltr'><strong>camelos</strong></span> <span class='ocrx_word' id='word_1_150' title='bbox 1457 2101 1728 2155; x_wconf 76' lang='lat' dir='ltr'><strong>venientes.</strong></span> <span class='ocrx_word' id='word_1_151' title='bbox 1771 2100 1901 2155; x_wconf 85' lang='lat' dir='ltr'><strong>Dum</strong></span> <span class='ocrx_word' id='word_1_152' title='bbox 1927 2102 1979 2156; x_wconf 92' lang='lat' dir='ltr'><strong>in</strong></span> 
     </span>
    </p>
   </div>
   <div class='ocr_carea' id='block_1_21' title="bbox 383 2189 1977 2260">
    <p class='ocr_par' dir='ltr' id='par_1_21' title="bbox 383 2189 1977 2260">
     <span class='ocr_line' id='line_1_21' title="bbox 383 2189 1977 2260; baseline 0.008 -24"><span class='ocrx_word' id='word_1_153' title='bbox 383 2198 579 2254; x_wconf 90' lang='lat' dir='ltr'><strong>campo</strong></span> <span class='ocrx_word' id='word_1_154' title='bbox 597 2195 942 2256; x_wconf 85' lang='lat' dir='ltr'><strong>versaretur,</strong></span> <span class='ocrx_word' id='word_1_155' title='bbox 980 2189 1182 2260; x_wconf 90' lang='lat' dir='ltr'><strong>inquit,</strong></span> <span class='ocrx_word' id='word_1_156' title='bbox 1213 2191 1390 2258; x_wconf 85' lang='lat' dir='ltr'><strong>Isaac,</strong></span> <span class='ocrx_word' id='word_1_157' title='bbox 1436 2193 1566 2248; x_wconf 86' lang='lat' dir='ltr'><strong>vidit</strong></span> <span class='ocrx_word' id='word_1_158' title='bbox 1606 2194 1862 2250; x_wconf 87' lang='lat' dir='ltr'><strong>camelos.</strong></span> <span class='ocrx_word' id='word_1_159' title='bbox 1889 2194 1977 2250; x_wconf 74' lang='lat' dir='ltr'><strong>fil.</strong></span> 
     </span>
    </p>
   </div>
   <div class='ocr_carea' id='block_1_22' title="bbox 380 2272 1975 2355">
    <p class='ocr_par' dir='ltr' id='par_1_22' title="bbox 380 2272 1975 2355">
     <span class='ocr_line' id='line_1_22' title="bbox 380 2272 1975 2355; baseline 0.01 -27"><span class='ocrx_word' id='word_1_160' title='bbox 380 2272 610 2331; x_wconf 81' lang='lat' dir='ltr'><strong>Rebecca</strong></span> <span class='ocrx_word' id='word_1_161' title='bbox 639 2287 809 2332; x_wconf 84' lang='lat' dir='ltr'><strong>autent</strong></span> <span class='ocrx_word' id='word_1_162' title='bbox 843 2321 856 2345; x_wconf 94' lang='lat'><strong>,</strong></span> <span class='ocrx_word' id='word_1_163' title='bbox 901 2291 954 2336; x_wconf 92' lang='lat' dir='ltr'><strong>ut</strong></span> <span class='ocrx_word' id='word_1_164' title='bbox 983 2282 1108 2336; x_wconf 84' lang='lat' dir='ltr'><strong>vidit</strong></span> <span class='ocrx_word' id='word_1_165' title='bbox 1130 2282 1282 2338; x_wconf 84' lang='lat' dir='ltr'><strong>Isaac</strong></span> <span class='ocrx_word' id='word_1_166' title='bbox 1303 2327 1318 2351; x_wconf 96' lang='lat'><strong>,</strong></span> <span class='ocrx_word' id='word_1_167' title='bbox 1363 2285 1552 2340; x_wconf 85' lang='lat' dir='ltr'><strong>desiliit</strong></span> <span class='ocrx_word' id='word_1_168' title='bbox 1579 2305 1612 2342; x_wconf 92' lang='lat' dir='ltr'><strong>a</strong></span> <span class='ocrx_word' id='word_1_169' title='bbox 1640 2289 1853 2355; x_wconf 81' lang='lat' dir='ltr'><strong>camelo,</strong></span> <span class='ocrx_word' id='word_1_170' title='bbox 1887 2290 1975 2344; x_wconf 80' lang='lat'><strong>65.</strong></span> 
     </span>
    </p>
   </div>
   <div class='ocr_carea' id='block_1_23' title="bbox 377 2368 1975 2456">
    <p class='ocr_par' dir='ltr' id='par_1_23' title="bbox 377 2368 1975 2456">
     <span class='ocr_line' id='line_1_23' title="bbox 377 2368 1975 2456; baseline 0.013 -37"><span class='ocrx_word' id='word_1_171' title='bbox 377 2377 424 2420; x_wconf 92' lang='lat' dir='ltr'><strong>et</strong></span> <span class='ocrx_word' id='word_1_172' title='bbox 449 2368 580 2423; x_wconf 68' lang='lat' dir='ltr'><strong>dixit</strong></span> <span class='ocrx_word' id='word_1_173' title='bbox 621 2387 766 2426; x_wconf 86' lang='lat' dir='ltr'><strong>servo</strong></span> <span class='ocrx_word' id='word_1_174' title='bbox 817 2389 838 2428; x_wconf 90' lang='lat'><strong><em>:</em></strong></span> <span class='ocrx_word' id='word_1_175' title='bbox 885 2374 1013 2442; x_wconf 81' lang='lat' dir='ltr'><strong>Quis</strong></span> <span class='ocrx_word' id='word_1_176' title='bbox 1039 2387 1114 2431; x_wconf 86' lang='lat' dir='ltr'><strong>est</strong></span> <span class='ocrx_word' id='word_1_177' title='bbox 1143 2377 1294 2433; x_wconf 88' lang='lat' dir='ltr'><strong>homo</strong></span> <span class='ocrx_word' id='word_1_178' title='bbox 1318 2378 1406 2433; x_wconf 87' lang='lat' dir='ltr'><strong>ille</strong></span> <span class='ocrx_word' id='word_1_179' title='bbox 1431 2382 1522 2450; x_wconf 85' lang='lat' dir='ltr'><strong>qui</strong></span> <span class='ocrx_word' id='word_1_180' title='bbox 1550 2382 1688 2435; x_wconf 81' lang='lat' dir='ltr'><strong>vadit</strong></span> <span class='ocrx_word' id='word_1_181' title='bbox 1718 2383 1770 2436; x_wconf 88' lang='lat' dir='ltr'><strong>in</strong></span> <span class='ocrx_word' id='word_1_182' title='bbox 1796 2400 1975 2456; x_wconf 83' lang='lat' dir='ltr'><strong>campo</strong></span> 
     </span>
    </p>
   </div>
   <div class='ocr_carea' id='block_1_24' title="bbox 377 2460 1972 2545">
    <p class='ocr_par' dir='ltr' id='par_1_24' title="bbox 377 2460 1972 2545">
     <span class='ocr_line' id='line_1_24' title="bbox 377 2460 1972 2545; baseline 0.011 -34"><span class='ocrx_word' id='word_1_183' title='bbox 377 2460 521 2516; x_wconf 86' lang='lat' dir='ltr'><strong>nobis</strong></span> <span class='ocrx_word' id='word_1_184' title='bbox 550 2461 786 2518; x_wconf 77' lang='lat' dir='ltr'><strong>obviam?</strong></span> <span class='ocrx_word' id='word_1_185' title='bbox 812 2465 947 2522; x_wconf 74' lang='lat' dir='ltr'><strong>Vide</strong></span> <span class='ocrx_word' id='word_1_186' title='bbox 973 2470 1167 2537; x_wconf 65' lang='lat' dir='ltr'><strong>puellae</strong></span> <span class='ocrx_word' id='word_1_187' title='bbox 1191 2471 1606 2542; x_wconf 82' lang='lat' dir='ltr'><strong>generositatem</strong></span> <span class='ocrx_word' id='word_1_188' title='bbox 1633 2491 1647 2540; x_wconf 91' lang='lat'><strong>;</strong></span> <span class='ocrx_word' id='word_1_189' title='bbox 1693 2489 1972 2545; x_wconf 83' lang='lat' dir='ltr'><strong>postquam</strong></span> 
     </span>
    </p>
   </div>
   <div class='ocr_carea' id='block_1_25' title="bbox 375 2551 1971 2639">
    <p class='ocr_par' dir='ltr' id='par_1_25' title="bbox 375 2551 1971 2639">
     <span class='ocr_line' id='line_1_25' title="bbox 375 2551 1971 2639; baseline 0.012 -35"><span class='ocrx_word' id='word_1_190' title='bbox 375 2551 507 2607; x_wconf 81' lang='lat' dir='ltr'><strong>vidit</strong></span> <span class='ocrx_word' id='word_1_191' title='bbox 541 2551 710 2621; x_wconf 87' lang='lat' dir='ltr'><strong>Isaae,</strong></span> <span class='ocrx_word' id='word_1_192' title='bbox 741 2558 1016 2626; x_wconf 65' lang='lat' dir='ltr'><strong>quaerebat</strong></span> <span class='ocrx_word' id='word_1_193' title='bbox 1053 2562 1173 2630; x_wconf 91' lang='lat' dir='ltr'><strong>quis</strong></span> <span class='ocrx_word' id='word_1_194' title='bbox 1217 2573 1380 2618; x_wconf 90' lang='lat' dir='ltr'><strong>esset.</strong></span> <span class='ocrx_word' id='word_1_195' title='bbox 1411 2564 1477 2619; x_wconf 90' lang='lat' dir='ltr'><strong>Et</strong></span> <span class='ocrx_word' id='word_1_196' title='bbox 1508 2566 1592 2621; x_wconf 92' lang='lat' dir='ltr'><strong>ubi</strong></span> <span class='ocrx_word' id='word_1_197' title='bbox 1622 2566 1806 2622; x_wconf 88' lang='lat' dir='ltr'><strong>didicit</strong></span> <span class='ocrx_word' id='word_1_198' title='bbox 1831 2569 1971 2639; x_wconf 88' lang='lat' dir='ltr'><strong>quod</strong></span> 
     </span>
    </p>
   </div>
   <div class='ocr_carea' id='block_1_26' title="bbox 375 2643 1972 2723">
    <p class='ocr_par' dir='ltr' id='par_1_26' title="bbox 375 2643 1972 2723">
     <span class='ocr_line' id='line_1_26' title="bbox 375 2643 1972 2723; baseline 0.011 -24"><span class='ocrx_word' id='word_1_199' title='bbox 375 2643 490 2714; x_wconf 90' lang='lat' dir='ltr'><strong>ipse</strong></span> <span class='ocrx_word' id='word_1_200' title='bbox 515 2657 662 2703; x_wconf 90' lang='lat' dir='ltr'><strong>esset</strong></span> <span class='ocrx_word' id='word_1_201' title='bbox 713 2665 963 2718; x_wconf 90' lang='lat' dir='ltr'><strong>sponsus,</strong></span> <span class='ocrx_word' id='word_1_202' title='bbox 995 2654 1190 2708; x_wconf 88' lang='lat' dir='ltr'><strong>velavit</strong></span> <span class='ocrx_word' id='word_1_203' title='bbox 1221 2670 1280 2709; x_wconf 90' lang='lat' dir='ltr'><strong>se</strong></span> <span class='ocrx_word' id='word_1_204' title='bbox 1315 2656 1566 2711; x_wconf 89' lang='lat' dir='ltr'><strong>theristro</strong></span> <span class='ocrx_word' id='word_1_205' title='bbox 1594 2675 1608 2723; x_wconf 95' lang='lat'><strong>;</strong></span> <span class='ocrx_word' id='word_1_206' title='bbox 1652 2667 1706 2712; x_wconf 91' lang='lat' dir='ltr'><strong>et</strong></span> <span class='ocrx_word' id='word_1_207' title='bbox 1751 2662 1972 2716; x_wconf 79' lang='lat' dir='ltr'><strong>veniens</strong></span> 
     </span>
    </p>
   </div>
   <div class='ocr_carea' id='block_1_27' title="bbox 374 2739 1968 2820">
    <p class='ocr_par' dir='ltr' id='par_1_27' title="bbox 374 2739 1968 2820">
     <span class='ocr_line' id='line_1_27' title="bbox 374 2739 1968 2820; baseline 0.011 -32"><span class='ocrx_word' id='word_1_208' title='bbox 374 2749 561 2792; x_wconf 83' lang='lat' dir='ltr'><strong>servus</strong></span> <span class='ocrx_word' id='word_1_209' title='bbox 589 2739 767 2792; x_wconf 92' lang='lat' dir='ltr'><strong>omnia</strong></span> <span class='ocrx_word' id='word_1_210' title='bbox 791 2740 937 2796; x_wconf 90' lang='lat' dir='ltr'><strong>clare</strong></span> <span class='ocrx_word' id='word_1_211' title='bbox 965 2744 1231 2799; x_wconf 87' lang='lat' dir='ltr'><strong>nuntiavit</strong></span> <span class='ocrx_word' id='word_1_212' title='bbox 1261 2745 1409 2800; x_wconf 90' lang='lat' dir='ltr'><strong>Isaac</strong></span> <span class='ocrx_word' id='word_1_213' title='bbox 1441 2745 1460 2820; x_wconf 96' lang='lat'><strong>(</strong></span> <span class='ocrx_word' id='word_1_214' title='bbox 1491 2765 1536 2801; x_wconf 89' lang='lat' dir='ltr'><strong>v.</strong></span> <span class='ocrx_word' id='word_1_215' title='bbox 1569 2749 1684 2815; x_wconf 84' lang='grc'>66).</span> <span class='ocrx_word' id='word_1_216' title='bbox 1715 2749 1813 2804; x_wconf 91' lang='lat' dir='ltr'><strong>llic</strong></span> <span class='ocrx_word' id='word_1_217' title='bbox 1839 2766 1968 2804; x_wconf 81' lang='lat' dir='ltr'><strong>con-</strong></span> 
     </span>
    </p>
   </div>
   <div class='ocr_carea' id='block_1_28' title="bbox 372 2828 1971 2908">
    <p class='ocr_par' dir='ltr' id='par_1_28' title="bbox 372 2828 1971 2908">
     <span class='ocr_line' id='line_1_28' title="bbox 372 2828 1971 2908; baseline 0.011 -27"><span class='ocrx_word' id='word_1_218' title='bbox 372 2828 573 2898; x_wconf 88' lang='lat' dir='ltr'><strong>sidera,</strong></span> <span class='ocrx_word' id='word_1_219' title='bbox 602 2845 718 2896; x_wconf 92' lang='lat' dir='ltr'><strong>oro,</strong></span> <span class='ocrx_word' id='word_1_220' title='bbox 747 2835 1016 2901; x_wconf 87' lang='lat' dir='ltr'><strong>quomodo</strong></span> <span class='ocrx_word' id='word_1_221' title='bbox 1045 2852 1301 2906; x_wconf 79' lang='lat' dir='ltr'><strong>nus1uam</strong></span> <span class='ocrx_word' id='word_1_222' title='bbox 1328 2841 1596 2908; x_wconf 87' lang='lat' dir='ltr'><strong>superflua</strong></span> <span class='ocrx_word' id='word_1_223' title='bbox 1625 2843 1712 2896; x_wconf 90' lang='lat' dir='ltr'><strong>illa</strong></span> <span class='ocrx_word' id='word_1_224' title='bbox 1737 2853 1790 2898; x_wconf 89' lang='lat' dir='ltr'><strong>et</strong></span> <span class='ocrx_word' id='word_1_225' title='bbox 1811 2844 1971 2898; x_wconf 80' lang='lat' dir='ltr'><strong>inuti-</strong></span> 
     </span>
    </p>
   </div>
   <div class='ocr_carea' id='block_1_29' title="bbox 373 2920 1968 3006">
    <p class='ocr_par' dir='ltr' id='par_1_29' title="bbox 373 2920 1968 3006">
     <span class='ocr_line' id='line_1_29' title="bbox 373 2920 1968 3006; baseline 0.011 -32"><span class='ocrx_word' id='word_1_226' title='bbox 373 2920 464 2987; x_wconf 90' lang='lat' dir='ltr'><strong>lia,</strong></span> <span class='ocrx_word' id='word_1_227' title='bbox 509 2938 772 2994; x_wconf 89' lang='lat' dir='ltr'><strong>nusquam</strong></span> <span class='ocrx_word' id='word_1_228' title='bbox 802 2925 1059 2982; x_wconf 86' lang='lat' dir='ltr'><strong>diabolica</strong></span> <span class='ocrx_word' id='word_1_229' title='bbox 1091 2945 1306 3002; x_wconf 87' lang='lat' dir='ltr'><strong>pompa,</strong></span> <span class='ocrx_word' id='word_1_230' title='bbox 1340 2948 1599 3003; x_wconf 83' lang='lat' dir='ltr'><strong>nusquam</strong></span> <span class='ocrx_word' id='word_1_231' title='bbox 1627 2935 1890 3006; x_wconf 84' lang='lat' dir='ltr'><strong>cymbala,</strong></span> <span class='ocrx_word' id='word_1_232' title='bbox 1913 2944 1968 2992; x_wconf 87' lang='lat' dir='ltr'><strong>et</strong></span> 
     </span>
    </p>
   </div>
   <div class='ocr_carea' id='block_1_30' title="bbox 372 3011 1966 3092">
    <p class='ocr_par' dir='ltr' id='par_1_30' title="bbox 372 3011 1966 3092">
     <span class='ocr_line' id='line_1_30' title="bbox 372 3011 1966 3092; baseline 0.011 -26"><span class='ocrx_word' id='word_1_233' title='bbox 372 3011 536 3081; x_wconf 70' lang='lat' dir='ltr'><strong>tibiae,</strong></span> <span class='ocrx_word' id='word_1_234' title='bbox 564 3024 619 3070; x_wconf 87' lang='lat' dir='ltr'><strong>et</strong></span> <span class='ocrx_word' id='word_1_235' title='bbox 643 3015 878 3084; x_wconf 74' lang='lat' dir='ltr'><strong>choreae,</strong></span> <span class='ocrx_word' id='word_1_236' title='bbox 900 3029 953 3074; x_wconf 90' lang='lat' dir='ltr'><strong>et</strong></span> <span class='ocrx_word' id='word_1_237' title='bbox 1001 3021 1235 3077; x_wconf 87' lang='lat' dir='ltr'><strong>satauica</strong></span> <span class='ocrx_word' id='word_1_238' title='bbox 1282 3024 1367 3078; x_wconf 90' lang='lat' dir='ltr'><strong>illa</strong></span> <span class='ocrx_word' id='word_1_239' title='bbox 1395 3027 1663 3092; x_wconf 87' lang='lat' dir='ltr'><strong>convivia,</strong></span> <span class='ocrx_word' id='word_1_240' title='bbox 1693 3038 1749 3082; x_wconf 90' lang='lat' dir='ltr'><strong>et</strong></span> <span class='ocrx_word' id='word_1_241' title='bbox 1791 3043 1966 3083; x_wconf 87' lang='lat' dir='ltr'><strong>scom-</strong></span> 
     </span>
    </p>
   </div>
   <div class='ocr_carea' id='block_1_31' title="bbox 374 3107 1960 3188">
    <p class='ocr_par' dir='ltr' id='par_1_31' title="bbox 374 3107 1960 3188">
     <span class='ocr_line' id='line_1_31' title="bbox 374 3107 1960 3188; baseline 0.011 -30"><span class='ocrx_word' id='word_1_242' title='bbox 374 3114 516 3160; x_wconf 90' lang='lat' dir='ltr'><strong>tnata</strong></span> <span class='ocrx_word' id='word_1_243' title='bbox 546 3107 691 3162; x_wconf 91' lang='lat' dir='ltr'><strong>omni</strong></span> <span class='ocrx_word' id='word_1_244' title='bbox 725 3109 1075 3169; x_wconf 74' lang='lat' dir='ltr'><strong>obscmnitate</strong></span> <span class='ocrx_word' id='word_1_245' title='bbox 1103 3114 1290 3183; x_wconf 88' lang='lat' dir='ltr'><strong>plena;</strong></span> <span class='ocrx_word' id='word_1_246' title='bbox 1325 3115 1420 3172; x_wconf 88' lang='lat' dir='ltr'><strong>sed</strong></span> <span class='ocrx_word' id='word_1_247' title='bbox 1462 3119 1637 3174; x_wconf 89' lang='lat' dir='ltr'><strong>omnis</strong></span> <span class='ocrx_word' id='word_1_248' title='bbox 1667 3119 1920 3176; x_wconf 88' lang='lat' dir='ltr'><strong>honestas</strong></span> <span class='ocrx_word' id='word_1_249' title='bbox 1944 3163 1960 3188; x_wconf 88' lang='lat'><strong>,</strong></span> 
     </span>
    </p>
   </div>
   <div class='ocr_carea' id='block_1_32' title="bbox 367 3199 1962 3270">
    <p class='ocr_par' dir='ltr' id='par_1_32' title="bbox 367 3199 1962 3270">
     <span class='ocr_line' id='line_1_32' title="bbox 367 3199 1962 3270; baseline 0.013 -22"><span class='ocrx_word' id='word_1_250' title='bbox 367 3199 546 3254; x_wconf 83' lang='lat' dir='ltr'><strong>omnis</strong></span> <span class='ocrx_word' id='word_1_251' title='bbox 575 3201 857 3270; x_wconf 87' lang='lat' dir='ltr'><strong>sapientia,</strong></span> <span class='ocrx_word' id='word_1_252' title='bbox 885 3205 1060 3261; x_wconf 92' lang='lat' dir='ltr'><strong>omnis</strong></span> <span class='ocrx_word' id='word_1_253' title='bbox 1082 3208 1364 3264; x_wconf 86' lang='lat' dir='ltr'><strong>modestia.</strong></span> <span class='ocrx_word' id='word_1_254' title='bbox 1397 3211 1484 3266; x_wconf 86' lang='lat'><strong>67.</strong></span> <span class='ocrx_word' id='word_1_255' title='bbox 1534 3210 1754 3266; x_wconf 74' lang='lat' dir='ltr'><strong>Intrauit</strong></span> <span class='ocrx_word' id='word_1_256' title='bbox 1798 3223 1962 3268; x_wconf 84' lang='lat' dir='ltr'><strong>autem</strong></span> 
     </span>
    </p>
   </div>
   <div class='ocr_carea' id='block_1_33' title="bbox 367 3287 1961 3376">
    <p class='ocr_par' dir='ltr' id='par_1_33' title="bbox 367 3287 1961 3376">
     <span class='ocr_line' id='line_1_33' title="bbox 367 3287 1961 3376; baseline 0.013 -34"><span class='ocrx_word' id='word_1_257' title='bbox 367 3287 541 3357; x_wconf 82' lang='lat' dir='ltr'><strong>Isaac,</strong></span> <span class='ocrx_word' id='word_1_258' title='bbox 572 3292 759 3364; x_wconf 88' lang='lat' dir='ltr'><strong>inquit,</strong></span> <span class='ocrx_word' id='word_1_259' title='bbox 787 3296 839 3348; x_wconf 87' lang='lat' dir='ltr'><strong>in</strong></span> <span class='ocrx_word' id='word_1_260' title='bbox 870 3297 1077 3352; x_wconf 88' lang='lat' dir='ltr'><strong>domum</strong></span> <span class='ocrx_word' id='word_1_261' title='bbox 1119 3303 1295 3356; x_wconf 86' lang='lat' dir='ltr'><strong>matris</strong></span> <span class='ocrx_word' id='word_1_262' title='bbox 1319 3319 1453 3368; x_wconf 76' lang='lat' dir='ltr'><strong>sum,</strong></span> <span class='ocrx_word' id='word_1_263' title='bbox 1483 3313 1531 3358; x_wconf 85' lang='lat' dir='ltr'><strong>et</strong></span> <span class='ocrx_word' id='word_1_264' title='bbox 1555 3307 1745 3376; x_wconf 86' lang='lat' dir='ltr'><strong>accepit</strong></span> <span class='ocrx_word' id='word_1_265' title='bbox 1774 3305 1961 3361; x_wconf 85' lang='lat' dir='ltr'><strong>Rebec-</strong></span> 
     </span>
    </p>
   </div>
   <div class='ocr_carea' id='block_1_34' title="bbox 364 3386 1962 3462">
    <p class='ocr_par' dir='ltr' id='par_1_34' title="bbox 364 3386 1962 3462">
     <span class='ocr_line' id='line_1_34' title="bbox 364 3386 1962 3462; baseline 0.012 -29"><span class='ocrx_word' id='word_1_266' title='bbox 364 3397 476 3435; x_wconf 85' lang='lat' dir='ltr'><strong>cant</strong></span> <span class='ocrx_word' id='word_1_267' title='bbox 501 3425 521 3450; x_wconf 89' lang='lat'><strong>,</strong></span> <span class='ocrx_word' id='word_1_268' title='bbox 574 3393 622 3438; x_wconf 92' lang='lat' dir='ltr'><strong>et</strong></span> <span class='ocrx_word' id='word_1_269' title='bbox 669 3386 769 3457; x_wconf 78' lang='lat' dir='ltr'><strong>fuit</strong></span> <span class='ocrx_word' id='word_1_270' title='bbox 799 3388 847 3441; x_wconf 84' lang='lat' dir='ltr'><strong>ei</strong></span> <span class='ocrx_word' id='word_1_271' title='bbox 877 3405 1043 3457; x_wconf 75' lang='lat' dir='ltr'><strong>uxor,</strong></span> <span class='ocrx_word' id='word_1_272' title='bbox 1075 3401 1124 3445; x_wconf 85' lang='lat' dir='ltr'><strong>et</strong></span> <span class='ocrx_word' id='word_1_273' title='bbox 1165 3392 1342 3448; x_wconf 76' lang='lat' dir='ltr'><strong>dilexit</strong></span> <span class='ocrx_word' id='word_1_274' title='bbox 1388 3411 1497 3448; x_wconf 90' lang='lat' dir='ltr'><strong>eam</strong></span> <span class='ocrx_word' id='word_1_275' title='bbox 1523 3439 1537 3462; x_wconf 96' lang='lat'><strong>,</strong></span> <span class='ocrx_word' id='word_1_276' title='bbox 1569 3406 1616 3451; x_wconf 86' lang='lat' dir='ltr'><strong>et</strong></span> <span class='ocrx_word' id='word_1_277' title='bbox 1655 3397 1962 3451; x_wconf 81' lang='lat' dir='ltr'><strong>consolatio-</strong></span> 
     </span>
    </p>
   </div>
   <div class='ocr_carea' id='block_1_35' title="bbox 369 3477 1958 3553">
    <p class='ocr_par' dir='ltr' id='par_1_35' title="bbox 369 3477 1958 3553">
     <span class='ocr_line' id='line_1_35' title="bbox 369 3477 1958 3553; baseline 0.013 -29"><span class='ocrx_word' id='word_1_278' title='bbox 369 3489 483 3526; x_wconf 87' lang='lat' dir='ltr'><strong>nent</strong></span> <span class='ocrx_word' id='word_1_279' title='bbox 533 3477 726 3547; x_wconf 88' lang='lat' dir='ltr'><strong>accepit</strong></span> <span class='ocrx_word' id='word_1_280' title='bbox 782 3477 939 3534; x_wconf 79' lang='lat' dir='ltr'><strong>Isaac</strong></span> <span class='ocrx_word' id='word_1_281' title='bbox 1001 3498 1153 3553; x_wconf 82' lang='lat' dir='ltr'><strong>super</strong></span> <span class='ocrx_word' id='word_1_282' title='bbox 1201 3484 1365 3540; x_wconf 87' lang='lat' dir='ltr'><strong>Sarra</strong></span> <span class='ocrx_word' id='word_1_283' title='bbox 1425 3497 1583 3541; x_wconf 86' lang='lat' dir='ltr'><strong>matre</strong></span> <span class='ocrx_word' id='word_1_284' title='bbox 1631 3505 1747 3543; x_wconf 86' lang='lat' dir='ltr'><strong>sua.</strong></span> <span class='ocrx_word' id='word_1_285' title='bbox 1807 3488 1958 3545; x_wconf 87' lang='lat' dir='ltr'><strong>llanc</strong></span> 
     </span>
    </p>
   </div>
   <div class='ocr_carea' id='block_1_36' title="bbox 361 3561 1956 3638">
    <p class='ocr_par' dir='ltr' id='par_1_36' title="bbox 361 3561 1956 3638">
     <span class='ocr_line' id='line_1_36' title="bbox 361 3561 1956 3638; baseline 0.013 -24"><span class='ocrx_word' id='word_1_286' title='bbox 361 3561 640 3619; x_wconf 88' lang='lat' dir='ltr'><strong>imitentur</strong></span> <span class='ocrx_word' id='word_1_287' title='bbox 703 3568 1003 3638; x_wconf 87' lang='lat' dir='ltr'><strong>mulieres,</strong></span> <span class='ocrx_word' id='word_1_288' title='bbox 1069 3571 1211 3630; x_wconf 88' lang='lat' dir='ltr'><strong>hunc</strong></span> <span class='ocrx_word' id='word_1_289' title='bbox 1273 3577 1593 3632; x_wconf 74' lang='lat' dir='ltr'><strong>mmulentur</strong></span> <span class='ocrx_word' id='word_1_290' title='bbox 1658 3579 1756 3634; x_wconf 86' lang='lat' dir='ltr'><strong>viri</strong></span> <span class='ocrx_word' id='word_1_291' title='bbox 1806 3595 1822 3633; x_wconf 89' lang='lat'><strong>:</strong></span> <span class='ocrx_word' id='word_1_292' title='bbox 1879 3580 1956 3635; x_wconf 89' lang='lat' dir='ltr'><strong>sic</strong></span> 
     </span>
    </p>
   </div>
   <div class='ocr_carea' id='block_1_37' title="bbox 361 3655 1955 3736">
    <p class='ocr_par' dir='ltr' id='par_1_37' title="bbox 361 3655 1955 3736">
     <span class='ocr_line' id='line_1_37' title="bbox 361 3655 1955 3736; baseline 0.011 -30"><span class='ocrx_word' id='word_1_293' title='bbox 361 3668 590 3722; x_wconf 85' lang='lat' dir='ltr'><strong>sponsas</strong></span> <span class='ocrx_word' id='word_1_294' title='bbox 623 3655 818 3713; x_wconf 89' lang='lat' dir='ltr'><strong>ducere</strong></span> <span class='ocrx_word' id='word_1_295' title='bbox 846 3669 1053 3716; x_wconf 90' lang='lat' dir='ltr'><strong>curent.</strong></span> <span class='ocrx_word' id='word_1_296' title='bbox 1085 3662 1261 3730; x_wconf 88' lang='lat' dir='ltr'><strong>Quare</strong></span> <span class='ocrx_word' id='word_1_297' title='bbox 1291 3667 1458 3732; x_wconf 89' lang='lat' dir='ltr'><strong>enim,</strong></span> <span class='ocrx_word' id='word_1_298' title='bbox 1491 3669 1735 3736; x_wconf 88' lang='lat' dir='ltr'><strong>dic,oro,</strong></span> <span class='ocrx_word' id='word_1_299' title='bbox 1775 3672 1955 3726; x_wconf 89' lang='lat' dir='ltr'><strong>statim</strong></span> 
     </span>
    </p>
   </div>
   <div class='ocr_carea' id='block_1_38' title="bbox 361 3742 1955 3825">
    <p class='ocr_par' dir='ltr' id='par_1_38' title="bbox 361 3742 1955 3825">
     <span class='ocr_line' id='line_1_38' title="bbox 361 3742 1955 3825; baseline 0.013 -30"><span class='ocrx_word' id='word_1_300' title='bbox 361 3742 430 3796; x_wconf 86' lang='lat' dir='ltr'><strong>ab</strong></span> <span class='ocrx_word' id='word_1_301' title='bbox 457 3744 609 3799; x_wconf 91' lang='lat' dir='ltr'><strong>initio</strong></span> <span class='ocrx_word' id='word_1_302' title='bbox 637 3747 886 3804; x_wconf 90' lang='lat' dir='ltr'><strong>sordibus</strong></span> <span class='ocrx_word' id='word_1_303' title='bbox 915 3749 1123 3820; x_wconf 84' lang='lat' dir='ltr'><strong>impleri</strong></span> <span class='ocrx_word' id='word_1_304' title='bbox 1151 3753 1279 3807; x_wconf 91' lang='lat' dir='ltr'><strong>sinis</strong></span> <span class='ocrx_word' id='word_1_305' title='bbox 1308 3757 1498 3825; x_wconf 66' lang='lat' dir='ltr'><strong>puellm.</strong></span> <span class='ocrx_word' id='word_1_306' title='bbox 1526 3772 1683 3813; x_wconf 84' lang='lat' dir='ltr'><strong>aures</strong></span> <span class='ocrx_word' id='word_1_307' title='bbox 1705 3768 1809 3814; x_wconf 87' lang='lat' dir='ltr'><strong>tam</strong></span> <span class='ocrx_word' id='word_1_308' title='bbox 1844 3769 1955 3815; x_wconf 79' lang='lat' dir='ltr'><strong>tur~</strong></span> 
     </span>
    </p>
   </div>
   <div class='ocr_carea' id='block_1_39' title="bbox 355 3832 1952 3919">
    <p class='ocr_par' dir='ltr' id='par_1_39' title="bbox 355 3832 1952 3919">
     <span class='ocr_line' id='line_1_39' title="bbox 355 3832 1952 3919; baseline 0.013 -32"><span class='ocrx_word' id='word_1_309' title='bbox 355 3832 521 3903; x_wconf 85' lang='lat' dir='ltr'><strong>pibus</strong></span> <span class='ocrx_word' id='word_1_310' title='bbox 549 3837 854 3906; x_wconf 90' lang='lat' dir='ltr'><strong>cantilenis,</strong></span> <span class='ocrx_word' id='word_1_311' title='bbox 888 3850 993 3896; x_wconf 92' lang='lat' dir='ltr'><strong>tam</strong></span> <span class='ocrx_word' id='word_1_312' title='bbox 1047 3842 1437 3912; x_wconf 83' lang='lat' dir='ltr'><strong>imtempestiva</strong></span> <span class='ocrx_word' id='word_1_313' title='bbox 1469 3849 1553 3904; x_wconf 90' lang='lat' dir='ltr'><strong>illa</strong></span> <span class='ocrx_word' id='word_1_314' title='bbox 1585 3851 1813 3919; x_wconf 85' lang='lat' dir='ltr'><strong>pompa?</strong></span> <span class='ocrx_word' id='word_1_315' title='bbox 1849 3851 1952 3906; x_wconf 81' lang='lat' dir='ltr'><strong>Ne-</strong></span> 
     </span>
    </p>
   </div>
   <div class='ocr_carea' id='block_1_40' title="bbox 359 3925 1951 4014">
    <p class='ocr_par' dir='ltr' id='par_1_40' title="bbox 359 3925 1951 4014">
     <span class='ocr_line' id='line_1_40' title="bbox 359 3925 1951 4014; baseline 0.012 -35"><span class='ocrx_word' id='word_1_316' title='bbox 359 3925 470 3980; x_wconf 86' lang='lat' dir='ltr'><strong>scis</strong></span> <span class='ocrx_word' id='word_1_317' title='bbox 493 3929 762 3998; x_wconf 85' lang='lat' dir='ltr'><strong>quomodo</strong></span> <span class='ocrx_word' id='word_1_318' title='bbox 790 3931 1147 3990; x_wconf 85' lang='lat' dir='ltr'><strong>adolescentia</strong></span> <span class='ocrx_word' id='word_1_319' title='bbox 1173 3953 1268 4005; x_wconf 90' lang='lat' dir='ltr'><strong>per</strong></span> <span class='ocrx_word' id='word_1_320' title='bbox 1298 3953 1356 3993; x_wconf 91' lang='lat' dir='ltr'><strong>se</strong></span> <span class='ocrx_word' id='word_1_321' title='bbox 1392 3940 1462 3993; x_wconf 93' lang='lat' dir='ltr'><strong>sit</strong></span> <span class='ocrx_word' id='word_1_322' title='bbox 1497 3941 1549 3994; x_wconf 93' lang='lat' dir='ltr'><strong>in</strong></span> <span class='ocrx_word' id='word_1_323' title='bbox 1595 3942 1792 3998; x_wconf 88' lang='lat' dir='ltr'><strong>malum</strong></span> <span class='ocrx_word' id='word_1_324' title='bbox 1821 3959 1951 4014; x_wconf 90' lang='lat' dir='ltr'><strong>pro-</strong></span> 
     </span>
    </p>
   </div>
   <div class='ocr_carea' id='block_1_41' title="bbox 359 4019 1950 4104">
    <p class='ocr_par' dir='ltr' id='par_1_41' title="bbox 359 4019 1950 4104">
     <span class='ocr_line' id='line_1_41' title="bbox 359 4019 1950 4104; baseline 0.013 -33"><span class='ocrx_word' id='word_1_325' title='bbox 359 4030 524 4087; x_wconf 86' lang='lat' dir='ltr'><strong>pensa</strong></span> <span class='ocrx_word' id='word_1_326' title='bbox 545 4019 569 4074; x_wconf 67' lang='grc' dir='ltr'><strong>γ</strong></span> <span class='ocrx_word' id='word_1_327' title='bbox 594 4035 692 4076; x_wconf 88' lang='lat' dir='ltr'><strong>cur</strong></span> <span class='ocrx_word' id='word_1_328' title='bbox 719 4022 942 4081; x_wconf 84' lang='lat' dir='ltr'><strong>honesta</strong></span> <span class='ocrx_word' id='word_1_329' title='bbox 972 4030 1277 4098; x_wconf 89' lang='lat' dir='ltr'><strong>nuptiarum</strong></span> <span class='ocrx_word' id='word_1_330' title='bbox 1324 4035 1576 4104; x_wconf 89' lang='lat' dir='ltr'><strong>mysteria</strong></span> <span class='ocrx_word' id='word_1_331' title='bbox 1605 4035 1815 4103; x_wconf 87' lang='lat' dir='ltr'><strong>publice</strong></span> <span class='ocrx_word' id='word_1_332' title='bbox 1852 4035 1950 4091; x_wconf 80' lang='lat' dir='ltr'><strong>de-</strong></span> 
     </span>
    </p>
   </div>
   <div class='ocr_carea' id='block_1_42' title="bbox 359 4109 1951 4197">
    <p class='ocr_par' dir='ltr' id='par_1_42' title="bbox 359 4109 1951 4197">
     <span class='ocr_line' id='line_1_42' title="bbox 359 4109 1951 4197; baseline 0.014 -35"><span class='ocrx_word' id='word_1_333' title='bbox 359 4109 660 4166; x_wconf 79' lang='lat' dir='ltr'><strong>honestas?</strong></span> <span class='ocrx_word' id='word_1_334' title='bbox 687 4129 810 4169; x_wconf 90' lang='lat' dir='ltr'><strong>cum</strong></span> <span class='ocrx_word' id='word_1_335' title='bbox 837 4128 1111 4188; x_wconf 89' lang='lat' dir='ltr'><strong>oporteret</strong></span> <span class='ocrx_word' id='word_1_336' title='bbox 1163 4122 1279 4179; x_wconf 72' lang='lat' dir='ltr'><strong>lucc</strong></span> <span class='ocrx_word' id='word_1_337' title='bbox 1321 4126 1502 4181; x_wconf 89' lang='lat' dir='ltr'><strong>omnia</strong></span> <span class='ocrx_word' id='word_1_338' title='bbox 1552 4127 1826 4197; x_wconf 83' lang='lat' dir='ltr'><strong>depellere</strong></span> <span class='ocrx_word' id='word_1_339' title='bbox 1847 4169 1863 4195; x_wconf 93' lang='lat'><strong>,</strong></span> <span class='ocrx_word' id='word_1_340' title='bbox 1896 4140 1951 4185; x_wconf 90' lang='lat' dir='ltr'><strong>et</strong></span> 
     </span>
    </p>
   </div>
   <div class='ocr_carea' id='block_1_43' title="bbox 358 4203 1950 4284">
    <p class='ocr_par' dir='ltr' id='par_1_43' title="bbox 358 4203 1950 4284">
     <span class='ocr_line' id='line_1_43' title="bbox 358 4203 1950 4284; baseline 0.017 -33"><span class='ocrx_word' id='word_1_341' title='bbox 358 4203 735 4260; x_wconf 82' lang='lat' dir='ltr'><strong>verecundiam</strong></span> <span class='ocrx_word' id='word_1_342' title='bbox 764 4208 1027 4279; x_wconf 90' lang='lat' dir='ltr'><strong>principio</strong></span> <span class='ocrx_word' id='word_1_343' title='bbox 1055 4212 1252 4270; x_wconf 85' lang='lat' dir='ltr'><strong>docere</strong></span> <span class='ocrx_word' id='word_1_344' title='bbox 1279 4216 1532 4284; x_wconf 90' lang='lat' dir='ltr'><strong>puellam,</strong></span> <span class='ocrx_word' id='word_1_345' title='bbox 1562 4228 1617 4273; x_wconf 92' lang='lat' dir='ltr'><strong>et</strong></span> <span class='ocrx_word' id='word_1_346' title='bbox 1639 4221 1950 4278; x_wconf 87' lang='lat' dir='ltr'><strong>sacerdotes</strong></span> 
     </span>
    </p>
   </div>
   <div class='ocr_carea' id='block_1_44' title="bbox 266 4301 1949 4372">
    <p class='ocr_par' dir='ltr' id='par_1_44' title="bbox 266 4301 1949 4372">
     <span class='ocr_line' id='line_1_44' title="bbox 266 4301 1949 4372; baseline 0.017 -28"><span class='ocrx_word' id='word_1_347' title='bbox 266 4322 272 4331; x_wconf 95' lang='lat'><strong><em>-</em></strong></span> <span class='ocrx_word' id='word_1_348' title='bbox 357 4305 570 4363; x_wconf 89' lang='lat' dir='ltr'><strong>vocare,</strong></span> <span class='ocrx_word' id='word_1_349' title='bbox 615 4306 670 4352; x_wconf 91' lang='lat' dir='ltr'><strong>et</strong></span> <span class='ocrx_word' id='word_1_350' title='bbox 711 4301 963 4368; x_wconf 89' lang='lat' dir='ltr'><strong>precibus</strong></span> <span class='ocrx_word' id='word_1_351' title='bbox 1003 4315 1059 4358; x_wconf 91' lang='lat' dir='ltr'><strong>et</strong></span> <span class='ocrx_word' id='word_1_352' title='bbox 1104 4305 1564 4365; x_wconf 88' lang='lat' dir='ltr'><strong>benedictionibus</strong></span> <span class='ocrx_word' id='word_1_353' title='bbox 1607 4312 1949 4372; x_wconf 87' lang='lat' dir='ltr'><strong>concordiam</strong></span> 
     </span>
    </p>
   </div>
   <div class='ocr_carea' id='block_1_45' title="bbox 353 4383 1950 4471">
    <p class='ocr_par' dir='ltr' id='par_1_45' title="bbox 353 4383 1950 4471">
     <span class='ocr_line' id='line_1_45' title="bbox 353 4383 1950 4471; baseline 0.013 -34"><span class='ocrx_word' id='word_1_354' title='bbox 353 4383 587 4456; x_wconf 80' lang='lat' dir='ltr'><strong>conjugii</strong></span> <span class='ocrx_word' id='word_1_355' title='bbox 614 4390 986 4462; x_wconf 78' lang='lat' dir='ltr'><strong>constringere</strong></span> <span class='ocrx_word' id='word_1_356' title='bbox 1020 4410 1032 4445; x_wconf 91' lang='lat'>:</span> <span class='ocrx_word' id='word_1_357' title='bbox 1067 4402 1126 4448; x_wconf 91' lang='lat' dir='ltr'><strong>ut</strong></span> <span class='ocrx_word' id='word_1_358' title='bbox 1171 4409 1324 4450; x_wconf 87' lang='lat' dir='ltr'><strong>amor</strong></span> <span class='ocrx_word' id='word_1_359' title='bbox 1358 4399 1540 4468; x_wconf 90' lang='lat' dir='ltr'><strong>sponsi</strong></span> <span class='ocrx_word' id='word_1_360' title='bbox 1566 4411 1823 4471; x_wconf 80' lang='lat' dir='ltr'><strong>augeatur</strong></span> <span class='ocrx_word' id='word_1_361' title='bbox 1847 4443 1862 4468; x_wconf 91' lang='lat'><strong>,</strong></span> <span class='ocrx_word' id='word_1_362' title='bbox 1895 4413 1950 4460; x_wconf 93' lang='lat' dir='ltr'><strong>et</strong></span> 
     </span>
    </p>
   </div>
   <div class='ocr_carea' id='block_1_46' title="bbox 349 4478 1948 4562">
    <p class='ocr_par' dir='ltr' id='par_1_46' title="bbox 349 4478 1948 4562">
     <span class='ocr_line' id='line_1_46' title="bbox 349 4478 1948 4562; baseline 0.014 -33"><span class='ocrx_word' id='word_1_363' title='bbox 349 4478 549 4545; x_wconf 82' lang='lat' dir='ltr'><strong>puellae</strong></span> <span class='ocrx_word' id='word_1_364' title='bbox 593 4482 923 4539; x_wconf 88' lang='lat' dir='ltr'><strong>continentia</strong></span> <span class='ocrx_word' id='word_1_365' title='bbox 957 4497 1184 4556; x_wconf 86' lang='lat' dir='ltr'><strong>crescat,</strong></span> <span class='ocrx_word' id='word_1_366' title='bbox 1232 4498 1286 4544; x_wconf 88' lang='lat' dir='ltr'><strong>et</strong></span> <span class='ocrx_word' id='word_1_367' title='bbox 1310 4491 1489 4546; x_wconf 92' lang='lat' dir='ltr'><strong>omnia</strong></span> <span class='ocrx_word' id='word_1_368' title='bbox 1536 4509 1657 4562; x_wconf 82' lang='lat' dir='ltr'><strong>quae</strong></span> <span class='ocrx_word' id='word_1_369' title='bbox 1698 4493 1832 4549; x_wconf 82' lang='lat' dir='ltr'><strong>ﬁunt</strong></span> <span class='ocrx_word' id='word_1_370' title='bbox 1882 4509 1948 4551; x_wconf 88' lang='lat' dir='ltr'><strong>eo</strong></span> 
     </span>
    </p>
   </div>
   <div class='ocr_carea' id='block_1_47' title="bbox 347 4575 1946 4651">
    <p class='ocr_par' dir='ltr' id='par_1_47' title="bbox 347 4575 1946 4651">
     <span class='ocr_line' id='line_1_47' title="bbox 347 4575 1946 4651; baseline 0.013 -28"><span class='ocrx_word' id='word_1_371' title='bbox 347 4579 598 4637; x_wconf 82' lang='lat' dir='ltr'><strong>spectent</strong></span> <span class='ocrx_word' id='word_1_372' title='bbox 619 4582 676 4628; x_wconf 91' lang='lat' dir='ltr'><strong>ut</strong></span> <span class='ocrx_word' id='word_1_373' title='bbox 701 4575 912 4632; x_wconf 89' lang='lat' dir='ltr'><strong>virtutis</strong></span> <span class='ocrx_word' id='word_1_374' title='bbox 941 4593 1103 4648; x_wconf 89' lang='lat' dir='ltr'><strong>opera</strong></span> <span class='ocrx_word' id='word_1_375' title='bbox 1129 4580 1496 4651; x_wconf 81' lang='lat' dir='ltr'><strong>ingrediantur</strong></span> <span class='ocrx_word' id='word_1_376' title='bbox 1531 4584 1584 4639; x_wconf 88' lang='lat' dir='ltr'><strong>in</strong></span> <span class='ocrx_word' id='word_1_377' title='bbox 1630 4585 1850 4643; x_wconf 89' lang='lat' dir='ltr'><strong>domum</strong></span> <span class='ocrx_word' id='word_1_378' title='bbox 1879 4587 1946 4642; x_wconf 87' lang='lat' dir='ltr'><strong>il-</strong></span> 
     </span>
    </p>
   </div>
   <div class='ocr_carea' id='block_1_48' title="bbox 353 4657 1946 4744">
    <p class='ocr_par' dir='ltr' id='par_1_48' title="bbox 353 4657 1946 4744">
     <span class='ocr_line' id='line_1_48' title="bbox 353 4657 1946 4744; baseline 0.014 -32"><span class='ocrx_word' id='word_1_379' title='bbox 353 4657 483 4728; x_wconf 77' lang='lat' dir='ltr'><strong>lam,</strong></span> <span class='ocrx_word' id='word_1_380' title='bbox 517 4662 871 4736; x_wconf 89' lang='lat' dir='ltr'><strong>tollanturque</strong></span> <span class='ocrx_word' id='word_1_381' title='bbox 899 4684 930 4724; x_wconf 91' lang='lat' dir='ltr'><strong>c</strong></span> <span class='ocrx_word' id='word_1_382' title='bbox 957 4671 1138 4726; x_wconf 90' lang='lat' dir='ltr'><strong>medio</strong></span> <span class='ocrx_word' id='word_1_383' title='bbox 1163 4687 1351 4730; x_wconf 89' lang='lat' dir='ltr'><strong>omnes</strong></span> <span class='ocrx_word' id='word_1_384' title='bbox 1378 4675 1574 4732; x_wconf 86' lang='lat' dir='ltr'><strong>diaboli</strong></span> <span class='ocrx_word' id='word_1_385' title='bbox 1611 4678 1816 4735; x_wconf 69' lang='lat' dir='ltr'><strong>insidiae</strong></span> <span class='ocrx_word' id='word_1_386' title='bbox 1839 4720 1854 4744; x_wconf 92' lang='lat'><strong>,</strong></span> <span class='ocrx_word' id='word_1_387' title='bbox 1890 4689 1946 4736; x_wconf 91' lang='lat' dir='ltr'><strong>et</strong></span> 
     </span>
    </p>
   </div>
   <div class='ocr_carea' id='block_1_49' title="bbox 345 4750 1943 4843">
    <p class='ocr_par' dir='ltr' id='par_1_49' title="bbox 345 4750 1943 4843">
     <span class='ocr_line' id='line_1_49' title="bbox 345 4750 1943 4843; baseline 0.016 -39"><span class='ocrx_word' id='word_1_388' title='bbox 345 4750 454 4820; x_wconf 78' lang='lat' dir='ltr'><strong>ipsi</strong></span> <span class='ocrx_word' id='word_1_389' title='bbox 485 4751 580 4806; x_wconf 89' lang='lat' dir='ltr'><strong>Dei</strong></span> <span class='ocrx_word' id='word_1_390' title='bbox 607 4755 804 4812; x_wconf 78' lang='lat' dir='ltr'><strong>attxilio</strong></span> <span class='ocrx_word' id='word_1_391' title='bbox 834 4761 1241 4831; x_wconf 66' lang='lat' dir='ltr'><strong>uniti&#39;jucunde</strong></span> <span class='ocrx_word' id='word_1_392' title='bbox 1279 4767 1443 4822; x_wconf 86' lang='lat' dir='ltr'><strong>vitam</strong></span> <span class='ocrx_word' id='word_1_393' title='bbox 1487 4770 1770 4839; x_wconf 89' lang='lat' dir='ltr'><strong>perficiant</strong></span> <span class='ocrx_word' id='word_1_394' title='bbox 1797 4791 1812 4828; x_wconf 91' lang='lat'><strong>:</strong></span> <span class='ocrx_word' id='word_1_395' title='bbox 1837 4789 1943 4843; x_wconf 91' lang='lat' dir='ltr'><strong>quo</strong></span> 
     </span>
    </p>
   </div>
   <div class='ocr_carea' id='block_1_50' title="bbox 354 4839 1942 4933">
    <p class='ocr_par' dir='ltr' id='par_1_50' title="bbox 354 4839 1942 4933">
     <span class='ocr_line' id='line_1_50' title="bbox 354 4839 1942 4933; baseline 0.017 -39"><span class='ocrx_word' id='word_1_396' title='bbox 354 4839 512 4897; x_wconf 78' lang='lat' dir='ltr'><strong>nobis</strong></span> <span class='ocrx_word' id='word_1_397' title='bbox 534 4846 790 4903; x_wconf 84' lang='lat' dir='ltr'><strong>omnibus</strong></span> <span class='ocrx_word' id='word_1_398' title='bbox 817 4848 918 4904; x_wconf 77' lang='lat' dir='ltr'><strong>frui</strong></span> <span class='ocrx_word' id='word_1_399' title='bbox 950 4851 1140 4922; x_wconf 88' lang='lat' dir='ltr'><strong>detur,</strong></span> <span class='ocrx_word' id='word_1_400' title='bbox 1171 4857 1340 4926; x_wconf 84' lang='lat' dir='ltr'><strong>gratia</strong></span> <span class='ocrx_word' id='word_1_401' title='bbox 1369 4866 1425 4914; x_wconf 87' lang='lat' dir='ltr'><strong>et</strong></span> <span class='ocrx_word' id='word_1_402' title='bbox 1471 4859 1795 4933; x_wconf 78' lang='lat' dir='ltr'><strong>benignitate</strong></span> <span class='ocrx_word' id='word_1_403' title='bbox 1833 4839 1942 4920; x_wconf 87' lang='lat' dir='ltr'><strong>Do-</strong></span> 
     </span>
    </p>
   </div>
   <div class='ocr_carea' id='block_1_51' title="bbox 351 4934 1941 5025">
    <p class='ocr_par' dir='ltr' id='par_1_51' title="bbox 351 4934 1941 5025">
     <span class='ocr_line' id='line_1_51' title="bbox 351 4934 1941 5025; baseline 0.014 -36"><span class='ocrx_word' id='word_1_404' title='bbox 351 4934 481 4990; x_wconf 88' lang='lat' dir='ltr'><strong>mini</strong></span> <span class='ocrx_word' id='word_1_405' title='bbox 525 4938 696 4994; x_wconf 86' lang='lat' dir='ltr'><strong>nostri</strong></span> <span class='ocrx_word' id='word_1_406' title='bbox 720 4938 855 4996; x_wconf 84' lang='lat' dir='ltr'><strong>Jesu</strong></span> <span class='ocrx_word' id='word_1_407' title='bbox 899 4940 1130 5013; x_wconf 83' lang='lat' dir='ltr'><strong>Christi,</strong></span> <span class='ocrx_word' id='word_1_408' title='bbox 1158 4948 1243 5002; x_wconf 90' lang='lat' dir='ltr'><strong>cui</strong></span> <span class='ocrx_word' id='word_1_409' title='bbox 1268 4964 1390 5004; x_wconf 87' lang='lat' dir='ltr'><strong>cum</strong></span> <span class='ocrx_word' id='word_1_410' title='bbox 1423 4950 1581 5007; x_wconf 80' lang='lat' dir='ltr'><strong>Patre</strong></span> <span class='ocrx_word' id='word_1_411' title='bbox 1644 4963 1697 5010; x_wconf 89' lang='lat' dir='ltr'><strong>ct</strong></span> <span class='ocrx_word' id='word_1_412' title='bbox 1740 4955 1941 5025; x_wconf 91' lang='lat' dir='ltr'><strong>Spiritu</strong></span> 
     </span>
    </p>
   </div>
   <div class='ocr_carea' id='block_1_52' title="bbox 348 5026 1937 5117">
    <p class='ocr_par' dir='ltr' id='par_1_52' title="bbox 348 5026 1937 5117">
     <span class='ocr_line' id='line_1_52' title="bbox 348 5026 1937 5117; baseline 0.016 -40"><span class='ocrx_word' id='word_1_413' title='bbox 348 5034 535 5082; x_wconf 85' lang='lat' dir='ltr'><strong>sancto</strong></span> <span class='ocrx_word' id='word_1_414' title='bbox 563 5026 633 5082; x_wconf 86' lang='lat' dir='ltr'><strong>sit</strong></span> <span class='ocrx_word' id='word_1_415' title='bbox 671 5029 861 5099; x_wconf 78' lang='lat' dir='ltr'><strong>gloria,</strong></span> <span class='ocrx_word' id='word_1_416' title='bbox 889 5042 1129 5102; x_wconf 81' lang='lat' dir='ltr'><strong>potestas</strong></span> <span class='ocrx_word' id='word_1_417' title='bbox 1154 5046 1210 5092; x_wconf 89' lang='lat' dir='ltr'><strong>et</strong></span> <span class='ocrx_word' id='word_1_418' title='bbox 1241 5037 1434 5108; x_wconf 90' lang='lat' dir='ltr'><strong>honor,</strong></span> <span class='ocrx_word' id='word_1_419' title='bbox 1461 5057 1606 5098; x_wconf 91' lang='lat' dir='ltr'><strong>nunc</strong></span> <span class='ocrx_word' id='word_1_420' title='bbox 1624 5054 1678 5099; x_wconf 92' lang='lat' dir='ltr'><strong>et</strong></span> <span class='ocrx_word' id='word_1_421' title='bbox 1703 5061 1937 5117; x_wconf 88' lang='lat' dir='ltr'><strong>semper,</strong></span> 
     </span>
    </p>
   </div>
   <div class='ocr_carea' id='block_1_53' title="bbox 349 5119 1298 5186">
    <p class='ocr_par' dir='ltr' id='par_1_53' title="bbox 349 5119 1298 5186">
     <span class='ocr_line' id='line_1_53' title="bbox 349 5119 1298 5186; baseline 0.012 -14"><span class='ocrx_word' id='word_1_422' title='bbox 349 5125 404 5172; x_wconf 85' lang='lat' dir='ltr'><strong>et</strong></span> <span class='ocrx_word' id='word_1_423' title='bbox 423 5119 483 5174; x_wconf 82' lang='lat' dir='ltr'><strong>in</strong></span> <span class='ocrx_word' id='word_1_424' title='bbox 499 5121 705 5177; x_wconf 72' lang='lat' dir='ltr'><strong>stccula</strong></span> <span class='ocrx_word' id='word_1_425' title='bbox 728 5125 1072 5181; x_wconf 68' lang='lat' dir='ltr'><strong>saeculorum.</strong></span> <span class='ocrx_word' id='word_1_426' title='bbox 1107 5128 1298 5186; x_wconf 84' lang='lat' dir='ltr'><strong>Amen.</strong></span> 
     </span>
    </p>
   </div>
   <div class='ocr_carea' id='block_1_54' title="bbox 880 5216 1404 5278">
    <p class='ocr_par' dir='ltr' id='par_1_54' title="bbox 880 5216 1404 5278">
     <span class='ocr_line' id='line_1_54' title="bbox 880 5216 1404 5278; baseline 0.013 -7"><span class='ocrx_word' id='word_1_427' title='bbox 880 5216 1162 5275; x_wconf 76' lang='lat' dir='ltr'><strong>IlOMlLlA</strong></span> <span class='ocrx_word' id='word_1_428' title='bbox 1215 5221 1404 5278; x_wconf 81' lang='lat' dir='ltr'><strong>XLIX.</strong></span> 
     </span>
    </p>
   </div>
   <div class='ocr_carea' id='block_1_55' title="bbox 456 5300 1797 5386">
    <p class='ocr_par' dir='ltr' id='par_1_55' title="bbox 456 5300 1797 5386">
     <span class='ocr_line' id='line_1_55' title="bbox 456 5300 1797 5386; baseline 0.013 -32"><span class='ocrx_word' id='word_1_429' title='bbox 456 5300 556 5356; x_wconf 69' lang='lat' dir='ltr'><strong>Ila:</strong></span> <span class='ocrx_word' id='word_1_430' title='bbox 579 5314 744 5360; x_wconf 88' lang='lat' dir='ltr'><strong>autem</strong></span> <span class='ocrx_word' id='word_1_431' title='bbox 771 5317 888 5386; x_wconf 73' lang='lat' dir='ltr'><strong>sunt</strong></span> <span class='ocrx_word' id='word_1_432' title='bbox 912 5314 1278 5386; x_wconf 67' lang='lat' dir='ltr'><strong>generationes,</strong></span> <span class='ocrx_word' id='word_1_433' title='bbox 1303 5315 1494 5386; x_wconf 86' lang='lat' dir='ltr'><strong>inquit,</strong></span> <span class='ocrx_word' id='word_1_434' title='bbox 1523 5316 1679 5370; x_wconf 84' lang='lat' dir='ltr'><strong>Isaac</strong></span> <span class='ocrx_word' id='word_1_435' title='bbox 1697 5317 1797 5386; x_wconf 78' lang='lat' dir='ltr'><strong>ﬁlii</strong></span> 
     </span>
    </p>
   </div>
   <div class='ocr_carea' id='block_1_56' title="bbox 794 5380 1485 5456">
    <p class='ocr_par' dir='ltr' id='par_1_56' title="bbox 794 5380 1485 5456">
     <span class='ocr_line' id='line_1_56' title="bbox 794 5380 1485 5456; baseline 0.013 -25"><span class='ocrx_word' id='word_1_436' title='bbox 794 5380 1052 5434; x_wconf 76' lang='lat' dir='ltr'><strong>Abraham</strong></span> <span class='ocrx_word' id='word_1_437' title='bbox 1079 5381 1230 5452; x_wconf 79' lang='lat' dir='ltr'><strong>(Gen.</strong></span> <span class='ocrx_word' id='word_1_438' title='bbox 1253 5383 1346 5438; x_wconf 73' lang='lat'><strong>‘25.</strong></span> <span class='ocrx_word' id='word_1_439' title='bbox 1375 5380 1485 5456; x_wconf 48' lang='lat'><strong>&#39;19).</strong></span> 
     </span>
    </p>
   </div>
   <div class='ocr_carea' id='block_1_57' title="bbox 421 5462 1932 5548">
    <p class='ocr_par' dir='ltr' id='par_1_57' title="bbox 421 5462 1932 5548">
     <span class='ocr_line' id='line_1_57' title="bbox 421 5462 1932 5548; baseline 0.013 -33"><span class='ocrx_word' id='word_1_440' title='bbox 421 5463 475 5516; x_wconf 83' lang='grc'><strong>1.</strong></span> <span class='ocrx_word' id='word_1_441' title='bbox 515 5462 709 5519; x_wconf 88' lang='lat' dir='ltr'><strong>lterum</strong></span> <span class='ocrx_word' id='word_1_442' title='bbox 737 5483 832 5522; x_wconf 87' lang='lat' dir='ltr'><strong>vos</strong></span> <span class='ocrx_word' id='word_1_443' title='bbox 858 5470 924 5525; x_wconf 80' lang='lat' dir='ltr'><strong>ad</strong></span> <span class='ocrx_word' id='word_1_444' title='bbox 954 5484 1268 5529; x_wconf 89' lang='lat' dir='ltr'><strong>consuetam</strong></span> <span class='ocrx_word' id='word_1_445' title='bbox 1297 5490 1536 5531; x_wconf 89' lang='lat' dir='ltr'><strong>mensam</strong></span> <span class='ocrx_word' id='word_1_446' title='bbox 1558 5477 1755 5534; x_wconf 88' lang='lat' dir='ltr'><strong>ducere</strong></span> <span class='ocrx_word' id='word_1_447' title='bbox 1790 5480 1932 5548; x_wconf 88' lang='lat' dir='ltr'><strong>volo,</strong></span> 
     </span>
    </p>
   </div>
   <div class='ocr_carea' id='block_1_58' title="bbox 349 5557 1937 5638">
    <p class='ocr_par' dir='ltr' id='par_1_58' title="bbox 349 5557 1937 5638">
     <span class='ocr_line' id='line_1_58' title="bbox 349 5557 1937 5638; baseline 0.014 -32"><span class='ocrx_word' id='word_1_448' title='bbox 349 5562 404 5606; x_wconf 77' lang='lat' dir='ltr'><strong>et</strong></span> <span class='ocrx_word' id='word_1_449' title='bbox 433 5569 498 5607; x_wconf 81' lang='lat' dir='ltr'><strong>ex</strong></span> <span class='ocrx_word' id='word_1_450' title='bbox 522 5557 696 5611; x_wconf 83' lang='lat' dir='ltr'><strong>verbis</strong></span> <span class='ocrx_word' id='word_1_451' title='bbox 725 5557 885 5613; x_wconf 81' lang='lat' dir='ltr'><strong>Musis</strong></span> <span class='ocrx_word' id='word_1_452' title='bbox 911 5565 1212 5620; x_wconf 77' lang='lat' dir='ltr'><strong>convivium</strong></span> <span class='ocrx_word' id='word_1_453' title='bbox 1241 5582 1564 5638; x_wconf 90' lang='lat' dir='ltr'><strong>proponere,</strong></span> <span class='ocrx_word' id='word_1_454' title='bbox 1595 5571 1703 5626; x_wconf 92' lang='lat' dir='ltr'><strong>imo</strong></span> <span class='ocrx_word' id='word_1_455' title='bbox 1726 5588 1791 5627; x_wconf 83' lang='lat' dir='ltr'><strong>ex</strong></span> <span class='ocrx_word' id='word_1_456' title='bbox 1817 5589 1937 5629; x_wconf 80' lang='lat' dir='ltr'><strong>ver-</strong></span> 
     </span>
    </p>
   </div>
   <div class='ocr_carea' id='block_1_59' title="bbox 347 5644 1934 5730">
    <p class='ocr_par' dir='ltr' id='par_1_59' title="bbox 347 5644 1934 5730">
     <span class='ocr_line' id='line_1_59' title="bbox 347 5644 1934 5730; baseline 0.015 -32"><span class='ocrx_word' id='word_1_457' title='bbox 347 5644 428 5698; x_wconf 85' lang='lat' dir='ltr'><strong>bis</strong></span> <span class='ocrx_word' id='word_1_458' title='bbox 453 5649 619 5700; x_wconf 87' lang='lat' dir='ltr'><strong>sancti</strong></span> <span class='ocrx_word' id='word_1_459' title='bbox 647 5649 892 5716; x_wconf 84' lang='lat' dir='ltr'><strong>Spiritus.</strong></span> <span class='ocrx_word' id='word_1_460' title='bbox 923 5653 1105 5724; x_wconf 82' lang='lat' dir='ltr'><strong>Neque</strong></span> <span class='ocrx_word' id='word_1_461' title='bbox 1154 5659 1296 5712; x_wconf 91' lang='lat' dir='ltr'><strong>enim</strong></span> <span class='ocrx_word' id='word_1_462' title='bbox 1338 5676 1368 5715; x_wconf 93' lang='lat' dir='ltr'><strong>a</strong></span> <span class='ocrx_word' id='word_1_463' title='bbox 1394 5662 1571 5730; x_wconf 87' lang='lat' dir='ltr'><strong>seipso</strong></span> <span class='ocrx_word' id='word_1_464' title='bbox 1613 5663 1789 5720; x_wconf 82' lang='lat' dir='ltr'><strong>Moses</strong></span> <span class='ocrx_word' id='word_1_465' title='bbox 1819 5664 1934 5722; x_wconf 75' lang='lat' dir='ltr'><strong>hmo</strong></span> 
     </span>
    </p>
   </div>
   <div class='ocr_carea' id='block_1_60' title="bbox 348 5736 1930 5822">
    <p class='ocr_par' dir='ltr' id='par_1_60' title="bbox 348 5736 1930 5822">
     <span class='ocr_line' id='line_1_60' title="bbox 348 5736 1930 5822; baseline 0.015 -30"><span class='ocrx_word' id='word_1_466' title='bbox 348 5736 508 5793; x_wconf 86' lang='lat' dir='ltr'><strong>nobis</strong></span> <span class='ocrx_word' id='word_1_467' title='bbox 523 5741 784 5810; x_wconf 76' lang='lat' dir='ltr'><strong>exposuit,</strong></span> <span class='ocrx_word' id='word_1_468' title='bbox 811 5743 903 5799; x_wconf 89' lang='lat' dir='ltr'><strong>sed</strong></span> <span class='ocrx_word' id='word_1_469' title='bbox 933 5744 1137 5814; x_wconf 87' lang='lat' dir='ltr'><strong>Spiritu</strong></span> <span class='ocrx_word' id='word_1_470' title='bbox 1164 5761 1346 5806; x_wconf 84' lang='lat' dir='ltr'><strong>sancto</strong></span> <span class='ocrx_word' id='word_1_471' title='bbox 1383 5753 1613 5822; x_wconf 74' lang='lat' dir='ltr'><strong>afflatus.</strong></span> <span class='ocrx_word' id='word_1_472' title='bbox 1645 5756 1930 5815; x_wconf 80' lang='lat' dir='ltr'><strong>Videamus</strong></span> 
     </span>
    </p>
   </div>
   <div class='ocr_carea' id='block_1_61' title="bbox 1103 303 2904 382">
    <p class='ocr_par' dir='ltr' id='par_1_61' title="bbox 1103 303 2904 382">
     <span class='ocr_line' id='line_1_61' title="bbox 1103 303 2904 382; baseline 0.009 -16"><span class='ocrx_word' id='word_1_473' title='bbox 1103 307 1159 366; x_wconf 89' lang='lat' dir='ltr'><strong>S.</strong></span> <span class='ocrx_word' id='word_1_474' title='bbox 1199 305 1479 365; x_wconf 71' lang='lat' dir='ltr'><strong>JOAN‘NIS</strong></span> <span class='ocrx_word' id='word_1_475' title='bbox 1509 303 1980 362; x_wconf 75' lang='lat' dir='ltr'><strong>CllRYSOSTOMI</strong></span> <span class='ocrx_word' id='word_1_476' title='bbox 2025 303 2336 366; x_wconf 63' lang='lat' dir='ltr'><strong>ARCHIEP.</strong></span> <span class='ocrx_word' id='word_1_477' title='bbox 2376 313 2904 382; x_wconf 77' lang='lat' dir='ltr'><strong>CONSTANTINOP.</strong></span> 
     </span>
    </p>
   </div>
   <div class='ocr_carea' id='block_1_62' title="bbox 3623 350 3717 408">
    <p class='ocr_par' dir='ltr' id='par_1_62' title="bbox 3623 350 3717 408">
     <span class='ocr_line' id='line_1_62' title="bbox 3623 350 3717 408; baseline 0.053 -5"><span class='ocrx_word' id='word_1_478' title='bbox 3623 350 3717 408; x_wconf 71' lang='grc' dir='ltr'><strong>ιιι</strong></span> 
     </span>
    </p>
   </div>
   <div class='ocr_carea' id='block_1_63' title="bbox 2122 424 3719 534">
    <p class='ocr_par' dir='ltr' id='par_1_63' title="bbox 2122 424 3719 534">
     <span class='ocr_line' id='line_1_63' title="bbox 2122 424 3719 534; baseline 0.03 -56"><span class='ocrx_word' id='word_1_479' title='bbox 2122 424 2285 495; x_wconf 83' lang='lat' dir='ltr'><strong>igitur</strong></span> <span class='ocrx_word' id='word_1_480' title='bbox 2303 433 2429 502; x_wconf 86' lang='lat' dir='ltr'><strong>quid</strong></span> <span class='ocrx_word' id='word_1_481' title='bbox 2453 447 2507 492; x_wconf 89' lang='lat' dir='ltr'><strong>et</strong></span> <span class='ocrx_word' id='word_1_482' title='bbox 2533 437 2691 498; x_wconf 89' lang='lat' dir='ltr'><strong>hodie</strong></span> <span class='ocrx_word' id='word_1_483' title='bbox 2721 460 2818 500; x_wconf 91' lang='lat' dir='ltr'><strong>nos</strong></span> <span class='ocrx_word' id='word_1_484' title='bbox 2837 445 3032 507; x_wconf 88' lang='lat' dir='ltr'><strong>docere</strong></span> <span class='ocrx_word' id='word_1_485' title='bbox 3057 455 3203 513; x_wconf 83' lang='lat' dir='ltr'><strong>velit.</strong></span> <span class='ocrx_word' id='word_1_486' title='bbox 3226 457 3411 534; x_wconf 83' lang='lat' dir='ltr'><strong>Neque</strong></span> <span class='ocrx_word' id='word_1_487' title='bbox 3429 466 3575 522; x_wconf 88' lang='lat' dir='ltr'><strong>enim</strong></span> <span class='ocrx_word' id='word_1_488' title='bbox 3601 477 3719 527; x_wconf 85' lang='lat' dir='ltr'><strong>sine</strong></span> 
     </span>
    </p>
   </div>
   <div class='ocr_carea' id='block_1_64' title="bbox 2116 531 3718 631">
    <p class='ocr_par' dir='ltr' id='par_1_64' title="bbox 2116 531 3718 631">
     <span class='ocr_line' id='line_1_64' title="bbox 2116 531 3718 631; baseline 0.03 -60"><span class='ocrx_word' id='word_1_489' title='bbox 2116 531 2299 589; x_wconf 79' lang='lat' dir='ltr'><strong>causa,</strong></span> <span class='ocrx_word' id='word_1_490' title='bbox 2331 539 2502 597; x_wconf 87' lang='lat' dir='ltr'><strong>neque</strong></span> <span class='ocrx_word' id='word_1_491' title='bbox 2546 531 2597 586; x_wconf 94' lang='lat' dir='ltr'><strong>in</strong></span> <span class='ocrx_word' id='word_1_492' title='bbox 2625 548 2820 592; x_wconf 86' lang='lat' dir='ltr'><strong>vanum</strong></span> <span class='ocrx_word' id='word_1_493' title='bbox 2853 540 2986 596; x_wconf 83' lang='lat' dir='ltr'><strong>vitas</strong></span> <span class='ocrx_word' id='word_1_494' title='bbox 3023 531 3339 608; x_wconf 77' lang='lat' dir='ltr'><strong>sanctorum</strong></span> <span class='ocrx_word' id='word_1_495' title='bbox 3366 557 3522 613; x_wconf 86' lang='lat' dir='ltr'><strong>nobis</strong></span> <span class='ocrx_word' id='word_1_496' title='bbox 3552 577 3718 631; x_wconf 72' lang='lat' dir='ltr'><strong>expo-</strong></span> 
     </span>
    </p>
   </div>
   <div class='ocr_carea' id='block_1_65' title="bbox 2115 610 3711 714">
    <p class='ocr_par' dir='ltr' id='par_1_65' title="bbox 2115 610 3711 714">
     <span class='ocr_line' id='line_1_65' title="bbox 2115 610 3711 714; baseline 0.033 -52"><span class='ocrx_word' id='word_1_497' title='bbox 2115 610 2230 665; x_wconf 86' lang='lat' dir='ltr'><strong>nit:</strong></span> <span class='ocrx_word' id='word_1_498' title='bbox 2261 614 2358 670; x_wconf 81' lang='lat' dir='ltr'><strong>sed</strong></span> <span class='ocrx_word' id='word_1_499' title='bbox 2399 628 2458 672; x_wconf 91' lang='lat' dir='ltr'><strong>ut</strong></span> <span class='ocrx_word' id='word_1_500' title='bbox 2485 621 2755 682; x_wconf 90' lang='lat' dir='ltr'><strong>imitemur</strong></span> <span class='ocrx_word' id='word_1_501' title='bbox 2781 645 2968 688; x_wconf 89' lang='lat' dir='ltr'><strong>eorum</strong></span> <span class='ocrx_word' id='word_1_502' title='bbox 3009 639 3291 714; x_wconf 74' lang='lat' dir='ltr'><strong>virtutem,</strong></span> <span class='ocrx_word' id='word_1_503' title='bbox 3323 657 3379 704; x_wconf 87' lang='lat' dir='ltr'><strong>et</strong></span> <span class='ocrx_word' id='word_1_504' title='bbox 3397 610 3711 714; x_wconf 72' lang='lat' dir='ltr'><strong>imitatoi&#39;es</strong></span> 
     </span>
    </p>
   </div>
   <div class='ocr_carea' id='block_1_66' title="bbox 2112 704 3708 816">
    <p class='ocr_par' dir='ltr' id='par_1_66' title="bbox 2112 704 3708 816">
     <span class='ocr_line' id='line_1_66' title="bbox 2112 704 3708 816; baseline 0.029 -59"><span class='ocrx_word' id='word_1_505' title='bbox 2112 704 2281 762; x_wconf 84' lang='lat' dir='ltr'><strong>simus</strong></span> <span class='ocrx_word' id='word_1_506' title='bbox 2303 708 2562 771; x_wconf 80' lang='lat' dir='ltr'><strong>bonorum</strong></span> <span class='ocrx_word' id='word_1_507' title='bbox 2593 734 2814 788; x_wconf 83' lang='lat' dir='ltr'><strong>Operam</strong></span> <span class='ocrx_word' id='word_1_508' title='bbox 2845 742 2962 796; x_wconf 73' lang='lat' dir='ltr'><strong>qua:</strong></span> <span class='ocrx_word' id='word_1_509' title='bbox 2995 730 3068 786; x_wconf 91' lang='lat' dir='ltr'><strong>illi</strong></span> <span class='ocrx_word' id='word_1_510' title='bbox 3109 731 3369 796; x_wconf 80' lang='lat' dir='ltr'><strong>fecerunt.</strong></span> <span class='ocrx_word' id='word_1_511' title='bbox 3398 742 3531 798; x_wconf 78' lang='lat' dir='ltr'><strong>Nam</strong></span> <span class='ocrx_word' id='word_1_512' title='bbox 3565 763 3708 816; x_wconf 87' lang='lat' dir='ltr'><strong>post-</strong></span> 
     </span>
    </p>
   </div>
   <div class='ocr_carea' id='block_1_67' title="bbox 2111 803 3710 903">
    <p class='ocr_par' dir='ltr' id='par_1_67' title="bbox 2111 803 3710 903">
     <span class='ocr_line' id='line_1_67' title="bbox 2111 803 3710 903; baseline 0.03 -54"><span class='ocrx_word' id='word_1_513' title='bbox 2111 812 2269 865; x_wconf 89' lang='lat' dir='ltr'><strong>quam</strong></span> <span class='ocrx_word' id='word_1_514' title='bbox 2299 803 2454 860; x_wconf 92' lang='lat' dir='ltr'><strong>nobis</strong></span> <span class='ocrx_word' id='word_1_515' title='bbox 2479 808 2760 880; x_wconf 80' lang='lat' dir='ltr'><strong>diligenter</strong></span> <span class='ocrx_word' id='word_1_516' title='bbox 2781 822 3015 876; x_wconf 86' lang='lat' dir='ltr'><strong>narravit</strong></span> <span class='ocrx_word' id='word_1_517' title='bbox 3034 840 3094 880; x_wconf 88' lang='lat' dir='ltr'><strong>ea</strong></span> <span class='ocrx_word' id='word_1_518' title='bbox 3123 844 3243 893; x_wconf 70' lang='lat' dir='ltr'><strong>qua:</strong></span> <span class='ocrx_word' id='word_1_519' title='bbox 3262 831 3328 886; x_wconf 88' lang='lat' dir='ltr'><strong>ad</strong></span> <span class='ocrx_word' id='word_1_520' title='bbox 3346 803 3710 903; x_wconf 67' lang='lat' dir='ltr'><strong>patriarcha&quot;:</strong></span> 
     </span>
    </p>
   </div>
   <div class='ocr_carea' id='block_1_68' title="bbox 2108 889 3708 985">
    <p class='ocr_par' dir='ltr' id='par_1_68' title="bbox 2108 889 3708 985">
     <span class='ocr_line' id='line_1_68' title="bbox 2108 889 3708 985; baseline 0.028 -43"><span class='ocrx_word' id='word_1_521' title='bbox 2108 889 2382 949; x_wconf 75' lang='lat' dir='ltr'><strong>Abraham</strong></span> <span class='ocrx_word' id='word_1_522' title='bbox 2416 900 2674 970; x_wconf 88' lang='lat' dir='ltr'><strong>attinent,</strong></span> <span class='ocrx_word' id='word_1_523' title='bbox 2701 914 2755 961; x_wconf 92' lang='lat' dir='ltr'><strong>et</strong></span> <span class='ocrx_word' id='word_1_524' title='bbox 2783 907 2961 967; x_wconf 91' lang='lat' dir='ltr'><strong>docuit</strong></span> <span class='ocrx_word' id='word_1_525' title='bbox 3001 889 3326 983; x_wconf 80' lang='lat' dir='ltr'><strong>postremum</strong></span> <span class='ocrx_word' id='word_1_526' title='bbox 3346 889 3496 981; x_wconf 78' lang='lat' dir='ltr'><strong>illius</strong></span> <span class='ocrx_word' id='word_1_527' title='bbox 3524 944 3708 985; x_wconf 86' lang='lat' dir='ltr'><strong>certa-</strong></span> 
     </span>
    </p>
   </div>
   <div class='ocr_carea' id='block_1_69' title="bbox 2107 983 3703 1086">
    <p class='ocr_par' dir='ltr' id='par_1_69' title="bbox 2107 983 3703 1086">
     <span class='ocr_line' id='line_1_69' title="bbox 2107 983 3703 1086; baseline 0.029 -55"><span class='ocrx_word' id='word_1_528' title='bbox 2107 993 2229 1034; x_wconf 88' lang='lat' dir='ltr'><strong>men</strong></span> <span class='ocrx_word' id='word_1_529' title='bbox 2269 983 2322 1037; x_wconf 90' lang='lat' dir='ltr'><strong>in</strong></span> <span class='ocrx_word' id='word_1_530' title='bbox 2349 984 2712 1049; x_wconf 80' lang='lat' dir='ltr'><strong>immolatione</strong></span> <span class='ocrx_word' id='word_1_531' title='bbox 2757 996 2870 1065; x_wconf 87' lang='lat' dir='ltr'><strong>lilii,</strong></span> <span class='ocrx_word' id='word_1_532' title='bbox 2906 1006 3244 1078; x_wconf 87' lang='lat' dir='ltr'><strong>narravitque</strong></span> <span class='ocrx_word' id='word_1_533' title='bbox 3276 1012 3378 1070; x_wconf 89' lang='lat' dir='ltr'><strong>hoc</strong></span> <span class='ocrx_word' id='word_1_534' title='bbox 3420 1019 3703 1086; x_wconf 85' lang='lat' dir='ltr'><strong>pulchrum</strong></span> 
     </span>
    </p>
   </div>
   <div class='ocr_carea' id='block_1_70' title="bbox 2105 1072 3702 1176">
    <p class='ocr_par' dir='ltr' id='par_1_70' title="bbox 2105 1072 3702 1176">
     <span class='ocr_line' id='line_1_70' title="bbox 2105 1072 3702 1176; baseline 0.028 -52"><span class='ocrx_word' id='word_1_535' title='bbox 2105 1072 2424 1131; x_wconf 89' lang='lat' dir='ltr'><strong>sacrificium</strong></span> <span class='ocrx_word' id='word_1_536' title='bbox 2448 1081 2547 1135; x_wconf 89' lang='lat' dir='ltr'><strong>etsi</strong></span> <span class='ocrx_word' id='word_1_537' title='bbox 2575 1099 2679 1139; x_wconf 92' lang='lat' dir='ltr'><strong>non</strong></span> <span class='ocrx_word' id='word_1_538' title='bbox 2701 1101 2887 1158; x_wconf 91' lang='lat' dir='ltr'><strong>opere,</strong></span> <span class='ocrx_word' id='word_1_539' title='bbox 2913 1072 3185 1154; x_wconf 80' lang='lat' dir='ltr'><strong>voluntate</strong></span> <span class='ocrx_word' id='word_1_540' title='bbox 3204 1109 3381 1160; x_wconf 89' lang='lat' dir='ltr'><strong>tamen</strong></span> <span class='ocrx_word' id='word_1_541' title='bbox 3399 1072 3702 1176; x_wconf 71' lang='lat' dir='ltr'><strong>perfectum</strong></span> 
     </span>
    </p>
   </div>
   <div class='ocr_carea' id='block_1_71' title="bbox 2104 1166 3704 1258">
    <p class='ocr_par' dir='ltr' id='par_1_71' title="bbox 2104 1166 3704 1258">
     <span class='ocr_line' id='line_1_71' title="bbox 2104 1166 3704 1258; baseline 0.027 -42"><span class='ocrx_word' id='word_1_542' title='bbox 2104 1179 2246 1232; x_wconf 78' lang='lat' dir='ltr'><strong>esse,</strong></span> <span class='ocrx_word' id='word_1_543' title='bbox 2275 1166 2540 1242; x_wconf 79' lang='lat' dir='ltr'><strong>finemque</strong></span> <span class='ocrx_word' id='word_1_544' title='bbox 2565 1175 2816 1247; x_wconf 89' lang='lat' dir='ltr'><strong>imposuit</strong></span> <span class='ocrx_word' id='word_1_545' title='bbox 2837 1187 3234 1246; x_wconf 89' lang='lat' dir='ltr'><strong>narrationibus</strong></span> <span class='ocrx_word' id='word_1_546' title='bbox 3259 1193 3367 1251; x_wconf 87' lang='lat' dir='ltr'><strong>illis</strong></span> <span class='ocrx_word' id='word_1_547' title='bbox 3443 1215 3586 1256; x_wconf 83' lang='lat' dir='ltr'><strong>nunc</strong></span> <span class='ocrx_word' id='word_1_548' title='bbox 3606 1218 3704 1258; x_wconf 81' lang='lat' dir='ltr'><strong>ex-</strong></span> 
     </span>
    </p>
   </div>
   <div class='ocr_carea' id='block_1_72' title="bbox 2103 1256 3698 1364">
    <p class='ocr_par' dir='ltr' id='par_1_72' title="bbox 2103 1256 3698 1364">
     <span class='ocr_line' id='line_1_72' title="bbox 2103 1256 3698 1364; baseline 0.028 -58"><span class='ocrx_word' id='word_1_549' title='bbox 2103 1256 2251 1324; x_wconf 88' lang='lat' dir='ltr'><strong>ponit</strong></span> <span class='ocrx_word' id='word_1_550' title='bbox 2277 1261 2431 1315; x_wconf 89' lang='lat' dir='ltr'><strong>nobis</strong></span> <span class='ocrx_word' id='word_1_551' title='bbox 2451 1279 2570 1333; x_wconf 84' lang='lat' dir='ltr'><strong>quae</strong></span> <span class='ocrx_word' id='word_1_552' title='bbox 2594 1268 2660 1322; x_wconf 88' lang='lat' dir='ltr'><strong>ad</strong></span> <span class='ocrx_word' id='word_1_553' title='bbox 2683 1268 2827 1327; x_wconf 83' lang='lat' dir='ltr'><strong>Isaac</strong></span> <span class='ocrx_word' id='word_1_554' title='bbox 2849 1277 3080 1333; x_wconf 90' lang='lat' dir='ltr'><strong>occisum</strong></span> <span class='ocrx_word' id='word_1_555' title='bbox 3103 1291 3156 1336; x_wconf 91' lang='lat' dir='ltr'><strong>et</strong></span> <span class='ocrx_word' id='word_1_556' title='bbox 3182 1299 3288 1339; x_wconf 93' lang='lat' dir='ltr'><strong>non</strong></span> <span class='ocrx_word' id='word_1_557' title='bbox 3316 1290 3551 1346; x_wconf 84' lang='lat' dir='ltr'><strong>occisum</strong></span> <span class='ocrx_word' id='word_1_558' title='bbox 3576 1309 3698 1364; x_wconf 63' lang='lat' dir='ltr'><strong>per-</strong></span> 
     </span>
    </p>
   </div>
   <div class='ocr_carea' id='block_1_73' title="bbox 2104 1347 3696 1444">
    <p class='ocr_par' dir='ltr' id='par_1_73' title="bbox 2104 1347 3696 1444">
     <span class='ocr_line' id='line_1_73' title="bbox 2104 1347 3696 1444; baseline 0.028 -45"><span class='ocrx_word' id='word_1_559' title='bbox 2104 1347 2308 1416; x_wconf 88' lang='lat' dir='ltr'><strong>tinent;</strong></span> <span class='ocrx_word' id='word_1_560' title='bbox 2341 1352 2538 1411; x_wconf 81' lang='lat' dir='ltr'><strong>factum</strong></span> <span class='ocrx_word' id='word_1_561' title='bbox 2561 1361 2702 1416; x_wconf 90' lang='lat' dir='ltr'><strong>enim</strong></span> <span class='ocrx_word' id='word_1_562' title='bbox 2748 1368 3016 1438; x_wconf 79' lang='lat' dir='ltr'><strong>:enigmati</strong></span> <span class='ocrx_word' id='word_1_563' title='bbox 3042 1375 3217 1432; x_wconf 87' lang='lat' dir='ltr'><strong>simile</strong></span> <span class='ocrx_word' id='word_1_564' title='bbox 3245 1390 3347 1434; x_wconf 91' lang='lat' dir='ltr'><strong>est.</strong></span> <span class='ocrx_word' id='word_1_565' title='bbox 3380 1385 3513 1440; x_wconf 82' lang='lat' dir='ltr'><strong>Audi</strong></span> <span class='ocrx_word' id='word_1_566' title='bbox 3551 1390 3696 1444; x_wconf 82' lang='lat' dir='ltr'><strong>enim</strong></span> 
     </span>
    </p>
   </div>
   <div class='ocr_carea' id='block_1_74' title="bbox 2101 1438 3694 1543">
    <p class='ocr_par' dir='ltr' id='par_1_74' title="bbox 2101 1438 3694 1543">
     <span class='ocr_line' id='line_1_74' title="bbox 2101 1438 3694 1543; baseline 0.028 -52"><span class='ocrx_word' id='word_1_567' title='bbox 2101 1438 2325 1497; x_wconf 79' lang='lat' dir='ltr'><strong>Paulum</strong></span> <span class='ocrx_word' id='word_1_568' title='bbox 2353 1445 2616 1506; x_wconf 88' lang='lat' dir='ltr'><strong>dicentem</strong></span> <span class='ocrx_word' id='word_1_569' title='bbox 2653 1471 2667 1506; x_wconf 91' lang='lat'><strong><em>:</em></strong></span> <span class='ocrx_word' id='word_1_570' title='bbox 2703 1454 2835 1512; x_wconf 83' lang='lat' dir='ltr'><strong>Fide</strong></span> <span class='ocrx_word' id='word_1_571' title='bbox 2863 1461 3040 1517; x_wconf 85' lang='lat' dir='ltr'><strong>obtulit</strong></span> <span class='ocrx_word' id='word_1_572' title='bbox 3071 1464 3223 1522; x_wconf 87' lang='lat' dir='ltr'><strong>Isaac</strong></span> <span class='ocrx_word' id='word_1_573' title='bbox 3251 1472 3530 1543; x_wconf 78' lang='lat' dir='ltr'><strong>Abraham,</strong></span> <span class='ocrx_word' id='word_1_574' title='bbox 3576 1497 3694 1535; x_wconf 82' lang='lat' dir='ltr'><strong>cum</strong></span> 
     </span>
    </p>
   </div>
   <div class='ocr_carea' id='block_1_75' title="bbox 2097 1540 3696 1629">
    <p class='ocr_par' dir='ltr' id='par_1_75' title="bbox 2097 1540 3696 1629">
     <span class='ocr_line' id='line_1_75' title="bbox 2097 1540 3696 1629; baseline 0.027 -46"><span class='ocrx_word' id='word_1_575' title='bbox 2097 1540 2372 1589; x_wconf 85' lang='lat' dir='ltr'><strong>tentaretur</strong></span> <span class='ocrx_word' id='word_1_576' title='bbox 2391 1555 2410 1592; x_wconf 86' lang='lat'><em>:</em></span> <span class='ocrx_word' id='word_1_577' title='bbox 2433 1550 2481 1593; x_wconf 85' lang='lat' dir='ltr'><strong>et</strong></span> <span class='ocrx_word' id='word_1_578' title='bbox 2504 1544 2816 1613; x_wconf 87' lang='lat' dir='ltr'><strong>unigenitum</strong></span> <span class='ocrx_word' id='word_1_579' title='bbox 2837 1552 3037 1622; x_wconf 83' lang='lat' dir='ltr'><strong>obtulit,</strong></span> <span class='ocrx_word' id='word_1_580' title='bbox 3056 1558 3143 1624; x_wconf 86' lang='lat' dir='ltr'><strong>qui</strong></span> <span class='ocrx_word' id='word_1_581' title='bbox 3165 1564 3523 1629; x_wconf 83' lang='lat' dir='ltr'><strong>prontissiones</strong></span> <span class='ocrx_word' id='word_1_582' title='bbox 3548 1588 3696 1625; x_wconf 81' lang='lat' dir='ltr'><strong>acce-</strong></span> 
     </span>
    </p>
   </div>
   <div class='ocr_carea' id='block_1_76' title="bbox 2096 1628 3693 1730">
    <p class='ocr_par' dir='ltr' id='par_1_76' title="bbox 2096 1628 3693 1730">
     <span class='ocr_line' id='line_1_76' title="bbox 2096 1628 3693 1730; baseline 0.028 -54"><span class='ocrx_word' id='word_1_583' title='bbox 2096 1635 2239 1730; x_wconf 60' lang='lat' dir='ltr'><strong>perat</strong></span> <span class='ocrx_word' id='word_1_584' title='bbox 2269 1628 2454 1699; x_wconf 81' lang='lat' dir='ltr'><strong>(Hebr.</strong></span> <span class='ocrx_word' id='word_1_585' title='bbox 2490 1634 2580 1690; x_wconf 87' lang='lat' dir='ltr'><strong>ll.</strong></span> <span class='ocrx_word' id='word_1_586' title='bbox 2611 1637 2721 1709; x_wconf 88' lang='lat' dir='ltr'><strong>l7).</strong></span> <span class='ocrx_word' id='word_1_587' title='bbox 2769 1641 2970 1701; x_wconf 90' lang='lat' dir='ltr'><strong>Deinde</strong></span> <span class='ocrx_word' id='word_1_588' title='bbox 3021 1657 3078 1702; x_wconf 91' lang='lat' dir='ltr'><strong>ut</strong></span> <span class='ocrx_word' id='word_1_589' title='bbox 3124 1628 3391 1713; x_wconf 86' lang='lat' dir='ltr'><strong>discamus</strong></span> <span class='ocrx_word' id='word_1_590' title='bbox 3418 1666 3693 1730; x_wconf 87' lang='lat' dir='ltr'><strong>quomodo</strong></span> 
     </span>
    </p>
   </div>
   <div class='ocr_carea' id='block_1_77' title="bbox 2095 1717 3692 1823">
    <p class='ocr_par' dir='ltr' id='par_1_77' title="bbox 2095 1717 3692 1823">
     <span class='ocr_line' id='line_1_77' title="bbox 2095 1717 3692 1823; baseline 0.025 -53"><span class='ocrx_word' id='word_1_591' title='bbox 2095 1717 2200 1773; x_wconf 88' lang='lat' dir='ltr'><strong>fide</strong></span> <span class='ocrx_word' id='word_1_592' title='bbox 2230 1720 2343 1778; x_wconf 71' lang='lat' dir='ltr'><strong>haec</strong></span> <span class='ocrx_word' id='word_1_593' title='bbox 2371 1727 2546 1782; x_wconf 90' lang='lat' dir='ltr'><strong>omnia</strong></span> <span class='ocrx_word' id='word_1_594' title='bbox 2592 1728 2791 1788; x_wconf 80' lang='lat' dir='ltr'><strong>faceret</strong></span> <span class='ocrx_word' id='word_1_595' title='bbox 2816 1779 2830 1801; x_wconf 98' lang='lat'><strong>,</strong></span> <span class='ocrx_word' id='word_1_596' title='bbox 2861 1747 2915 1792; x_wconf 84' lang='lat' dir='ltr'><strong>et</strong></span> <span class='ocrx_word' id='word_1_597' title='bbox 2943 1746 3208 1798; x_wconf 90' lang='lat' dir='ltr'><strong>contraria</strong></span> <span class='ocrx_word' id='word_1_598' title='bbox 3241 1749 3427 1806; x_wconf 84' lang='lat' dir='ltr'><strong>videns</strong></span> <span class='ocrx_word' id='word_1_599' title='bbox 3451 1758 3692 1823; x_wconf 84' lang='lat' dir='ltr'><strong>promis-</strong></span> 
     </span>
    </p>
   </div>
   <div class='ocr_carea' id='block_1_78' title="bbox 2091 1809 3687 1911">
    <p class='ocr_par' dir='ltr' id='par_1_78' title="bbox 2091 1809 3687 1911">
     <span class='ocr_line' id='line_1_78' title="bbox 2091 1809 3687 1911; baseline 0.024 -48"><span class='ocrx_word' id='word_1_600' title='bbox 2091 1809 2228 1864; x_wconf 88' lang='lat' dir='ltr'><strong>sioni</strong></span> <span class='ocrx_word' id='word_1_601' title='bbox 2257 1827 2316 1867; x_wconf 88' lang='lat' dir='ltr'><strong>ea</strong></span> <span class='ocrx_word' id='word_1_602' title='bbox 2344 1830 2463 1884; x_wconf 63' lang='lat' dir='ltr'><strong>qua}</strong></span> <span class='ocrx_word' id='word_1_603' title='bbox 2499 1819 2788 1888; x_wconf 86' lang='lat' dir='ltr'><strong>jubebatur</strong></span> <span class='ocrx_word' id='word_1_604' title='bbox 2815 1826 2988 1884; x_wconf 89' lang='lat' dir='ltr'><strong>facere</strong></span> <span class='ocrx_word' id='word_1_605' title='bbox 3007 1871 3024 1897; x_wconf 93' lang='lat'><strong>,</strong></span> <span class='ocrx_word' id='word_1_606' title='bbox 3053 1848 3157 1889; x_wconf 90' lang='lat' dir='ltr'><strong>non</strong></span> <span class='ocrx_word' id='word_1_607' title='bbox 3190 1846 3366 1894; x_wconf 88' lang='lat' dir='ltr'><strong>tamen</strong></span> <span class='ocrx_word' id='word_1_608' title='bbox 3395 1809 3687 1911; x_wconf 67' lang='lat' dir='ltr'><strong>perturba-</strong></span> 
     </span>
    </p>
   </div>
   <div class='ocr_carea' id='block_1_79' title="bbox 2089 1907 3687 2008">
    <p class='ocr_par' dir='ltr' id='par_1_79' title="bbox 2089 1907 3687 2008">
     <span class='ocr_line' id='line_1_79' title="bbox 2089 1907 3687 2008; baseline 0.026 -55"><span class='ocrx_word' id='word_1_609' title='bbox 2089 1911 2256 1967; x_wconf 85' lang='lat' dir='ltr'><strong>retur,</strong></span> <span class='ocrx_word' id='word_1_610' title='bbox 2288 1907 2500 1976; x_wconf 90' lang='lat' dir='ltr'><strong>subjicit</strong></span> <span class='ocrx_word' id='word_1_611' title='bbox 2530 1927 2542 1962; x_wconf 89' lang='lat'>:</span> <span class='ocrx_word' id='word_1_612' title='bbox 2575 1912 2724 1970; x_wconf 88' lang='lat' dir='ltr'><strong>Unde</strong></span> <span class='ocrx_word' id='word_1_613' title='bbox 2767 1917 2910 1972; x_wconf 82' lang='lat' dir='ltr'><strong>illaut</strong></span> <span class='ocrx_word' id='word_1_614' title='bbox 2964 1933 3013 1976; x_wconf 74' lang='lat' dir='ltr'><strong>et</strong></span> <span class='ocrx_word' id='word_1_615' title='bbox 3053 1925 3107 1978; x_wconf 84' lang='lat' dir='ltr'><strong>in</strong></span> <span class='ocrx_word' id='word_1_616' title='bbox 3147 1907 3446 1997; x_wconf 73' lang='lat' dir='ltr'><strong>par-abolent</strong></span> <span class='ocrx_word' id='word_1_617' title='bbox 3493 1941 3687 2008; x_wconf 81' lang='lat' dir='ltr'><strong>accepit</strong></span> 
     </span>
    </p>
   </div>
   <div class='ocr_carea' id='block_1_80' title="bbox 2088 1992 3680 2095">
    <p class='ocr_par' dir='ltr' id='par_1_80' title="bbox 2088 1992 3680 2095">
     <span class='ocr_line' id='line_1_80' title="bbox 2088 1992 3680 2095; baseline 0.024 -49"><span class='ocrx_word' id='word_1_618' title='bbox 2088 1992 2250 2063; x_wconf 86' lang='lat' dir='ltr'><strong>(Ibid.</strong></span> <span class='ocrx_word' id='word_1_619' title='bbox 2279 2014 2326 2051; x_wconf 75' lang='grc' dir='ltr'><strong>υ.</strong></span> <span class='ocrx_word' id='word_1_620' title='bbox 2366 2001 2476 2070; x_wconf 79' lang='grc'><strong>19).</strong></span> <span class='ocrx_word' id='word_1_621' title='bbox 2505 2002 2642 2069; x_wconf 87' lang='lat' dir='ltr'><strong>Quid</strong></span> <span class='ocrx_word' id='word_1_622' title='bbox 2672 2019 2772 2075; x_wconf 89' lang='lat' dir='ltr'><strong>est,</strong></span> <span class='ocrx_word' id='word_1_623' title='bbox 2799 2009 2867 2064; x_wconf 86' lang='lat' dir='ltr'><strong>Et</strong></span> <span class='ocrx_word' id='word_1_624' title='bbox 2891 2013 2941 2066; x_wconf 89' lang='lat' dir='ltr'><strong>in</strong></span> <span class='ocrx_word' id='word_1_625' title='bbox 2962 1992 3260 2084; x_wconf 40' lang='lat' dir='ltr'><strong>parabo-lant</strong></span> <span class='ocrx_word' id='word_1_626' title='bbox 3285 2027 3522 2095; x_wconf 80' lang='lat' dir='ltr'><strong>accepit?</strong></span> 
     </span>
    </p>
   </div>
   <div class='ocr_carea' id='block_1_81' title="bbox 2087 2097 3683 2194">
    <p class='ocr_par' dir='ltr' id='par_1_81' title="bbox 2087 2097 3683 2194">
     <span class='ocr_line' id='line_1_81' title="bbox 2087 2097 3683 2194; baseline 0.025 -54"><span class='ocrx_word' id='word_1_627' title='bbox 2087 2099 2364 2160; x_wconf 89' lang='lat' dir='ltr'><strong>postquam</strong></span> <span class='ocrx_word' id='word_1_628' title='bbox 2387 2111 2506 2151; x_wconf 90' lang='lat' dir='ltr'><strong>cum</strong></span> <span class='ocrx_word' id='word_1_629' title='bbox 2540 2097 2592 2152; x_wconf 92' lang='lat' dir='ltr'><strong>in</strong></span> <span class='ocrx_word' id='word_1_630' title='bbox 2623 2104 2938 2160; x_wconf 89' lang='lat' dir='ltr'><strong>sacrificium</strong></span> <span class='ocrx_word' id='word_1_631' title='bbox 2975 2108 3185 2177; x_wconf 90' lang='lat' dir='ltr'><strong>obtulit,</strong></span> <span class='ocrx_word' id='word_1_632' title='bbox 3215 2124 3270 2169; x_wconf 90' lang='lat' dir='ltr'><strong>et</strong></span> <span class='ocrx_word' id='word_1_633' title='bbox 3298 2130 3530 2174; x_wconf 89' lang='lat' dir='ltr'><strong>mentem</strong></span> <span class='ocrx_word' id='word_1_634' title='bbox 3555 2138 3683 2194; x_wconf 61' lang='lat' dir='ltr'><strong>per.</strong></span> 
     </span>
    </p>
   </div>
   <div class='ocr_carea' id='block_1_82' title="bbox 2085 2179 3678 2275">
    <p class='ocr_par' dir='ltr' id='par_1_82' title="bbox 2085 2179 3678 2275">
     <span class='ocr_line' id='line_1_82' title="bbox 2085 2179 3678 2275; baseline 0.024 -43"><span class='ocrx_word' id='word_1_635' title='bbox 2085 2179 2273 2235; x_wconf 76' lang='lat' dir='ltr'><strong>lectam</strong></span> <span class='ocrx_word' id='word_1_636' title='bbox 2301 2185 2608 2256; x_wconf 86' lang='lat' dir='ltr'><strong>declaravit,</strong></span> <span class='ocrx_word' id='word_1_637' title='bbox 2639 2193 2753 2262; x_wconf 90' lang='lat' dir='ltr'><strong>ipse</strong></span> <span class='ocrx_word' id='word_1_638' title='bbox 2781 2210 2976 2252; x_wconf 91' lang='lat' dir='ltr'><strong>corona</strong></span> <span class='ocrx_word' id='word_1_639' title='bbox 3010 2203 3286 2261; x_wconf 82' lang='lat' dir='ltr'><strong>redimitus</strong></span> <span class='ocrx_word' id='word_1_640' title='bbox 3309 2217 3412 2275; x_wconf 91' lang='lat' dir='ltr'><strong>est,</strong></span> <span class='ocrx_word' id='word_1_641' title='bbox 3441 2221 3498 2266; x_wconf 92' lang='lat' dir='ltr'><strong>et</strong></span> <span class='ocrx_word' id='word_1_642' title='bbox 3525 2179 3678 2271; x_wconf 69' lang='lat' dir='ltr'><strong>acce-</strong></span> 
     </span>
    </p>
   </div>
   <div class='ocr_carea' id='block_1_83' title="bbox 2082 2279 3678 2372">
    <p class='ocr_par' dir='ltr' id='par_1_83' title="bbox 2082 2279 3678 2372">
     <span class='ocr_line' id='line_1_83' title="bbox 2082 2279 3678 2372; baseline 0.024 -50"><span class='ocrx_word' id='word_1_643' title='bbox 2082 2282 2176 2341; x_wconf 70' lang='lat' dir='ltr'><strong>pzo</strong></span> <span class='ocrx_word' id='word_1_644' title='bbox 2210 2289 2376 2343; x_wconf 90' lang='lat' dir='ltr'><strong>puero</strong></span> <span class='ocrx_word' id='word_1_645' title='bbox 2407 2279 2579 2345; x_wconf 88' lang='lat' dir='ltr'><strong>rediit,</strong></span> <span class='ocrx_word' id='word_1_646' title='bbox 2609 2298 2675 2338; x_wconf 92' lang='lat' dir='ltr'><strong>ac</strong></span> <span class='ocrx_word' id='word_1_647' title='bbox 2711 2287 3029 2344; x_wconf 77' lang='lat' dir='ltr'><strong>sacrificium</strong></span> <span class='ocrx_word' id='word_1_648' title='bbox 3055 2307 3154 2362; x_wconf 89' lang='lat' dir='ltr'><strong>per</strong></span> <span class='ocrx_word' id='word_1_649' title='bbox 3196 2311 3352 2354; x_wconf 89' lang='lat' dir='ltr'><strong>ovem</strong></span> <span class='ocrx_word' id='word_1_650' title='bbox 3399 2301 3678 2372; x_wconf 83' lang='lat' dir='ltr'><strong>impletum</strong></span> 
     </span>
    </p>
   </div>
   <div class='ocr_carea' id='block_1_84' title="bbox 2079 2370 3673 2453">
    <p class='ocr_par' dir='ltr' id='par_1_84' title="bbox 2079 2370 3673 2453">
     <span class='ocr_line' id='line_1_84' title="bbox 2079 2370 3673 2453; baseline 0.022 -35"><span class='ocrx_word' id='word_1_651' title='bbox 2079 2373 2162 2418; x_wconf 91' lang='lat' dir='ltr'><strong>est</strong></span> <span class='ocrx_word' id='word_1_652' title='bbox 2185 2383 2200 2421; x_wconf 88' lang='lat'><strong>:</strong></span> <span class='ocrx_word' id='word_1_653' title='bbox 2230 2370 2566 2442; x_wconf 86' lang='lat' dir='ltr'><strong>ostenditque</strong></span> <span class='ocrx_word' id='word_1_654' title='bbox 2589 2390 2684 2444; x_wconf 88' lang='lat' dir='ltr'><strong>per</strong></span> <span class='ocrx_word' id='word_1_655' title='bbox 2703 2380 2880 2434; x_wconf 91' lang='lat' dir='ltr'><strong>omnia</strong></span> <span class='ocrx_word' id='word_1_656' title='bbox 2907 2384 3138 2442; x_wconf 86' lang='lat' dir='ltr'><strong>universi</strong></span> <span class='ocrx_word' id='word_1_657' title='bbox 3161 2387 3418 2447; x_wconf 88' lang='lat' dir='ltr'><strong>Conditor</strong></span> <span class='ocrx_word' id='word_1_658' title='bbox 3442 2370 3554 2451; x_wconf 75' lang='lat' dir='ltr'><strong>sum</strong></span> <span class='ocrx_word' id='word_1_659' title='bbox 3576 2398 3673 2453; x_wconf 83' lang='lat' dir='ltr'><strong>be-</strong></span> 
     </span>
    </p>
   </div>
   <div class='ocr_carea' id='block_1_85' title="bbox 2078 2457 3678 2551">
    <p class='ocr_par' dir='ltr' id='par_1_85' title="bbox 2078 2457 3678 2551">
     <span class='ocr_line' id='line_1_85' title="bbox 2078 2457 3678 2551; baseline 0.024 -42"><span class='ocrx_word' id='word_1_660' title='bbox 2078 2457 2351 2527; x_wconf 83' lang='lat' dir='ltr'><strong>nignitatis</strong></span> <span class='ocrx_word' id='word_1_661' title='bbox 2375 2466 2748 2524; x_wconf 80' lang='lat' dir='ltr'><strong>excellentiam</strong></span> <span class='ocrx_word' id='word_1_662' title='bbox 2777 2489 2792 2526; x_wconf 89' lang='lat'><strong>:</strong></span> <span class='ocrx_word' id='word_1_663' title='bbox 2815 2482 2869 2528; x_wconf 89' lang='lat' dir='ltr'><strong>et</strong></span> <span class='ocrx_word' id='word_1_664' title='bbox 2891 2490 2951 2530; x_wconf 92' lang='lat' dir='ltr'><strong>se</strong></span> <span class='ocrx_word' id='word_1_665' title='bbox 2978 2475 3080 2533; x_wconf 90' lang='lat' dir='ltr'><strong>hoc</strong></span> <span class='ocrx_word' id='word_1_666' title='bbox 3102 2479 3416 2551; x_wconf 85' lang='lat' dir='ltr'><strong>imperando</strong></span> <span class='ocrx_word' id='word_1_667' title='bbox 3443 2503 3550 2544; x_wconf 92' lang='lat' dir='ltr'><strong>non</strong></span> <span class='ocrx_word' id='word_1_668' title='bbox 3577 2505 3678 2547; x_wconf 71' lang='lat' dir='ltr'><strong>oc-</strong></span> 
     </span>
    </p>
   </div>
   <div class='ocr_carea' id='block_1_86' title="bbox 2075 2548 3670 2637">
    <p class='ocr_par' dir='ltr' id='par_1_86' title="bbox 2075 2548 3670 2637">
     <span class='ocr_line' id='line_1_86' title="bbox 2075 2548 3670 2637; baseline 0.022 -35"><span class='ocrx_word' id='word_1_669' title='bbox 2075 2548 2177 2602; x_wconf 90' lang='lat' dir='ltr'><strong>cidi</strong></span> <span class='ocrx_word' id='word_1_670' title='bbox 2214 2550 2392 2620; x_wconf 89' lang='lat' dir='ltr'><strong>lsaac,</strong></span> <span class='ocrx_word' id='word_1_671' title='bbox 2424 2555 2518 2610; x_wconf 86' lang='lat' dir='ltr'><strong>sed</strong></span> <span class='ocrx_word' id='word_1_672' title='bbox 2552 2559 2680 2628; x_wconf 87' lang='lat' dir='ltr'><strong>justi</strong></span> <span class='ocrx_word' id='word_1_673' title='bbox 2718 2576 2970 2620; x_wconf 68' lang='lat' dir='ltr'><strong>exercere</strong></span> <span class='ocrx_word' id='word_1_674' title='bbox 3002 2548 3359 2628; x_wconf 79' lang='lat' dir='ltr'><strong>obedientiam</strong></span> <span class='ocrx_word' id='word_1_675' title='bbox 3407 2577 3670 2637; x_wconf 87' lang='lat' dir='ltr'><strong>voluisse.</strong></span> 
     </span>
    </p>
   </div>
   <div class='ocr_carea' id='block_1_87' title="bbox 2076 2640 3674 2726">
    <p class='ocr_par' dir='ltr' id='par_1_87' title="bbox 2076 2640 3674 2726">
     <span class='ocr_line' id='line_1_87' title="bbox 2076 2640 3674 2726; baseline 0.019 -31"><span class='ocrx_word' id='word_1_676' title='bbox 2076 2640 2339 2698; x_wconf 67' lang='lat' dir='ltr'><strong>Caeterum</strong></span> <span class='ocrx_word' id='word_1_677' title='bbox 2366 2647 2504 2702; x_wconf 88' lang='lat' dir='ltr'><strong>sicut</strong></span> <span class='ocrx_word' id='word_1_678' title='bbox 2531 2650 2757 2708; x_wconf 88' lang='lat' dir='ltr'><strong>vidimus</strong></span> <span class='ocrx_word' id='word_1_679' title='bbox 2787 2658 3105 2725; x_wconf 76' lang='lat' dir='ltr'><strong>patriarcha:</strong></span> <span class='ocrx_word' id='word_1_680' title='bbox 3135 2664 3382 2720; x_wconf 88' lang='lat' dir='ltr'><strong>virtutem</strong></span> <span class='ocrx_word' id='word_1_681' title='bbox 3419 2669 3471 2722; x_wconf 91' lang='lat' dir='ltr'><strong>in</strong></span> <span class='ocrx_word' id='word_1_682' title='bbox 3495 2673 3674 2726; x_wconf 87' lang='lat' dir='ltr'><strong>omni-</strong></span> 
     </span>
    </p>
   </div>
   <div class='ocr_carea' id='block_1_88' title="bbox 2076 2729 3668 2817">
    <p class='ocr_par' dir='ltr' id='par_1_88' title="bbox 2076 2729 3668 2817">
     <span class='ocr_line' id='line_1_88' title="bbox 2076 2729 3668 2817; baseline 0.022 -34"><span class='ocrx_word' id='word_1_683' title='bbox 2076 2729 2171 2786; x_wconf 87' lang='lat' dir='ltr'><strong>bus</strong></span> <span class='ocrx_word' id='word_1_684' title='bbox 2196 2735 2520 2793; x_wconf 89' lang='lat' dir='ltr'><strong>relucentem</strong></span> <span class='ocrx_word' id='word_1_685' title='bbox 2551 2757 2700 2812; x_wconf 84' lang='lat' dir='ltr'><strong>:age,</strong></span> <span class='ocrx_word' id='word_1_686' title='bbox 2731 2754 2784 2800; x_wconf 90' lang='lat' dir='ltr'><strong>et</strong></span> <span class='ocrx_word' id='word_1_687' title='bbox 2810 2763 2928 2817; x_wconf 75' lang='lat' dir='ltr'><strong>qua:</strong></span> <span class='ocrx_word' id='word_1_688' title='bbox 2959 2749 3027 2806; x_wconf 91' lang='lat' dir='ltr'><strong>de</strong></span> <span class='ocrx_word' id='word_1_689' title='bbox 3066 2750 3213 2808; x_wconf 86' lang='lat' dir='ltr'><strong>lsaac</strong></span> <span class='ocrx_word' id='word_1_690' title='bbox 3238 2755 3376 2810; x_wconf 91' lang='lat' dir='ltr'><strong>dicta</strong></span> <span class='ocrx_word' id='word_1_691' title='bbox 3403 2770 3530 2814; x_wconf 89' lang='lat' dir='ltr'><strong>sunt</strong></span> <span class='ocrx_word' id='word_1_692' title='bbox 3564 2761 3668 2817; x_wconf 87' lang='lat' dir='ltr'><strong>ho-</strong></span> 
     </span>
    </p>
   </div>
   <div class='ocr_carea' id='block_1_89' title="bbox 2072 2823 3671 2919">
    <p class='ocr_par' dir='ltr' id='par_1_89' title="bbox 2072 2823 3671 2919">
     <span class='ocr_line' id='line_1_89' title="bbox 2072 2823 3671 2919; baseline 0.019 -41"><span class='ocrx_word' id='word_1_693' title='bbox 2072 2823 2156 2878; x_wconf 91' lang='lat' dir='ltr'><strong>die</strong></span> <span class='ocrx_word' id='word_1_694' title='bbox 2188 2825 2237 2878; x_wconf 93' lang='lat' dir='ltr'><strong>in</strong></span> <span class='ocrx_word' id='word_1_695' title='bbox 2261 2827 2493 2882; x_wconf 89' lang='lat' dir='ltr'><strong>medium</strong></span> <span class='ocrx_word' id='word_1_696' title='bbox 2521 2831 2804 2890; x_wconf 70' lang='lat' dir='ltr'><strong>afferentes</strong></span> <span class='ocrx_word' id='word_1_697' title='bbox 2823 2879 2838 2904; x_wconf 92' lang='lat'><strong>,</strong></span> <span class='ocrx_word' id='word_1_698' title='bbox 2867 2839 3142 2897; x_wconf 81' lang='lat' dir='ltr'><strong>videamus</strong></span> <span class='ocrx_word' id='word_1_699' title='bbox 3175 2847 3446 2914; x_wconf 83' lang='lat' dir='ltr'><strong>quomodo</strong></span> <span class='ocrx_word' id='word_1_700' title='bbox 3467 2861 3521 2906; x_wconf 90' lang='lat' dir='ltr'><strong>et</strong></span> <span class='ocrx_word' id='word_1_701' title='bbox 3553 2852 3671 2919; x_wconf 85' lang='lat' dir='ltr'><strong>ipse</strong></span> 
     </span>
    </p>
   </div>
   <div class='ocr_carea' id='block_1_90' title="bbox 2069 2915 3662 3009">
    <p class='ocr_par' dir='ltr' id='par_1_90' title="bbox 2069 2915 3662 3009">
     <span class='ocr_line' id='line_1_90' title="bbox 2069 2915 3662 3009; baseline 0.019 -43"><span class='ocrx_word' id='word_1_702' title='bbox 2069 2915 2212 2984; x_wconf 84' lang='lat' dir='ltr'><strong>piam</strong></span> <span class='ocrx_word' id='word_1_703' title='bbox 2246 2927 2298 2972; x_wconf 92' lang='lat' dir='ltr'><strong>et</strong></span> <span class='ocrx_word' id='word_1_704' title='bbox 2343 2919 2645 2990; x_wconf 86' lang='lat' dir='ltr'><strong>religiosam</strong></span> <span class='ocrx_word' id='word_1_705' title='bbox 2678 2937 2908 2982; x_wconf 89' lang='lat' dir='ltr'><strong>mentem</strong></span> <span class='ocrx_word' id='word_1_706' title='bbox 2953 2931 3006 2986; x_wconf 91' lang='lat' dir='ltr'><strong>in</strong></span> <span class='ocrx_word' id='word_1_707' title='bbox 3053 2935 3300 2992; x_wconf 89' lang='lat' dir='ltr'><strong>omnibus</strong></span> <span class='ocrx_word' id='word_1_708' title='bbox 3347 2943 3662 3009; x_wconf 61' lang='lat' dir='ltr'><strong>prartulerit.</strong></span> 
     </span>
    </p>
   </div>
   <div class='ocr_carea' id='block_1_91' title="bbox 2067 3003 3662 3102">
    <p class='ocr_par' dir='ltr' id='par_1_91' title="bbox 2067 3003 3662 3102">
     <span class='ocr_line' id='line_1_91' title="bbox 2067 3003 3662 3102; baseline 0.018 -41"><span class='ocrx_word' id='word_1_709' title='bbox 2067 3003 2256 3074; x_wconf 80' lang='lat' dir='ltr'><strong>Opera.-</strong></span> <span class='ocrx_word' id='word_1_710' title='bbox 2279 3017 2453 3064; x_wconf 87' lang='lat' dir='ltr'><strong>autcm</strong></span> <span class='ocrx_word' id='word_1_711' title='bbox 2475 3014 2698 3080; x_wconf 88' lang='lat' dir='ltr'><strong>pretium</strong></span> <span class='ocrx_word' id='word_1_712' title='bbox 2719 3027 2902 3102; x_wconf 34' lang='lat' dir='ltr'><strong>estnut</strong></span> <span class='ocrx_word' id='word_1_713' title='bbox 2926 3021 3036 3093; x_wconf 85' lang='lat' dir='ltr'><strong>ipsa</strong></span> <span class='ocrx_word' id='word_1_714' title='bbox 3057 3003 3362 3098; x_wconf 44' lang='lat' dir='ltr'><strong>Seripturm&#39;</strong></span> <span class='ocrx_word' id='word_1_715' title='bbox 3379 3032 3537 3088; x_wconf 88' lang='lat' dir='ltr'><strong>verba</strong></span> <span class='ocrx_word' id='word_1_716' title='bbox 3560 3050 3662 3090; x_wconf 91' lang='lat' dir='ltr'><strong>au-</strong></span> 
     </span>
    </p>
   </div>
   <div class='ocr_carea' id='block_1_92' title="bbox 2067 3097 3660 3190">
    <p class='ocr_par' dir='ltr' id='par_1_92' title="bbox 2067 3097 3660 3190">
     <span class='ocr_line' id='line_1_92' title="bbox 2067 3097 3660 3190; baseline 0.018 -37"><span class='ocrx_word' id='word_1_717' title='bbox 2067 3097 2296 3158; x_wconf 86' lang='lat' dir='ltr'><strong>diamus.</strong></span> <span class='ocrx_word' id='word_1_718' title='bbox 2323 3103 2412 3158; x_wconf 78' lang='lat'><strong>~19.</strong></span> <span class='ocrx_word' id='word_1_719' title='bbox 2439 3104 2538 3160; x_wconf 75' lang='lat' dir='ltr'><strong>Ha:</strong></span> <span class='ocrx_word' id='word_1_720' title='bbox 2563 3120 2728 3164; x_wconf 85' lang='lat' dir='ltr'><strong>autem</strong></span> <span class='ocrx_word' id='word_1_721' title='bbox 2753 3097 2887 3177; x_wconf 75' lang='lat' dir='ltr'><strong>sunt,</strong></span> <span class='ocrx_word' id='word_1_722' title='bbox 2923 3113 3108 3185; x_wconf 81' lang='lat' dir='ltr'><strong>inquit,</strong></span> <span class='ocrx_word' id='word_1_723' title='bbox 3127 3124 3478 3190; x_wconf 85' lang='lat' dir='ltr'><strong>generationes</strong></span> <span class='ocrx_word' id='word_1_724' title='bbox 3507 3125 3660 3182; x_wconf 82' lang='lat' dir='ltr'><strong>Isaac</strong></span> 
     </span>
    </p>
   </div>
   <div class='ocr_carea' id='block_1_93' title="bbox 2059 3190 3662 3284">
    <p class='ocr_par' dir='ltr' id='par_1_93' title="bbox 2059 3190 3662 3284">
     <span class='ocr_line' id='line_1_93' title="bbox 2059 3190 3662 3284; baseline 0.02 -42"><span class='ocrx_word' id='word_1_725' title='bbox 2059 3190 2162 3260; x_wconf 74' lang='lat' dir='ltr'><strong>ﬁlii</strong></span> <span class='ocrx_word' id='word_1_726' title='bbox 2183 3192 2414 3250; x_wconf 63' lang='grc' dir='ltr'><strong>Αἰτναίαν.</strong></span> <span class='ocrx_word' id='word_1_727' title='bbox 2444 3197 2697 3254; x_wconf 83' lang='lat' dir='ltr'><strong>Abraham</strong></span> <span class='ocrx_word' id='word_1_728' title='bbox 2717 3205 2888 3272; x_wconf 84' lang='lat' dir='ltr'><strong>genuit</strong></span> <span class='ocrx_word' id='word_1_729' title='bbox 2911 3204 3061 3262; x_wconf 78' lang='lat' dir='ltr'><strong>Isaac</strong></span> <span class='ocrx_word' id='word_1_730' title='bbox 3079 3209 3228 3282; x_wconf 79' lang='lat' dir='ltr'><strong>(Cap.</strong></span> <span class='ocrx_word' id='word_1_731' title='bbox 3253 3213 3369 3284; x_wconf 72' lang='lat'><strong>25).</strong></span> <span class='ocrx_word' id='word_1_732' title='bbox 3393 3215 3482 3272; x_wconf 73' lang='grc'><strong>20.</strong></span> <span class='ocrx_word' id='word_1_733' title='bbox 3503 3216 3662 3274; x_wconf 80' lang='lat' dir='ltr'><strong>Isaac</strong></span> 
     </span>
    </p>
   </div>
   <div class='ocr_carea' id='block_1_94' title="bbox 2061 3293 3657 3376">
    <p class='ocr_par' dir='ltr' id='par_1_94' title="bbox 2061 3293 3657 3376">
     <span class='ocr_line' id='line_1_94' title="bbox 2061 3293 3657 3376; baseline 0.021 -43"><span class='ocrx_word' id='word_1_734' title='bbox 2061 3293 2229 3337; x_wconf 86' lang='lat' dir='ltr'><strong>autem</strong></span> <span class='ocrx_word' id='word_1_735' title='bbox 2249 3299 2356 3339; x_wconf 86' lang='lat' dir='ltr'><strong>erat</strong></span> <span class='ocrx_word' id='word_1_736' title='bbox 2376 3304 2625 3344; x_wconf 84' lang='lat' dir='ltr'><strong>annorum</strong></span> <span class='ocrx_word' id='word_1_737' title='bbox 2649 3294 3002 3366; x_wconf 84' lang='lat' dir='ltr'><strong>quadraginta,</strong></span> <span class='ocrx_word' id='word_1_738' title='bbox 3024 3303 3224 3369; x_wconf 62' lang='lat' dir='ltr'><strong>(litando</strong></span> <span class='ocrx_word' id='word_1_739' title='bbox 3243 3308 3438 3376; x_wconf 71' lang='lat' dir='ltr'><strong>accepit</strong></span> <span class='ocrx_word' id='word_1_740' title='bbox 3460 3308 3657 3366; x_wconf 80' lang='lat' dir='ltr'><strong>Rebec-</strong></span> 
     </span>
    </p>
   </div>
   <div class='ocr_carea' id='block_1_95' title="bbox 2059 3375 3654 3460">
    <p class='ocr_par' dir='ltr' id='par_1_95' title="bbox 2059 3375 3654 3460">
     <span class='ocr_line' id='line_1_95' title="bbox 2059 3375 3654 3460; baseline 0.02 -35"><span class='ocrx_word' id='word_1_741' title='bbox 2059 3387 2172 3426; x_wconf 84' lang='lat' dir='ltr'><strong>cant</strong></span> <span class='ocrx_word' id='word_1_742' title='bbox 2193 3375 2353 3442; x_wconf 82' lang='lat' dir='ltr'><strong>ﬁliam</strong></span> <span class='ocrx_word' id='word_1_743' title='bbox 2368 3376 2631 3435; x_wconf 82' lang='lat' dir='ltr'><strong>But/melis</strong></span> <span class='ocrx_word' id='word_1_744' title='bbox 2657 3385 2779 3455; x_wconf 85' lang='lat' dir='ltr'><strong>Syri</strong></span> <span class='ocrx_word' id='word_1_745' title='bbox 2805 3403 2866 3440; x_wconf 79' lang='lat' dir='ltr'><strong>ea:</strong></span> <span class='ocrx_word' id='word_1_746' title='bbox 2888 3387 3276 3460; x_wconf 70' lang='lat' dir='ltr'><strong>Mempotamia,</strong></span> <span class='ocrx_word' id='word_1_747' title='bbox 3304 3375 3528 3454; x_wconf 80' lang='lat' dir='ltr'><strong>sororem</strong></span> <span class='ocrx_word' id='word_1_748' title='bbox 3548 3400 3654 3456; x_wconf 86' lang='lat' dir='ltr'><strong>La-</strong></span> 
     </span>
    </p>
   </div>
   <div class='ocr_carea' id='block_1_96' title="bbox 2061 3464 2796 3536">
    <p class='ocr_par' dir='ltr' id='par_1_96' title="bbox 2061 3464 2796 3536">
     <span class='ocr_line' id='line_1_96' title="bbox 2061 3464 2796 3536; baseline 0.014 -18"><span class='ocrx_word' id='word_1_749' title='bbox 2061 3464 2157 3518; x_wconf 87' lang='lat' dir='ltr'><strong>ban</strong></span> <span class='ocrx_word' id='word_1_750' title='bbox 2181 3464 2337 3536; x_wconf 83' lang='lat' dir='ltr'><strong>Syri,</strong></span> <span class='ocrx_word' id='word_1_751' title='bbox 2370 3470 2466 3523; x_wconf 88' lang='lat' dir='ltr'><strong>sibi</strong></span> <span class='ocrx_word' id='word_1_752' title='bbox 2494 3471 2546 3524; x_wconf 87' lang='lat' dir='ltr'><strong>in</strong></span> <span class='ocrx_word' id='word_1_753' title='bbox 2566 3489 2796 3528; x_wconf 74' lang='lat' dir='ltr'><strong>uxorem.</strong></span> 
     </span>
    </p>
   </div>
   <div class='ocr_carea' id='block_1_97' title="bbox 2131 3556 3657 3649">
    <p class='ocr_par' dir='ltr' id='par_1_97' title="bbox 2131 3556 3657 3649">
     <span class='ocr_line' id='line_1_97' title="bbox 2131 3556 3657 3649; baseline 0.018 -40"><span class='ocrx_word' id='word_1_754' title='bbox 2131 3556 2379 3628; x_wconf 71' lang='lat' dir='ltr'><strong>Exemplo</strong></span> <span class='ocrx_word' id='word_1_755' title='bbox 2409 3558 2578 3615; x_wconf 81' lang='lat' dir='ltr'><strong>Isaaci</strong></span> <span class='ocrx_word' id='word_1_756' title='bbox 2601 3576 2739 3633; x_wconf 85' lang='lat' dir='ltr'><strong>patet</strong></span> <span class='ocrx_word' id='word_1_757' title='bbox 2781 3583 2890 3624; x_wconf 88' lang='lat' dir='ltr'><strong>esse</strong></span> <span class='ocrx_word' id='word_1_758' title='bbox 2935 3575 3246 3640; x_wconf 83' lang='lat' dir='ltr'><strong>precandum</strong></span> <span class='ocrx_word' id='word_1_759' title='bbox 3271 3594 3385 3632; x_wconf 87' lang='lat' dir='ltr'><strong>cum</strong></span> <span class='ocrx_word' id='word_1_760' title='bbox 3415 3597 3657 3649; x_wconf 58' lang='lat' dir='ltr'><strong>persevev</strong></span> 
     </span>
    </p>
   </div>
   <div class='ocr_carea' id='block_1_98' title="bbox 2057 3649 3652 3740">
    <p class='ocr_par' dir='ltr' id='par_1_98' title="bbox 2057 3649 3652 3740">
     <span class='ocr_line' id='line_1_98' title="bbox 2057 3649 3652 3740; baseline 0.019 -40"><span class='ocrx_word' id='word_1_761' title='bbox 2057 3649 2246 3704; x_wconf 87' lang='lat' dir='ltr'><strong>rantia.</strong></span> <span class='ocrx_word' id='word_1_762' title='bbox 2277 3649 2396 3706; x_wconf 87' lang='lat' dir='ltr'><strong>Non</strong></span> <span class='ocrx_word' id='word_1_763' title='bbox 2423 3664 2542 3707; x_wconf 86' lang='lat' dir='ltr'><strong>sunt</strong></span> <span class='ocrx_word' id='word_1_764' title='bbox 2566 3657 2760 3712; x_wconf 86' lang='lat' dir='ltr'><strong>curiose</strong></span> <span class='ocrx_word' id='word_1_765' title='bbox 2787 3661 3084 3730; x_wconf 87' lang='lat' dir='ltr'><strong>inquirenda</strong></span> <span class='ocrx_word' id='word_1_766' title='bbox 3109 3664 3205 3720; x_wconf 80' lang='lat' dir='ltr'><strong>Dei</strong></span> <span class='ocrx_word' id='word_1_767' title='bbox 3226 3685 3398 3740; x_wconf 80' lang='lat' dir='ltr'><strong>Opera.</strong></span> <span class='ocrx_word' id='word_1_768' title='bbox 3421 3673 3652 3730; x_wconf 83' lang='lat' dir='ltr'><strong>—-Con-</strong></span> 
     </span>
    </p>
   </div>
   <div class='ocr_carea' id='block_1_99' title="bbox 2057 3737 3649 3833">
    <p class='ocr_par' dir='ltr' id='par_1_99' title="bbox 2057 3737 3649 3833">
     <span class='ocr_line' id='line_1_99' title="bbox 2057 3737 3649 3833; baseline 0.015 -41"><span class='ocrx_word' id='word_1_769' title='bbox 2057 3737 2251 3804; x_wconf 88' lang='lat' dir='ltr'><strong>sidera,</strong></span> <span class='ocrx_word' id='word_1_770' title='bbox 2275 3742 2518 3811; x_wconf 90' lang='lat' dir='ltr'><strong>obsecro,</strong></span> <span class='ocrx_word' id='word_1_771' title='bbox 2537 3744 2747 3816; x_wconf 88' lang='lat' dir='ltr'><strong>dilecte,</strong></span> <span class='ocrx_word' id='word_1_772' title='bbox 2771 3749 2962 3806; x_wconf 70' lang='lat' dir='ltr'><strong>divincc</strong></span> <span class='ocrx_word' id='word_1_773' title='bbox 2984 3737 3270 3826; x_wconf 70' lang='lat' dir='ltr'><strong>Scripturze</strong></span> <span class='ocrx_word' id='word_1_774' title='bbox 3293 3760 3649 3833; x_wconf 75' lang='lat' dir='ltr'><strong>diligentiam,</strong></span> 
     </span>
    </p>
   </div>
   <div class='ocr_carea' id='block_1_100' title="bbox 2057 3831 3651 3911">
    <p class='ocr_par' dir='ltr' id='par_1_100' title="bbox 2057 3831 3651 3911">
     <span class='ocr_line' id='line_1_100' title="bbox 2057 3831 3651 3911; baseline 0.017 -30"><span class='ocrx_word' id='word_1_775' title='bbox 2057 3831 2324 3898; x_wconf 90' lang='lat' dir='ltr'><strong>quomodo</strong></span> <span class='ocrx_word' id='word_1_776' title='bbox 2366 3834 2497 3888; x_wconf 91' lang='lat' dir='ltr'><strong>nihil</strong></span> <span class='ocrx_word' id='word_1_777' title='bbox 2544 3851 2872 3905; x_wconf 89' lang='lat' dir='ltr'><strong>supervacue</strong></span> <span class='ocrx_word' id='word_1_778' title='bbox 2915 3851 3101 3911; x_wconf 88' lang='lat' dir='ltr'><strong>ponat.</strong></span> <span class='ocrx_word' id='word_1_779' title='bbox 3147 3844 3256 3902; x_wconf 91' lang='lat' dir='ltr'><strong>Cur</strong></span> <span class='ocrx_word' id='word_1_780' title='bbox 3297 3831 3440 3904; x_wconf 87' lang='lat' dir='ltr'><strong>enim</strong></span> <span class='ocrx_word' id='word_1_781' title='bbox 3493 3853 3651 3908; x_wconf 87' lang='lat' dir='ltr'><strong>nobis</strong></span> 
     </span>
    </p>
   </div>
   <div class='ocr_carea' id='block_1_101' title="bbox 2055 3921 3650 4001">
    <p class='ocr_par' dir='ltr' id='par_1_101' title="bbox 2055 3921 3650 4001">
     <span class='ocr_line' id='line_1_101' title="bbox 2055 3921 3650 4001; baseline 0.016 -27"><span class='ocrx_word' id='word_1_782' title='bbox 2055 3929 2267 3976; x_wconf 66' lang='lat' dir='ltr'><strong>nitatem</strong></span> <span class='ocrx_word' id='word_1_783' title='bbox 2296 3921 2445 3980; x_wconf 78' lang='lat' dir='ltr'><strong>Isaac</strong></span> <span class='ocrx_word' id='word_1_784' title='bbox 2487 3927 2782 3998; x_wconf 79' lang='lat' dir='ltr'><strong>significat,</strong></span> <span class='ocrx_word' id='word_1_785' title='bbox 2829 3941 2882 3986; x_wconf 92' lang='lat' dir='ltr'><strong>et</strong></span> <span class='ocrx_word' id='word_1_786' title='bbox 2910 3933 3074 4001; x_wconf 90' lang='lat' dir='ltr'><strong>dicit,</strong></span> <span class='ocrx_word' id='word_1_787' title='bbox 3124 3936 3253 3992; x_wconf 87' lang='lat' dir='ltr'><strong>Erat</strong></span> <span class='ocrx_word' id='word_1_788' title='bbox 3285 3954 3454 3996; x_wconf 82' lang='lat' dir='ltr'><strong>autem</strong></span> <span class='ocrx_word' id='word_1_789' title='bbox 3498 3942 3650 3998; x_wconf 84' lang='lat' dir='ltr'><strong>Isaac</strong></span> 
     </span>
    </p>
   </div>
   <div class='ocr_carea' id='block_1_102' title="bbox 2053 4011 3645 4096">
    <p class='ocr_par' dir='ltr' id='par_1_102' title="bbox 2053 4011 3645 4096">
     <span class='ocr_line' id='line_1_102' title="bbox 2053 4011 3645 4096; baseline 0.017 -33"><span class='ocrx_word' id='word_1_790' title='bbox 2053 4011 2391 4085; x_wconf 85' lang='lat' dir='ltr'><strong>quadraginta</strong></span> <span class='ocrx_word' id='word_1_791' title='bbox 2417 4031 2665 4071; x_wconf 88' lang='lat' dir='ltr'><strong>annorum</strong></span> <span class='ocrx_word' id='word_1_792' title='bbox 2704 4021 2906 4090; x_wconf 85' lang='lat' dir='ltr'><strong>quando</strong></span> <span class='ocrx_word' id='word_1_793' title='bbox 2944 4029 3134 4096; x_wconf 86' lang='lat' dir='ltr'><strong>accepit</strong></span> <span class='ocrx_word' id='word_1_794' title='bbox 3174 4028 3488 4087; x_wconf 73' lang='lat' dir='ltr'><strong>Rebeccant?</strong></span> <span class='ocrx_word' id='word_1_795' title='bbox 3530 4035 3645 4090; x_wconf 84' lang='lat' dir='ltr'><strong>Non</strong></span> 
     </span>
    </p>
   </div>
   <div class='ocr_carea' id='block_1_103' title="bbox 2052 4107 3646 4197">
    <p class='ocr_par' dir='ltr' id='par_1_103' title="bbox 2052 4107 3646 4197">
     <span class='ocr_line' id='line_1_103' title="bbox 2052 4107 3646 4197; baseline 0.016 -37"><span class='ocrx_word' id='word_1_796' title='bbox 2052 4107 2252 4178; x_wconf 87' lang='lat' dir='ltr'><strong>absque</strong></span> <span class='ocrx_word' id='word_1_797' title='bbox 2280 4125 2476 4177; x_wconf 88' lang='lat' dir='ltr'><strong>causa,</strong></span> <span class='ocrx_word' id='word_1_798' title='bbox 2507 4127 2680 4184; x_wconf 89' lang='lat' dir='ltr'><strong>neque</strong></span> <span class='ocrx_word' id='word_1_799' title='bbox 2710 4124 2908 4172; x_wconf 87' lang='lat' dir='ltr'><strong>temere</strong></span> <span class='ocrx_word' id='word_1_800' title='bbox 2941 4136 2956 4172; x_wconf 90' lang='lat'><strong>:</strong></span> <span class='ocrx_word' id='word_1_801' title='bbox 2985 4120 3078 4174; x_wconf 92' lang='lat' dir='ltr'><strong>scd</strong></span> <span class='ocrx_word' id='word_1_802' title='bbox 3114 4123 3234 4192; x_wconf 92' lang='lat' dir='ltr'><strong>quia</strong></span> <span class='ocrx_word' id='word_1_803' title='bbox 3278 4125 3432 4180; x_wconf 86' lang='lat' dir='ltr'><strong>nobis</strong></span> <span class='ocrx_word' id='word_1_804' title='bbox 3457 4139 3646 4197; x_wconf 82' lang='lat' dir='ltr'><strong>postca</strong></span> 
     </span>
    </p>
   </div>
   <div class='ocr_carea' id='block_1_104' title="bbox 2051 4199 3649 4288">
    <p class='ocr_par' dir='ltr' id='par_1_104' title="bbox 2051 4199 3649 4288">
     <span class='ocr_line' id='line_1_104' title="bbox 2051 4199 3649 4288; baseline 0.014 -35"><span class='ocrx_word' id='word_1_805' title='bbox 2051 4199 2310 4256; x_wconf 74' lang='lat' dir='ltr'><strong>Rebecca:</strong></span> <span class='ocrx_word' id='word_1_806' title='bbox 2329 4205 2673 4270; x_wconf 67' lang='lat' dir='ltr'><strong>sterilitatem</strong></span> <span class='ocrx_word' id='word_1_807' title='bbox 2705 4220 3013 4264; x_wconf 87' lang='lat' dir='ltr'><strong>narraturus</strong></span> <span class='ocrx_word' id='word_1_808' title='bbox 3040 4223 3174 4277; x_wconf 90' lang='lat' dir='ltr'><strong>erat,</strong></span> <span class='ocrx_word' id='word_1_809' title='bbox 3203 4226 3257 4270; x_wconf 89' lang='lat' dir='ltr'><strong>et</strong></span> <span class='ocrx_word' id='word_1_810' title='bbox 3281 4233 3346 4271; x_wconf 78' lang='lat' dir='ltr'><strong>ex</strong></span> <span class='ocrx_word' id='word_1_811' title='bbox 3377 4222 3649 4288; x_wconf 84' lang='lat' dir='ltr'><strong>precatio-</strong></span> 
     </span>
    </p>
   </div>
   <div class='ocr_carea' id='block_1_105' title="bbox 2051 4292 3641 4382">
    <p class='ocr_par' dir='ltr' id='par_1_105' title="bbox 2051 4292 3641 4382">
     <span class='ocr_line' id='line_1_105' title="bbox 2051 4292 3641 4382; baseline 0.015 -36"><span class='ocrx_word' id='word_1_812' title='bbox 2051 4307 2120 4346; x_wconf 89' lang='lat' dir='ltr'><strong>ne</strong></span> <span class='ocrx_word' id='word_1_813' title='bbox 2159 4292 2287 4362; x_wconf 84' lang='lat' dir='ltr'><strong>justi</strong></span> <span class='ocrx_word' id='word_1_814' title='bbox 2327 4297 2752 4364; x_wconf 87' lang='lat' dir='ltr'><strong>procreationem</strong></span> <span class='ocrx_word' id='word_1_815' title='bbox 2785 4302 2948 4370; x_wconf 88' lang='lat' dir='ltr'><strong>prolis</strong></span> <span class='ocrx_word' id='word_1_816' title='bbox 2977 4302 3056 4358; x_wconf 90' lang='lat' dir='ltr'><strong>illi</strong></span> <span class='ocrx_word' id='word_1_817' title='bbox 3085 4320 3394 4364; x_wconf 89' lang='lat' dir='ltr'><strong>concessam</strong></span> <span class='ocrx_word' id='word_1_818' title='bbox 3436 4311 3600 4370; x_wconf 83' lang='lat' dir='ltr'><strong>fuisse</strong></span> <span class='ocrx_word' id='word_1_819' title='bbox 3623 4357 3641 4382; x_wconf 89' lang='lat'><strong>,</strong></span> 
     </span>
    </p>
   </div>
   <div class='ocr_carea' id='block_1_106' title="bbox 2051 4381 3644 4468">
    <p class='ocr_par' dir='ltr' id='par_1_106' title="bbox 2051 4381 3644 4468">
     <span class='ocr_line' id='line_1_106' title="bbox 2051 4381 3644 4468; baseline 0.015 -33"><span class='ocrx_word' id='word_1_820' title='bbox 2051 4381 2246 4438; x_wconf 88' lang='lat' dir='ltr'><strong>docere</strong></span> <span class='ocrx_word' id='word_1_821' title='bbox 2276 4399 2375 4439; x_wconf 89' lang='lat' dir='ltr'><strong>nos</strong></span> <span class='ocrx_word' id='word_1_822' title='bbox 2417 4386 2560 4455; x_wconf 92' lang='lat' dir='ltr'><strong>cupit</strong></span> <span class='ocrx_word' id='word_1_823' title='bbox 2610 4391 3026 4458; x_wconf 79' lang='lat' dir='ltr'><strong>magnitudinem</strong></span> <span class='ocrx_word' id='word_1_824' title='bbox 3070 4397 3338 4464; x_wconf 71' lang='lat' dir='ltr'><strong>patientim</strong></span> <span class='ocrx_word' id='word_1_825' title='bbox 3370 4399 3518 4457; x_wconf 86' lang='lat' dir='ltr'><strong>Isaac</strong></span> <span class='ocrx_word' id='word_1_826' title='bbox 3540 4444 3556 4468; x_wconf 91' lang='lat'><strong>,</strong></span> <span class='ocrx_word' id='word_1_827' title='bbox 3587 4381 3644 4460; x_wconf 83' lang='lat' dir='ltr'><strong>et</strong></span> 
     </span>
    </p>
   </div>
   <div class='ocr_carea' id='block_1_107' title="bbox 2049 4474 3644 4551">
    <p class='ocr_par' dir='ltr' id='par_1_107' title="bbox 2049 4474 3644 4551">
     <span class='ocr_line' id='line_1_107' title="bbox 2049 4474 3644 4551; baseline 0.014 -23"><span class='ocrx_word' id='word_1_828' title='bbox 2049 4474 2194 4528; x_wconf 89' lang='lat' dir='ltr'><strong>clare</strong></span> <span class='ocrx_word' id='word_1_829' title='bbox 2219 4474 2455 4531; x_wconf 88' lang='lat' dir='ltr'><strong>iudicare</strong></span> <span class='ocrx_word' id='word_1_830' title='bbox 2478 4487 2675 4546; x_wconf 91' lang='lat' dir='ltr'><strong>quanto</strong></span> <span class='ocrx_word' id='word_1_831' title='bbox 2703 4489 2942 4551; x_wconf 90' lang='lat' dir='ltr'><strong>tempore</strong></span> <span class='ocrx_word' id='word_1_832' title='bbox 2979 4483 3168 4542; x_wconf 89' lang='lat' dir='ltr'><strong>liberis</strong></span> <span class='ocrx_word' id='word_1_833' title='bbox 3193 4493 3426 4545; x_wconf 78' lang='lat' dir='ltr'><strong>caruerit</strong></span> <span class='ocrx_word' id='word_1_834' title='bbox 3455 4510 3470 4546; x_wconf 87' lang='lat'><strong>:</strong></span> <span class='ocrx_word' id='word_1_835' title='bbox 3504 4504 3562 4549; x_wconf 88' lang='lat' dir='ltr'><strong>ut</strong></span> <span class='ocrx_word' id='word_1_836' title='bbox 3587 4506 3644 4551; x_wconf 92' lang='lat' dir='ltr'><strong>ct</strong></span> 
     </span>
    </p>
   </div>
   <div class='ocr_carea' id='block_1_108' title="bbox 2049 4569 3643 4654">
    <p class='ocr_par' dir='ltr' id='par_1_108' title="bbox 2049 4569 3643 4654">
     <span class='ocr_line' id='line_1_108' title="bbox 2049 4569 3643 4654; baseline 0.013 -33"><span class='ocrx_word' id='word_1_837' title='bbox 2049 4582 2149 4622; x_wconf 91' lang='lat' dir='ltr'><strong>nos</strong></span> <span class='ocrx_word' id='word_1_838' title='bbox 2173 4569 2486 4624; x_wconf 62' lang='lat' dir='ltr'><strong>cumulantes</strong></span> <span class='ocrx_word' id='word_1_839' title='bbox 2505 4570 2729 4639; x_wconf 90' lang='lat' dir='ltr'><strong>justum,</strong></span> <span class='ocrx_word' id='word_1_840' title='bbox 2751 4574 2949 4628; x_wconf 90' lang='lat' dir='ltr'><strong>assidui</strong></span> <span class='ocrx_word' id='word_1_841' title='bbox 2975 4576 3143 4633; x_wconf 90' lang='lat' dir='ltr'><strong>simus</strong></span> <span class='ocrx_word' id='word_1_842' title='bbox 3171 4579 3221 4633; x_wconf 93' lang='lat' dir='ltr'><strong>in</strong></span> <span class='ocrx_word' id='word_1_843' title='bbox 3244 4581 3438 4638; x_wconf 89' lang='lat' dir='ltr'><strong>divinis</strong></span> <span class='ocrx_word' id='word_1_844' title='bbox 3463 4587 3643 4654; x_wconf 89' lang='lat' dir='ltr'><strong>preci-</strong></span> 
     </span>
    </p>
   </div>
   <div class='ocr_carea' id='block_1_109' title="bbox 2047 4658 3639 4747">
    <p class='ocr_par' dir='ltr' id='par_1_109' title="bbox 2047 4658 3639 4747">
     <span class='ocr_line' id='line_1_109' title="bbox 2047 4658 3639 4747; baseline 0.014 -35"><span class='ocrx_word' id='word_1_845' title='bbox 2047 4658 2168 4723; x_wconf 91' lang='lat' dir='ltr'><strong>bus,</strong></span> <span class='ocrx_word' id='word_1_846' title='bbox 2198 4658 2242 4713; x_wconf 93' lang='lat' dir='ltr'><strong>si</strong></span> <span class='ocrx_word' id='word_1_847' title='bbox 2271 4658 2484 4728; x_wconf 89' lang='lat' dir='ltr'><strong>quando</strong></span> <span class='ocrx_word' id='word_1_848' title='bbox 2503 4660 2701 4731; x_wconf 91' lang='lat' dir='ltr'><strong>aliquid</strong></span> <span class='ocrx_word' id='word_1_849' title='bbox 2728 4678 2757 4718; x_wconf 90' lang='lat' dir='ltr'><strong>a</strong></span> <span class='ocrx_word' id='word_1_850' title='bbox 2785 4663 2893 4719; x_wconf 89' lang='lat' dir='ltr'><strong>Deo</strong></span> <span class='ocrx_word' id='word_1_851' title='bbox 2916 4668 3247 4737; x_wconf 85' lang='lat' dir='ltr'><strong>petierimus.</strong></span> <span class='ocrx_word' id='word_1_852' title='bbox 3279 4673 3335 4728; x_wconf 90' lang='lat' dir='ltr'><strong>Si</strong></span> <span class='ocrx_word' id='word_1_853' title='bbox 3381 4678 3524 4731; x_wconf 87' lang='lat' dir='ltr'><strong>enim</strong></span> <span class='ocrx_word' id='word_1_854' title='bbox 3543 4678 3639 4747; x_wconf 85' lang='lat' dir='ltr'><strong>ju-</strong></span> 
     </span>
    </p>
   </div>
   <div class='ocr_carea' id='block_1_110' title="bbox 2045 4750 3640 4826">
    <p class='ocr_par' dir='ltr' id='par_1_110' title="bbox 2045 4750 3640 4826">
     <span class='ocr_line' id='line_1_110' title="bbox 2045 4750 3640 4826; baseline 0.014 -22"><span class='ocrx_word' id='word_1_855' title='bbox 2045 4758 2160 4804; x_wconf 90' lang='lat' dir='ltr'><strong>stus</strong></span> <span class='ocrx_word' id='word_1_856' title='bbox 2187 4750 2293 4816; x_wconf 88' lang='lat' dir='ltr'><strong>ille,</strong></span> <span class='ocrx_word' id='word_1_857' title='bbox 2325 4751 2396 4806; x_wconf 88' lang='lat' dir='ltr'><strong>ita</strong></span> <span class='ocrx_word' id='word_1_858' title='bbox 2423 4753 2614 4808; x_wconf 89' lang='lat' dir='ltr'><strong>virtute</strong></span> <span class='ocrx_word' id='word_1_859' title='bbox 2640 4757 2913 4824; x_wconf 73' lang='lat' dir='ltr'><strong>prmditus,</strong></span> <span class='ocrx_word' id='word_1_860' title='bbox 2938 4770 2993 4814; x_wconf 92' lang='lat' dir='ltr'><strong>et</strong></span> <span class='ocrx_word' id='word_1_861' title='bbox 3015 4771 3157 4817; x_wconf 86' lang='lat' dir='ltr'><strong>tanta</strong></span> <span class='ocrx_word' id='word_1_862' title='bbox 3187 4765 3281 4820; x_wconf 91' lang='lat' dir='ltr'><strong>Dei</strong></span> <span class='ocrx_word' id='word_1_863' title='bbox 3311 4767 3640 4826; x_wconf 82' lang='lat' dir='ltr'><strong>benevolen-</strong></span> 
     </span>
    </p>
   </div>
   <div class='ocr_carea' id='block_1_111' title="bbox 2045 4840 3636 4920">
    <p class='ocr_par' dir='ltr' id='par_1_111' title="bbox 2045 4840 3636 4920">
     <span class='ocr_line' id='line_1_111' title="bbox 2045 4840 3636 4920; baseline 0.015 -24"><span class='ocrx_word' id='word_1_864' title='bbox 2045 4842 2119 4896; x_wconf 91' lang='lat' dir='ltr'><strong>tia</strong></span> <span class='ocrx_word' id='word_1_865' title='bbox 2145 4840 2347 4910; x_wconf 77' lang='lat' dir='ltr'><strong>f‘ruens,</strong></span> <span class='ocrx_word' id='word_1_866' title='bbox 2378 4855 2574 4901; x_wconf 89' lang='lat' dir='ltr'><strong>tantam</strong></span> <span class='ocrx_word' id='word_1_867' title='bbox 2595 4863 2706 4917; x_wconf 76' lang='lat' dir='ltr'><strong>pra:</strong></span> <span class='ocrx_word' id='word_1_868' title='bbox 2728 4864 2790 4905; x_wconf 89' lang='lat' dir='ltr'><strong>se</strong></span> <span class='ocrx_word' id='word_1_869' title='bbox 2816 4851 2932 4906; x_wconf 90' lang='lat' dir='ltr'><strong>tulit</strong></span> <span class='ocrx_word' id='word_1_870' title='bbox 2959 4858 3316 4913; x_wconf 83' lang='lat' dir='ltr'><strong>constantiam</strong></span> <span class='ocrx_word' id='word_1_871' title='bbox 3339 4871 3399 4916; x_wconf 88' lang='lat' dir='ltr'><strong>et</strong></span> <span class='ocrx_word' id='word_1_872' title='bbox 3427 4871 3636 4920; x_wconf 89' lang='lat' dir='ltr'><strong>tantum</strong></span> 
     </span>
    </p>
   </div>
   <div class='ocr_carea' id='block_1_112' title="bbox 2043 4934 3641 5020">
    <p class='ocr_par' dir='ltr' id='par_1_112' title="bbox 2043 4934 3641 5020">
     <span class='ocr_line' id='line_1_112' title="bbox 2043 4934 3641 5020; baseline 0.013 -31"><span class='ocrx_word' id='word_1_873' title='bbox 2043 4934 2300 5002; x_wconf 90' lang='lat' dir='ltr'><strong>studium,</strong></span> <span class='ocrx_word' id='word_1_874' title='bbox 2346 4937 2600 4992; x_wconf 91' lang='lat' dir='ltr'><strong>continuo</strong></span> <span class='ocrx_word' id='word_1_875' title='bbox 2633 4939 2799 5003; x_wconf 90' lang='lat' dir='ltr'><strong>Deum</strong></span> <span class='ocrx_word' id='word_1_876' title='bbox 2839 4943 3076 5012; x_wconf 88' lang='lat' dir='ltr'><strong>orando,</strong></span> <span class='ocrx_word' id='word_1_877' title='bbox 3121 4947 3190 5001; x_wconf 90' lang='lat' dir='ltr'><strong>ita</strong></span> <span class='ocrx_word' id='word_1_878' title='bbox 3235 4958 3295 5004; x_wconf 89' lang='lat' dir='ltr'><strong>ut</strong></span> <span class='ocrx_word' id='word_1_879' title='bbox 3336 4954 3641 5020; x_wconf 79' lang='lat' dir='ltr'><strong>solveretur</strong></span> 
     </span>
    </p>
   </div>
   <div class='ocr_carea' id='block_1_113' title="bbox 2041 5022 3637 5113">
    <p class='ocr_par' dir='ltr' id='par_1_113' title="bbox 2041 5022 3637 5113">
     <span class='ocr_line' id='line_1_113' title="bbox 2041 5022 3637 5113; baseline 0.014 -36"><span class='ocrx_word' id='word_1_880' title='bbox 2041 5022 2304 5079; x_wconf 68' lang='lat' dir='ltr'><strong>Rebecca:</strong></span> <span class='ocrx_word' id='word_1_881' title='bbox 2327 5027 2582 5084; x_wconf 88' lang='lat' dir='ltr'><strong>sterilitas</strong></span> <span class='ocrx_word' id='word_1_882' title='bbox 2615 5045 2628 5082; x_wconf 90' lang='lat'><strong>:</strong></span> <span class='ocrx_word' id='word_1_883' title='bbox 2652 5031 2778 5098; x_wconf 90' lang='lat' dir='ltr'><strong>quid</strong></span> <span class='ocrx_word' id='word_1_884' title='bbox 2805 5031 3040 5089; x_wconf 92' lang='lat' dir='ltr'><strong>dicemus</strong></span> <span class='ocrx_word' id='word_1_885' title='bbox 3060 5051 3179 5105; x_wconf 89' lang='lat' dir='ltr'><strong>nos,</strong></span> <span class='ocrx_word' id='word_1_886' title='bbox 3209 5041 3297 5109; x_wconf 92' lang='lat' dir='ltr'><strong>qui</strong></span> <span class='ocrx_word' id='word_1_887' title='bbox 3323 5042 3482 5098; x_wconf 89' lang='lat' dir='ltr'><strong>tantis</strong></span> <span class='ocrx_word' id='word_1_888' title='bbox 3504 5059 3637 5113; x_wconf 84' lang='lat' dir='ltr'><strong>pec-</strong></span> 
     </span>
    </p>
   </div>
   <div class='ocr_carea' id='block_1_114' title="bbox 2042 5119 3636 5198">
    <p class='ocr_par' dir='ltr' id='par_1_114' title="bbox 2042 5119 3636 5198">
     <span class='ocr_line' id='line_1_114' title="bbox 2042 5119 3636 5198; baseline 0.012 -28"><span class='ocrx_word' id='word_1_889' title='bbox 2042 5125 2280 5172; x_wconf 89' lang='lat' dir='ltr'><strong>catorum</strong></span> <span class='ocrx_word' id='word_1_890' title='bbox 2312 5119 2562 5178; x_wconf 88' lang='lat' dir='ltr'><strong>oneribus</strong></span> <span class='ocrx_word' id='word_1_891' title='bbox 2591 5123 2901 5193; x_wconf 78' lang='lat' dir='ltr'><strong>premimur,</strong></span> <span class='ocrx_word' id='word_1_892' title='bbox 2929 5134 2984 5180; x_wconf 90' lang='lat' dir='ltr'><strong>et</strong></span> <span class='ocrx_word' id='word_1_893' title='bbox 3008 5142 3184 5198; x_wconf 88' lang='lat' dir='ltr'><strong>neque</strong></span> <span class='ocrx_word' id='word_1_894' title='bbox 3213 5132 3488 5188; x_wconf 88' lang='lat' dir='ltr'><strong>minimam</strong></span> <span class='ocrx_word' id='word_1_895' title='bbox 3521 5137 3636 5189; x_wconf 83' lang='lat' dir='ltr'><strong>vir-</strong></span> 
     </span>
    </p>
   </div>
   <div class='ocr_carea' id='block_1_115' title="bbox 2041 5207 3632 5291">
    <p class='ocr_par' dir='ltr' id='par_1_115' title="bbox 2041 5207 3632 5291">
     <span class='ocr_line' id='line_1_115' title="bbox 2041 5207 3632 5291; baseline 0.012 -30"><span class='ocrx_word' id='word_1_896' title='bbox 2041 5207 2169 5262; x_wconf 88' lang='lat' dir='ltr'><strong>tutis</strong></span> <span class='ocrx_word' id='word_1_897' title='bbox 2203 5207 2332 5276; x_wconf 90' lang='lat' dir='ltr'><strong>justi</strong></span> <span class='ocrx_word' id='word_1_898' title='bbox 2369 5220 2574 5279; x_wconf 85' lang='lat' dir='ltr'><strong>partem</strong></span> <span class='ocrx_word' id='word_1_899' title='bbox 2604 5214 2934 5279; x_wconf 78' lang='lat' dir='ltr'><strong>ostendimus</strong></span> <span class='ocrx_word' id='word_1_900' title='bbox 2967 5235 2978 5270; x_wconf 92' lang='lat'>:</span> <span class='ocrx_word' id='word_1_901' title='bbox 3009 5219 3102 5272; x_wconf 89' lang='lat' dir='ltr'><strong>sed</strong></span> <span class='ocrx_word' id='word_1_902' title='bbox 3141 5229 3194 5274; x_wconf 91' lang='lat' dir='ltr'><strong>et</strong></span> <span class='ocrx_word' id='word_1_903' title='bbox 3220 5224 3262 5275; x_wconf 89' lang='lat' dir='ltr'><strong>si</strong></span> <span class='ocrx_word' id='word_1_904' title='bbox 3294 5239 3458 5291; x_wconf 90' lang='lat' dir='ltr'><strong>parvo</strong></span> <span class='ocrx_word' id='word_1_905' title='bbox 3490 5235 3632 5280; x_wconf 88' lang='lat' dir='ltr'><strong>tem-</strong></span> 
     </span>
    </p>
   </div>
   <div class='ocr_carea' id='block_1_116' title="bbox 2043 5301 3632 5384">
    <p class='ocr_par' dir='ltr' id='par_1_116' title="bbox 2043 5301 3632 5384">
     <span class='ocr_line' id='line_1_116' title="bbox 2043 5301 3632 5384; baseline 0.013 -31"><span class='ocrx_word' id='word_1_906' title='bbox 2043 5316 2173 5371; x_wconf 90' lang='lat' dir='ltr'><strong>pore</strong></span> <span class='ocrx_word' id='word_1_907' title='bbox 2201 5301 2434 5356; x_wconf 90' lang='lat' dir='ltr'><strong>studium</strong></span> <span class='ocrx_word' id='word_1_908' title='bbox 2478 5303 2690 5373; x_wconf 85' lang='lat' dir='ltr'><strong>aliquod</strong></span> <span class='ocrx_word' id='word_1_909' title='bbox 2729 5315 2783 5368; x_wconf 82' lang='lat' dir='ltr'><strong>et</strong></span> <span class='ocrx_word' id='word_1_910' title='bbox 2825 5307 3149 5378; x_wconf 85' lang='lat' dir='ltr'><strong>diligentiam</strong></span> <span class='ocrx_word' id='word_1_911' title='bbox 3189 5313 3632 5384; x_wconf 77' lang='lat' dir='ltr'><strong>exhibuerimus,</strong></span> 
     </span>
    </p>
   </div>
   <div class='ocr_carea' id='block_1_117' title="bbox 2041 5391 3632 5463">
    <p class='ocr_par' dir='ltr' id='par_1_117' title="bbox 2041 5391 3632 5463">
     <span class='ocr_line' id='line_1_117' title="bbox 2041 5391 3632 5463; baseline 0.013 -21"><span class='ocrx_word' id='word_1_912' title='bbox 2041 5391 2393 5459; x_wconf 86' lang='lat' dir='ltr'><strong>torpescimus</strong></span> <span class='ocrx_word' id='word_1_913' title='bbox 2435 5400 2490 5454; x_wconf 82' lang='lat' dir='ltr'><strong>et</strong></span> <span class='ocrx_word' id='word_1_914' title='bbox 2537 5395 2830 5463; x_wconf 83' lang='lat' dir='ltr'><strong>resilimus,</strong></span> <span class='ocrx_word' id='word_1_915' title='bbox 2872 5398 2973 5461; x_wconf 85' lang='lat' dir='ltr'><strong>nisi</strong></span> <span class='ocrx_word' id='word_1_916' title='bbox 3018 5402 3195 5455; x_wconf 89' lang='lat' dir='ltr'><strong>statim</strong></span> <span class='ocrx_word' id='word_1_917' title='bbox 3239 5407 3632 5463; x_wconf 73' lang='lat' dir='ltr'><strong>exaudiamurl</strong></span> 
     </span>
    </p>
   </div>
   <div class='ocr_carea' id='block_1_118' title="bbox 2041 5483 3626 5560">
    <p class='ocr_par' dir='ltr' id='par_1_118' title="bbox 2041 5483 3626 5560">
     <span class='ocr_line' id='line_1_118' title="bbox 2041 5483 3626 5560; baseline 0.011 -22"><span class='ocrx_word' id='word_1_918' title='bbox 2041 5483 2329 5552; x_wconf 90' lang='lat' dir='ltr'><strong>Propterea</strong></span> <span class='ocrx_word' id='word_1_919' title='bbox 2354 5498 2470 5550; x_wconf 89' lang='lat' dir='ltr'><strong>oro,</strong></span> <span class='ocrx_word' id='word_1_920' title='bbox 2503 5493 2561 5542; x_wconf 91' lang='lat' dir='ltr'><strong>ut</strong></span> <span class='ocrx_word' id='word_1_921' title='bbox 2587 5503 2656 5542; x_wconf 83' lang='lat' dir='ltr'><strong>ex</strong></span> <span class='ocrx_word' id='word_1_922' title='bbox 2685 5488 2749 5543; x_wconf 91' lang='lat' dir='ltr'><strong>iis</strong></span> <span class='ocrx_word' id='word_1_923' title='bbox 2776 5505 2895 5560; x_wconf 70' lang='lat' dir='ltr'><strong>qum</strong></span> <span class='ocrx_word' id='word_1_924' title='bbox 2918 5491 3062 5559; x_wconf 88' lang='lat' dir='ltr'><strong>justo</strong></span> <span class='ocrx_word' id='word_1_925' title='bbox 3083 5493 3157 5547; x_wconf 89' lang='lat' dir='ltr'><strong>illi</strong></span> <span class='ocrx_word' id='word_1_926' title='bbox 3179 5508 3488 5553; x_wconf 88' lang='lat' dir='ltr'><strong>evenerunt</strong></span> <span class='ocrx_word' id='word_1_927' title='bbox 3511 5516 3626 5555; x_wconf 85' lang='lat' dir='ltr'><strong>cru-</strong></span> 
     </span>
    </p>
   </div>
   <div class='ocr_carea' id='block_1_119' title="bbox 2037 5573 3622 5656">
    <p class='ocr_par' dir='ltr' id='par_1_119' title="bbox 2037 5573 3622 5656">
     <span class='ocr_line' id='line_1_119' title="bbox 2037 5573 3622 5656; baseline 0.011 -28"><span class='ocrx_word' id='word_1_928' title='bbox 2037 5573 2155 5640; x_wconf 90' lang='lat' dir='ltr'><strong>diti,</strong></span> <span class='ocrx_word' id='word_1_929' title='bbox 2180 5591 2465 5646; x_wconf 91' lang='lat' dir='ltr'><strong>numquam</strong></span> <span class='ocrx_word' id='word_1_930' title='bbox 2497 5591 2766 5633; x_wconf 85' lang='lat' dir='ltr'><strong>cessemus</strong></span> <span class='ocrx_word' id='word_1_931' title='bbox 2792 5595 2948 5642; x_wconf 79' lang='lat' dir='ltr'><strong>orare</strong></span> <span class='ocrx_word' id='word_1_932' title='bbox 2977 5583 3164 5647; x_wconf 90' lang='lat' dir='ltr'><strong>Deum,</strong></span> <span class='ocrx_word' id='word_1_933' title='bbox 3185 5595 3242 5638; x_wconf 90' lang='lat' dir='ltr'><strong>ut</strong></span> <span class='ocrx_word' id='word_1_934' title='bbox 3270 5587 3508 5656; x_wconf 83' lang='lat' dir='ltr'><strong>ignoscat</strong></span> <span class='ocrx_word' id='word_1_935' title='bbox 3529 5608 3622 5645; x_wconf 58' lang='lat' dir='ltr'><strong>nt»</strong></span> 
     </span>
    </p>
   </div>
   <div class='ocr_carea' id='block_1_120' title="bbox 2039 5667 3626 5737">
    <p class='ocr_par' dir='ltr' id='par_1_120' title="bbox 2039 5667 3626 5737">
     <span class='ocr_line' id='line_1_120' title="bbox 2039 5667 3626 5737; baseline 0.01 -15"><span class='ocrx_word' id='word_1_936' title='bbox 2039 5667 2122 5722; x_wconf 87' lang='lat' dir='ltr'><strong>bis</strong></span> <span class='ocrx_word' id='word_1_937' title='bbox 2149 5679 2388 5737; x_wconf 82' lang='lat' dir='ltr'><strong>peccata,</strong></span> <span class='ocrx_word' id='word_1_938' title='bbox 2410 5669 2502 5724; x_wconf 91' lang='lat' dir='ltr'><strong>sed</strong></span> <span class='ocrx_word' id='word_1_939' title='bbox 2533 5669 2740 5726; x_wconf 87' lang='lat' dir='ltr'><strong>fervens</strong></span> <span class='ocrx_word' id='word_1_940' title='bbox 2755 5681 2813 5727; x_wconf 86' lang='lat' dir='ltr'><strong>et</strong></span> <span class='ocrx_word' id='word_1_941' title='bbox 2838 5684 3072 5728; x_wconf 85' lang='lat' dir='ltr'><strong>a-stuans</strong></span> <span class='ocrx_word' id='word_1_942' title='bbox 3098 5675 3426 5735; x_wconf 87' lang='lat' dir='ltr'><strong>desiderium</strong></span> <span class='ocrx_word' id='word_1_943' title='bbox 3443 5693 3626 5737; x_wconf 89' lang='lat' dir='ltr'><strong>osten-</strong></span> 
     </span>
    </p>
   </div>
   <div class='ocr_carea' id='block_1_121' title="bbox 2037 5758 3624 5840">
    <p class='ocr_par' dir='ltr' id='par_1_121' title="bbox 2037 5758 3624 5840">
     <span class='ocr_line' id='line_1_121' title="bbox 2037 5758 3624 5840; baseline 0.012 -27"><span class='ocrx_word' id='word_1_944' title='bbox 2037 5758 2226 5814; x_wconf 88' lang='lat' dir='ltr'><strong>damus</strong></span> <span class='ocrx_word' id='word_1_945' title='bbox 2250 5776 2263 5813; x_wconf 90' lang='lat'><strong>:</strong></span> <span class='ocrx_word' id='word_1_946' title='bbox 2288 5771 2336 5816; x_wconf 90' lang='lat' dir='ltr'><strong>et</strong></span> <span class='ocrx_word' id='word_1_947' title='bbox 2369 5777 2473 5818; x_wconf 91' lang='lat' dir='ltr'><strong>non</strong></span> <span class='ocrx_word' id='word_1_948' title='bbox 2494 5777 2634 5836; x_wconf 65' lang='lat' dir='ltr'><strong>aegre</strong></span> <span class='ocrx_word' id='word_1_949' title='bbox 2665 5762 2916 5834; x_wconf 84' lang='lat' dir='ltr'><strong>feramus,</strong></span> <span class='ocrx_word' id='word_1_950' title='bbox 2945 5782 3115 5838; x_wconf 85' lang='lat' dir='ltr'><strong>neque</strong></span> <span class='ocrx_word' id='word_1_951' title='bbox 3135 5769 3411 5840; x_wconf 85' lang='lat' dir='ltr'><strong>segniores</strong></span> <span class='ocrx_word' id='word_1_952' title='bbox 3429 5773 3624 5839; x_wconf 82' lang='lat' dir='ltr'><strong>simus,</strong></span> 
     </span>
    </p>
   </div>
  </div>
