4078 6464
285 452 395 512 443

285 587 380 634 τες
410 570 732 641 σημαίνουσι
753 565 818 639 τῇ
851 566 985 638 κόρῃ
1024 564 1092 618 τά
1129 564 1386 636 μέλλοντα
1416 563 1636 616 ἔσεσθαι
1659 604 1674 628 ,
1709 559 1803 614 τοῦ
1825 558 1960 612 Θεοῦ

286 659 389 731 τὴν
417 657 661 711 διάνοιαν
691 654 868 709 αὐτῶν
896 656 1032 726 πρὸς
1075 653 1235 707 τοῦτο
1264 650 1750 713 κατευοδώσαντος.
1769 648 1968 718 Ἀμφό-

285 761 430 816 τερα
461 744 572 815 γὰρ
600 745 737 814 αὐτῇ
774 742 1203 814 προμηνύουσιν,
1225 742 1306 794 ὃτι
1350 740 1444 792 καὶ⁸
1479 741 1557 802 είς
1581 738 1821 809 χιλιάδας
1868 753 1968 806 μυ-

294 833 495 904 ριάδων
521 829 708 894 ἔσται,
742 831 835 883 καὶ
868 831 950 884 ὃτι
1003 830 1396 900 κληρονομήσει
1438 827 1499 880 τὸ
1547 826 1767 898 σπέρμα
1800 823 1969 894 αὐτῆς

285 919 395 984 τὰς
430 919 611 982 πόλεις
642 917 752 971 τῶν
781 917 1136 971 ὑπεναντίων.
1187 912 1340 978 Εἶδες
1374 913 1462 967 διὰ
1511 913 1728 967 πάντων
1759 912 1968 966 δεικνυ-

284 1006 468 1077 ,μένην
507 1004 714 1076 ἐναργῆ
748 1003 840 1057 τοῦ
871 1003 1006 1056 Θεοῦ
1039 1002 1138 1074 τήν
1168 1002 1442 1074 πρόνοιαν,
1485 999 1604 1064 πῶς
1631 999 1724 1053 καί¹
1755 998 1843 1051 διά
1863 997 1970 1050 τῶν

291 1093 544 1146 ἀπίστων
575 1090 992 1163 προμηνύεσθαι
1027 1091 1096 1143 τὰ
1154 1089 1417 1162 μέλλοντα
1469 1090 1746 1158 οἰκονομεῖ
1788 1087 1818 1139 6
1861 1086 1968 1138 τῶν

290 1180 554 1234 ἁπάντων
601 1178 912 1249 Δεσπότης;
955 1177 1063 1235 Καὶ
1112 1177 1452 1241 ἀναστᾶσα,
1499 1177 1654 1248 φησὶ,
1691 1173 1972 1229 Ῥεϐέκκα

291 1270 396 1323 καὶ
429 1271 489 1321 al
533 1267 707 1335 ἅϐραι
753 1265 978 1336 αὐτῆς,
1026 1259 1455 1333 ἐπέϐησανέπί
1485 1265 1592 1329 τὰς
1639 1262 1966 1332 καμήλους.

290 1353 452 1419 Εἶδες
482 1356 600 1409 οἵαν
621 1355 812 1423 ἄγεται
838 1353 1056 1425 νύμφην
1085 1356 1113 1407 6
1137 1355 1518 1426 πατριάρχης;
1552 1350 1968 1422 ’Υδρευομένην,

289 1445 393 1498 καὶ
418 1443 514 1515 τὴν
545 1442 734 1514 ὑδρίαν
765 1442 858 1495 ἐπὶ
884 1441 992 1495 τῶν
1023 1440 1187 1512 ὤμων
1223 1441 1509 1512 φέρουσαν,
1543 1441 1636 1494 καὶ¹
1683 1439 1777 1492 νῦν
1811 1437 1970 1491 πάλιν

285 1532 567 1584 ἐπιϐᾶσαν
599 1531 690 1583 ἐπὶ
721 1529 818 1593 τὰς
862 1528 1154 1600 καμήλους.
1208 1528 1460 1599 Οὐδαμοῦ
1503 1528 1713 1598 ἡμίονοι
1745 1527 1972 1598 ἀργύρῳ

292 1617 776 1688 περιλαμπόμεναι
809 1617 935 1680 τούς
966 1616 1294 1687 τραχήλους,
1329 1616 1448 1669 οὐδὲ
1497 1616 1724 1668 οἰκετῶν
1782 1615 1968 1685 ἐσμὸς,

289 1705 419 1759 οὐδὲ
445 1707 477 1775 ή
515 1705 682 1776 πολλή
705 1704 928 1775 βλακεία
953 1707 986 1774 ή
1017 1702 1111 1756 νῦν
1143 1704 1430 1775 γινομένη’
1465 1704 1602 1756 ἀλλά
1641 1702 1874 1773 τοσαύτη
1904 1699 1971 1774 ῆν

287 1793 405 1845 τῶν
433 1793 679 1845 παλαιῶν
704 1793 976 1860 γυναικῶν
1005 1794 1036 1861 ή
1070 1792 1308 1863 ἀνδρεία,
1331 1793 1407 1854 ὡς
1434 1794 1528 1844 καὶ
1547 1791 1640 1844 ἐπὶ
1668 1792 1764 1855 τὰς
1793 1792 1972 1861 καμή-

289 1882 422 1946 λους
451 1883 619 1945 αὐτάς
649 1882 968 1943 ἐπιϐαίνειν,
1008 1881 1100 1934 καὶ
1139 1880 1312 1944 οὔτως
1345 1882 1666 1952 ὁδοιπορεῖν.
1707 1881 1813 1934 Καὶ
1843 1881 1972 1934 6.10-

283 1970 618 2038 ρεύθησαν,
651 1969 804 2039 φησὶ,
859 1967 1009 2037 μετὰ
1056 1968 1162 2022 τοῦ
1197 1967 1529 2034 ἀνθρώπου.
1565 1967 1629 2019 Ὃ
1657 1967 1724 2019 δὲ
1769 1969 1972 2023 Ἰσαὰκ

286 2056 460 2125 ἐξῄει
493 2054 912 2125 ἁδολεσχῆσαι
962 2058 1050 2121 είς
1099 2055 1164 2108 τὸ
1197 2055 1407 2109 πεδίον
1456 2055 1520 2108 τὸ
1553 2055 1705 2123 πρὸς
1743 2055 1970 2122 δείλης,

289 2142 396 2196 καὶ
443 2140 791 2209 ἀναϐλέψας
832 2140 954 2207 τοῖς
1005 2142 1334 2211 ὀφθαλμοῖς
1359 2141 1480 2195 εἶδε
1527 2143 1634 2206 τὰς
1663 2143 1974 2210 καμήλους

288 2229 646 2299 ἀρχομένας.
698 2229 792 2291 Εἰς
845 2228 906 2281 τὸ
942 2228 1144 2291 πεδίον,
1178 2229 1362 2300 φησὶν,
1392 2231 1420 2282 ὁ
1471 2228 1654 2282 Ἰσαάκ
1684 2228 1974 2300 διατρίϐων

295 2317 560 2369 ἐθεάσατο
619 2314 717 2377 τὰς
765 2315 1062 2386 καμήλους.
1090 2316 1158 2370 Ἡ
1205 2315 1273 2368 δὲ
1317 2314 1590 2370 Ῥεϐέκκα
1621 2317 1834 2370 ἰδοῦσα
1871 2317 1977 2370 τὸν

307 2403 538 2466 Ἰσαὰκ,
563 2401 986 2470 κατεπήδησεν
1006 2401 1126 2457 ἀπὸ
1155 2399 1264 2471 τῆς
1290 2405 1586 2473 καμήλου,
1619 2405 1716 2458 καί
1741 2401 1870 2459 εἷπε
1896 2403 1975 2470 τῷ

286 2490 494 2544 παιδί·
535 2491 631 2555 Τίς
660 2490 832 2544 ἐστιν
863 2493 897 2544 ὀ
921 2489 1231 2558 ἄνθρωπος
1255 2491 1486 2557 ἐκεῖνος
1512 2496 1544 2545 ό
1577 2495 1977 2563 πορευόμενος

289 2579 366 2633 ἐν
397 2578 478 2642 τῷ
506 2577 689 2642 πεδίῳ
713 2579 799 2642 είς
827 2577 1208 2645 συνάντησιν
1239 2576 1406 2646 ήμῶν
1423 2591 1481 2642 ι;
1510 2579 1656 2650 Ἦρα
1683 2581 1782 2651 τῆς
1809 2581 1975 2652 κόρης

289 2667 395 2737 τὴν
416 2666 716 2734 εὐγένειαν·
736 2663 923 2734 ἐπειδὴ
951 2660 1059 2718 εῐδε
1086 2665 1176 2718 τὸν
1193 2665 1398 2730 Ἰσαὰκ,
1416 2667 1741 2722 ἐπυνθάνετο
1761 2669 1845 2732 τίς
1865 2669 1970 2740 εἴη.

292 2749 410 2802 Καὶ
443 2747 690 2819 μαθοῦσα
719 2749 802 2802 ὅτι
827 2748 988 2812 αὐτός
1037 2749 1184 2802 ἐστιν
1226 2749 1254 2800 6
1288 2749 1496 2820 μέλλων
1529 2751 1696 2822 αὐτὴν
1721 2752 1972 2821 ἄγεσθαι,

292 2835 705 2907 περιεϐάλλετο,
736 2835 892 2904 φησι,
925 2835 984 2887 τὸ
1019 2834 1322 2908 θέριστρον,
1359 2838 1453 2891 καὶ
1481 2840 1919 2910 παραγενόμενος
1947 2840 1976 2892 6

295 2927 430 2987 παῖς
451 2924 750 2995 διηγήσατο
788 2924 968 2978 πάντα
996 2925 1135 2994 μετά
1165 2925 1453 2996 ἀκριϐείας
1498 2927 1576 2997 τῷ
1615 2927 1820 2980 Ἰσαάκ.
1871 2928 1978 2982 Ἐν-

292 3011 475 3066 ταῦθα
497 3012 689 3064 σκόπει
743 3028 858 3081 μοι,
910 3011 1182 3082 ἀγαπητὴ
1213 3011 1330 3075 πῶς
1363 3012 1597 3082 οὐδαμοῦ
1630 3013 1697 3066 τα
1748 3014 1977 3084 περιττὰ

293 3099 473 3153 ταῦτα
498 3099 592 3152 καί
615 3099 870 3170 ἀνόνητα.
901 3098 1138 3169 οὐδαμοῦ
1167 3099 1361 3170 πομπὴ
1407 3099 1707 3172 διαϐολική,
1743 3102 1977 3172 οὐδαμοῦ

293 3188 556 3258 κύμϐαλα
583 3187 676 3241 καὶ
714 3188 866 3240 αὐλοὶ
893 3188 986 3241 καὶ
1013 3190 1246 3258 χορεῖαι,
1275 3189 1366 3241 καὶ
1393 3188 1458 3240 τά
1504 3191 1763 3244 σατανικά
1797 3192 1980 3246 ἐκεῖνα

296 3275 600 3346 συμπόσια,
641 3276 735 3329 καὶ
761 3276 818 3327 αί
851 3275 1111 3348 λοιδορίαι
1161 3277 1216 3328 αἱ
1264 3275 1445 3346 πάσης
1476 3277 1863 3348 ἀσχημοσύνης
1888 3277 1979 3346 γέ-

294 3381 520 3435 μουσαι,
548 3363 684 3418 ἀλλά
713 3365 862 3416 πᾶσα
895 3363 1182 3434 σεμνότης,
1229 3366 1380 3417 πᾶσα
1418 3363 1596 3433 σοφία,
1626 3366 1774 3417 πᾶσα
1803 3365 1977 3418 ἐπιεί-

294 3469 443 3507 κεια.
471 3450 736 3520 Εἱσῆλθε
783 3449 870 3514 δὲ,
914 3450 1098 3520 φησὶν,
1143 3451 1350 3505 Ἰσαὰκ
1400 3454 1488 3518 εὶς
1516 3450 1623 3504 τὸν
1655 3447 1821 3505 οἷκον
1866 3451 1979 3521 τῆς

290 3538 522 3610 μητρὸς
545 3538 754 3604 αὐτοῦ,
782 3537 878 3591 καὶ
902 3537 1080 3591 ἕλαϐε
1107 3538 1224 3606 τήν
1264 3538 1593 3606 Ῥεϐέκκαν,
1620 3539 1716 3594 καί
1742 3539 1979 3610 ἐγένετο

292 3625 460 3691 αὑτῷ
499 3623 676 3696 γυνὴ,
718 3625 816 3679 καὶ
863 3624 1182 3695 ἠγάπησεν
1231 3627 1445 3696 αὐτὴν,
1504 3628 1601 3682 καὶ
1631 3629 1979 3698 παρεκλήθη

307 3711 522 3770 Ἰσαὰκ
557 3711 691 3781 περὶ
722 3712 956 3782 Σάρρας
984 3711 1093 3782 τῆς
1131 3715 1360 3784 μητρὸς
1401 3715 1608 3772 αὑτοῦ.
1649 3715 1865 3787 Ταύτην
1900 3733 1981 3786 μι-

298 3801 616 3872 μείσθωσαν
650 3800 705 3852 αί
735 3801 1022 3869 γυναῖκες·
1060 3800 1249 3854 τοῦτον
1279 3801 1625 3871 ζηλούτωσαν
1657 3803 1709 3856 οί
1754 3803 1980 3874 ἄνδρεςο

292 3888 445 3942 οῦτω
478 3888 579 3952 τάς
607 3888 828 3961 νύμφας
850 3889 1152 3958 ἀγαγέσθαι
1187 3889 1656 3954 σπουδαζέτωσαν.
1683 3889 1840 3954 Τίνος
1872 3889 1979 3962 γάρ

294 3977 510 4040 ἰνεκεν,
546 3977 668 4029 είπέ
701 3993 810 4046 μοι,
842 3975 902 4041 ἐξ
931 3977 1104 4049 ἀρχῆς
1137 3977 1228 4029 καὶ
1270 3979 1333 4030 ἐκ
1393 3978 1693 4049 προοιμίων
1747 3977 1982 4048 κηλίδων

299 4062 591 4136 πληρῶσαι
651 4065 954 4134 συγχωρεῖς
1001 4063 1100 4134 τῆς
1148 4062 1317 4135 κόρης
1356 4063 1455 4127 τὰς
1501 4063 1670 4128 ἀκοάς
1723 4063 1812 4117 διά
1875 4062 1980 4116 τῶν

295 4150 546 4223 αἰσχρῶν
600 4151 863 4222 ᾀσμάτων
891 4190 905 4215 ,
937 4150 1023 4204 διά
1069 4150 1167 4220 τῆς
1200 4150 1427 4222 ἀκαίρου
1463 4151 1688 4222 πομπῆς
1732 4150 1980 4222 ἐκείνης;

298 4238 416 4292 οὐκ
441 4231 600 4289 οἶσθα
634 4235 781 4299 ὅπως
819 4237 852 4305 ή
885 4234 1074 4306 νεότης
1103 4233 1323 4298 εὐκολος
1370 4234 1507 4306 πρὸς
1549 4234 1794 4302 ὄλισθον;
1832 4235 1885 4288 τί
1913 4235 1982 4288 τά

300 4321 483 4393 σεμνά
508 4319 603 4373 τοῦ
631 4319 811 4389 γάμου
864 4317 1235 4389 ἐκπομπεύεις
1273 4321 1550 4390 μυστήρια
1575 4335 1589 4383 ;
1617 4318 1734 4371 δέον
1767 4319 1982 4372 ἅπαντα

299 4405 477 4460 ταῦτα
505 4403 853 4467 ἀπελαύνειν,
904 4407 999 4455 καὶ
1028 4401 1125 4474 τὴν
1159 4401 1291 4456 αἰδὼ
1323 4403 1388 4454 ἐκ
1443 4402 1744 4474 προοιμίων
1789 4403 1984 4456 ἐκπαι-

299 4491 481 4546 δεύειν
517 4490 617 4562 τὴν
640 4489 831 4560 κόρην,
856 4489 950 4542 καὶ
985 4490 1168 4560 ἱερέας
1200 4488 1350 4561 [491]
1376 4489 1562 4542 καλεῖν
1599 4491 1692 4544 καὶ
1716 4489 1782 4542 δι’
1809 4489 1984 4559 εὐχῶν

301 4576 398 4630 καὶ
422 4573 690 4641 εὐλογιῶν
721 4573 821 4644 τὴν
847 4572 1100 4642 ὁμόνοιαν
1142 4573 1238 4626 τοῦ
1271 4572 1610 4627 συνοικεσίου
1639 4573 1982 4643 συσφίγγειν,

301 4661 390 4714 ἶνα
419 4660 518 4712 καὶ
545 4661 572 4712 ό
594 4657 759 4722 πόθος
793 4656 888 4710 τοῦ
917 4657 1150 4728 νυμφίου
1190 4655 1438 4726 αὐξηται,
1478 4656 1573 4710 καὶ
1609 4656 1708 4726 τῆς
1752 4657 1921 4728 κόρης
1951 4657 1985 4726 ή

304 4742 632 4813 σωφροσύνη
663 4741 1034 4811 ἐπιτείνηται·
1070 4740 1162 4794 καί⁹
1186 4739 1272 4793 διὰ
1306 4741 1524 4793 πάντων
1561 4739 1629 4793 τὰ
1655 4740 1752 4810 τῆς
1784 4739 1986 4810 ἀρετῆς

303 4825 444 4896 ἔργα
477 4824 845 4877 εἰσελεύσεται
875 4825 953 4887 είς
977 4825 1074 4895 τὴν
1103 4823 1278 4876 οίκίαν
1308 4823 1540 4894 ἐκείνην,
1570 4823 1664 4877 καὶ
1698 4825 1868 4878 πᾶσαι
1892 4825 1986 4877 τοῦ

299 4908 553 4963 διαϐόλου
583 4910 640 4962 αί
673 4908 911 4978 μηχαναὶ
950 4906 1195 4961 ἐκποδὼν
1236 4907 1449 4960 ἔσονται
1477 4949 1493 4974 ,
1522 4908 1632 4972 ,καὶ
1663 4907 1814 4960 αὐτοὶ
1866 4906 1986 4978 μεθ’

301 4990 504 5061 ἡδονῆς
543 4988 634 5042 τὸν
669 4989 782 5060 βίον
807 4989 1075 5054 διάξουσιν
1106 4989 1172 5056 ιι,
1231 4989 1338 5042 ὐπὸ
1368 4990 1467 5059 τῆς
1510 4988 1605 5042 τοῦ
1640 4990 1777 5043 Θεοῦ
1813 4991 1986 5060 ῥοπῆς

302 5072 610 5144 συγκροτού
619 5090 771 5143 μενοι
789 5089 801 5102 ’
828 5067 895 5145 ἦς
921 5072 1127 5140 γένοιτο
1151 5071 1360 5134 πάντας
1382 5072 1528 5143 ἡμᾶς
1553 5073 1849 5142 ἐπιτυχεῖν,
1886 5073 1988 5142 χά-

304 5171 416 5223 ριτι
444 5153 542 5207 καὶ
566 5155 946 5226 φιλανθρωπίᾳ
973 5154 1067 5207 τοῦ
1093 5154 1298 5226 Κυρίου
1321 5153 1482 5225 ἡμῶν
1521 5155 1696 5226 Ἰησοῦ
1726 5155 1986 5226 Χριστοῦ,

303 5235 425 5302 μεθ’
453 5229 516 5289 οὖ
543 5235 622 5306 τῷ
649 5236 825 5307 Πατρὶ
858 5235 974 5306 ἀμα
992 5235 1072 5306 τῷ
1101 5236 1241 5308 ἁγίῳ
1271 5235 1548 5307 Πνεύματι
1575 5237 1734 5303 δόξα,
1765 5237 1985 5309 κράτος,

299 5318 460 5389 τιμή,
487 5317 585 5372 νῦν
608 5320 704 5374 καὶ
718 5321 829 5386 ἀεὶ,
854 5320 949 5374 καὶ
967 5321 1048 5383 εἰς
1062 5321 1189 5383 τοὺς
1209 5317 1411 5384 αίῶνας
1427 5321 1536 5374 τῶν
1548 5320 1844 5376 αίῶνων.Ἆ
1854 5323 1982 5392 μήν.

927 5439 1174 5496 ΟΜΙΛΙΑ
1219 5441 1349 5496 ΜΘ’.

365 5541 662 5612 Λῦταςδὲ
704 5551 764 5603 αί
815 5547 1116 5617 γενέσεις,
1157 5547 1353 5617 φησὶν,
1399 5546 1596 5601 Ἰσαὰκ
1635 5547 1742 5602 τοῦ
1767 5546 1917 5602 κυίοῦ

1009 5617 1287 5686 Ἀϐραάμ.

374 5727 447 5774 α’.
490 5723 660 5778 Πάλιν
692 5723 836 5794 ὐμᾶς
861 5724 954 5776 ἐπὶ
985 5721 1084 5791 τὴν
1115 5720 1322 5792 συνήθη
1353 5720 1635 5792 τράπεζαν
1691 5723 1988 5790 ἀναγαγεῖν

303 5804 610 5875 βούλομαι,
659 5807 754 5862 καὶ
803 5809 869 5860 ἐκ
915 5805 1024 5859 τῶν
1067 5806 1221 5876 παρά
1257 5803 1351 5858 τοῦ
1398 5804 1677 5866 Μωῦσέως
1729 5805 1989 5874 ῥημάτων

299 5887 406 5955 τὴν
441 5887 684 5940 ἑστίασιν
711 5888 839 5957 ὑμῖν
869 5887 1214 5956 παραθεῖναι,
1247 5885 1445 5956 μᾶλλον
1474 5885 1531 5938 δὲ
1562 5885 1669 5938 τῶν
1692 5886 1785 5939 τοῦ
1819 5885 1986 5938 Πνεύ-

370 5976 396 6002 ⁸
419 5973 542 6022 LXX
563 5975 698 6036 ἡμῖν,
724 5982 778 6023 el
795 5974 918 6023 infra
939 5974 1260 6036 περιεϐάλετο.

365 6039 400 6080 1»
426 6033 694 6089 Διάξουσιν.
737 6037 820 6100 εις
865 6033 1223 6100 ιοριε”,5ιινὶ1.,
1240 6035 1387 6085 Cois].
1431 6035 1668 6090 διάξωσιν.
1708 6033 1880 6084 Morel.
1933 6040 1986 6084 cl

312 6101 479 6151 Ioull'.
511 6100 753 6160 ⁷5ιιιὶγιιιισιν.
783 6097 915 6147 Enn.

1398 447 1461 504 IN
1497 443 1651 504 CAP.
1698 443 1838 500 XXV
1901 438 2144 498 GENES.
2183 439 2418 498 HOMIL.
2461 439 2644 498 XLIX.

3550 443 3655 501 ιιι

2073 573 2260 626 ματος.
2314 558 2450 612 Οὐδὲ
2477 559 2586 628 γὰρ
2617 558 2711 628 ἀφ’
2764 557 2960 613 ἑαυτοῦ
3011 559 3252 631 Μωύσῆς
3307 559 3477 615 ταῦτα
3524 560 3655 630 ήμῖν

2069 639 2299 703 ἐξέθετο,
2332 641 2447 694 ἀλλ’
2478 643 2583 695 ὐπὸ
2611 641 2706 696 τοῦ
2739 644 2895 713 ἁγίου
2927 645 3246 717 Πνεύματος
3271 644 3652 718 ἐνηχούμενος.

2073 724 2300 796 Ἴδωμεν
2324 722 2419 779 οὖν
2451 726 2504 779 τί
2537 727 2633 780 καὶ
2671 728 2911 799 σήμερον
2946 730 3094 800 ἡμᾶς
3121 728 3332 793 διδάξαι
3383 728 3653 800 βούλεται.

2071 809 2205 862 Οὐδὲ
2227 810 2336 880 γάρ
2367 808 2556 874 ἁπλῶς
2592 810 2714 864 οὐδὲ
2767 813 2891 882 εἰκῆ
2915 813 3042 876 τοὺς
3093 812 3242 883 βίους
3293 814 3422 883 ἡμῖν
3445 812 3553 865 τῶν
3577 811 3656 864 διά

2071 893 2240 947 καίων
2267 893 2559 959 ἐκτίθεται,
2584 894 2698 948 ἀλλ’
2715 895 2802 949 ἶνα
2827 894 3160 967 ζηλώσωμεν
3181 895 3386 949 τούτων
3411 894 3510 964 τὴν
3525 897 3654 966 ἀρει

2069 981 2189 1052 τὴν,
2219 983 2312 1035 καὶ
2345 983 2579 1054 μιμηταὶ
2635 984 2923 1056 γενώμεθα
2953 985 3061 1037 τῶν
3109 984 3334 1048 ἐκείνοις
3359 985 3654 1055 κατωρθω-

2076 1066 2271 1138 μένων.
2309 1067 2527 1141 Ἐπειδὴ
2575 1069 2685 1140 γάρ
2715 1071 2847 1142 ἡμῖν
2898 1070 2965 1124 τὰ
2997 1070 3139 1124 κατά
3184 1071 3273 1125 τὸν
3312 1071 3658 1141 πατριάρχην

2073 1154 2318 1226 ἀκριϐῶς
2375 1154 2798 1229 διηγησάμενος,
2860 1157 2956 1212 καὶ
2987 1159 3078 1211 τὸν
3136 1158 3444 1211 τελευταῖον
3489 1158 3657 1212 αὐτοῦ

2075 1231 2237 1292 ἆθλον
2263 1237 2356 1291 τὸν
2391 1240 2482 1293 ἐπὶ
2528 1240 2594 1311 τῇ
2643 1238 2737 1292 τοῦ
2788 1239 3116 1311 μονογενοῦς
3168 1242 3388 1312 σφαγῇ,
3440 1241 3659 1307 διδάξας

2071 1322 2224 1390 ἡμᾶς
2287 1321 2404 1385 πῶς
2447 1321 2512 1375 ἂν
2540 1322 2620 1392 τῷ
2652 1322 2772 1393 Θεῷ
2799 1324 2959 1376 αὐτὸν
2990 1323 3355 1396 καλλιέρημα,
3391 1325 3438 1377 εί
3462 1324 3555 1378 καὶ
3583 1325 3659 1394 μὴ

2073 1403 2221 1475 αὐτῷ
2254 1404 2419 1475 ἔργῳ,
2450 1406 2586 1459 ἀλλά
2617 1408 2683 1477 τῇ
2718 1407 2999 1478 προθυμία
3031 1407 3346 1481 εἰργάσατο,
3379 1406 3535 1469 τέλος
3562 1408 3661 1458 ἐπο

2073 1486 2270 1558 έθηκεν
2297 1487 2528 1551 ἐκείνοις
2557 1490 2672 1552 τοῖς
2692 1489 3016 1560 διηγήμασι·
3040 1489 3133 1542 νῦν
3150 1491 3282 1559 ἡμῖν
3305 1489 3574 1542 ἐκτίθεται
3591 1488 3661 1540 τὰ

2073 1568 2214 1622 κατά
2234 1569 2325 1624 τὸν
2368 1569 2552 1624 Ἰσαὰκ
2588 1572 2678 1624 τὸν
2710 1571 2986 1640 σφαγέντα
3019 1572 3114 1626 καὶ
3144 1573 3218 1642 μὴ
3249 1571 3542 1640 σφαγέντα·
3573 1572 3661 1623 αί-

2073 1651 2298 1722 νίγματι
2333 1653 2441 1725 γάρ
2471 1654 2616 1707 ἔοικε
2657 1655 2716 1708 τὸ
2751 1655 2996 1723 γεγονός.
3025 1656 3291 1708 Ἀκουσον
3315 1655 3423 1726 γὰρ
3447 1654 3662 1709 Παύλου

2073 1733 2561 1803 λέγοντος-Πίστει
2587 1738 3007 1807 προσενήνοχε
3036 1739 3143 1790 τὸν
3177 1738 3374 1791 Ἰσαὰκ
3409 1737 3663 1808 Ἀϐραὰμ

2073 1817 2507 1886 πειραζόμενος·
2542 1819 2639 1872 καὶ
2666 1819 2772 1872 τόν
2780 1819 3081 1889 μονογενῆ
3114 1819 3488 1889 προσέφερεν
3506 1823 3538 1873 ό
3555 1819 3663 1884 τὰς

2073 1901 2432 1970 ἐπαγγελίας
2462 1901 2924 1972 ἀναδεξάμενος.
2947 1897 3081 1956 Εἶτα
3105 1901 3190 1954 ἵνα
3222 1901 3482 1972 μάθωμεν
3505 1904 3664 1973 ἀκριο

2075 1983 2202 2048 ϐῶς,
2232 1984 2348 2048 πῶς
2380 1985 2560 2037 πίστει
2594 1985 2768 2037 ταῦτα
2791 1985 2967 2038 πάντα
2988 1985 3360 2054 διεπράττετο,
3386 1985 3477 2038 καὶ
3507 1987 3664 2040 ἐναν-

2075 2067 2246 2138 τίατῇ
2279 2066 2568 2136 ὑποσχέσει
2595 2067 2736 2138 ὁρῶν
2755 2069 2822 2120 τά
2853 2066 2946 2120 ὐπ’
2975 2067 3136 2120 αὐτοῦ
3163 2066 3410 2136 γίνεσθαι
3445 2066 3663 2121 κελευό-

2080 2167 2234 2220 μενα,
2270 2151 2369 2202 οὐκ
2401 2151 2745 2222 ἐταράττετο,
2780 2151 2964 2221 φησίν·
3001 2151 3181 2205 ’Ὸθεν
3212 2149 3402 2205 αὐτὸν
3441 2150 3538 2203 καί
3593 2150 3666 2205 ἐν

2076 2232 2386 2301 παραϐολῇ
2409 2233 2752 2302 ἐκομίσατο.
2779 2234 2843 2286 Τί
2870 2235 3039 2295 ἐστιν,
3084 2234 3183 2287 Ἐν
3203 2233 3519 2303 παραϐολῇ
3533 2234 3665 2288 ἐκο-

2071 2317 2566 2389 μίσατο;Ἐπειδὴ
2598 2319 2706 2390 γὰρ
2740 2319 2900 2372 αὐτὸν
2921 2321 3000 2382 εἰς
3033 2317 3224 2371 θυσίαν
3249 2319 3540 2388 ἀνήνεγκε,
3569 2318 3665 2371 καὶ

2075 2400 2492 2472 ἀπηρτισμένην
2519 2402 2619 2471 τὴν
2661 2401 2888 2472 γνώμην
2922 2400 3255 2464 ἐπεδείξατο,
3300 2399 3459 2464 αὐτός
3481 2413 3545 2469 γε
3569 2400 3664 2454 τὸν

2079 2483 2339 2552 στέφανον
2388 2483 2704 2554 ἀνεδήσατο,
2749 2483 2958 2536 καὶτὸν
2993 2483 3156 2536 παῖδα
3198 2481 3378 2535 λαϐὼν
3409 2482 3660 2554 ἐπανῄει,

2077 2568 2172 2619 καὶ
2201 2569 2234 2636 ή
2262 2565 2424 2618 θυσία
2457 2565 2544 2619 διὰ
2565 2566 2839 2637 προϐάτου
2871 2565 3196 2636 ἐπληροῦτο,
3225 2567 3316 2620 καὶ
3340 2565 3550 2619 ἐδείκνυ
3575 2565 3665 2621 διὰ

2079 2650 2294 2702 πάντων
2328 2650 2356 2701 6
2387 2648 2494 2701 τῶν
2527 2649 2664 2701 ὅλων
2692 2648 2824 2712 Θεὸς
2854 2649 2954 2720 τῆς
3013 2649 3220 2713 οἰκείας
3253 2648 3664 2721 φιλανθρωπίας

2077 2733 2175 2804 τήν
2200 2731 2525 2804 ὑπερϐολὴν,
2553 2733 2644 2785 καὶ
2671 2734 2753 2785 ὅτι
2802 2733 2861 2784 οὐ
2897 2733 3168 2803 σφαγῆναι
3195 2732 3286 2785 τὸν
3328 2731 3512 2786 Ἰσαὰκ
3540 2731 3664 2802 βου-

2077 2816 2303 2888 λόμενος
2341 2817 2499 2870 τοῦτο
2526 2817 2840 2883 ἐπέταττεν,
2858 2817 2993 2870 ἀλλὰ
3015 2819 3107 2870 τοῦ
3133 2817 3343 2871 δικαίου
3372 2815 3666 2888 γυμνάζων

2079 2987 2174 3057 τήν
2201 2987 2402 3058 ἀρετὴν
2427 2985 2515 3038 διὰ
2545 2985 2762 3038 πάντων
2791 2985 3136 3054 λάμπουσαν,
3157 2986 3288 3058 φέρε
3316 2987 3410 3038 καλ⁹
3430 2983 3498 3038 τὰ
3524 2985 3667 3038 κατά

2079 3068 2168 3122 τὸν
2184 3069 2368 3122 ’ῐσαάκ
2386 3069 2626 3139 σήμερον
2656 3069 2735 3131 είς
2769 3069 2932 3138 μέσον
2965 3067 3277 3138 προθέντες,
3304 3067 3502 3138 ἴδωμεν
3519 3068 3667 3131 ὅπως

2080 3152 2174 3204 καὶ
2201 3151 2365 3214 αὐτὸς
2389 3150 2448 3202 τὸ
2466 3151 2710 3219 φιλόθεον
2736 3150 2899 3204 αὐτοῦ
2943 3154 3042 3222 τῆς
3067 3150 3294 3223 γνώμης
3326 3150 3417 3204 διά
3449 3151 3667 3204 πάντων

2080 3234 2466 3289 ἐπιδείκνυται.
2504 3233 2686 3298 ’Ἄξιον
2705 3235 2762 3287 δὲ
2795 3236 2888 3288 καί⁸
2916 3235 3093 3288 αὐτῶν
3116 3235 3422 3288 ἐπακοῦσαι
3451 3234 3668 3305 τῶνςῆς

2080 3318 2302 3389 Γραφῆς
2316 3319 2594 3388 ῥημάτων.
2611 3327 2654 3371 Α
2667 3315 2796 3373 ὗται
2808 3318 2875 3371 δὲ
2891 3321 2950 3372 αἱ
2960 3318 3246 3387 γενέσεις,
3261 3335 3332 3388 φη
3343 3317 3444 3382 σὶν,
3463 3317 3670 3371 Ἰσαὰκ

2082 3401 2186 3456 τοῦ
2219 3401 2352 3454 υΙοῦ
2394 3400 2670 3470 Ἀϐραάμ.
2691 3403 2935 3470 Ἀϐραὰμ
2965 3401 3260 3470 ἐγέννησε
3288 3400 3394 3452 τὸν
3445 3398 3666 3471 Ἰσαάκ.

2081 3480 2193 3539 Ἦν
2213 3483 2281 3537 δὲ
2321 3485 2525 3538 Ἰσαὰκ
2546 3484 2695 3538 ἑτῶν
2717 3483 3184 3551 τεσσαριίλοκοτα,
3201 3483 3300 3536 ὅτε
3321 3485 3500 3536 ἐλαϐε
3531 3483 3662 3536 Ῥε-

2082 3566 2306 3622 ϐέκκαν
2336 3567 2628 3637 θυγατέρα
2672 3565 2953 3634 Βαθουὴλ
2978 3566 3083 3620 τοῦ
3107 3566 3302 3633 Σύρου
3329 3567 3397 3619 ἐκ
3425 3565 3532 3634 τῆς
3554 3569 3669 3620 Με-

2081 3653 2474 3722 σοποταμίας,
2496 3651 2647 3724 [492]
2692 3651 2972 3722 ἀδελφὴν
2997 3650 3065 3704 δὲ
3086 3650 3289 3705 Λάϐαν
3313 3650 3420 3704 τοῦ
3447 3651 3665 3720 Σύρου,

2081 3735 2271 3803 ἑαυτῷ
2297 3738 2384 3802 είς
2411 3736 2685 3806 γυναῖκα.

2153 3820 2354 3873 Σκόπει
2409 3836 2523 3890 μοι,
2578 3819 2863 3888 ἀγαπητὲ,
2921 3819 3021 3888 τῆς
3079 3817 3228 3881 θείας
3287 3817 3509 3888 Γραφῆς
3566 3817 3670 3889 τὴν

2082 3902 2409 3976 ἀκρίϐειαν,
2472 3904 2621 3966 ὅπως
2675 3903 2826 3957 οὐδὲν
2899 3903 3192 3974 παρέργως
3245 3903 3446 3973 τίθησι.
3510 3902 3669 3963 Τίνος

2082 3986 2192 4057 γὰρ
2249 3985 2433 4040 ἕνεκεν
2492 3988 2624 4056 ἡμῖν
2683 3986 2772 4039 τὸν
2824 3986 3014 4057 χρόνον
3075 3985 3170 4038 τοῦ
3231 3986 3417 4039 Ἰσαὰκ
3476 3985 3670 4054 ἐπιση-

2088 4071 2360 4142 μαίνεται,
2382 4069 2475 4122 καί
2509 4065 2809 4140 φησιν,Ἦν
2844 4069 2912 4122 δὲ
2943 4069 3140 4124 Ἰσαὰκ
3176 4067 3327 4123 ἐτῶν
3371 4066 3668 4136 τεσσαρὰ⁴

2084 4170 2286 4216 κοντα,
2315 4153 2412 4206 ὅτε
2439 4155 2616 4208 ἔλαϐε
2637 4152 2750 4221 τὴν
2788 4152 3148 4217 Ῥεϐέκκαν;
3183 4152 3294 4222 υύχ
3325 4150 3528 4216 ἀπλῶς,
3546 4150 3668 4204 οὐδὲ

2084 4237 2229 4308 εἰκῆ·
2263 4235 2378 4290 ἀλλ’
2411 4237 2598 4307 ἐπειδὴ
2649 4237 2830 4307 μέλλει
2866 4237 3004 4308 μετά
3027 4236 3202 4292 ταῦτα
3231 4236 3331 4306 τῆς
3373 4236 3668 4298 Ῥεϐέκκας

2084 4324 2216 4394 ήμῖν
2236 4321 2542 4394 διηγεῖσθαι
2574 4323 2672 4394 τήν
2713 4323 3018 4394 στείρωσιν,
3060 4323 3154 4374 καὶ
3199 4322 3280 4375 ὅτι
3305 4321 3364 4385 ἐξ
3384 4320 3547 4390 εὐχῆς
3572 4319 3669 4371 τοῦ

2085 4406 2294 4460 δικαίου
2323 4405 2391 4459 τὰ
2417 4406 2516 4476 τῆς
2549 4405 2889 4469 παιδοποιίας
2915 4405 3048 4478 αὐτῇ
3074 4406 3286 4474 γέγονε,
3318 4403 3562 4474 βούλεται
3589 4401 3670 4456 δι-

2086 4485 2242 4552 δάξαι
2264 4487 2410 4559 ἡμᾶς
2441 4489 2501 4540 τὸ
2537 4488 2766 4558 μέγεθος
2792 4488 2892 4558 τῆς
2913 4489 3189 4560 ὑπομονῆς
3211 4487 3305 4540 τοῦ
3339 4487 3543 4551 Ἰσαὰκ,
3572 4486 3670 4540 καὶ

2089 4573 2326 4644 σημᾶναι
2356 4572 2446 4624 τὸν
2475 4573 2666 4642 χρόνον
2713 4571 2977 4643 ἀκριϐῶς,
3007 4573 3130 4625 ὅσον
3160 4572 3218 4623 ἐν
3250 4571 3479 4642 ἀπαιδίᾳ
3512 4571 3673 4640 γέγο-

2088 4673 2195 4708 νεν·
2218 4656 2302 4709 ἵνα
2330 4655 2423 4707 καὶ
2449 4657 2606 4725 ἡμεῖς
2640 4652 2925 4725 ζηλοῦντες
2957 4654 3049 4708 τὸν
3071 4654 3296 4718 δίκαιον,
3325 4654 3468 4708 οὕτω
3496 4671 3672 4726 προσ⁴

2087 4738 2392 4809 εδρεύωμεν
2437 4740 2555 4800 ταῖς
2591 4737 2727 4806 πρὸς
2754 4738 2843 4790 τὸν
2874 4737 3004 4791 Θεὸν
3032 4738 3282 4802 ἱκεσίαις,
3317 4737 3538 4791 ἐπειδὰν
3584 4738 3671 4790 αί⁴

2086 4821 2269 4891 τῶμέν
2297 4837 2348 4872 τι
2380 4822 2509 4890 παρ’
2539 4819 2725 4873 αὐτοῦ.
2757 4822 2817 4873 Εἰ
2852 4821 2960 4892 γὰρ
3000 4823 3030 4873 ὁ
3066 4821 3272 4884 δίκαιος
3301 4816 3455 4883 οὗτος
3483 4821 3673 4891 ἐνάρε-

2087 4919 2177 4968 τος
2205 4903 2280 4956 ὣν
2301 4944 2314 4966 ,
2343 4904 2439 4956 καὶ
2490 4903 2759 4974 τοσαύτης
2793 4904 3004 4968 εὐνοίας
3055 4904 3346 4958 ἀπολαύων
3393 4904 3543 4977 παρά
3573 4903 3671 4958 τοῦ

2087 4986 2246 5054 Θεοῦ,
2274 4987 2542 5059 τοσαύτην
2566 4989 2910 5044 ἐπεδείκνυτο
2925 4989 3158 5061 σπουδὴν
3181 4989 3274 5042 καὶ
3296 4989 3556 5052 εὐτονίαν,
3576 4987 3671 5043 τὸν

2087 5071 2220 5125 Θεὸν
2243 5069 2504 5143 διηνεκῶς
2535 5072 2885 5144 παρακαλῶν,
2913 5072 3052 5127 ὥστε
3072 5072 3229 5125 λῦσαι
3253 5073 3348 5143 τῆς
3376 5070 3669 5131 Ῥεϐέκκας

2089 5153 2187 5226 τὴν
2215 5155 2518 5226 στείρωσιν,
2559 5155 2613 5207 τί
2651 5153 2716 5208 ἂν
2749 5156 3000 5226 εἴποιμεν
3038 5157 3199 5228 ήμεῖς
3215 5155 3265 5206 οἱ
3284 5151 3518 5206 τοσαῦτα
3539 5169 3676 5223 φορ-

2087 5239 2179 5292 τία
2229 5239 2641 5310 ἁμαρτημάτων
2674 5239 2888 5312 ἔχοντες
2929 5238 3267 5310 ἐπικείμενα,
3303 5235 3396 5290 καὶ
3443 5235 3579 5305 μηδὲ
3609 5233 3672 5290 νδ

2091 5322 2382 5376 πολλοστὸν
2413 5322 2508 5375 τοῦ
2538 5323 2746 5376 δικαίου
2777 5324 2968 5377 τούτου
3003 5322 3168 5392 μέρος
3215 5319 3674 5389 ἐπιδεικνύμενοι,

2089 5405 2224 5460 ἀλλά
2245 5405 2344 5459 κᾶν
2371 5407 2506 5477 πρὸς
2521 5405 2698 5475 ὀλίγον
2721 5406 2955 5476 σπουδήν
2975 5421 3095 5457 τινα
3116 5398 3527 5472 ἐπιδειξὼμεθα,
3543 5417 3676 5474 ναρ-

2089 5487 2294 5551 κῶντες
2321 5489 2416 5542 καὶ
2441 5487 2844 5558 ἀποπηδῶντες,
2875 5489 2923 5540 εί
2953 5487 3029 5557 μὴ
3055 5486 3247 5540 θᾶττον
3273 5483 3674 5557 εἰσακουσθείη-

2093 5588 2222 5642 με-ν;
2241 5571 2339 5624 Διά
2377 5571 2556 5632 τοῦτο,
2592 5569 2891 5642 παρακαλῶ
2909 5611 2924 5636 ,
2949 5571 3014 5624 ἐκ
3051 5570 3156 5623 τῶν
3181 5568 3262 5639 τῷ
3287 5569 3476 5638 δικαίῳ
3496 5569 3676 5641 τούτῳ

2093 5654 2417 5736 συμϐάντων
2459 5653 2837 5736 παιδευόμενοι
2861 5693 2879 5719 ,
2917 5653 3189 5724 μηδέποτε
3227 5651 3530 5736 παυιῦμεθα
3579 5651 3677 5706 τὸν

2091 5734 2692 5806 Θεὸνπαρακαλοῦντες
2718 5735 2864 5807 ὑπὲρ
2887 5737 2984 5807 τῆς
3021 5735 3418 5807 συγχωρήσεως
3458 5734 3568 5788 τῶν
3596 5737 3673 5788 οἰ-

2092 5818 2253 5872 κείων
2276 5817 2781 5890 πλημμελημάτων,
2803 5820 2941 5873 ἀλλά
2962 5819 3168 5890 θερμὴν
3189 5819 3282 5872 καί¹
3307 5816 3531 5882 ζέουσαν
3549 5831 3674 5890 προ-

2097 5901 2297 5971 θυμίαν
2346 5901 2828 5972 ἐπιδεικνυὼμεθα,
2867 5903 2958 5958 καὶ
3004 5905 3078 5974 μὴ
3107 5901 3484 5972 ἀσχάλλωμεν,
3537 5900 3675 5970 μηδὲ

2094 5985 2438 6056 ὀκνηρότεραι
2468 5983 2830 6056 γινώμεθα,εί
2851 5987 2926 6058 μὴ
2947 5987 3138 6040 θᾶττον
3165 5982 3668 6052 εἰσακουσθείημεν.

2098 6069 2258 6131 Ἴσως
2274 6069 2401 6140 γὰρ,
2433 6068 2562 6132 ἴσως
2591 6069 2944 6141 σοφιζόμενος
2961 6069 3116 6140 ήμῶν
3132 6069 3228 6138 τὴν
3249 6067 3468 6137 διηνεκῆ
3496 6081 3662 6135 προσ-
