4078 6438
240 427 347 486 δῶ

240 546 284 598 si
314 561 427 598 non
452 542 632 600 statim
655 525 950 598 audiamur.
972 538 1234 595 Fortassis
1255 539 1400 594 enim
1426 538 1680 593 Dominus
1705 553 1834 593 con-

237 641 446 690 tinuam
492 645 730 690 nostram
780 633 1118 688 sedulitatem
1168 633 1440 701 sapienter
1467 646 1724 686 exercens
1765 633 1834 684 ita

239 728 624 796 procrastinat,
659 735 717 780 ut
747 724 1051 780 mercedem
1073 737 1284 794 quoque
1314 722 1584 792 patientia:
1610 722 1835 791 recipia-

239 835 359 873 mus
389 837 402 872 :
435 828 490 874 et
520 820 643 889 quia
673 818 786 888 ipse
819 829 1029 887 tempus
1058 818 1159 871 scit
1186 815 1398 885 quando
1419 815 1571 869 nobis
1601 816 1728 871 utile
1757 824 1839 872 est

234 916 454 985 assequi
506 916 646 985 quod
686 915 993 984 qucerimus.
1033 914 1214 983 Neque
1244 914 1385 968 ettim
1417 929 1513 968 nos
1537 914 1607 968 ita
1642 915 1836 969 scimus

235 1009 364 1078 quid
407 1008 564 1062 nobis
589 1008 753 1072 utile,
786 1016 843 1062 ut
874 1007 987 1076 ipse
1025 1005 1303 1061 evidenter
1349 1006 1514 1068 novit,
1547 1007 1637 1076 qui
1675 1007 1835 1060 etiam

235 1101 554 1155 abscondita
587 1101 779 1154 mentis
806 1109 1004 1154 nostrae
1033 1098 1325 1168 cognoscit.
1352 1097 1587 1152 Proinde
1608 1113 1704 1168 par
1731 1109 1834 1165 est,

240 1203 300 1247 ut
331 1193 466 1247 nihil
495 1193 757 1247 curiosius
778 1204 1098 1262 quaeramus,
1126 1205 1298 1258 neque
1317 1199 1618 1243 scrutemur
1637 1205 1696 1243 ea
1719 1205 1838 1258 qua:

234 1300 264 1337 a
299 1285 412 1338 Deo
443 1282 788 1354 providentur
816 1300 830 1336 :
859 1281 956 1336 sed
982 1279 1120 1349 grati
1145 1279 1429 1334 admodum
1461 1280 1648 1342 simus,
1677 1288 1732 1333 et
1751 1279 1840 1332 ad-

243 1375 784 1445 miremurjustorum
804 1373 1046 1428 virtutes.
1071 1372 1202 1426 Nam
1231 1380 1508 1441 postquam
1533 1371 1662 1424 dixit
1683 1369 1838 1425 nobis

233 1467 416 1521 divina
447 1466 753 1535 Scriptura,
783 1475 912 1534 quot
946 1478 1210 1517 annorum
1240 1461 1399 1516 fuerit
1427 1461 1570 1516 Isaae
1590 1503 1605 1527 ,
1629 1461 1756 1516 dicit
1784 1471 1839 1516 et

232 1559 304 1614 de
334 1560 580 1614 Rebecca
609 1573 775 1612 uxore
805 1557 952 1626 ejus,
989 1555 1131 1626 quod
1159 1555 1356 1610 sterilis
1385 1563 1518 1609 erat.
1549 1553 1702 1622 Vide,
1737 1555 1837 1608 ob-

234 1665 417 1714 secro,
446 1649 578 1718 justi
619 1649 922 1718 religiosam
960 1655 1216 1700 mentem.
1248 1645 1508 1710 Quoniam
1538 1645 1678 1698 enim
1708 1644 1838 1698 vidit

233 1750 487 1796 naturam
510 1739 925 1806 claudicantem,
955 1737 1020 1791 ad
1050 1745 1250 1791 natura:
1276 1736 1620 1791 Conditorem
1649 1736 1837 1790 confu-

236 1834 333 1902 git,
366 1842 421 1886 et
441 1832 652 1886 vincula
680 1841 885 1884 natura:
917 1829 1159 1898 precibus
1184 1830 1392 1883 solvere
1423 1828 1708 1883 festinavit.
1741 1829 1836 1882 2f.

236 1923 558 1992 Deprecatus
585 1923 716 1976 enim
748 1931 838 1986 est,
871 1921 1059 1990 inquit,
1089 1918 1242 1974 Isaac
1261 1936 1412 1988 super
1435 1917 1656 1972 Rebecca
1683 1935 1840 1972 uxore

237 2033 353 2079 sua,
379 2015 498 2084 quia
519 2011 703 2068 sterilis
729 2021 854 2066 erat.
889 2011 1063 2067 Unum
1094 2011 1195 2064 hoc
1223 2010 1273 2063 in
1305 2009 1488 2080 primis
1516 2023 1692 2078 Opera:
1720 2024 1840 2078 pre-

237 2109 371 2160 tium
406 2117 463 2160 ut
502 2121 838 2177 qumramus,
872 2120 1038 2174 quare
1063 2144 1076 2168 ,
1121 2119 1242 2157 cum
1293 2111 1347 2158 et
1373 2103 1505 2172 ipsa,
1537 2111 1591 2156 et
1616 2103 1697 2155 vir
1724 2102 1839 2169 ejus

240 2201 364 2251 vitm
398 2198 598 2250 fuerint
625 2197 856 2259 eximite,
903 2204 956 2250 et
983 2195 1142 2249 ambo
1189 2195 1532 2248 continentia:
1577 2193 1834 2258 studiosi,

236 2289 442 2341 sterilis
471 2288 612 2341 fuit?
638 2287 750 2341 Non
783 2301 1068 2354 possumus
1107 2299 1329 2353 carpere
1359 2300 1542 2338 eorum
1575 2284 1758 2347 vitam,
1788 2291 1842 2337 et

234 2379 417 2432 dicere
435 2378 768 2431 sterilitatem
790 2377 931 2431 illam
954 2385 1293 2445 peccatorum
1319 2389 1476 2428 causa
1499 2374 1838 2428 immissam‘.

239 2468 306 2521 Et
334 2479 390 2520 ut
416 2469 593 2522 discas
621 2482 732 2521 rem
763 2469 975 2532 miram,
1007 2481 1112 2519 non
1142 2466 1313 2520 solum
1351 2465 1464 2534 ipsa
1493 2465 1691 2519 sterilis
1719 2464 1837 2530 fuit,

233 2560 330 2613 sed
363 2568 415 2611 et
449 2568 620 2612 mater
646 2557 770 2627 justi
796 2557 956 2610 Sarra
983 2574 998 2609 :
1029 2571 1199 2625 neque
1227 2565 1398 2609 mater
1437 2555 1551 2624 ejus
1581 2555 1714 2621 sola,
1743 2554 1839 2609 sed

233 2662 288 2704 ct
321 2668 490 2704 nurus
514 2693 526 2716 ,
556 2650 758 2705 Rachel
795 2665 928 2703 uxor
964 2648 1168 2702 Jacobi.
1201 2647 1336 2715 Quid
1361 2647 1460 2701 sibi
1489 2646 1599 2700 vult
1627 2645 1714 2701 ille
1743 2654 1842 2700 ste-

240 2743 422 2796 rilium
466 2743 703 2797 chorus?
734 2741 932 2797 Omnes
958 2741 1116 2812 justi,
1147 2757 1336 2795 omnes
1364 2740 1562 2794 virtute
1594 2738 1838 2809 praediti,

236 2852 485 2891 omnesa
531 2836 639 2890 Deo
671 2835 1034 2890 testimonium
1085 2833 1363 2888 habentes.
1417 2833 1550 2888 Nam
1597 2833 1665 2888 de
1713 2831 1844 2902 ipsis

235 2928 490 2983 dicebat:
525 2927 638 2998 Ego
677 2945 787 2982 sum
817 2927 952 2982 Deus
981 2927 1235 2981 Abraham
1260 2968 1274 2993 ,
1314 2926 1451 2979 Deus
1496 2927 1668 2991 Isaac,
1706 2923 1842 2979 Deus

240 3021 407 3073 Jacob
455 3019 649 3090 (Exod.
679 3021 734 3074 5.
778 3018 858 3089 6).
887 3019 1080 3073 Beatus
1120 3027 1298 3072 autem
1331 3017 1525 3072 Paulus
1555 3018 1631 3069 ait
1668 3033 1682 3070 :
1717 3015 1843 3070 Ideo

236 3129 340 3166 non
378 3113 710 3182 confunditur
739 3110 906 3175 Deus,
947 3119 1000 3163 ut
1031 3119 1230 3163 vocetur
1264 3125 1439 3164 eorum
1479 3107 1618 3160 Deus
1658 3105 1839 3178 (IIebr.

237 3207 327 3258 11.
369 3204 482 3272 16).
531 3204 708 3258 Multa:
754 3205 988 3274 ipSorum
1035 3203 1216 3256 laudes
1256 3202 1308 3256 in
1345 3201 1516 3266 Novo,
1560 3199 1743 3253 multae
1789 3199 1842 3251 iu

238 3297 449 3350 \‘cteri.
487 3295 732 3365 Undique
773 3296 901 3350 clari
937 3303 991 3349 et
1031 3294 1276 3360 nobiles,
1308 3301 1362 3348 et
1405 3307 1594 3346 omnes
1633 3290 1844 3346 steriles

234 3388 546 3442 habuerunt
561 3389 1056 3458 uxorcs,multoque
1072 3396 1311 3455 tempore
1330 3391 1617 3439 caruerunt
1633 3382 1841 3437 liberis.

314 3485 374 3534 ‘2.
424 3479 644 3550 I’r-Opter
679 3497 857 3534 causas
886 3497 1102 3534 arcanas
1130 3479 1489 3549 fecunditatem
1519 3465 1669 3531 etiam
1681 3477 1838 3546 justis

243 3587 398 3646 negat
429 3576 610 3642 Deus;
650 3577 934 3647 fecunditas
963 3576 1209 3630 sterilium
1250 3582 1449 3642 partum
1489 3571 1699 3642 virginis
1727 3586 1843 3640 pro-

237 3667 438 3719 bat.-——
459 3666 682 3734 Quando
712 3667 870 3736 igitur
907 3666 1101 3721 videris
1145 3664 1314 3718 virum
1346 3672 1395 3718 et
1429 3663 1707 3716 mulierem
1735 3661 1844 3714 vir-

241 3759 341 3811 tuti
391 3758 625 3825 deditos,
673 3774 857 3813 carere
907 3758 1077 3828 prole,
1127 3755 1339 3826 quando
1386 3755 1583 3808 videris
1631 3754 1744 3822 pios
1792 3761 1860 3821 et,

237 3849 522 3918 religionis
548 3850 814 3903 studiosos
838 3865 940 3903 non
971 3849 1167 3903 habere
1193 3848 1406 3910 liberos,
1432 3863 1497 3899 ne
1518 3846 1717 3899 tribuas
1743 3844 1846 3899 huc

241 3942 502 4009 peccatis.
556 3942 734 3996 Multa:
764 3941 904 3995 enim
953 3940 1146 3995 divina:
1175 3938 1585 4008 dispensationis
1614 3937 1846 3992 rationes

235 4032 398 4086 nobis
441 4040 568 4086 sunt
623 4047 855 4098 arcauce,
912 4041 965 4086 et
1017 4046 1113 4101 pro
1161 4029 1407 4083 omnibus
1446 4029 1644 4099 gratias
1687 4042 1846 4097 agere

236 4133 479 4193 oportet,
510 4139 572 4177 ac
599 4124 745 4178 solos
776 4123 894 4177 illos
925 4123 1151 4176 miseros
1179 4121 1376 4184 dicere,
1410 4119 1496 4189 qui
1545 4120 1596 4172 in
1624 4130 1845 4189 pecc-ito

242 4217 448 4278 vivunt,
480 4231 583 4270 non
607 4230 700 4270 eos
746 4215 936 4284 quibus
962 4214 1052 4268 filii
1102 4213 1314 4267 desunt.
1362 4211 1569 4281 Quippe
1594 4225 1844 4279 saepenu-

241 4323 398 4362 mero
424 4307 592 4361 multa
622 4307 762 4362 Deus
792 4307 992 4360 utiliter
1037 4305 1329 4375 dispensat,
1350 4319 1574 4374 quorum
1605 4317 1700 4358 nos
1722 4317 1848 4356 cau-

238 4414 358 4452 sam
391 4398 683 4453 ucscimus.
719 4398 1017 4468 Eapmpter
1039 4397 1090 4450 in
1120 4395 1364 4449 omnibus
1387 4395 1697 4463 sapientiam
1731 4394 1847 4461 ejus

238 4490 501 4543 admirari
533 4497 764 4560 Oportet,
804 4504 867 4543 ac
910 4489 1210 4558 glorificare
1257 4485 1576 4540 iucﬂ‘abilem
1630 4485 1845 4539 miscri-

239 4583 510 4636 cordiam.
539 4581 646 4637 Sed
667 4586 780 4636 luce
810 4580 1022 4650 quidem
1051 4580 1116 4634 ad
1139 4580 1416 4633 utilitatem
1445 4586 1676 4632 vestram
1695 4577 1843 4631 dicta
1894 4602 1901 4608 -

239 4684 393 4736 sunt,
421 4675 542 4728 idco
571 4684 626 4727 ut
651 4673 937 4728 admodum
957 4680 1160 4742 gratam
1179 4670 1507 4724 voluntatem
1525 4668 1840 4733 exhibeatis,

241 4779 424 4834 neque
455 4763 522 4817 de
563 4763 963 4833 dispensatione
1003 4761 1180 4816 divina
1213 4760 1424 4814 curiose
1454 4758 1794 4814 sciscitemini
1829 4775 1842 4811 :

237 4871 465 4911 CtlltSIlnl
516 4865 694 4908 tamen
747 4855 988 4908 dit-amns
1025 4866 1241 4924 propter
1282 4868 1438 4922 quam
1470 4853 1717 4905 mulieres
1746 4852 1848 4904 illm

237 4948 464 5012 steriles
510 4945 680 5000 fuere.
724 4947 977 5014 Quaenam
1028 4947 1188 5016 igitur
1239 4954 1322 4999 est
1369 4946 1566 4999 causa?
1608 4944 1677 5000 Ut
1727 4959 1846 4998 cum

238 5039 448 5094 \ideris
496 5039 756 5108 virginem
805 5047 1044 5092 nostrum
1074 5052 1413 5092 communem
1445 5037 1726 5091 Dominum
1759 5052 1851 5106 pa-

239 5135 501 5198 rientem,
544 5147 613 5186 ne
661 5131 734 5186 sis
776 5132 1102 5187 incredulus.
1145 5132 1348 5186 Exercc
1394 5132 1536 5186 enim
1589 5131 1674 5185 hic
1731 5140 1850 5185 tuos

237 5242 459 5291 sensus,
490 5225 678 5295 inquit,
711 5225 763 5278 in
794 5225 948 5278 vulva
975 5225 1262 5289 sterilium,
1309 5232 1387 5288 ut,
1437 5238 1556 5278 cum
1591 5222 1845 5277 didiceris

241 5322 464 5390 ligatam
495 5328 549 5374 ct
583 5329 881 5373 emortuam
916 5318 1123 5372 vulvam
1146 5317 1325 5372 divina
1374 5318 1569 5371 virtute
1606 5317 1671 5371 ad
1726 5331 1849 5387 pro-

239 5411 578 5466 creationem
603 5409 820 5479 aperiri,
844 5408 968 5464 inde
988 5409 1219 5480 copiosis
1248 5409 1575 5478 argumentis
1592 5407 1844 5477 acceptis,

308 5530 324 5559 ¹
364 5525 505 5576 Savil.
535 5534 589 5575 et
612 5537 742 5573 unus
765 5524 922 5574 codex
947 5525 1018 5574 sic
1054 5523 1266 5574 efferunt
1301 5523 1429 5570 lmuc
1451 5521 1610 5570 locum
1637 5534 1648 5568 :
1696 5529 1850 5571 (trum

241 5589 416 5638 hoc....
444 5599 617 5651 quare,
644 5599 754 5651 cum
772 5594 816 5636 et
837 5586 946 5651 ipsa
963 5593 1008 5636 et
1028 5585 1100 5635 vir
1123 5586 1228 5644 ejus
1247 5585 1354 5634 vitm
1376 5585 1555 5651 [uernat
1574 5581 1785 5639 eximite,
1803 5588 1848 5630 et

245 5653 390 5700 ambo
413 5645 723 5700 continentia:
743 5645 963 5706 studiosi,
980 5655 1025 5698 et
1049 5661 1160 5696 cum
1181 5659 1274 5695 non
1297 5645 1530 5708 possimus
1552 5656 1752 5706 carpere
1768 5656 1848 5693 eo-

244 5727 356 5763 rum
383 5705 1085 5781 vit_r_1_m,Anee__eorun_t_peccatis
1121 5705 1423 5781 sterilitatem
1446 5705 1674 5781 tribuere,
1700 5717 1850 5767 quare

246 5783 403 5825 Lmen
428 5773 516 5824 illa
537 5768 690 5833 fuerit
727 5768 951 5822 sterilis?
971 5778 1103 5820 Itunc
1125 5783 1246 5819 vero
1270 5769 1525 5833 locum,_ut
1548 5768 1756 5833 videtur,
1786 5779 1847 5813 ex

248 5838 335 5884 hac
369 5828 566 5886 homilia
592 5841 883 5895 excerptum
908 5833 1061 5883 habes
1079 5841 1227 5882 't‘omo
1263 5837 1333 5892 ltl,
1377 5832 1426 5880 in
1450 5828 1639 5880 homilia
1664 5834 1730 5878 De
1757 5841 1849 5876 non

250 5899 539 5963 evulgaadis
562 5896 771 5944 fratrum
794 5896 1020 5958 peccatis.

1283 419 1352 476 IN
1389 419 1542 476 CAP.
1584 417 1750 474 XXV.
1782 417 2027 474 GENES.
2074 417 2298 476 llOMlL.
2343 418 2526 475 XLIX.

3424 427 3529 484 ιω

1949 555 2054 594 non
2121 539 2398 595 admireris
2442 540 2661 596 audiens
2723 540 2982 613 virginem
3031 547 3298 616 peperisse
3348 565 3360 602 :
3421 549 3530 604 imo

1941 632 2208 686 admirare
2229 642 2284 686 et
2322 633 2660 703 obstupesce,
2700 635 2796 690 sed
2819 651 2886 690 ne
2921 636 2996 692 sis
3039 638 3342 694 incredulus
3368 640 3531 695 mira-

1941 725 2084 781 culo.
2115 722 2338 790 Quando
2365 725 2522 794 igitur
2549 726 2642 781 tibi
2671 728 2796 782 dicit
2833 728 3070 797 Judmus,
3098 730 3383 796 Quomodo
3436 749 3524 803 pe-
3573 799 3575 802 ι

1943 819 2078 886 perit
2126 818 2309 887 virgo?
2361 820 2447 874 dic
2495 821 2544 875 ei
2595 839 2609 876 :
2657 822 2935 888 Quomodo
2987 825 3193 894 peperit
3228 825 3424 881 sterilis
3473 835 3531 881 et

1943 911 2162 964 vetula?
2194 912 2304 965 Duo
2329 912 2707 982 impedimenta
2743 923 2866 969 tunc
2898 925 3071 983 erant,
3099 925 3154 971 et
3180 925 3308 972 tetas
3340 918 3532 972 intem.
3563 951 3566 973 ;
3612 963 3619 981 .

1943 1002 2168 1070 pestiva,
2208 1011 2262 1056 et
2309 1011 2496 1056 natura
2543 1004 2768 1058 vitiata:
2804 1005 2856 1059 in
2901 1005 3102 1075 virgine
3136 1015 3311 1062 autem
3364 1024 3528 1062 unum

1943 1090 2377 1159 impedimentum
2411 1093 2523 1159 fuit,
2553 1095 2694 1164 quod
2739 1110 2843 1151 non
2873 1107 3015 1152 esset
3041 1099 3304 1168 particeps
3333 1115 3531 1155 concu-

1943 1187 2106 1240 bitus.
2139 1187 2344 1242 Sterilis
2376 1188 2532 1257 igitur
2558 1189 2668 1259 jam
2711 1191 2848 1246 viam
2902 1201 3054 1261 parat
3103 1193 3310 1264 virgini.
3366 1195 3429 1249 Et
3473 1206 3532 1250 ut

1943 1279 2080 1331 scias
2139 1288 2355 1348 propter:
2402 1279 2504 1334 hoc
2545 1282 2757 1337 steriles
2796 1284 2941 1352 prius
2984 1284 3167 1352 fuisse,
3200 1298 3254 1342 ut
3282 1288 3531 1342 credatur

1941 1369 2259 1437 virginitatis
2304 1381 2484 1438 partus
2511 1388 2526 1426 ε
2558 1371 2681 1426 audi
2708 1373 2866 1428 verba
2888 1372 3153 1429 Gabriclis
3174 1375 3240 1429 ad
3259 1373 3527 1444 Virginem

1943 1462 2104 1516 dicta.
2147 1463 2431 1533 Postquam
2484 1465 2625 1519 enim
2682 1466 2827 1520 venit
2875 1475 2928 1521 et
2984 1465 3135 1532 dixit,
3187 1465 3448 1538 Concipies
3480 1468 3535 1521 in

1943 1564 2084 1607 utero
2108 1596 2122 1620 ,
2167 1564 2214 1607 et
2265 1557 2431 1624 paries
2464 1554 2664 1621 lilium,
2695 1565 2741 1610 et
2779 1557 2979 1611 vocabis
3005 1575 3186 1612 nomen
3215 1559 3324 1628 ejus
3351 1557 3533 1611 Iesum

1945 1644 2092 1716 (Luc.
2125 1646 2176 1699 l.
2205 1645 2295 1716 5|)
2330 1663 2343 1698 :
2373 1645 2735 1717 obstupefacta
2765 1656 2918 1702 estet
2947 1648 3223 1714 admirata,
3257 1648 3527 1718 dixitque:

1945 1738 2208 1807 Quomodo
2229 1740 2320 1792 erit
2343 1739 2465 1791 mihi
2486 1738 2623 1792 istud
2638 1781 2652 1802 ,
2685 1740 2803 1808 quia
2823 1741 2990 1793 virum
3019 1757 3118 1794 non
3152 1756 3397 1811 cognosco
3420 1739 3530 1812 (Ib.

1944 1846 1991 1883 υ.
2020 1829 2109 1900 54)
2135 1830 2157 1882 ?
2183 1830 2318 1898 Quid
2355 1831 2513 1900 igitur
2539 1832 2800 1900 angelus?
2825 1831 3050 1900 Spiritus
3075 1843 3278 1885 sanctus
3303 1847 3532 1897 superve-

1943 1921 2042 1974 niet
2064 1938 2216 1990 super
2236 1931 2302 1987 te,
2327 1917 3146 1976 etvirtusAltissimiobumbrabit
3173 1920 3262 1974 tibi
3295 1919 3455 1991 (Ibid.
3482 1935 3532 1974 υ.

1943 2011 2056 2080 55).
2087 2011 2160 2066 Ne
2193 2027 2423 2082 qumras,
2457 2009 2656 2081 inquit,
2691 2020 2895 2066 naturae
2930 2011 3143 2065 modum
3172 2020 3226 2068 et
3255 2011 3494 2066 ordinem
3514 2052 3532 2076 ,

1944 2101 2156 2172 quando
2203 2118 2365 2171 super
2410 2116 2650 2157 naturam
2697 2113 2819 2157 sunt
2859 2118 2978 2172 qua:
3009 2102 3178 2167 fiunt;
3213 2117 3279 2157 ne
3323 2112 3533 2173 spectes

1944 2193 2170 2263 conjugii
2184 2192 2412 2258 dolores,
2429 2193 2640 2264 quando
2655 2193 2826 2263 major
2837 2209 2993 2263 quam
3007 2194 3058 2248 in
3073 2192 3269 2263 nuptiis
3282 2193 3534 2247 natalium

1945 2287 2134 2341 modus
2164 2287 2284 2341 erit.
2309 2287 2373 2340 Et
2396 2287 2645 2356 quomodo
2675 2287 2760 2357 ﬁet
2786 2287 2942 2365 is'tud,
2974 2287 3162 2358 inquit,
3193 2287 3432 2358 quoniam
3459 2286 3536 2338 vi-

1943 2393 2058 2428 rum
2087 2393 2186 2429 non
2221 2393 2464 2447 cognosco
2485 2377 2511 2430 ?
2533 2377 2672 2432 Sane
2705 2386 2921 2446 propter
2966 2377 3069 2431 hoc
3097 2377 3198 2432 erit
3217 2418 3231 2442 ,
3283 2376 3534 2447 quoniam

1945 2469 2115 2520 virum
2147 2482 2250 2521 non
2273 2468 2570 2537 cognoscis.
2601 2467 2733 2521 Nam
2761 2467 2805 2521 si
2835 2481 3186 2537 cognosceres
3213 2468 3403 2532 virum,
3427 2482 3535 2522 non

1947 2559 2137 2614 fuisses
2164 2559 2339 2614 habita
2382 2559 2537 2629 digna
2578 2569 2634 2614 ut
2674 2559 2797 2614 huic
2822 2559 3119 2614 ministerio
3144 2559 3394 2614 servires.
3426 2558 3535 2613 lla-

1945 2666 2049 2720 que
2072 2667 2132 2704 ea
2163 2651 2230 2706 de
2258 2667 2438 2718 causa,
2467 2667 2569 2722 qua
2598 2651 2830 2718 dubitas,
2855 2667 2915 2706 ea
2940 2651 3049 2721 ipsa
3076 2651 3143 2706 de
3169 2666 3326 2706 cau<a
3353 2651 3537 2708 crede.

1945 2742 2061 2798 Non
2089 2743 2208 2813 quia
2237 2744 2433 2798 malum
2469 2743 2666 2814 nuptia:
2685 2783 2701 2808 ,
2728 2743 2823 2799 sed
2852 2743 2975 2814 quia
3003 2743 3195 2799 melior
3229 2742 3536 2814 virginitas;

1947 2834 2087 2888 hunc
2106 2845 2284 2890 autem
2313 2835 2609 2905 ingressum
2637 2835 2807 2890 nostri
2829 2835 3066 2890 omnium
3096 2835 3308 2891 Domini
3330 2834 3539 2904 dignio-

1949 2945 2060 2983 rem
2091 2945 2210 2984 esse
2253 2938 2481 2998 oportet,
2514 2944 2670 2999 quam
2713 2941 2954 2983 nostrum
2984 2947 2997 2982 :
3032 2928 3226 2999 Regius
3254 2929 3396 2983 enim
3443 2928 3539 2983 fuit

1951 3021 2215 3076 introitus.
2247 3019 2537 3092 Oportebat
2578 3029 2632 3074 et
2669 3035 3008 3074 communem
3047 3035 3168 3074 eum
3205 3027 3388 3073 nostro
3425 3018 3541 3088 ejus

1948 3129 2068 3168 csse
2097 3123 2274 3167 ortum
2297 3153 2312 3178 ,
2341 3121 2396 3167 et
2438 3111 2704 3167 diversqu
2732 3128 2762 3166 a
2793 3125 2996 3177 n05tro,
3030 3122 3084 3167 et
3109 3121 3392 3182 utrumque
3419 3125 3540 3164 eve-

1947 3207 2042 3260 nit.
2078 3205 2144 3259 Et
2192 3206 2459 3274 quomodo
2508 3205 2653 3259 audi.
2697 3204 2830 3258 Nam
2861 3205 2927 3259 de
2958 3215 3108 3258 utero
3149 3204 3396 3274 prodire,
3438 3201 3542 3257 hoc

1947 3315 2230 3354 commune
2273 3299 2546 3353 nobiscum
2577 3307 2659 3352 est
2683 3316 2695 3352 :
2724 3298 2925 3367 absque
2954 3297 3174 3367 nuptiali
3203 3307 3380 3350 autem
3411 3311 3542 3350 cou-

1947 3406 2132 3461 gressu
2157 3391 2322 3456 nasci,
2348 3406 2507 3460 supra
2534 3399 2769 3444 nostram
2797 3398 2878 3443 est
2902 3390 3183 3459 originem.
3206 3388 3428 3444 Uterum
3450 3403 3542 3458 ge-

1949 3491 2095 3538 stare
2126 3494 2195 3549 te,
2230 3484 2280 3538 id
2312 3494 2514 3537 natura:
2540 3493 2621 3537 est
2643 3482 2922 3548 humanae;
2963 3482 3078 3536 sine
3103 3496 3394 3552 congressu
3426 3489 3543 3534 ute-

1949 3594 2065 3633 rum
2095 3587 2325 3646 gestare,
2350 3576 2400 3630 id
2431 3585 2615 3630 natura
2646 3574 2871 3628 humana
2899 3574 3174 3629 sublimius
3205 3591 3218 3625 :
3249 3581 3378 3628 utet
3405 3587 3543 3642 pum

1950 3670 2199 3724 stantiam
2220 3677 2275 3724 et
2290 3667 2719 3722 cmumunionem
2743 3681 2900 3736 quam
2931 3673 3102 3720 tecum
3126 3663 3288 3718 habet
3312 3663 3539 3718 ediscas.

1949 3760 2242 3815 Considera
2272 3768 2451 3814 autem
2482 3768 2676 3827 quanta
2708 3758 2964 3827 sapientia
2991 3757 3104 3811 [nec
3135 3757 3269 3810 facta
3298 3755 3424 3820 sint,
3457 3769 3544 3809 nec

1950 3868 2052 3922 que
2082 3852 2368 3906 eminentia
2395 3849 2565 3905 obfuit
2589 3847 2921 3904 similitudini
2959 3857 3013 3902 et
3035 3846 3275 3900 affinitati
3299 3845 3414 3916 ejus
3442 3861 3544 3899 no-

1953 3945 2178 4010 hiscum,
2203 3958 2376 4013 neque
2408 3952 2585 3996 nostra
2616 3941 2844 3996 afﬁnitas
2875 3949 2929 3996 et
2967 3938 3260 3996 similitudo
3299 3939 3414 4009 ejus
3442 3937 3542 3991 ob—

1951 4038 2177 4092 scuravit
2203 4036 2572 4092 excellentiam
2597 4051 2611 4100 ;
2641 4034 2733 4088 sed
2764 4032 3016 4102 operibus
3045 4041 3329 4101 utrumque
3358 4039 3540 4086 osteu.

1951 4148 2067 4186 sum
2099 4138 2181 4185 est
2205 4146 2217 4182 :
2252 4130 2462 4199 aliaque
2492 4127 2726 4196 perfecte
2753 4126 2907 4181 nobis
2928 4126 3118 4180 similia
3152 4124 3358 4191 habuit,
3385 4124 3486 4178 alia
3514 4139 3543 4176 a

1952 4215 2106 4268 nobis
2147 4214 2376 4268 diversa.
2414 4212 2642 4277 Verum,
2680 4219 2737 4264 ut
2764 4211 2908 4275 dixi,
2954 4218 3170 4280 propter
3212 4209 3313 4263 hoc
3337 4207 3546 4262 steriles

1953 4306 2165 4360 fuerunt
2193 4305 2328 4370 istae,
2354 4313 2408 4357 ut
2437 4303 2749 4358 crederetur
2775 4301 3092 4371 virginitatis
3119 4310 3322 4370 partus,
3349 4308 3404 4352 ut
3433 4299 3544 4367 ipsa

1953 4399 2294 4453 induceretur
2323 4397 2388 4451 ad
2434 4397 2591 4451 fidem
2635 4395 3026 4465 promissionis.
3061 4393 3196 4447 Audi
3246 4391 3386 4446 enim
3418 4389 3543 4460 quid

1953 4493 2080 4547 dicit
2109 4492 2328 4562 angelus
2361 4491 2453 4545 Dei
2495 4507 2509 4543 :
2545 4490 2771 4560 Spiritus
2807 4500 3010 4541 sanctus
3035 4487 3192 4539 veniet
3221 4501 3369 4554 super
3399 4491 3462 4546 te,
3498 4489 3546 4533 et

1952 4585 2108 4640 virtus
2137 4585 2382 4639 Altissimi
2419 4581 2728 4636 obumbrabit
2754 4580 2841 4632 tibi
2862 4580 2882 4649 (
2904 4577 3156 4646 Ibidem).
3188 4575 3275 4629 Sic
3295 4615 3308 4637 ,
3341 4571 3505 4642 inquit
3528 4612 3544 4636 ,

1952 4679 2152 4749 poteris
2174 4691 2378 4746 parere.
2403 4675 2592 4729 Totum
2615 4672 2921 4741 Operatione
2945 4669 3172 4738 Spiritus
3195 4665 3318 4721 erit.
3340 4665 3418 4719 Ne
3447 4664 3548 4733 igi-

1956 4782 2040 4826 tur
2066 4777 2276 4840 spectes
2304 4769 2352 4822 in
2387 4776 2604 4831 terram,
2633 4781 2663 4820 e
2688 4764 2839 4820 ctelis
2863 4761 3102 4832 Operatio
3129 4760 3291 4816 venit.
3319 4759 3551 4831 Spiritus

1952 4864 2136 4934 gratiae
2180 4869 2264 4916 est
2309 4859 2452 4930 quod
2497 4858 2582 4922 fit,
2616 4871 2683 4911 ne
2711 4869 2919 4925 quaeras
2945 4862 3150 4907 natura:
3194 4849 3449 4913 modum,
3485 4864 3553 4903 nc

1955 4957 2247 5012 secundum
2273 4954 2574 5023 nuptiarum
2597 4951 2744 5019 leges
2762 4947 3046 5018 intelligas.
3073 4945 3270 5000 Verum
3297 4943 3548 5014 quoniam

1956 5049 2156 5117 majora
2187 5056 2309 5101 sunt
2348 5046 2509 5101 verba
2542 5045 2675 5111 haec,
2701 5059 2859 5114 quam
2891 5052 2946 5095 ut
2974 5041 3061 5094 illa
3093 5046 3325 5110 caperet,
3357 5034 3466 5088 vult
3495 5043 3546 5087 et

1954 5142 2111 5196 aliam
2142 5140 2188 5195 ei
2215 5139 2453 5209 praebere
2477 5135 3010 5192 demonstrationem.

2027 5234 2077 5288 5.
2120 5231 2201 5287 Tu
2233 5241 2449 5297 autem,
2499 5228 2726 5294 dilecte,
2774 5224 2991 5280 attende
3040 5219 3306 5291 quomodo
3350 5214 3548 5270 sterilis

1957 5325 2111 5380 istam
2136 5322 2456 5377 manuducat
2484 5319 2550 5375 ad
2581 5319 2739 5374 ﬁdem
2769 5324 2972 5387 partus.
3001 5311 3261 5380 Quoniam
3292 5307 3436 5378 prior
3456 5306 3549 5361 de-

1958 5415 2274 5469 monstratio
2313 5411 2481 5480 major
2506 5418 2622 5465 erat
2645 5407 2964 5477 cogitatione
2993 5400 3231 5471 virginis,
3259 5397 3380 5452 audi
3411 5412 3544 5466 quo-

1959 5505 2117 5561 modo
2141 5513 2195 5560 et
2217 5503 2555 5558 humiliorem
2582 5510 2884 5554 sermonem
2911 5492 3122 5556 afferat,
3155 5505 3250 5560 per
3278 5488 3547 5544 sensibilia

1957 5598 2129 5666 ipsam
2151 5595 2538 5650 mauuducens.
2567 5587 2636 5643 Et
2662 5603 2791 5652 ecce,
2821 5584 3012 5656 inquit,
3043 5581 3307 5637 Elisabetlt
3332 5590 3548 5651 cognata

1957 5701 2045 5743 tua
2071 5697 2117 5742 et
2138 5688 2248 5759 ipsa
2269 5684 2491 5754 concepit
2511 5682 2677 5751 ﬁlium
2698 5681 2751 5734 in
2776 5686 3024 5734 senectute
3046 5691 3141 5730 sua
3171 5689 3190 5729 :
3226 5683 3270 5727 et
3295 5672 3376 5727 hic
3402 5689 3546 5725 men-

1958 5784 2026 5836 sis
2046 5789 2218 5836 sextus
2245 5787 2320 5833 est
2344 5777 2390 5831 ei
2409 5791 2522 5846 qua:
2543 5779 2751 5828 vocatur
2774 5768 2960 5825 sterilis
2986 5767 3136 5838 (Luc.
3164 5767 3216 5823 i.
3243 5765 3358 5834 36).
3390 5764 3548 5818 Vides

1962 5888 2018 5931 ut
2042 5875 2239 5930 sterilis
2268 5879 2485 5942 propter
2516 5867 2773 5941 virginem
2817 5865 2870 5921 in
2907 5863 3146 5920 mediqu
3185 5862 3252 5916 sit
3279 5853 3546 5908 adducta?
