  <div class='ocr_page' id='page_1' title='image "/cluster/home/n/w/nwhite01/storage/ocr_20150623/54:no.4:pt.2/coo.31924054869544/075.png"; bbox 0 0 4078 6442; ppageno 0'>
   <div class='ocr_carea' id='block_1_1' title="bbox 572 394 674 456">
    <p class='ocr_par' dir='ltr' id='par_1_1' title="bbox 572 394 674 456">
     <span class='ocr_line' id='line_1_1' title="bbox 572 394 674 456; baseline -0.039 0"><span class='ocrx_word' id='word_1_1' title='bbox 572 394 674 456; x_wconf 63' lang='grc' dir='ltr'><strong>δι’)</strong></span> 
     </span>
    </p>
   </div>
   <div class='ocr_carea' id='block_1_2' title="bbox 541 499 2157 577">
    <p class='ocr_par' dir='ltr' id='par_1_2' title="bbox 541 499 2157 577">
     <span class='ocr_line' id='line_1_2' title="bbox 541 499 2157 577; baseline -0.009 -16"><span class='ocrx_word' id='word_1_2' title='bbox 541 505 817 577; x_wconf 80' lang='lat' dir='ltr'><strong>&#39;Alioquin</strong></span> <span class='ocrx_word' id='word_1_3' title='bbox 852 503 1001 575; x_wconf 86' lang='lat' dir='ltr'><strong>cujus</strong></span> <span class='ocrx_word' id='word_1_4' title='bbox 1041 501 1120 560; x_wconf 88' lang='lat' dir='ltr'><strong>rei</strong></span> <span class='ocrx_word' id='word_1_5' title='bbox 1148 501 1317 573; x_wconf 90' lang='lat' dir='ltr'><strong>gratia</strong></span> <span class='ocrx_word' id='word_1_6' title='bbox 1347 499 1619 557; x_wconf 88' lang='lat' dir='ltr'><strong>retulisset</strong></span> <span class='ocrx_word' id='word_1_7' title='bbox 1657 507 1866 568; x_wconf 88' lang='lat' dir='ltr'><strong>partum</strong></span> <span class='ocrx_word' id='word_1_8' title='bbox 1896 503 2157 564; x_wconf 71' lang='lat' dir='ltr'><strong>cognatm,</strong></span> 
     </span>
    </p>
   </div>
   <div class='ocr_carea' id='block_1_3' title="bbox 569 586 2164 666">
    <p class='ocr_par' dir='ltr' id='par_1_3' title="bbox 569 586 2164 666">
     <span class='ocr_line' id='line_1_3' title="bbox 569 586 2164 666; baseline -0.008 -14"><span class='ocrx_word' id='word_1_9' title='bbox 569 597 724 666; x_wconf 89' lang='lat' dir='ltr'><strong>cujus</strong></span> <span class='ocrx_word' id='word_1_10' title='bbox 753 599 876 651; x_wconf 86' lang='lat' dir='ltr'><strong>item</strong></span> <span class='ocrx_word' id='word_1_11' title='bbox 902 596 1068 665; x_wconf 85' lang='lat' dir='ltr'><strong>gratia</strong></span> <span class='ocrx_word' id='word_1_12' title='bbox 1095 592 1338 660; x_wconf 75' lang='lat' dir='ltr'><strong>dixisset,</strong></span> <span class='ocrx_word' id='word_1_13' title='bbox 1373 590 1499 658; x_wconf 75' lang='lat' dir='ltr'><strong>Qua:</strong></span> <span class='ocrx_word' id='word_1_14' title='bbox 1519 599 1725 645; x_wconf 83' lang='lat' dir='ltr'><strong>uocatur</strong></span> <span class='ocrx_word' id='word_1_15' title='bbox 1748 587 1972 642; x_wconf 84' lang='lat' dir='ltr'><strong>sterilis?</strong></span> <span class='ocrx_word' id='word_1_16' title='bbox 2001 586 2164 640; x_wconf 79' lang='lat' dir='ltr'><strong>Plane</strong></span> 
     </span>
    </p>
   </div>
   <div class='ocr_carea' id='block_1_4' title="bbox 565 676 2161 757">
    <p class='ocr_par' dir='ltr' id='par_1_4' title="bbox 565 676 2161 757">
     <span class='ocr_line' id='line_1_4' title="bbox 565 676 2161 757; baseline -0.006 -19"><span class='ocrx_word' id='word_1_17' title='bbox 565 703 664 757; x_wconf 84' lang='lat' dir='ltr'><strong>per</strong></span> <span class='ocrx_word' id='word_1_18' title='bbox 693 688 870 745; x_wconf 83' lang='lat' dir='ltr'><strong>omnia</strong></span> <span class='ocrx_word' id='word_1_19' title='bbox 894 685 1192 742; x_wconf 89' lang='lat' dir='ltr'><strong>deducebat</strong></span> <span class='ocrx_word' id='word_1_20' title='bbox 1215 701 1332 741; x_wconf 87' lang='lat' dir='ltr'><strong>eam</strong></span> <span class='ocrx_word' id='word_1_21' title='bbox 1363 683 1431 739; x_wconf 90' lang='lat' dir='ltr'><strong>ad</strong></span> <span class='ocrx_word' id='word_1_22' title='bbox 1455 681 1783 738; x_wconf 88' lang='lat' dir='ltr'><strong>credendmn</strong></span> <span class='ocrx_word' id='word_1_23' title='bbox 1813 676 2161 734; x_wconf 88' lang='lat' dir='ltr'><strong>annnutiatio-</strong></span> 
     </span>
    </p>
   </div>
   <div class='ocr_carea' id='block_1_5' title="bbox 571 769 2156 848">
    <p class='ocr_par' dir='ltr' id='par_1_5' title="bbox 571 769 2156 848">
     <span class='ocr_line' id='line_1_5' title="bbox 571 769 2156 848; baseline -0.008 -17"><span class='ocrx_word' id='word_1_24' title='bbox 571 779 622 831; x_wconf 92' lang='lat' dir='ltr'><strong>ni</strong></span> <span class='ocrx_word' id='word_1_25' title='bbox 647 793 660 830; x_wconf 90' lang='lat'><strong>:</strong></span> <span class='ocrx_word' id='word_1_26' title='bbox 687 788 968 847; x_wconf 87' lang='lat' dir='ltr'><strong>propterea</strong></span> <span class='ocrx_word' id='word_1_27' title='bbox 993 787 1047 830; x_wconf 92' lang='lat' dir='ltr'><strong>et</strong></span> <span class='ocrx_word' id='word_1_28' title='bbox 1070 788 1278 848; x_wconf 89' lang='lat' dir='ltr'><strong>tempus</strong></span> <span class='ocrx_word' id='word_1_29' title='bbox 1304 775 1459 841; x_wconf 77' lang='lat' dir='ltr'><strong>dixit,</strong></span> <span class='ocrx_word' id='word_1_30' title='bbox 1487 782 1541 828; x_wconf 89' lang='lat' dir='ltr'><strong>et</strong></span> <span class='ocrx_word' id='word_1_31' title='bbox 1561 783 1764 828; x_wconf 70' lang='lat' dir='ltr'><strong>natura:</strong></span> <span class='ocrx_word' id='word_1_32' title='bbox 1787 769 2120 826; x_wconf 70' lang='lat' dir='ltr'><strong>sterilitatem</strong></span> <span class='ocrx_word' id='word_1_33' title='bbox 2145 783 2156 819; x_wconf 94' lang='lat'><strong>:</strong></span> 
     </span>
    </p>
   </div>
   <div class='ocr_carea' id='block_1_6' title="bbox 571 861 2161 938">
    <p class='ocr_par' dir='ltr' id='par_1_6' title="bbox 571 861 2161 938">
     <span class='ocr_line' id='line_1_6' title="bbox 571 861 2161 938; baseline -0.005 -16"><span class='ocrx_word' id='word_1_34' title='bbox 571 877 848 937; x_wconf 77' lang='lat' dir='ltr'><strong>propterea</strong></span> <span class='ocrx_word' id='word_1_35' title='bbox 899 877 949 922; x_wconf 89' lang='lat' dir='ltr'><strong>et</strong></span> <span class='ocrx_word' id='word_1_36' title='bbox 983 879 1194 938; x_wconf 80' lang='lat' dir='ltr'><strong>tempus</strong></span> <span class='ocrx_word' id='word_1_37' title='bbox 1224 867 1428 922; x_wconf 81' lang='lat' dir='ltr'><strong>distulit</strong></span> <span class='ocrx_word' id='word_1_38' title='bbox 1457 864 1844 934; x_wconf 87' lang='lat' dir='ltr'><strong>conceptionis.</strong></span> <span class='ocrx_word' id='word_1_39' title='bbox 1876 861 1991 917; x_wconf 79' lang='lat' dir='ltr'><strong>Non</strong></span> <span class='ocrx_word' id='word_1_40' title='bbox 2019 862 2161 916; x_wconf 87' lang='lat' dir='ltr'><strong>enim</strong></span> 
     </span>
    </p>
   </div>
   <div class='ocr_carea' id='block_1_7' title="bbox 568 953 2162 1031">
    <p class='ocr_par' dir='ltr' id='par_1_7' title="bbox 568 953 2162 1031">
     <span class='ocr_line' id='line_1_7' title="bbox 568 953 2162 1031; baseline -0.004 -19"><span class='ocrx_word' id='word_1_41' title='bbox 568 961 745 1012; x_wconf 81' lang='lat' dir='ltr'><strong>statim</strong></span> <span class='ocrx_word' id='word_1_42' title='bbox 774 974 802 1012; x_wconf 89' lang='lat' dir='ltr'><strong>a</strong></span> <span class='ocrx_word' id='word_1_43' title='bbox 835 960 1096 1031; x_wconf 89' lang='lat' dir='ltr'><strong>principio</strong></span> <span class='ocrx_word' id='word_1_44' title='bbox 1132 961 1182 1015; x_wconf 92' lang='lat' dir='ltr'><strong>ei</strong></span> <span class='ocrx_word' id='word_1_45' title='bbox 1221 959 1591 1012; x_wconf 89' lang='lat' dir='ltr'><strong>annuntiatum</strong></span> <span class='ocrx_word' id='word_1_46' title='bbox 1613 963 1697 1011; x_wconf 89' lang='lat' dir='ltr'><strong>est</strong></span> <span class='ocrx_word' id='word_1_47' title='bbox 1717 997 1732 1021; x_wconf 93' lang='lat'><strong>,</strong></span> <span class='ocrx_word' id='word_1_48' title='bbox 1763 954 1858 1011; x_wconf 92' lang='lat' dir='ltr'><strong>sed</strong></span> <span class='ocrx_word' id='word_1_49' title='bbox 1890 953 2162 1024; x_wconf 70' lang='lat' dir='ltr'><strong>prmterito</strong></span> 
     </span>
    </p>
   </div>
   <div class='ocr_carea' id='block_1_8' title="bbox 567 1044 2160 1120">
    <p class='ocr_par' dir='ltr' id='par_1_8' title="bbox 567 1044 2160 1120">
     <span class='ocr_line' id='line_1_8' title="bbox 567 1044 2160 1120; baseline -0.004 -16"><span class='ocrx_word' id='word_1_50' title='bbox 567 1060 808 1120; x_wconf 88' lang='lat' dir='ltr'><strong>tempore</strong></span> <span class='ocrx_word' id='word_1_51' title='bbox 829 1053 1097 1118; x_wconf 89' lang='lat' dir='ltr'><strong>semestri,</strong></span> <span class='ocrx_word' id='word_1_52' title='bbox 1129 1061 1186 1104; x_wconf 94' lang='lat' dir='ltr'><strong>ut</strong></span> <span class='ocrx_word' id='word_1_53' title='bbox 1217 1050 1355 1105; x_wconf 89' lang='lat' dir='ltr'><strong>uteri</strong></span> <span class='ocrx_word' id='word_1_54' title='bbox 1384 1050 1594 1104; x_wconf 78' lang='lat' dir='ltr'><strong>sarcina</strong></span> <span class='ocrx_word' id='word_1_55' title='bbox 1632 1048 2035 1116; x_wconf 84' lang='lat' dir='ltr'><strong>conceptionem</strong></span> <span class='ocrx_word' id='word_1_56' title='bbox 2064 1044 2160 1099; x_wconf 86' lang='lat' dir='ltr'><strong>do-</strong></span> 
     </span>
    </p>
   </div>
   <div class='ocr_carea' id='block_1_9' title="bbox 565 1137 2161 1214">
    <p class='ocr_par' dir='ltr' id='par_1_9' title="bbox 565 1137 2161 1214">
     <span class='ocr_line' id='line_1_9' title="bbox 565 1137 2161 1214; baseline -0.005 -16"><span class='ocrx_word' id='word_1_57' title='bbox 565 1153 730 1198; x_wconf 83' lang='lat' dir='ltr'><strong>ceret.</strong></span> <span class='ocrx_word' id='word_1_58' title='bbox 755 1143 817 1197; x_wconf 85' lang='lat' dir='ltr'><strong>Et</strong></span> <span class='ocrx_word' id='word_1_59' title='bbox 836 1143 956 1198; x_wconf 89' lang='lat' dir='ltr'><strong>vide</strong></span> <span class='ocrx_word' id='word_1_60' title='bbox 983 1151 1179 1214; x_wconf 83' lang='lat' dir='ltr'><strong>quanta</strong></span> <span class='ocrx_word' id='word_1_61' title='bbox 1198 1141 1409 1198; x_wconf 86' lang='lat' dir='ltr'><strong>Gabriel</strong></span> <span class='ocrx_word' id='word_1_62' title='bbox 1429 1141 1592 1196; x_wconf 90' lang='lat' dir='ltr'><strong>utitur</strong></span> <span class='ocrx_word' id='word_1_63' title='bbox 1610 1138 1846 1194; x_wconf 82' lang='lat' dir='ltr'><strong>solertia.</strong></span> <span class='ocrx_word' id='word_1_64' title='bbox 1876 1137 1989 1192; x_wconf 81' lang='lat' dir='ltr'><strong>Non</strong></span> <span class='ocrx_word' id='word_1_65' title='bbox 2020 1137 2161 1191; x_wconf 91' lang='lat' dir='ltr'><strong>enim</strong></span> 
     </span>
    </p>
   </div>
   <div class='ocr_carea' id='block_1_10' title="bbox 569 1229 2162 1300">
    <p class='ocr_par' dir='ltr' id='par_1_10' title="bbox 569 1229 2162 1300">
     <span class='ocr_line' id='line_1_10' title="bbox 569 1229 2162 1300; baseline -0.004 -11"><span class='ocrx_word' id='word_1_66' title='bbox 569 1239 618 1290; x_wconf 90' lang='lat' dir='ltr'><strong>in</strong></span> <span class='ocrx_word' id='word_1_67' title='bbox 640 1236 952 1291; x_wconf 84' lang='lat' dir='ltr'><strong>memoriam</strong></span> <span class='ocrx_word' id='word_1_68' title='bbox 971 1237 1019 1290; x_wconf 90' lang='lat' dir='ltr'><strong>ei</strong></span> <span class='ocrx_word' id='word_1_69' title='bbox 1049 1236 1256 1291; x_wconf 81' lang='lat' dir='ltr'><strong>reducit</strong></span> <span class='ocrx_word' id='word_1_70' title='bbox 1278 1235 1359 1291; x_wconf 93' lang='lat' dir='ltr'><strong>vel</strong></span> <span class='ocrx_word' id='word_1_71' title='bbox 1379 1233 1616 1300; x_wconf 89' lang='lat' dir='ltr'><strong>Sarram,</strong></span> <span class='ocrx_word' id='word_1_72' title='bbox 1639 1231 1720 1287; x_wconf 89' lang='lat' dir='ltr'><strong>vel</strong></span> <span class='ocrx_word' id='word_1_73' title='bbox 1741 1231 2053 1296; x_wconf 78' lang='lat' dir='ltr'><strong>Rebeccam,</strong></span> <span class='ocrx_word' id='word_1_74' title='bbox 2081 1229 2162 1284; x_wconf 87' lang='lat' dir='ltr'><strong>vel</strong></span> 
     </span>
    </p>
   </div>
   <div class='ocr_carea' id='block_1_11' title="bbox 571 1320 2160 1395">
    <p class='ocr_par' dir='ltr' id='par_1_11' title="bbox 571 1320 2160 1395">
     <span class='ocr_line' id='line_1_11' title="bbox 571 1320 2160 1395; baseline -0.004 -17"><span class='ocrx_word' id='word_1_75' title='bbox 571 1326 880 1381; x_wconf 78' lang='lat' dir='ltr'><strong>ltaehelem.</strong></span> <span class='ocrx_word' id='word_1_76' title='bbox 909 1327 1088 1392; x_wconf 82' lang='lat' dir='ltr'><strong>Quare</strong></span> <span class='ocrx_word' id='word_1_77' title='bbox 1117 1336 1171 1379; x_wconf 92' lang='lat' dir='ltr'><strong>et</strong></span> <span class='ocrx_word' id='word_1_78' title='bbox 1197 1340 1357 1395; x_wconf 90' lang='lat' dir='ltr'><strong>quam</strong></span> <span class='ocrx_word' id='word_1_79' title='bbox 1386 1323 1456 1378; x_wconf 93' lang='lat' dir='ltr'><strong>ob</strong></span> <span class='ocrx_word' id='word_1_80' title='bbox 1475 1338 1688 1378; x_wconf 77' lang='lat' dir='ltr'><strong>causam</strong></span> <span class='ocrx_word' id='word_1_81' title='bbox 1712 1324 1735 1375; x_wconf 65' lang='grc' dir='ltr'><strong>ζ’</strong></span> <span class='ocrx_word' id='word_1_82' title='bbox 1757 1320 1886 1376; x_wconf 84' lang='lat' dir='ltr'><strong>Nam</strong></span> <span class='ocrx_word' id='word_1_83' title='bbox 1916 1320 1997 1374; x_wconf 76' lang='lat' dir='ltr'><strong>Ine</strong></span> <span class='ocrx_word' id='word_1_84' title='bbox 2024 1336 2160 1390; x_wconf 89' lang='lat' dir='ltr'><strong>quo-</strong></span> 
     </span>
    </p>
   </div>
   <div class='ocr_carea' id='block_1_12' title="bbox 567 1411 2162 1487">
    <p class='ocr_par' dir='ltr' id='par_1_12' title="bbox 567 1411 2162 1487">
     <span class='ocr_line' id='line_1_12' title="bbox 567 1411 2162 1487; baseline -0.003 -19"><span class='ocrx_word' id='word_1_85' title='bbox 567 1432 672 1487; x_wconf 89' lang='lat' dir='ltr'><strong>que</strong></span> <span class='ocrx_word' id='word_1_86' title='bbox 703 1421 917 1472; x_wconf 90' lang='lat' dir='ltr'><strong>fuerunt</strong></span> <span class='ocrx_word' id='word_1_87' title='bbox 936 1417 1168 1481; x_wconf 79' lang='lat' dir='ltr'><strong>steriles,</strong></span> <span class='ocrx_word' id='word_1_88' title='bbox 1191 1427 1244 1472; x_wconf 88' lang='lat' dir='ltr'><strong>et</strong></span> <span class='ocrx_word' id='word_1_89' title='bbox 1263 1415 1474 1481; x_wconf 76' lang='lat' dir='ltr'><strong>vetul;e,</strong></span> <span class='ocrx_word' id='word_1_90' title='bbox 1499 1422 1553 1468; x_wconf 89' lang='lat' dir='ltr'><strong>et</strong></span> <span class='ocrx_word' id='word_1_91' title='bbox 1577 1427 1826 1483; x_wconf 82' lang='lat' dir='ltr'><strong>magnum</strong></span> <span class='ocrx_word' id='word_1_92' title='bbox 1851 1411 2162 1466; x_wconf 86' lang='lat' dir='ltr'><strong>miraculum</strong></span> 
     </span>
    </p>
   </div>
   <div class='ocr_carea' id='block_1_13' title="bbox 571 1505 2166 1579">
    <p class='ocr_par' dir='ltr' id='par_1_13' title="bbox 571 1505 2166 1579">
     <span class='ocr_line' id='line_1_13' title="bbox 571 1505 2166 1579; baseline -0.002 -18"><span class='ocrx_word' id='word_1_93' title='bbox 571 1509 623 1562; x_wconf 91' lang='lat' dir='ltr'><strong>in</strong></span> <span class='ocrx_word' id='word_1_94' title='bbox 653 1509 754 1562; x_wconf 88' lang='lat' dir='ltr'><strong>illis</strong></span> <span class='ocrx_word' id='word_1_95' title='bbox 783 1508 880 1562; x_wconf 88' lang='lat' dir='ltr'><strong>fuit</strong></span> <span class='ocrx_word' id='word_1_96' title='bbox 907 1527 920 1562; x_wconf 92' lang='lat'><strong>:</strong></span> <span class='ocrx_word' id='word_1_97' title='bbox 955 1508 1047 1563; x_wconf 91' lang='lat' dir='ltr'><strong>sed</strong></span> <span class='ocrx_word' id='word_1_98' title='bbox 1076 1509 1200 1579; x_wconf 86' lang='lat' dir='ltr'><strong>quia</strong></span> <span class='ocrx_word' id='word_1_99' title='bbox 1229 1523 1418 1564; x_wconf 89' lang='lat' dir='ltr'><strong>omnes</strong></span> <span class='ocrx_word' id='word_1_100' title='bbox 1450 1507 1533 1562; x_wconf 82' lang='lat' dir='ltr'><strong>ha:</strong></span> <span class='ocrx_word' id='word_1_101' title='bbox 1565 1508 1899 1561; x_wconf 85' lang='lat' dir='ltr'><strong>narrationes</strong></span> <span class='ocrx_word' id='word_1_102' title='bbox 1933 1505 2166 1575; x_wconf 70' lang='lat' dir='ltr'><strong>antiquae</strong></span> 
     </span>
    </p>
   </div>
   <div class='ocr_carea' id='block_1_14' title="bbox 571 1597 2169 1669">
    <p class='ocr_par' dir='ltr' id='par_1_14' title="bbox 571 1597 2169 1669">
     <span class='ocr_line' id='line_1_14' title="bbox 571 1597 2169 1669; baseline -0.003 -16"><span class='ocrx_word' id='word_1_103' title='bbox 571 1609 756 1668; x_wconf 90' lang='lat' dir='ltr'><strong>erant,</strong></span> <span class='ocrx_word' id='word_1_104' title='bbox 799 1600 1015 1655; x_wconf 85' lang='lat' dir='ltr'><strong>adducit</strong></span> <span class='ocrx_word' id='word_1_105' title='bbox 1057 1616 1174 1654; x_wconf 87' lang='lat' dir='ltr'><strong>eam</strong></span> <span class='ocrx_word' id='word_1_106' title='bbox 1206 1599 1272 1654; x_wconf 89' lang='lat' dir='ltr'><strong>ad</strong></span> <span class='ocrx_word' id='word_1_107' title='bbox 1316 1599 1364 1653; x_wconf 89' lang='lat' dir='ltr'><strong>id</strong></span> <span class='ocrx_word' id='word_1_108' title='bbox 1395 1597 1534 1669; x_wconf 89' lang='lat' dir='ltr'><strong>quod</strong></span> <span class='ocrx_word' id='word_1_109' title='bbox 1566 1613 1734 1669; x_wconf 86' lang='lat' dir='ltr'><strong>nuper</strong></span> <span class='ocrx_word' id='word_1_110' title='bbox 1759 1597 2078 1667; x_wconf 78' lang='lat' dir='ltr'><strong>contigerat,</strong></span> <span class='ocrx_word' id='word_1_111' title='bbox 2111 1602 2169 1650; x_wconf 80' lang='lat' dir='ltr'><strong>ut</strong></span> 
     </span>
    </p>
   </div>
   <div class='ocr_carea' id='block_1_15' title="bbox 572 1691 1754 1762">
    <p class='ocr_par' dir='ltr' id='par_1_15' title="bbox 572 1691 1754 1762">
     <span class='ocr_line' id='line_1_15' title="bbox 572 1691 1754 1762; baseline -0.004 -17"><span class='ocrx_word' id='word_1_112' title='bbox 572 1701 805 1746; x_wconf 86' lang='lat' dir='ltr'><strong>mentem</strong></span> <span class='ocrx_word' id='word_1_113' title='bbox 833 1691 950 1762; x_wconf 81' lang='lat' dir='ltr'><strong>ejus</strong></span> <span class='ocrx_word' id='word_1_114' title='bbox 969 1691 1036 1746; x_wconf 89' lang='lat' dir='ltr'><strong>ad</strong></span> <span class='ocrx_word' id='word_1_115' title='bbox 1067 1691 1394 1746; x_wconf 90' lang='lat' dir='ltr'><strong>credendum</strong></span> <span class='ocrx_word' id='word_1_116' title='bbox 1420 1699 1754 1760; x_wconf 86' lang='lat' dir='ltr'><strong>provocaret.</strong></span> 
     </span>
    </p>
   </div>
   <div class='ocr_carea' id='block_1_16' title="bbox 653 1779 2165 1855">
    <p class='ocr_par' dir='ltr' id='par_1_16' title="bbox 653 1779 2165 1855">
     <span class='ocr_line' id='line_1_16' title="bbox 653 1779 2165 1855; baseline -0.001 -19"><span class='ocrx_word' id='word_1_117' title='bbox 653 1783 841 1855; x_wconf 87' lang='lat' dir='ltr'><strong>Viginti</strong></span> <span class='ocrx_word' id='word_1_118' title='bbox 869 1784 1015 1838; x_wconf 82' lang='lat' dir='ltr'><strong>annis</strong></span> <span class='ocrx_word' id='word_1_119' title='bbox 1045 1794 1324 1854; x_wconf 80' lang='lat' dir='ltr'><strong>perseverat</strong></span> <span class='ocrx_word' id='word_1_120' title='bbox 1364 1800 1516 1837; x_wconf 89' lang='lat' dir='ltr'><strong>orans</strong></span> <span class='ocrx_word' id='word_1_121' title='bbox 1548 1781 1718 1836; x_wconf 86' lang='lat' dir='ltr'><strong>Isaac.</strong></span> <span class='ocrx_word' id='word_1_122' title='bbox 1748 1809 1820 1822; x_wconf 90' lang='lat'><strong>—-</strong></span> <span class='ocrx_word' id='word_1_123' title='bbox 1840 1779 1943 1837; x_wconf 85' lang='lat' dir='ltr'><strong>Sed</strong></span> <span class='ocrx_word' id='word_1_124' title='bbox 1975 1795 2165 1836; x_wconf 77' lang='lat' dir='ltr'><strong>neces-</strong></span> 
     </span>
    </p>
   </div>
   <div class='ocr_carea' id='block_1_17' title="bbox 567 1872 2170 1933">
    <p class='ocr_par' dir='ltr' id='par_1_17' title="bbox 567 1872 2170 1933">
     <span class='ocr_line' id='line_1_17' title="bbox 567 1872 2170 1933; baseline -0.002 -3"><span class='ocrx_word' id='word_1_125' title='bbox 567 1875 770 1930; x_wconf 86' lang='lat' dir='ltr'><strong>sarium</strong></span> <span class='ocrx_word' id='word_1_126' title='bbox 798 1885 881 1931; x_wconf 91' lang='lat' dir='ltr'><strong>est</strong></span> <span class='ocrx_word' id='word_1_127' title='bbox 912 1885 968 1930; x_wconf 92' lang='lat' dir='ltr'><strong>nt</strong></span> <span class='ocrx_word' id='word_1_128' title='bbox 997 1875 1061 1930; x_wconf 85' lang='lat' dir='ltr'><strong>ad</strong></span> <span class='ocrx_word' id='word_1_129' title='bbox 1095 1875 1394 1930; x_wconf 79' lang='lat' dir='ltr'><strong>institutum</strong></span> <span class='ocrx_word' id='word_1_130' title='bbox 1424 1889 1729 1930; x_wconf 87' lang='lat' dir='ltr'><strong>sermonem</strong></span> <span class='ocrx_word' id='word_1_131' title='bbox 1762 1872 2044 1928; x_wconf 87' lang='lat' dir='ltr'><strong>redeamus</strong></span> <span class='ocrx_word' id='word_1_132' title='bbox 2068 1912 2082 1933; x_wconf 90' lang='lat'><strong>,</strong></span> <span class='ocrx_word' id='word_1_133' title='bbox 2115 1881 2170 1926; x_wconf 91' lang='lat' dir='ltr'><strong>et</strong></span> 
     </span>
    </p>
   </div>
   <div class='ocr_carea' id='block_1_18' title="bbox 567 1961 2170 2036">
    <p class='ocr_par' dir='ltr' id='par_1_18' title="bbox 567 1961 2170 2036">
     <span class='ocr_line' id='line_1_18' title="bbox 567 1961 2170 2036; baseline -0.002 -15"><span class='ocrx_word' id='word_1_134' title='bbox 567 1967 932 2036; x_wconf 87' lang='lat' dir='ltr'><strong>significemus</strong></span> <span class='ocrx_word' id='word_1_135' title='bbox 969 1967 1098 2036; x_wconf 82' lang='lat' dir='ltr'><strong>justi</strong></span> <span class='ocrx_word' id='word_1_136' title='bbox 1150 1969 1443 2032; x_wconf 82' lang='lat' dir='ltr'><strong>virtutem,</strong></span> <span class='ocrx_word' id='word_1_137' title='bbox 1496 1974 1552 2024; x_wconf 88' lang='lat' dir='ltr'><strong>et</strong></span> <span class='ocrx_word' id='word_1_138' title='bbox 1597 1964 1868 2034; x_wconf 89' lang='lat' dir='ltr'><strong>quomodo</strong></span> <span class='ocrx_word' id='word_1_139' title='bbox 1920 1961 2170 2035; x_wconf 79' lang='lat' dir='ltr'><strong>precibus</strong></span> 
     </span>
    </p>
   </div>
   <div class='ocr_carea' id='block_1_19' title="bbox 569 2056 2170 2123">
    <p class='ocr_par' dir='ltr' id='par_1_19' title="bbox 569 2056 2170 2123">
     <span class='ocr_line' id='line_1_19' title="bbox 569 2056 2170 2123; baseline -0.003 -11"><span class='ocrx_word' id='word_1_140' title='bbox 569 2059 906 2114; x_wconf 64' lang='lat' dir='ltr'><strong>sterilitatem</strong></span> <span class='ocrx_word' id='word_1_141' title='bbox 939 2056 1196 2114; x_wconf 76' lang='lat' dir='ltr'><strong>Rebecca:</strong></span> <span class='ocrx_word' id='word_1_142' title='bbox 1225 2058 1480 2123; x_wconf 87' lang='lat' dir='ltr'><strong>solverit,</strong></span> <span class='ocrx_word' id='word_1_143' title='bbox 1515 2068 1568 2111; x_wconf 89' lang='lat' dir='ltr'><strong>et</strong></span> <span class='ocrx_word' id='word_1_144' title='bbox 1597 2056 1806 2110; x_wconf 86' lang='lat' dir='ltr'><strong>vincula</strong></span> <span class='ocrx_word' id='word_1_145' title='bbox 1847 2064 2049 2110; x_wconf 79' lang='lat' dir='ltr'><strong>naturae</strong></span> <span class='ocrx_word' id='word_1_146' title='bbox 2077 2070 2170 2108; x_wconf 57' lang='lat' dir='ltr'><strong>su.</strong></span> 
     </span>
    </p>
   </div>
   <div class='ocr_carea' id='block_1_20' title="bbox 569 2146 2171 2218">
    <p class='ocr_par' dir='ltr' id='par_1_20' title="bbox 569 2146 2171 2218">
     <span class='ocr_line' id='line_1_20' title="bbox 569 2146 2171 2218; baseline -0.002 -16"><span class='ocrx_word' id='word_1_147' title='bbox 569 2150 855 2218; x_wconf 90' lang='lat' dir='ltr'><strong>peraverit.</strong></span> <span class='ocrx_word' id='word_1_148' title='bbox 883 2149 976 2204; x_wconf 72' lang='lat'><strong>2|.</strong></span> <span class='ocrx_word' id='word_1_149' title='bbox 1014 2149 1388 2218; x_wconf 84' lang='lat' dir='ltr'><strong>Deprecabatur</strong></span> <span class='ocrx_word' id='word_1_150' title='bbox 1414 2160 1603 2210; x_wconf 86' lang='lat' dir='ltr'><strong>autem.</strong></span> <span class='ocrx_word' id='word_1_151' title='bbox 1632 2149 1759 2204; x_wconf 88' lang='lat' dir='ltr'><strong>dicit</strong></span> <span class='ocrx_word' id='word_1_152' title='bbox 1778 2189 1793 2212; x_wconf 95' lang='lat'><strong>,</strong></span> <span class='ocrx_word' id='word_1_153' title='bbox 1827 2165 1921 2218; x_wconf 82' lang='lat' dir='ltr'><strong>pro</strong></span> <span class='ocrx_word' id='word_1_154' title='bbox 1951 2146 2171 2201; x_wconf 79' lang='lat' dir='ltr'><strong>Rebecca</strong></span> 
     </span>
    </p>
   </div>
   <div class='ocr_carea' id='block_1_21' title="bbox 569 2236 2168 2309">
    <p class='ocr_par' dir='ltr' id='par_1_21' title="bbox 569 2236 2168 2309">
     <span class='ocr_line' id='line_1_21' title="bbox 569 2236 2168 2309; baseline -0.001 -17"><span class='ocrx_word' id='word_1_155' title='bbox 569 2258 726 2294; x_wconf 68' lang='grc' dir='ltr'><strong>τι.ιόιέ</strong></span> <span class='ocrx_word' id='word_1_156' title='bbox 751 2259 864 2304; x_wconf 85' lang='lat' dir='ltr'><strong>sua,</strong></span> <span class='ocrx_word' id='word_1_157' title='bbox 889 2242 1122 2309; x_wconf 81' lang='lat' dir='ltr'><strong>quoniam</strong></span> <span class='ocrx_word' id='word_1_158' title='bbox 1146 2242 1330 2296; x_wconf 80' lang='lat' dir='ltr'><strong>sterilis</strong></span> <span class='ocrx_word' id='word_1_159' title='bbox 1356 2251 1462 2294; x_wconf 86' lang='lat' dir='ltr'><strong>erat</strong></span> <span class='ocrx_word' id='word_1_160' title='bbox 1479 2283 1494 2304; x_wconf 90' lang='lat'><strong>,</strong></span> <span class='ocrx_word' id='word_1_161' title='bbox 1519 2249 1566 2294; x_wconf 85' lang='lat' dir='ltr'><strong>et</strong></span> <span class='ocrx_word' id='word_1_162' title='bbox 1594 2239 1848 2294; x_wconf 74' lang='lat' dir='ltr'><strong>exaudivit</strong></span> <span class='ocrx_word' id='word_1_163' title='bbox 1875 2255 1987 2292; x_wconf 88' lang='lat' dir='ltr'><strong>eum</strong></span> <span class='ocrx_word' id='word_1_164' title='bbox 2009 2236 2168 2292; x_wconf 82' lang='lat' dir='ltr'><strong>Deus.</strong></span> 
     </span>
    </p>
   </div>
   <div class='ocr_carea' id='block_1_22' title="bbox 568 2331 2169 2402">
    <p class='ocr_par' dir='ltr' id='par_1_22' title="bbox 568 2331 2169 2402">
     <span class='ocr_line' id='line_1_22' title="bbox 568 2331 2169 2402; baseline -0.001 -17"><span class='ocrx_word' id='word_1_165' title='bbox 568 2331 685 2386; x_wconf 80' lang='lat' dir='ltr'><strong>Non</strong></span> <span class='ocrx_word' id='word_1_166' title='bbox 712 2334 831 2402; x_wconf 83' lang='lat' dir='ltr'><strong>quia</strong></span> <span class='ocrx_word' id='word_1_167' title='bbox 859 2348 980 2386; x_wconf 77' lang='lat' dir='ltr'><strong>mox</strong></span> <span class='ocrx_word' id='word_1_168' title='bbox 1012 2333 1083 2386; x_wconf 91' lang='lat' dir='ltr'><strong>ita</strong></span> <span class='ocrx_word' id='word_1_169' title='bbox 1110 2332 1354 2387; x_wconf 91' lang='lat' dir='ltr'><strong>subditur</strong></span> <span class='ocrx_word' id='word_1_170' title='bbox 1373 2341 1426 2386; x_wconf 88' lang='lat' dir='ltr'><strong>et</strong></span> <span class='ocrx_word' id='word_1_171' title='bbox 1455 2333 1710 2402; x_wconf 89' lang='lat' dir='ltr'><strong>scriptum</strong></span> <span class='ocrx_word' id='word_1_172' title='bbox 1737 2338 1842 2398; x_wconf 92' lang='lat' dir='ltr'><strong>est,</strong></span> <span class='ocrx_word' id='word_1_173' title='bbox 1874 2339 2026 2401; x_wconf 87' lang='lat' dir='ltr'><strong>putes</strong></span> <span class='ocrx_word' id='word_1_174' title='bbox 2047 2345 2169 2384; x_wconf 91' lang='lat' dir='ltr'><strong>eum</strong></span> 
     </span>
    </p>
   </div>
   <div class='ocr_carea' id='block_1_23' title="bbox 568 2421 2172 2494">
    <p class='ocr_par' dir='ltr' id='par_1_23' title="bbox 568 2421 2172 2494">
     <span class='ocr_line' id='line_1_23' title="bbox 568 2421 2172 2494; baseline -0.001 -17"><span class='ocrx_word' id='word_1_175' title='bbox 568 2439 598 2477; x_wconf 92' lang='lat' dir='ltr'><strong>e</strong></span> <span class='ocrx_word' id='word_1_176' title='bbox 628 2424 850 2493; x_wconf 87' lang='lat' dir='ltr'><strong>vestigio</strong></span> <span class='ocrx_word' id='word_1_177' title='bbox 889 2433 940 2478; x_wconf 91' lang='lat' dir='ltr'><strong>et</strong></span> <span class='ocrx_word' id='word_1_178' title='bbox 974 2425 1216 2493; x_wconf 81' lang='lat' dir='ltr'><strong>protinus</strong></span> <span class='ocrx_word' id='word_1_179' title='bbox 1251 2431 1592 2494; x_wconf 90' lang='lat' dir='ltr'><strong>assequutum</strong></span> <span class='ocrx_word' id='word_1_180' title='bbox 1628 2437 1750 2478; x_wconf 87' lang='lat' dir='ltr'><strong>esse</strong></span> <span class='ocrx_word' id='word_1_181' title='bbox 1783 2421 1924 2492; x_wconf 90' lang='lat' dir='ltr'><strong>quod</strong></span> <span class='ocrx_word' id='word_1_182' title='bbox 1953 2422 2172 2491; x_wconf 88' lang='lat' dir='ltr'><strong>optabat</strong></span> 
     </span>
    </p>
   </div>
   <div class='ocr_carea' id='block_1_24' title="bbox 567 2514 2174 2586">
    <p class='ocr_par' dir='ltr' id='par_1_24' title="bbox 567 2514 2174 2586">
     <span class='ocr_line' id='line_1_24' title="bbox 567 2514 2174 2586; baseline -0.001 -18"><span class='ocrx_word' id='word_1_183' title='bbox 567 2524 622 2568; x_wconf 88' lang='lat' dir='ltr'><strong>et</strong></span> <span class='ocrx_word' id='word_1_184' title='bbox 649 2515 938 2584; x_wconf 71' lang='lat' dir='ltr'><strong>qttarrebat.</strong></span> <span class='ocrx_word' id='word_1_185' title='bbox 983 2515 1112 2569; x_wconf 88' lang='lat' dir='ltr'><strong>Nam</strong></span> <span class='ocrx_word' id='word_1_186' title='bbox 1148 2515 1327 2586; x_wconf 82' lang='lat' dir='ltr'><strong>viginti</strong></span> <span class='ocrx_word' id='word_1_187' title='bbox 1361 2515 1515 2570; x_wconf 86' lang='lat' dir='ltr'><strong>annis</strong></span> <span class='ocrx_word' id='word_1_188' title='bbox 1547 2514 1906 2582; x_wconf 75' lang='lat' dir='ltr'><strong>perseveravit</strong></span> <span class='ocrx_word' id='word_1_189' title='bbox 1935 2528 2095 2566; x_wconf 83' lang='lat' dir='ltr'><strong>orans</strong></span> <span class='ocrx_word' id='word_1_190' title='bbox 2120 2521 2174 2567; x_wconf 87' lang='lat' dir='ltr'><strong>et</strong></span> 
     </span>
    </p>
   </div>
   <div class='ocr_carea' id='block_1_25' title="bbox 567 2603 2170 2675">
    <p class='ocr_par' dir='ltr' id='par_1_25' title="bbox 567 2603 2170 2675">
     <span class='ocr_line' id='line_1_25' title="bbox 567 2603 2170 2675; baseline 0.001 -18"><span class='ocrx_word' id='word_1_191' title='bbox 567 2605 864 2674; x_wconf 84' lang='lat' dir='ltr'><strong>deprecans</strong></span> <span class='ocrx_word' id='word_1_192' title='bbox 893 2607 1075 2670; x_wconf 85' lang='lat' dir='ltr'><strong>Deum,</strong></span> <span class='ocrx_word' id='word_1_193' title='bbox 1100 2615 1150 2660; x_wconf 89' lang='lat' dir='ltr'><strong>et</strong></span> <span class='ocrx_word' id='word_1_194' title='bbox 1181 2616 1303 2660; x_wconf 90' lang='lat' dir='ltr'><strong>tunc</strong></span> <span class='ocrx_word' id='word_1_195' title='bbox 1331 2603 1540 2659; x_wconf 87' lang='lat' dir='ltr'><strong>tandem</strong></span> <span class='ocrx_word' id='word_1_196' title='bbox 1567 2613 1885 2674; x_wconf 86' lang='lat' dir='ltr'><strong>assequntus</strong></span> <span class='ocrx_word' id='word_1_197' title='bbox 1915 2615 1997 2659; x_wconf 72' lang='lat' dir='ltr'><strong>eat</strong></span> <span class='ocrx_word' id='word_1_198' title='bbox 2027 2603 2170 2675; x_wconf 91' lang='lat' dir='ltr'><strong>quod</strong></span> 
     </span>
    </p>
   </div>
   <div class='ocr_carea' id='block_1_26' title="bbox 569 2695 2170 2765">
    <p class='ocr_par' dir='ltr' id='par_1_26' title="bbox 569 2695 2170 2765">
     <span class='ocr_line' id='line_1_26' title="bbox 569 2695 2170 2765; baseline -0.002 -15"><span class='ocrx_word' id='word_1_199' title='bbox 569 2695 924 2751; x_wconf 85' lang='lat' dir='ltr'><strong>desiderabat.</strong></span> <span class='ocrx_word' id='word_1_200' title='bbox 956 2699 1025 2752; x_wconf 82' lang='lat' dir='ltr'><strong>Et</strong></span> <span class='ocrx_word' id='word_1_201' title='bbox 1059 2697 1198 2752; x_wconf 90' lang='lat' dir='ltr'><strong>unde</strong></span> <span class='ocrx_word' id='word_1_202' title='bbox 1226 2698 1455 2752; x_wconf 86' lang='lat' dir='ltr'><strong>sciemus</strong></span> <span class='ocrx_word' id='word_1_203' title='bbox 1482 2695 1619 2751; x_wconf 87' lang='lat' dir='ltr'><strong>hoc?</strong></span> <span class='ocrx_word' id='word_1_204' title='bbox 1650 2696 1704 2750; x_wconf 90' lang='lat' dir='ltr'><strong>Si</strong></span> <span class='ocrx_word' id='word_1_205' title='bbox 1742 2695 2020 2765; x_wconf 79' lang='lat' dir='ltr'><strong>diligenter</strong></span> <span class='ocrx_word' id='word_1_206' title='bbox 2049 2709 2170 2764; x_wconf 86' lang='lat' dir='ltr'><strong>per-</strong></span> 
     </span>
    </p>
   </div>
   <div class='ocr_carea' id='block_1_27' title="bbox 569 2785 2169 2859">
    <p class='ocr_par' dir='ltr' id='par_1_27' title="bbox 569 2785 2169 2859">
     <span class='ocr_line' id='line_1_27' title="bbox 569 2785 2169 2859; baseline -0.001 -18"><span class='ocrx_word' id='word_1_207' title='bbox 569 2803 846 2842; x_wconf 89' lang='lat' dir='ltr'><strong>curramus</strong></span> <span class='ocrx_word' id='word_1_208' title='bbox 874 2804 991 2859; x_wconf 75' lang='lat' dir='ltr'><strong>qua:</strong></span> <span class='ocrx_word' id='word_1_209' title='bbox 1030 2789 1080 2842; x_wconf 91' lang='lat' dir='ltr'><strong>in</strong></span> <span class='ocrx_word' id='word_1_210' title='bbox 1122 2789 1300 2843; x_wconf 84' lang='lat' dir='ltr'><strong>divina</strong></span> <span class='ocrx_word' id='word_1_211' title='bbox 1339 2788 1613 2858; x_wconf 88' lang='lat' dir='ltr'><strong>Scriptura</strong></span> <span class='ocrx_word' id='word_1_212' title='bbox 1655 2787 2018 2842; x_wconf 87' lang='lat' dir='ltr'><strong>continentur.</strong></span> <span class='ocrx_word' id='word_1_213' title='bbox 2053 2785 2169 2841; x_wconf 86' lang='lat' dir='ltr'><strong>Non</strong></span> 
     </span>
    </p>
   </div>
   <div class='ocr_carea' id='block_1_28' title="bbox 572 2877 2175 2951">
    <p class='ocr_par' dir='ltr' id='par_1_28' title="bbox 572 2877 2175 2951">
     <span class='ocr_line' id='line_1_28' title="bbox 572 2877 2175 2951; baseline 0 -19"><span class='ocrx_word' id='word_1_214' title='bbox 572 2880 717 2933; x_wconf 87' lang='lat' dir='ltr'><strong>enim</strong></span> <span class='ocrx_word' id='word_1_215' title='bbox 742 2891 950 2951; x_wconf 86' lang='lat' dir='ltr'><strong>tempus</strong></span> <span class='ocrx_word' id='word_1_216' title='bbox 979 2879 1133 2934; x_wconf 88' lang='lat' dir='ltr'><strong>nobis</strong></span> <span class='ocrx_word' id='word_1_217' title='bbox 1163 2879 1532 2935; x_wconf 90' lang='lat' dir='ltr'><strong>absconditum</strong></span> <span class='ocrx_word' id='word_1_218' title='bbox 1559 2888 1660 2946; x_wconf 90' lang='lat' dir='ltr'><strong>est,</strong></span> <span class='ocrx_word' id='word_1_219' title='bbox 1689 2878 1781 2933; x_wconf 90' lang='lat' dir='ltr'><strong>sed</strong></span> <span class='ocrx_word' id='word_1_220' title='bbox 1805 2877 2037 2947; x_wconf 75' lang='lat' dir='ltr'><strong>signavit</strong></span> <span class='ocrx_word' id='word_1_221' title='bbox 2058 2879 2175 2948; x_wconf 85' lang='lat' dir='ltr'><strong>qui-</strong></span> 
     </span>
    </p>
   </div>
   <div class='ocr_carea' id='block_1_29' title="bbox 571 2969 2174 3038">
    <p class='ocr_par' dir='ltr' id='par_1_29' title="bbox 571 2969 2174 3038">
     <span class='ocr_line' id='line_1_29' title="bbox 571 2969 2174 3038; baseline -0.001 -15"><span class='ocrx_word' id='word_1_222' title='bbox 571 2971 733 3034; x_wconf 90' lang='lat' dir='ltr'><strong>dem,</strong></span> <span class='ocrx_word' id='word_1_223' title='bbox 784 2971 1008 3025; x_wconf 87' lang='lat' dir='ltr'><strong>latenter</strong></span> <span class='ocrx_word' id='word_1_224' title='bbox 1062 2982 1274 3034; x_wconf 88' lang='lat' dir='ltr'><strong>tamen,</strong></span> <span class='ocrx_word' id='word_1_225' title='bbox 1327 2971 1395 3025; x_wconf 85' lang='lat' dir='ltr'><strong>ita</strong></span> <span class='ocrx_word' id='word_1_226' title='bbox 1450 2979 1508 3024; x_wconf 93' lang='lat' dir='ltr'><strong>ut</strong></span> <span class='ocrx_word' id='word_1_227' title='bbox 1561 2979 1813 3038; x_wconf 84' lang='lat' dir='ltr'><strong>provocet</strong></span> <span class='ocrx_word' id='word_1_228' title='bbox 1851 2969 2174 3023; x_wconf 85' lang='lat' dir='ltr'><strong>desiderium</strong></span> 
     </span>
    </p>
   </div>
   <div class='ocr_carea' id='block_1_30' title="bbox 572 3060 2176 3133">
    <p class='ocr_par' dir='ltr' id='par_1_30' title="bbox 572 3060 2176 3133">
     <span class='ocr_line' id='line_1_30' title="bbox 572 3060 2176 3133; baseline -0.002 -16"><span class='ocrx_word' id='word_1_229' title='bbox 572 3071 852 3127; x_wconf 80' lang='lat' dir='ltr'><strong>nostrum,</strong></span> <span class='ocrx_word' id='word_1_230' title='bbox 901 3072 954 3117; x_wconf 92' lang='lat' dir='ltr'><strong>et</strong></span> <span class='ocrx_word' id='word_1_231' title='bbox 983 3061 1049 3117; x_wconf 88' lang='lat' dir='ltr'><strong>ad</strong></span> <span class='ocrx_word' id='word_1_232' title='bbox 1094 3063 1307 3133; x_wconf 84' lang='lat' dir='ltr'><strong>dignam</strong></span> <span class='ocrx_word' id='word_1_233' title='bbox 1344 3061 1742 3133; x_wconf 89' lang='lat' dir='ltr'><strong>inquisitionem</strong></span> <span class='ocrx_word' id='word_1_234' title='bbox 1792 3060 1994 3114; x_wconf 88' lang='lat' dir='ltr'><strong>incitet.</strong></span> <span class='ocrx_word' id='word_1_235' title='bbox 2044 3060 2176 3114; x_wconf 86' lang='lat' dir='ltr'><strong>Nam</strong></span> 
     </span>
    </p>
   </div>
   <div class='ocr_carea' id='block_1_31' title="bbox 572 3150 2172 3223">
    <p class='ocr_par' dir='ltr' id='par_1_31' title="bbox 572 3150 2172 3223">
     <span class='ocr_line' id='line_1_31' title="bbox 572 3150 2172 3223; baseline -0.002 -16"><span class='ocrx_word' id='word_1_236' title='bbox 572 3155 711 3209; x_wconf 87' lang='lat' dir='ltr'><strong>sicut</strong></span> <span class='ocrx_word' id='word_1_237' title='bbox 750 3154 931 3210; x_wconf 88' lang='lat' dir='ltr'><strong>docuit</strong></span> <span class='ocrx_word' id='word_1_238' title='bbox 971 3171 1070 3209; x_wconf 91' lang='lat' dir='ltr'><strong>nos</strong></span> <span class='ocrx_word' id='word_1_239' title='bbox 1111 3170 1374 3209; x_wconf 90' lang='lat' dir='ltr'><strong>annorum</strong></span> <span class='ocrx_word' id='word_1_240' title='bbox 1418 3167 1701 3208; x_wconf 89' lang='lat' dir='ltr'><strong>numerum</strong></span> <span class='ocrx_word' id='word_1_241' title='bbox 1740 3167 1901 3223; x_wconf 90' lang='lat' dir='ltr'><strong>quem</strong></span> <span class='ocrx_word' id='word_1_242' title='bbox 1941 3150 2172 3206; x_wconf 71' lang='lat' dir='ltr'><strong>babuit‘</strong></span> 
     </span>
    </p>
   </div>
   <div class='ocr_carea' id='block_1_32' title="bbox 571 3244 2174 3315">
    <p class='ocr_par' dir='ltr' id='par_1_32' title="bbox 571 3244 2174 3315">
     <span class='ocr_line' id='line_1_32' title="bbox 571 3244 2174 3315; baseline -0.001 -17"><span class='ocrx_word' id='word_1_243' title='bbox 571 3247 786 3315; x_wconf 85' lang='lat' dir='ltr'><strong>quando</strong></span> <span class='ocrx_word' id='word_1_244' title='bbox 821 3247 1115 3302; x_wconf 79' lang='lat' dir='ltr'><strong>llebeccam</strong></span> <span class='ocrx_word' id='word_1_245' title='bbox 1143 3246 1312 3313; x_wconf 81' lang='lat' dir='ltr'><strong>duxit,</strong></span> <span class='ocrx_word' id='word_1_246' title='bbox 1347 3247 1414 3300; x_wconf 92' lang='lat' dir='ltr'><strong>ita</strong></span> <span class='ocrx_word' id='word_1_247' title='bbox 1444 3256 1496 3302; x_wconf 90' lang='lat' dir='ltr'><strong>et</strong></span> <span class='ocrx_word' id='word_1_248' title='bbox 1521 3245 1623 3300; x_wconf 86' lang='lat' dir='ltr'><strong>hoc</strong></span> <span class='ocrx_word' id='word_1_249' title='bbox 1646 3245 1799 3298; x_wconf 90' lang='lat' dir='ltr'><strong>nobis</strong></span> <span class='ocrx_word' id='word_1_250' title='bbox 1831 3246 2004 3314; x_wconf 89' lang='lat' dir='ltr'><strong>palam</strong></span> <span class='ocrx_word' id='word_1_251' title='bbox 2029 3244 2174 3300; x_wconf 88' lang='lat' dir='ltr'><strong>fecit.</strong></span> 
     </span>
    </p>
   </div>
   <div class='ocr_carea' id='block_1_33' title="bbox 575 3339 2177 3411">
    <p class='ocr_par' dir='ltr' id='par_1_33' title="bbox 575 3339 2177 3411">
     <span class='ocr_line' id='line_1_33' title="bbox 575 3339 2177 3411; baseline -0.001 -18"><span class='ocrx_word' id='word_1_252' title='bbox 575 3339 702 3393; x_wconf 77' lang='lat' dir='ltr'><strong>Erat</strong></span> <span class='ocrx_word' id='word_1_253' title='bbox 726 3341 889 3405; x_wconf 87' lang='lat' dir='ltr'><strong>enim,</strong></span> <span class='ocrx_word' id='word_1_254' title='bbox 919 3341 1107 3411; x_wconf 87' lang='lat' dir='ltr'><strong>inquit,</strong></span> <span class='ocrx_word' id='word_1_255' title='bbox 1134 3339 1284 3394; x_wconf 88' lang='lat' dir='ltr'><strong>Isaac</strong></span> <span class='ocrx_word' id='word_1_256' title='bbox 1310 3357 1561 3394; x_wconf 86' lang='lat' dir='ltr'><strong>annorum</strong></span> <span class='ocrx_word' id='word_1_257' title='bbox 1589 3340 1947 3410; x_wconf 80' lang='lat' dir='ltr'><strong>quadraginta,</strong></span> <span class='ocrx_word' id='word_1_258' title='bbox 1971 3341 2177 3409; x_wconf 84' lang='lat' dir='ltr'><strong>quando</strong></span> 
     </span>
    </p>
   </div>
   <div class='ocr_carea' id='block_1_34' title="bbox 571 3430 2176 3503">
    <p class='ocr_par' dir='ltr' id='par_1_34' title="bbox 571 3430 2176 3503">
     <span class='ocr_line' id='line_1_34' title="bbox 571 3430 2176 3503; baseline 0 -19"><span class='ocrx_word' id='word_1_259' title='bbox 571 3434 762 3503; x_wconf 83' lang='lat' dir='ltr'><strong>accepit</strong></span> <span class='ocrx_word' id='word_1_260' title='bbox 794 3432 1068 3487; x_wconf 82' lang='lat' dir='ltr'><strong>Rebeccam</strong></span> <span class='ocrx_word' id='word_1_261' title='bbox 1090 3434 1252 3501; x_wconf 80' lang='lat' dir='ltr'><strong>[ilium</strong></span> <span class='ocrx_word' id='word_1_262' title='bbox 1280 3431 1550 3486; x_wconf 84' lang='lat' dir='ltr'><strong>Bathuelis</strong></span> <span class='ocrx_word' id='word_1_263' title='bbox 1583 3431 1721 3503; x_wconf 84' lang='lat' dir='ltr'><strong>Syri.</strong></span> <span class='ocrx_word' id='word_1_264' title='bbox 1785 3431 2020 3486; x_wconf 80' lang='lat' dir='ltr'><strong>Didieisti</strong></span> <span class='ocrx_word' id='word_1_265' title='bbox 2051 3430 2176 3484; x_wconf 87' lang='lat' dir='ltr'><strong>dili-</strong></span> 
     </span>
    </p>
   </div>
   <div class='ocr_carea' id='block_1_35' title="bbox 571 3520 2179 3595">
    <p class='ocr_par' dir='ltr' id='par_1_35' title="bbox 571 3520 2179 3595">
     <span class='ocr_line' id='line_1_35' title="bbox 571 3520 2179 3595; baseline -0.002 -17"><span class='ocrx_word' id='word_1_266' title='bbox 571 3534 761 3594; x_wconf 86' lang='lat' dir='ltr'><strong>genter</strong></span> <span class='ocrx_word' id='word_1_267' title='bbox 805 3535 1034 3595; x_wconf 90' lang='lat' dir='ltr'><strong>tempus.</strong></span> <span class='ocrx_word' id='word_1_268' title='bbox 1069 3523 1269 3578; x_wconf 90' lang='lat' dir='ltr'><strong>Deinde</strong></span> <span class='ocrx_word' id='word_1_269' title='bbox 1310 3531 1591 3593; x_wconf 84' lang='lat' dir='ltr'><strong>postquam</strong></span> <span class='ocrx_word' id='word_1_270' title='bbox 1635 3523 1811 3576; x_wconf 81' lang='lat' dir='ltr'><strong>dixit:</strong></span> <span class='ocrx_word' id='word_1_271' title='bbox 1863 3520 2179 3590; x_wconf 84' lang='lat' dir='ltr'><strong>Deprecatus</strong></span> 
     </span>
    </p>
   </div>
   <div class='ocr_carea' id='block_1_36' title="bbox 575 3614 2177 3687">
    <p class='ocr_par' dir='ltr' id='par_1_36' title="bbox 575 3614 2177 3687">
     <span class='ocr_line' id='line_1_36' title="bbox 575 3614 2177 3687; baseline 0 -18"><span class='ocrx_word' id='word_1_272' title='bbox 575 3625 646 3669; x_wconf 84' lang='lat' dir='ltr'><strong>est</strong></span> <span class='ocrx_word' id='word_1_273' title='bbox 679 3614 829 3669; x_wconf 83' lang='lat' dir='ltr'><strong>Isaac</strong></span> <span class='ocrx_word' id='word_1_274' title='bbox 861 3633 951 3682; x_wconf 83' lang='lat' dir='ltr'><strong>pro</strong></span> <span class='ocrx_word' id='word_1_275' title='bbox 977 3632 1133 3669; x_wconf 81' lang='lat' dir='ltr'><strong>uxore</strong></span> <span class='ocrx_word' id='word_1_276' title='bbox 1159 3632 1275 3682; x_wconf 89' lang='lat' dir='ltr'><strong>sua,</strong></span> <span class='ocrx_word' id='word_1_277' title='bbox 1307 3615 1426 3687; x_wconf 87' lang='lat' dir='ltr'><strong>quia</strong></span> <span class='ocrx_word' id='word_1_278' title='bbox 1453 3614 1638 3668; x_wconf 82' lang='lat' dir='ltr'><strong>sterilis</strong></span> <span class='ocrx_word' id='word_1_279' title='bbox 1670 3623 1795 3680; x_wconf 85' lang='lat' dir='ltr'><strong>erat,</strong></span> <span class='ocrx_word' id='word_1_280' title='bbox 1825 3622 1883 3668; x_wconf 89' lang='lat' dir='ltr'><strong>ut</strong></span> <span class='ocrx_word' id='word_1_281' title='bbox 1909 3615 2177 3669; x_wconf 85' lang='lat' dir='ltr'><strong>discamus</strong></span> 
     </span>
    </p>
   </div>
   <div class='ocr_carea' id='block_1_37' title="bbox 575 3705 2179 3778">
    <p class='ocr_par' dir='ltr' id='par_1_37' title="bbox 575 3705 2179 3778">
     <span class='ocr_line' id='line_1_37' title="bbox 575 3705 2179 3778; baseline 0.001 -18"><span class='ocrx_word' id='word_1_282' title='bbox 575 3723 836 3761; x_wconf 85' lang='lat' dir='ltr'><strong>annorum</strong></span> <span class='ocrx_word' id='word_1_283' title='bbox 887 3723 1190 3773; x_wconf 88' lang='lat' dir='ltr'><strong>numerum,</strong></span> <span class='ocrx_word' id='word_1_284' title='bbox 1237 3706 1525 3777; x_wconf 79' lang='lat' dir='ltr'><strong>assignavit</strong></span> <span class='ocrx_word' id='word_1_285' title='bbox 1565 3705 1720 3761; x_wconf 90' lang='lat' dir='ltr'><strong>nobis</strong></span> <span class='ocrx_word' id='word_1_286' title='bbox 1749 3715 1878 3778; x_wconf 89' lang='lat' dir='ltr'><strong>quot</strong></span> <span class='ocrx_word' id='word_1_287' title='bbox 1914 3721 2179 3761; x_wconf 90' lang='lat' dir='ltr'><strong>annorum</strong></span> 
     </span>
    </p>
   </div>
   <div class='ocr_carea' id='block_1_38' title="bbox 579 3795 2174 3868">
    <p class='ocr_par' dir='ltr' id='par_1_38' title="bbox 579 3795 2174 3868">
     <span class='ocr_line' id='line_1_38' title="bbox 579 3795 2174 3868; baseline -0.001 -19"><span class='ocrx_word' id='word_1_288' title='bbox 579 3795 734 3850; x_wconf 86' lang='lat' dir='ltr'><strong>fuerit</strong></span> <span class='ocrx_word' id='word_1_289' title='bbox 768 3795 911 3850; x_wconf 86' lang='lat' dir='ltr'><strong>lsaac</strong></span> <span class='ocrx_word' id='word_1_290' title='bbox 940 3798 1153 3868; x_wconf 90' lang='lat' dir='ltr'><strong>quando</strong></span> <span class='ocrx_word' id='word_1_291' title='bbox 1181 3799 1289 3851; x_wconf 91' lang='lat' dir='ltr'><strong>nati</strong></span> <span class='ocrx_word' id='word_1_292' title='bbox 1331 3805 1454 3851; x_wconf 91' lang='lat' dir='ltr'><strong>sunt</strong></span> <span class='ocrx_word' id='word_1_293' title='bbox 1489 3797 1538 3852; x_wconf 91' lang='lat' dir='ltr'><strong>ei</strong></span> <span class='ocrx_word' id='word_1_294' title='bbox 1572 3797 1663 3852; x_wconf 89' lang='lat' dir='ltr'><strong>filii</strong></span> <span class='ocrx_word' id='word_1_295' title='bbox 1697 3795 1765 3851; x_wconf 92' lang='lat' dir='ltr'><strong>de</strong></span> <span class='ocrx_word' id='word_1_296' title='bbox 1794 3795 2055 3852; x_wconf 81' lang='lat' dir='ltr'><strong>Rebecca.</strong></span> <span class='ocrx_word' id='word_1_297' title='bbox 2084 3796 2174 3852; x_wconf 72' lang='lat'><strong>26.</strong></span> 
     </span>
    </p>
   </div>
   <div class='ocr_carea' id='block_1_39' title="bbox 581 3886 2180 3960">
    <p class='ocr_par' dir='ltr' id='par_1_39' title="bbox 581 3886 2180 3960">
     <span class='ocr_line' id='line_1_39' title="bbox 581 3886 2180 3960; baseline 0.001 -19"><span class='ocrx_word' id='word_1_298' title='bbox 581 3886 711 3941; x_wconf 84' lang='lat' dir='ltr'><strong>Erat</strong></span> <span class='ocrx_word' id='word_1_299' title='bbox 740 3889 875 3942; x_wconf 84' lang='lat' dir='ltr'><strong>enim</strong></span> <span class='ocrx_word' id='word_1_300' title='bbox 903 3887 1056 3941; x_wconf 84' lang='lat' dir='ltr'><strong>Isaac</strong></span> <span class='ocrx_word' id='word_1_301' title='bbox 1079 3931 1093 3954; x_wconf 94' lang='lat'><strong>,</strong></span> <span class='ocrx_word' id='word_1_302' title='bbox 1129 3887 1320 3960; x_wconf 89' lang='lat' dir='ltr'><strong>inquit,</strong></span> <span class='ocrx_word' id='word_1_303' title='bbox 1351 3904 1602 3942; x_wconf 82' lang='lat' dir='ltr'><strong>annorum</strong></span> <span class='ocrx_word' id='word_1_304' title='bbox 1645 3888 1909 3958; x_wconf 78' lang='lat' dir='ltr'><strong>sexaginta</strong></span> <span class='ocrx_word' id='word_1_305' title='bbox 1929 3930 1943 3954; x_wconf 93' lang='lat'><strong>,</strong></span> <span class='ocrx_word' id='word_1_306' title='bbox 1973 3889 2180 3958; x_wconf 86' lang='lat' dir='ltr'><strong>quando</strong></span> 
     </span>
    </p>
   </div>
   <div class='ocr_carea' id='block_1_40' title="bbox 581 3979 2180 4052">
    <p class='ocr_par' dir='ltr' id='par_1_40' title="bbox 581 3979 2180 4052">
     <span class='ocr_line' id='line_1_40' title="bbox 581 3979 2180 4052; baseline 0.001 -19"><span class='ocrx_word' id='word_1_307' title='bbox 581 3981 771 4051; x_wconf 75' lang='lat' dir='ltr'><strong>peperit</strong></span> <span class='ocrx_word' id='word_1_308' title='bbox 803 3979 1046 4034; x_wconf 76' lang='lat' dir='ltr'><strong>Rebecca.</strong></span> <span class='ocrx_word' id='word_1_309' title='bbox 1092 3980 1147 4036; x_wconf 92' lang='lat' dir='ltr'><strong>Si</strong></span> <span class='ocrx_word' id='word_1_310' title='bbox 1188 3981 1348 4051; x_wconf 85' lang='lat' dir='ltr'><strong>igitur</strong></span> <span class='ocrx_word' id='word_1_311' title='bbox 1379 3979 1728 4052; x_wconf 81' lang='lat' dir='ltr'><strong>quadraginta</strong></span> <span class='ocrx_word' id='word_1_312' title='bbox 1759 3997 2024 4036; x_wconf 89' lang='lat' dir='ltr'><strong>annorum</strong></span> <span class='ocrx_word' id='word_1_313' title='bbox 2063 3992 2180 4035; x_wconf 89' lang='lat' dir='ltr'><strong>erat</strong></span> 
     </span>
    </p>
   </div>
   <div class='ocr_carea' id='block_1_41' title="bbox 581 4069 2180 4142">
    <p class='ocr_par' dir='ltr' id='par_1_41' title="bbox 581 4069 2180 4142">
     <span class='ocr_line' id='line_1_41' title="bbox 581 4069 2180 4142; baseline 0.001 -19"><span class='ocrx_word' id='word_1_314' title='bbox 581 4069 793 4140; x_wconf 87' lang='lat' dir='ltr'><strong>quando</strong></span> <span class='ocrx_word' id='word_1_315' title='bbox 823 4072 966 4126; x_wconf 83' lang='lat' dir='ltr'><strong>illam</strong></span> <span class='ocrx_word' id='word_1_316' title='bbox 993 4071 1182 4136; x_wconf 80' lang='lat' dir='ltr'><strong>duxit,</strong></span> <span class='ocrx_word' id='word_1_317' title='bbox 1215 4073 1488 4142; x_wconf 80' lang='lat' dir='ltr'><strong>sexaginta</strong></span> <span class='ocrx_word' id='word_1_318' title='bbox 1519 4081 1700 4125; x_wconf 90' lang='lat' dir='ltr'><strong>autem</strong></span> <span class='ocrx_word' id='word_1_319' title='bbox 1727 4071 1941 4140; x_wconf 87' lang='lat' dir='ltr'><strong>quando</strong></span> <span class='ocrx_word' id='word_1_320' title='bbox 1972 4071 2180 4140; x_wconf 89' lang='lat' dir='ltr'><strong>peperit</strong></span> 
     </span>
    </p>
   </div>
   <div class='ocr_carea' id='block_1_42' title="bbox 583 4162 2178 4232">
    <p class='ocr_par' dir='ltr' id='par_1_42' title="bbox 583 4162 2178 4232">
     <span class='ocr_line' id='line_1_42' title="bbox 583 4162 2178 4232; baseline 0.002 -17"><span class='ocrx_word' id='word_1_321' title='bbox 583 4179 734 4226; x_wconf 77' lang='lat' dir='ltr'><strong>uxor,</strong></span> <span class='ocrx_word' id='word_1_322' title='bbox 766 4163 1104 4218; x_wconf 88' lang='lat' dir='ltr'><strong>manifestum</strong></span> <span class='ocrx_word' id='word_1_323' title='bbox 1133 4172 1215 4217; x_wconf 92' lang='lat' dir='ltr'><strong>est</strong></span> <span class='ocrx_word' id='word_1_324' title='bbox 1245 4179 1367 4218; x_wconf 89' lang='lat' dir='ltr'><strong>eum</strong></span> <span class='ocrx_word' id='word_1_325' title='bbox 1403 4164 1557 4217; x_wconf 89' lang='lat' dir='ltr'><strong>anuis</strong></span> <span class='ocrx_word' id='word_1_326' title='bbox 1587 4162 1771 4232; x_wconf 83' lang='lat' dir='ltr'><strong>viginti</strong></span> <span class='ocrx_word' id='word_1_327' title='bbox 1805 4177 2178 4232; x_wconf 83' lang='lat' dir='ltr'><strong>perseverasse</strong></span> 
     </span>
    </p>
   </div>
   <div class='ocr_carea' id='block_1_43' title="bbox 583 4253 2180 4323">
    <p class='ocr_par' dir='ltr' id='par_1_43' title="bbox 583 4253 2180 4323">
     <span class='ocr_line' id='line_1_43' title="bbox 583 4253 2180 4323; baseline -0.001 -18"><span class='ocrx_word' id='word_1_328' title='bbox 583 4264 826 4308; x_wconf 72' lang='lat' dir='ltr'><strong>orantem</strong></span> <span class='ocrx_word' id='word_1_329' title='bbox 859 4253 1046 4317; x_wconf 88' lang='lat' dir='ltr'><strong>Deum,</strong></span> <span class='ocrx_word' id='word_1_330' title='bbox 1075 4262 1130 4308; x_wconf 92' lang='lat' dir='ltr'><strong>et</strong></span> <span class='ocrx_word' id='word_1_331' title='bbox 1159 4261 1370 4306; x_wconf 84' lang='lat' dir='ltr'><strong>uterum</strong></span> <span class='ocrx_word' id='word_1_332' title='bbox 1402 4253 1656 4308; x_wconf 73' lang='lat' dir='ltr'><strong>ltebeccze</strong></span> <span class='ocrx_word' id='word_1_333' title='bbox 1687 4253 1926 4306; x_wconf 87' lang='lat' dir='ltr'><strong>inutilem</strong></span> <span class='ocrx_word' id='word_1_334' title='bbox 1953 4267 2180 4323; x_wconf 80' lang='lat' dir='ltr'><strong>genera-</strong></span> 
     </span>
    </p>
   </div>
   <div class='ocr_carea' id='block_1_44' title="bbox 585 4342 2174 4416">
    <p class='ocr_par' dir='ltr' id='par_1_44' title="bbox 585 4342 2174 4416">
     <span class='ocr_line' id='line_1_44' title="bbox 585 4342 2174 4416; baseline -0.001 -17"><span class='ocrx_word' id='word_1_335' title='bbox 585 4345 748 4410; x_wconf 89' lang='lat' dir='ltr'><strong>tioni,</strong></span> <span class='ocrx_word' id='word_1_336' title='bbox 802 4344 1051 4401; x_wconf 84' lang='lat' dir='ltr'><strong>idoneum</strong></span> <span class='ocrx_word' id='word_1_337' title='bbox 1097 4344 1287 4399; x_wconf 89' lang='lat' dir='ltr'><strong>fecisse</strong></span> <span class='ocrx_word' id='word_1_338' title='bbox 1332 4343 1432 4416; x_wconf 85' lang='grc' dir='ltr'><strong>(α).</strong></span> <span class='ocrx_word' id='word_1_339' title='bbox 1483 4342 1702 4398; x_wconf 84' lang='lat' dir='ltr'><strong>Vidistis</strong></span> <span class='ocrx_word' id='word_1_340' title='bbox 1746 4343 2008 4397; x_wconf 87' lang='lat' dir='ltr'><strong>orationis</strong></span> <span class='ocrx_word' id='word_1_341' title='bbox 2050 4344 2174 4408; x_wconf 85' lang='lat' dir='ltr'><strong>vim,</strong></span> 
     </span>
    </p>
   </div>
   <div class='ocr_carea' id='block_1_45' title="bbox 584 4434 2182 4506">
    <p class='ocr_par' dir='ltr' id='par_1_45' title="bbox 584 4434 2182 4506">
     <span class='ocr_line' id='line_1_45' title="bbox 584 4434 2182 4506; baseline 0.001 -19"><span class='ocrx_word' id='word_1_342' title='bbox 584 4435 852 4506; x_wconf 87' lang='lat' dir='ltr'><strong>quomodo</strong></span> <span class='ocrx_word' id='word_1_343' title='bbox 902 4445 958 4491; x_wconf 92' lang='lat' dir='ltr'><strong>et</strong></span> <span class='ocrx_word' id='word_1_344' title='bbox 1002 4447 1242 4490; x_wconf 87' lang='lat' dir='ltr'><strong>naturam</strong></span> <span class='ocrx_word' id='word_1_345' title='bbox 1288 4435 1458 4506; x_wconf 87' lang='lat' dir='ltr'><strong>ipsam</strong></span> <span class='ocrx_word' id='word_1_346' title='bbox 1502 4434 1753 4504; x_wconf 89' lang='lat' dir='ltr'><strong>superet?</strong></span> <span class='ocrx_word' id='word_1_347' title='bbox 1801 4435 1953 4490; x_wconf 91' lang='lat' dir='ltr'><strong>llunc</strong></span> <span class='ocrx_word' id='word_1_348' title='bbox 1995 4450 2182 4490; x_wconf 92' lang='lat' dir='ltr'><strong>omnes</strong></span> 
     </span>
    </p>
   </div>
   <div class='ocr_carea' id='block_1_46' title="bbox 589 4524 2183 4597">
    <p class='ocr_par' dir='ltr' id='par_1_46' title="bbox 589 4524 2183 4597">
     <span class='ocr_line' id='line_1_46' title="bbox 589 4524 2183 4597; baseline -0.001 -15"><span class='ocrx_word' id='word_1_349' title='bbox 589 4527 888 4592; x_wconf 87' lang='lat' dir='ltr'><strong>imitemur,</strong></span> <span class='ocrx_word' id='word_1_350' title='bbox 922 4537 976 4582; x_wconf 91' lang='lat' dir='ltr'><strong>et</strong></span> <span class='ocrx_word' id='word_1_351' title='bbox 1003 4529 1072 4582; x_wconf 89' lang='lat' dir='ltr'><strong>ita</strong></span> <span class='ocrx_word' id='word_1_352' title='bbox 1099 4528 1151 4582; x_wconf 90' lang='lat' dir='ltr'><strong>in</strong></span> <span class='ocrx_word' id='word_1_353' title='bbox 1177 4527 1422 4597; x_wconf 86' lang='lat' dir='ltr'><strong>precibus</strong></span> <span class='ocrx_word' id='word_1_354' title='bbox 1452 4526 1620 4581; x_wconf 87' lang='lat' dir='ltr'><strong>simus</strong></span> <span class='ocrx_word' id='word_1_355' title='bbox 1649 4524 1870 4590; x_wconf 90' lang='lat' dir='ltr'><strong>assidui,</strong></span> <span class='ocrx_word' id='word_1_356' title='bbox 1896 4527 2183 4596; x_wconf 85' lang='lat' dir='ltr'><strong>animoque</strong></span> 
     </span>
    </p>
   </div>
   <div class='ocr_carea' id='block_1_47' title="bbox 587 4618 2182 4690">
    <p class='ocr_par' dir='ltr' id='par_1_47' title="bbox 587 4618 2182 4690">
     <span class='ocr_line' id='line_1_47' title="bbox 587 4618 2182 4690; baseline -0.003 -13"><span class='ocrx_word' id='word_1_357' title='bbox 587 4621 749 4677; x_wconf 86' lang='lat' dir='ltr'><strong>sobrii</strong></span> <span class='ocrx_word' id='word_1_358' title='bbox 776 4633 826 4677; x_wconf 90' lang='lat' dir='ltr'><strong>et</strong></span> <span class='ocrx_word' id='word_1_359' title='bbox 854 4620 1085 4676; x_wconf 86' lang='lat' dir='ltr'><strong>humiles</strong></span> <span class='ocrx_word' id='word_1_360' title='bbox 1110 4640 1122 4676; x_wconf 94' lang='lat'>:</span> <span class='ocrx_word' id='word_1_361' title='bbox 1155 4621 1540 4690; x_wconf 84' lang='lat' dir='ltr'><strong>audiamusque</strong></span> <span class='ocrx_word' id='word_1_362' title='bbox 1563 4619 1786 4674; x_wconf 81' lang='lat' dir='ltr'><strong>Paulum</strong></span> <span class='ocrx_word' id='word_1_363' title='bbox 1807 4618 2182 4675; x_wconf 85' lang='lat' dir='ltr'><strong>admonentem</strong></span> 
     </span>
    </p>
   </div>
   <div class='ocr_carea' id='block_1_48' title="bbox 592 4712 2187 4782">
    <p class='ocr_par' dir='ltr' id='par_1_48' title="bbox 592 4712 2187 4782">
     <span class='ocr_line' id='line_1_48' title="bbox 592 4712 2187 4782; baseline -0.003 -14"><span class='ocrx_word' id='word_1_364' title='bbox 592 4726 645 4769; x_wconf 92' lang='lat' dir='ltr'><strong>et</strong></span> <span class='ocrx_word' id='word_1_365' title='bbox 685 4716 989 4770; x_wconf 86' lang='lat' dir='ltr'><strong>dicentem:</strong></span> <span class='ocrx_word' id='word_1_366' title='bbox 1039 4715 1284 4769; x_wconf 84' lang='lat' dir='ltr'><strong>Levantes</strong></span> <span class='ocrx_word' id='word_1_367' title='bbox 1324 4724 1526 4767; x_wconf 89' lang='lat' dir='ltr'><strong>sanctas</strong></span> <span class='ocrx_word' id='word_1_368' title='bbox 1570 4729 1750 4766; x_wconf 86' lang='lat' dir='ltr'><strong>manus</strong></span> <span class='ocrx_word' id='word_1_369' title='bbox 1787 4712 1972 4782; x_wconf 85' lang='lat' dir='ltr'><strong>absque</strong></span> <span class='ocrx_word' id='word_1_370' title='bbox 2014 4713 2092 4765; x_wconf 90' lang='lat' dir='ltr'><strong>ira</strong></span> <span class='ocrx_word' id='word_1_371' title='bbox 2140 4720 2187 4765; x_wconf 83' lang='lat' dir='ltr'><strong>et</strong></span> 
     </span>
    </p>
   </div>
   <div class='ocr_carea' id='block_1_49' title="bbox 575 4803 2192 4879">
    <p class='ocr_par' dir='ltr' id='par_1_49' title="bbox 575 4803 2192 4879">
     <span class='ocr_line' id='line_1_49' title="bbox 575 4803 2192 4879; baseline -0.001 -21"><span class='ocrx_word' id='word_1_372' title='bbox 575 4804 1027 4874; x_wconf 81' lang='lat' dir='ltr'><strong>disceptationibus</strong></span> <span class='ocrx_word' id='word_1_373' title='bbox 1048 4804 1122 4876; x_wconf 82' lang='grc' dir='ltr'><strong>(ι.</strong></span> <span class='ocrx_word' id='word_1_374' title='bbox 1151 4805 1283 4860; x_wconf 86' lang='lat' dir='ltr'><strong>Tim.</strong></span> <span class='ocrx_word' id='word_1_375' title='bbox 1303 4803 1422 4879; x_wconf 69' lang='lat'><strong>2.8)</strong></span> <span class='ocrx_word' id='word_1_376' title='bbox 1445 4826 1455 4859; x_wconf 89' lang='lat'><strong>:</strong></span> <span class='ocrx_word' id='word_1_377' title='bbox 1485 4814 1539 4860; x_wconf 90' lang='lat' dir='ltr'><strong>et</strong></span> <span class='ocrx_word' id='word_1_378' title='bbox 1564 4805 1872 4860; x_wconf 76' lang='lat' dir='ltr'><strong>Studeamus</strong></span> <span class='ocrx_word' id='word_1_379' title='bbox 1892 4820 2104 4875; x_wconf 86' lang='lat' dir='ltr'><strong>semper</strong></span> <span class='ocrx_word' id='word_1_380' title='bbox 2126 4805 2192 4858; x_wconf 78' lang='lat' dir='ltr'><strong>IE-</strong></span> 
     </span>
    </p>
   </div>
   <div class='ocr_carea' id='block_1_50' title="bbox 593 4896 2184 4967">
    <p class='ocr_par' dir='ltr' id='par_1_50' title="bbox 593 4896 2184 4967">
     <span class='ocr_line' id='line_1_50' title="bbox 593 4896 2184 4967; baseline 0 -16"><span class='ocrx_word' id='word_1_381' title='bbox 593 4897 766 4951; x_wconf 89' lang='lat' dir='ltr'><strong>berari</strong></span> <span class='ocrx_word' id='word_1_382' title='bbox 808 4912 840 4950; x_wconf 91' lang='lat' dir='ltr'><strong>a</strong></span> <span class='ocrx_word' id='word_1_383' title='bbox 889 4896 1305 4966; x_wconf 88' lang='lat' dir='ltr'><strong>perturbatione,</strong></span> <span class='ocrx_word' id='word_1_384' title='bbox 1348 4907 1406 4950; x_wconf 89' lang='lat' dir='ltr'><strong>ut</strong></span> <span class='ocrx_word' id='word_1_385' title='bbox 1449 4912 1603 4953; x_wconf 89' lang='lat' dir='ltr'><strong>mens</strong></span> <span class='ocrx_word' id='word_1_386' title='bbox 1647 4897 1714 4951; x_wconf 91' lang='lat' dir='ltr'><strong>sit</strong></span> <span class='ocrx_word' id='word_1_387' title='bbox 1757 4897 1810 4950; x_wconf 92' lang='lat' dir='ltr'><strong>in</strong></span> <span class='ocrx_word' id='word_1_388' title='bbox 1853 4897 2142 4967; x_wconf 89' lang='lat' dir='ltr'><strong>tranquillo</strong></span> <span class='ocrx_word' id='word_1_389' title='bbox 2169 4939 2184 4962; x_wconf 94' lang='lat'><strong>,</strong></span> 
     </span>
    </p>
   </div>
   <div class='ocr_carea' id='block_1_51' title="bbox 590 4986 2188 5057">
    <p class='ocr_par' dir='ltr' id='par_1_51' title="bbox 590 4986 2188 5057">
     <span class='ocr_line' id='line_1_51' title="bbox 590 4986 2188 5057; baseline 0 -15"><span class='ocrx_word' id='word_1_390' title='bbox 590 4986 820 5042; x_wconf 82' lang='lat' dir='ltr'><strong>maxime</strong></span> <span class='ocrx_word' id='word_1_391' title='bbox 845 4995 1024 5041; x_wconf 91' lang='lat' dir='ltr'><strong>autem</strong></span> <span class='ocrx_word' id='word_1_392' title='bbox 1055 5001 1267 5056; x_wconf 86' lang='lat' dir='ltr'><strong>precum</strong></span> <span class='ocrx_word' id='word_1_393' title='bbox 1297 4998 1567 5057; x_wconf 89' lang='lat' dir='ltr'><strong>tempore,</strong></span> <span class='ocrx_word' id='word_1_394' title='bbox 1602 4987 1817 5057; x_wconf 87' lang='lat' dir='ltr'><strong>quando</strong></span> <span class='ocrx_word' id='word_1_395' title='bbox 1839 4988 2004 5042; x_wconf 87' lang='lat' dir='ltr'><strong>multa</strong></span> <span class='ocrx_word' id='word_1_396' title='bbox 2033 4988 2188 5043; x_wconf 88' lang='lat' dir='ltr'><strong>nobis</strong></span> 
     </span>
    </p>
   </div>
   <div class='ocr_carea' id='block_1_52' title="bbox 588 5076 2192 5148">
    <p class='ocr_par' dir='ltr' id='par_1_52' title="bbox 588 5076 2192 5148">
     <span class='ocr_line' id='line_1_52' title="bbox 588 5076 2192 5148; baseline 0.001 -18"><span class='ocrx_word' id='word_1_397' title='bbox 588 5091 725 5148; x_wconf 90' lang='lat' dir='ltr'><strong>opus</strong></span> <span class='ocrx_word' id='word_1_398' title='bbox 751 5085 834 5132; x_wconf 90' lang='lat' dir='ltr'><strong>est</strong></span> <span class='ocrx_word' id='word_1_399' title='bbox 873 5093 905 5131; x_wconf 88' lang='lat' dir='ltr'><strong>a</strong></span> <span class='ocrx_word' id='word_1_400' title='bbox 947 5076 1057 5132; x_wconf 89' lang='lat' dir='ltr'><strong>Deo</strong></span> <span class='ocrx_word' id='word_1_401' title='bbox 1083 5076 1427 5148; x_wconf 80' lang='lat' dir='ltr'><strong>benignitate.</strong></span> <span class='ocrx_word' id='word_1_402' title='bbox 1461 5076 1594 5130; x_wconf 89' lang='lat' dir='ltr'><strong>Nam</strong></span> <span class='ocrx_word' id='word_1_403' title='bbox 1627 5077 1671 5132; x_wconf 88' lang='lat' dir='ltr'><strong>si</strong></span> <span class='ocrx_word' id='word_1_404' title='bbox 1712 5091 1813 5130; x_wconf 88' lang='lat' dir='ltr'><strong>nos</strong></span> <span class='ocrx_word' id='word_1_405' title='bbox 1844 5076 2042 5132; x_wconf 90' lang='lat' dir='ltr'><strong>viderit</strong></span> <span class='ocrx_word' id='word_1_406' title='bbox 2068 5093 2192 5147; x_wconf 84' lang='lat' dir='ltr'><strong>pre—</strong></span> 
     </span>
    </p>
   </div>
   <div class='ocr_carea' id='block_1_53' title="bbox 589 5167 2190 5238">
    <p class='ocr_par' dir='ltr' id='par_1_53' title="bbox 589 5167 2190 5238">
     <span class='ocr_line' id='line_1_53' title="bbox 589 5167 2190 5238; baseline -0.001 -16"><span class='ocrx_word' id='word_1_407' title='bbox 589 5167 699 5222; x_wconf 87' lang='lat' dir='ltr'><strong>cari</strong></span> <span class='ocrx_word' id='word_1_408' title='bbox 725 5168 1018 5224; x_wconf 88' lang='lat' dir='ltr'><strong>secundum</strong></span> <span class='ocrx_word' id='word_1_409' title='bbox 1039 5169 1183 5238; x_wconf 86' lang='lat' dir='ltr'><strong>leges</strong></span> <span class='ocrx_word' id='word_1_410' title='bbox 1209 5170 1277 5224; x_wconf 89' lang='lat' dir='ltr'><strong>ab</strong></span> <span class='ocrx_word' id='word_1_411' title='bbox 1298 5185 1358 5224; x_wconf 92' lang='lat' dir='ltr'><strong>se</strong></span> <span class='ocrx_word' id='word_1_412' title='bbox 1387 5169 1606 5238; x_wconf 90' lang='lat' dir='ltr'><strong>positas,</strong></span> <span class='ocrx_word' id='word_1_413' title='bbox 1632 5168 1814 5223; x_wconf 88' lang='lat' dir='ltr'><strong>statim</strong></span> <span class='ocrx_word' id='word_1_414' title='bbox 1841 5169 1995 5226; x_wconf 89' lang='lat' dir='ltr'><strong>nobis</strong></span> <span class='ocrx_word' id='word_1_415' title='bbox 2019 5169 2190 5224; x_wconf 77' lang='lat' dir='ltr'><strong>dono-</strong></span> 
     </span>
    </p>
   </div>
   <div class='ocr_carea' id='block_1_54' title="bbox 591 5260 2188 5332">
    <p class='ocr_par' dir='ltr' id='par_1_54' title="bbox 591 5260 2188 5332">
     <span class='ocr_line' id='line_1_54' title="bbox 591 5260 2188 5332; baseline 0.003 -19"><span class='ocrx_word' id='word_1_416' title='bbox 591 5275 713 5315; x_wconf 90' lang='lat' dir='ltr'><strong>rum</strong></span> <span class='ocrx_word' id='word_1_417' title='bbox 751 5277 970 5317; x_wconf 88' lang='lat' dir='ltr'><strong>suorum</strong></span> <span class='ocrx_word' id='word_1_418' title='bbox 1018 5260 1315 5331; x_wconf 79' lang='lat' dir='ltr'><strong>largitatem</strong></span> <span class='ocrx_word' id='word_1_419' title='bbox 1365 5261 1654 5315; x_wconf 77' lang='lat' dir='ltr'><strong>liberaliter</strong></span> <span class='ocrx_word' id='word_1_420' title='bbox 1703 5260 1994 5316; x_wconf 90' lang='lat' dir='ltr'><strong>concedet:</strong></span> <span class='ocrx_word' id='word_1_421' title='bbox 2045 5261 2188 5332; x_wconf 86' lang='lat' dir='ltr'><strong>quod</strong></span> 
     </span>
    </p>
   </div>
   <div class='ocr_carea' id='block_1_55' title="bbox 595 5348 2188 5421">
    <p class='ocr_par' dir='ltr' id='par_1_55' title="bbox 595 5348 2188 5421">
     <span class='ocr_line' id='line_1_55' title="bbox 595 5348 2188 5421; baseline 0.002 -20"><span class='ocrx_word' id='word_1_422' title='bbox 595 5349 747 5402; x_wconf 85' lang='lat' dir='ltr'><strong>nobis</strong></span> <span class='ocrx_word' id='word_1_423' title='bbox 790 5351 1000 5421; x_wconf 84' lang='lat' dir='ltr'><strong>assequi</strong></span> <span class='ocrx_word' id='word_1_424' title='bbox 1056 5351 1232 5418; x_wconf 90' lang='lat' dir='ltr'><strong>liceat,</strong></span> <span class='ocrx_word' id='word_1_425' title='bbox 1281 5351 1451 5420; x_wconf 85' lang='lat' dir='ltr'><strong>gratia</strong></span> <span class='ocrx_word' id='word_1_426' title='bbox 1499 5357 1557 5403; x_wconf 90' lang='lat' dir='ltr'><strong>et</strong></span> <span class='ocrx_word' id='word_1_427' title='bbox 1596 5348 1922 5418; x_wconf 86' lang='lat' dir='ltr'><strong>benignitate</strong></span> <span class='ocrx_word' id='word_1_428' title='bbox 1975 5351 2188 5405; x_wconf 89' lang='lat' dir='ltr'><strong>Domini</strong></span> 
     </span>
    </p>
   </div>
   <div class='ocr_carea' id='block_1_56' title="bbox 598 5438 2187 5510">
    <p class='ocr_par' dir='ltr' id='par_1_56' title="bbox 598 5438 2187 5510">
     <span class='ocr_line' id='line_1_56' title="bbox 598 5438 2187 5510; baseline 0.002 -18"><span class='ocrx_word' id='word_1_429' title='bbox 598 5439 764 5492; x_wconf 84' lang='lat' dir='ltr'><strong>nostri</strong></span> <span class='ocrx_word' id='word_1_430' title='bbox 789 5438 917 5496; x_wconf 86' lang='lat' dir='ltr'><strong>Jesu</strong></span> <span class='ocrx_word' id='word_1_431' title='bbox 939 5439 1167 5507; x_wconf 84' lang='lat' dir='ltr'><strong>Christi,</strong></span> <span class='ocrx_word' id='word_1_432' title='bbox 1197 5457 1318 5496; x_wconf 91' lang='lat' dir='ltr'><strong>eum</strong></span> <span class='ocrx_word' id='word_1_433' title='bbox 1346 5453 1451 5510; x_wconf 91' lang='lat' dir='ltr'><strong>quo</strong></span> <span class='ocrx_word' id='word_1_434' title='bbox 1482 5440 1622 5494; x_wconf 84' lang='lat' dir='ltr'><strong>Patri</strong></span> <span class='ocrx_word' id='word_1_435' title='bbox 1653 5440 1720 5492; x_wconf 92' lang='lat' dir='ltr'><strong>sit</strong></span> <span class='ocrx_word' id='word_1_436' title='bbox 1744 5439 1941 5509; x_wconf 83' lang='lat' dir='ltr'><strong>gloria,</strong></span> <span class='ocrx_word' id='word_1_437' title='bbox 1978 5439 2149 5495; x_wconf 90' lang='lat' dir='ltr'><strong>honor</strong></span> <span class='ocrx_word' id='word_1_438' title='bbox 2171 5483 2187 5509; x_wconf 95' lang='lat'><strong>,</strong></span> 
     </span>
    </p>
   </div>
   <div class='ocr_carea' id='block_1_57' title="bbox 601 5526 2188 5603">
    <p class='ocr_par' dir='ltr' id='par_1_57' title="bbox 601 5526 2188 5603">
     <span class='ocr_line' id='line_1_57' title="bbox 601 5526 2188 5603; baseline 0.005 -23"><span class='ocrx_word' id='word_1_439' title='bbox 601 5526 882 5595; x_wconf 85' lang='lat' dir='ltr'><strong>imperium</strong></span> <span class='ocrx_word' id='word_1_440' title='bbox 906 5570 921 5595; x_wconf 94' lang='lat'><strong>,</strong></span> <span class='ocrx_word' id='word_1_441' title='bbox 950 5532 1106 5586; x_wconf 90' lang='lat' dir='ltr'><strong>simul</strong></span> <span class='ocrx_word' id='word_1_442' title='bbox 1133 5541 1186 5587; x_wconf 91' lang='lat' dir='ltr'><strong>et</strong></span> <span class='ocrx_word' id='word_1_443' title='bbox 1214 5540 1400 5587; x_wconf 88' lang='lat' dir='ltr'><strong>sancto</strong></span> <span class='ocrx_word' id='word_1_444' title='bbox 1429 5530 1668 5602; x_wconf 88' lang='lat' dir='ltr'><strong>Spiritui,</strong></span> <span class='ocrx_word' id='word_1_445' title='bbox 1701 5547 1839 5585; x_wconf 91' lang='lat' dir='ltr'><strong>nunc</strong></span> <span class='ocrx_word' id='word_1_446' title='bbox 1865 5539 1919 5586; x_wconf 91' lang='lat' dir='ltr'><strong>et</strong></span> <span class='ocrx_word' id='word_1_447' title='bbox 1937 5546 2149 5603; x_wconf 90' lang='lat' dir='ltr'><strong>semper</strong></span> <span class='ocrx_word' id='word_1_448' title='bbox 2170 5571 2188 5602; x_wconf 90' lang='lat'><strong>,</strong></span> 
     </span>
    </p>
   </div>
   <div class='ocr_carea' id='block_1_58' title="bbox 604 5615 2080 5677">
    <p class='ocr_par' dir='ltr' id='par_1_58' title="bbox 604 5615 2080 5677">
     <span class='ocr_line' id='line_1_58' title="bbox 604 5615 2080 5677; baseline 0.009 -10"><span class='ocrx_word' id='word_1_449' title='bbox 604 5627 658 5668; x_wconf 87' lang='lat' dir='ltr'><strong>et</strong></span> <span class='ocrx_word' id='word_1_450' title='bbox 683 5615 735 5668; x_wconf 91' lang='lat' dir='ltr'><strong>in</strong></span> <span class='ocrx_word' id='word_1_451' title='bbox 767 5619 957 5672; x_wconf 68' lang='lat' dir='ltr'><strong>secula</strong></span> <span class='ocrx_word' id='word_1_452' title='bbox 985 5620 1323 5676; x_wconf 71' lang='lat' dir='ltr'><strong>smculorum.</strong></span> <span class='ocrx_word' id='word_1_453' title='bbox 1354 5624 1545 5677; x_wconf 84' lang='lat' dir='ltr'><strong>Amen.</strong></span> <span class='ocrx_word' id='word_1_454' title='bbox 2077 5615 2080 5624; x_wconf 67' lang='grc'><em>’</em></span> 
     </span>
    </p>
   </div>
   <div class='ocr_carea' id='block_1_59' title="bbox 671 5727 1452 5792">
    <p class='ocr_par' dir='ltr' id='par_1_59' title="bbox 671 5727 1452 5792">
     <span class='ocr_line' id='line_1_59' title="bbox 671 5727 1452 5792; baseline 0.014 -19"><span class='ocrx_word' id='word_1_455' title='bbox 671 5728 692 5792; x_wconf 57' lang='grc' dir='ltr'><strong>ξ</strong></span> <span class='ocrx_word' id='word_1_456' title='bbox 723 5727 864 5792; x_wconf 74' lang='lat' dir='ltr'><strong>coisl.</strong></span> <span class='ocrx_word' id='word_1_457' title='bbox 886 5731 1085 5792; x_wconf 76' lang='lat' dir='ltr'><strong>omittit,</strong></span> <span class='ocrx_word' id='word_1_458' title='bbox 1104 5745 1248 5792; x_wconf 78' lang='lat' dir='ltr'><strong>quem</strong></span> <span class='ocrx_word' id='word_1_459' title='bbox 1271 5735 1452 5784; x_wconf 80' lang='lat' dir='ltr'><strong>habuit.</strong></span> 
     </span>
    </p>
   </div>
   <div class='ocr_carea' id='block_1_60' title="bbox 675 5786 2200 5858">
    <p class='ocr_par' dir='ltr' id='par_1_60' title="bbox 675 5786 2200 5858">
     <span class='ocr_line' id='line_1_60' title="bbox 675 5786 2200 5858; baseline 0.012 -26"><span class='ocrx_word' id='word_1_460' title='bbox 675 5786 750 5843; x_wconf 85' lang='lat' dir='ltr'><strong>(a)</strong></span> <span class='ocrx_word' id='word_1_461' title='bbox 785 5795 881 5858; x_wconf 77' lang='lat' dir='ltr'><strong>ttuc</strong></span> <span class='ocrx_word' id='word_1_462' title='bbox 893 5786 1240 5858; x_wconf 59' lang='grc' dir='ltr'><strong>⁸(Ισεεξίιιὶῌρίῑυετ.</strong></span> <span class='ocrx_word' id='word_1_463' title='bbox 1253 5795 1338 5844; x_wconf 88' lang='lat' dir='ltr'><strong>ille</strong></span> <span class='ocrx_word' id='word_1_464' title='bbox 1353 5796 1484 5848; x_wconf 81' lang='lat' dir='ltr'><strong>hinc.</strong></span> <span class='ocrx_word' id='word_1_465' title='bbox 1513 5803 1568 5844; x_wconf 91' lang='lat' dir='ltr'><strong>ut</strong></span> <span class='ocrx_word' id='word_1_466' title='bbox 1591 5803 1802 5856; x_wconf 61' lang='lat' dir='ltr'><strong>putatur,</strong></span> <span class='ocrx_word' id='word_1_467' title='bbox 1824 5813 1849 5846; x_wconf 87' lang='lat' dir='ltr'><strong>a</strong></span> <span class='ocrx_word' id='word_1_468' title='bbox 1869 5800 2200 5858; x_wconf 80' lang='lat' dir='ltr'><strong>Chrysostomo</strong></span> 
     </span>
    </p>
   </div>
   <div class='ocr_carea' id='block_1_61' title="bbox 607 5850 2151 5926">
    <p class='ocr_par' dir='ltr' id='par_1_61' title="bbox 607 5850 2151 5926">
     <span class='ocr_line' id='line_1_61' title="bbox 607 5850 2151 5926; baseline 0.011 -32"><span class='ocrx_word' id='word_1_469' title='bbox 607 5852 871 5908; x_wconf 71' lang='lat' dir='ltr'><strong>excerptas</strong></span> <span class='ocrx_word' id='word_1_470' title='bbox 891 5850 942 5898; x_wconf 89' lang='lat' dir='ltr'><strong>in</strong></span> <span class='ocrx_word' id='word_1_471' title='bbox 963 5852 1161 5901; x_wconf 77' lang='lat' dir='ltr'><strong>ttotuilia</strong></span> <span class='ocrx_word' id='word_1_472' title='bbox 1181 5861 1250 5902; x_wconf 75' lang='lat' dir='ltr'><strong>De</strong></span> <span class='ocrx_word' id='word_1_473' title='bbox 1272 5869 1369 5904; x_wconf 79' lang='lat' dir='ltr'><strong>non</strong></span> <span class='ocrx_word' id='word_1_474' title='bbox 1393 5850 1679 5917; x_wconf 65' lang='lat' dir='ltr'><strong>m&#39;ulgamlis</strong></span> <span class='ocrx_word' id='word_1_475' title='bbox 1701 5850 1902 5911; x_wconf 77' lang='lat' dir='ltr'><strong>fratrum</strong></span> <span class='ocrx_word' id='word_1_476' title='bbox 1925 5850 2151 5926; x_wconf 61' lang='lat' dir='ltr'><strong>peccatis.</strong></span> 
     </span>
    </p>
   </div>
   <div class='ocr_carea' id='block_1_62' title="bbox 1348 376 3174 445">
    <p class='ocr_par' dir='ltr' id='par_1_62' title="bbox 1348 376 3174 445">
     <span class='ocr_line' id='line_1_62' title="bbox 1348 376 3174 445; baseline -0.002 0"><span class='ocrx_word' id='word_1_477' title='bbox 1348 388 1405 445; x_wconf 89' lang='lat' dir='ltr'><strong>S.</strong></span> <span class='ocrx_word' id='word_1_478' title='bbox 1445 383 1723 445; x_wconf 77' lang='lat' dir='ltr'><strong>JOANNIS</strong></span> <span class='ocrx_word' id='word_1_479' title='bbox 1759 376 2234 440; x_wconf 71' lang='lat' dir='ltr'><strong>CllRYSOSTOMI</strong></span> <span class='ocrx_word' id='word_1_480' title='bbox 2275 377 2592 436; x_wconf 77' lang='lat' dir='ltr'><strong>ARCHIEP.</strong></span> <span class='ocrx_word' id='word_1_481' title='bbox 2632 380 3174 441; x_wconf 75' lang='lat' dir='ltr'><strong>CONSTANTINOP.</strong></span> 
     </span>
    </p>
   </div>
   <div class='ocr_carea' id='block_1_63' title="bbox 3736 385 3822 446">
    <p class='ocr_par' dir='ltr' id='par_1_63' title="bbox 3736 385 3822 446">
     <span class='ocr_line' id='line_1_63' title="bbox 3736 385 3822 446; baseline 0.023 -2"><span class='ocrx_word' id='word_1_482' title='bbox 3736 385 3822 446; x_wconf 70' lang='grc' dir='ltr'><strong>ωε</strong></span> 
     </span>
    </p>
   </div>
   <div class='ocr_carea' id='block_1_64' title="bbox 2881 496 3258 554">
    <p class='ocr_par' dir='ltr' id='par_1_64' title="bbox 2881 496 3258 554">
     <span class='ocr_line' id='line_1_64' title="bbox 2881 496 3258 554; baseline -0.005 -2"><span class='ocrx_word' id='word_1_483' title='bbox 2881 496 3157 554; x_wconf 71' lang='lat' dir='ltr'><strong>HOMIIJA</strong></span> <span class='ocrx_word' id='word_1_484' title='bbox 3198 496 3258 554; x_wconf 80' lang='lat' dir='ltr'><strong>L.</strong></span> 
     </span>
    </p>
   </div>
   <div class='ocr_carea' id='block_1_65' title="bbox 2265 625 3824 710">
    <p class='ocr_par' dir='ltr' id='par_1_65' title="bbox 2265 625 3824 710">
     <span class='ocr_line' id='line_1_65' title="bbox 2265 625 3824 710; baseline 0.008 -29"><span class='ocrx_word' id='word_1_485' title='bbox 2265 625 2506 697; x_wconf 77' lang='lat' dir='ltr'><strong>Concepit</strong></span> <span class='ocrx_word' id='word_1_486' title='bbox 2552 639 2724 686; x_wconf 77' lang='lat' dir='ltr'><strong>autem</strong></span> <span class='ocrx_word' id='word_1_487' title='bbox 2774 629 3000 687; x_wconf 76' lang='lat' dir='ltr'><strong>Rebecca</strong></span> <span class='ocrx_word' id='word_1_488' title='bbox 3021 674 3036 701; x_wconf 96' lang='lat'><strong>,</strong></span> <span class='ocrx_word' id='word_1_489' title='bbox 3093 643 3144 688; x_wconf 73' lang='lat' dir='ltr'><strong>et</strong></span> <span class='ocrx_word' id='word_1_490' title='bbox 3193 633 3514 692; x_wconf 60' lang='lat' dir='ltr'><strong>“lidebant</strong></span> <span class='ocrx_word' id='word_1_491' title='bbox 3563 636 3746 710; x_wconf 70' lang='lat' dir='ltr'><strong>parvuli</strong></span> <span class='ocrx_word' id='word_1_492' title='bbox 3776 639 3824 693; x_wconf 81' lang='lat' dir='ltr'><strong>in</strong></span> 
     </span>
    </p>
   </div>
   <div class='ocr_carea' id='block_1_66' title="bbox 2730 722 3395 798">
    <p class='ocr_par' dir='ltr' id='par_1_66' title="bbox 2730 722 3395 798">
     <span class='ocr_line' id='line_1_66' title="bbox 2730 722 3395 798; baseline 0.009 -22"><span class='ocrx_word' id='word_1_493' title='bbox 2730 723 2822 776; x_wconf 79' lang='lat' dir='ltr'><strong>illa</strong></span> <span class='ocrx_word' id='word_1_494' title='bbox 2859 722 3016 794; x_wconf 80' lang='lat' dir='ltr'><strong>(Gen.</strong></span> <span class='ocrx_word' id='word_1_495' title='bbox 3042 725 3135 781; x_wconf 69' lang='lat' dir='ltr'><strong>es.</strong></span> <span class='ocrx_word' id='word_1_496' title='bbox 3161 725 3253 780; x_wconf 80' lang='lat' dir='ltr'><strong>at.</strong></span> <span class='ocrx_word' id='word_1_497' title='bbox 3283 725 3395 798; x_wconf 76' lang='lat' dir='ltr'><strong>ss).</strong></span> 
     </span>
    </p>
   </div>
   <div class='ocr_carea' id='block_1_67' title="bbox 2340 857 3824 932">
    <p class='ocr_par' dir='ltr' id='par_1_67' title="bbox 2340 857 3824 932">
     <span class='ocr_line' id='line_1_67' title="bbox 2340 857 3824 932; baseline 0.004 -18"><span class='ocrx_word' id='word_1_498' title='bbox 2340 859 2390 914; x_wconf 79' lang='lat' dir='ltr'><strong>l.</strong></span> <span class='ocrx_word' id='word_1_499' title='bbox 2425 857 2595 915; x_wconf 83' lang='lat' dir='ltr'><strong>Vultis</strong></span> <span class='ocrx_word' id='word_1_500' title='bbox 2621 859 2783 915; x_wconf 90' lang='lat' dir='ltr'><strong>etiam</strong></span> <span class='ocrx_word' id='word_1_501' title='bbox 2804 857 2964 914; x_wconf 85' lang='lat' dir='ltr'><strong>hodie</strong></span> <span class='ocrx_word' id='word_1_502' title='bbox 2988 874 3322 932; x_wconf 86' lang='lat' dir='ltr'><strong>apponamus</strong></span> <span class='ocrx_word' id='word_1_503' title='bbox 3344 861 3550 918; x_wconf 87' lang='lat' dir='ltr'><strong>caritati</strong></span> <span class='ocrx_word' id='word_1_504' title='bbox 3580 869 3754 920; x_wconf 70' lang='lat' dir='ltr'><strong>vestra:</strong></span> <span class='ocrx_word' id='word_1_505' title='bbox 3774 879 3824 920; x_wconf 78' lang='lat' dir='ltr'><strong>ea</strong></span> 
     </span>
    </p>
   </div>
   <div class='ocr_carea' id='block_1_68' title="bbox 2265 947 3824 1017">
    <p class='ocr_par' dir='ltr' id='par_1_68' title="bbox 2265 947 3824 1017">
     <span class='ocr_line' id='line_1_68' title="bbox 2265 947 3824 1017; baseline 0.006 -17"><span class='ocrx_word' id='word_1_506' title='bbox 2265 964 2385 1017; x_wconf 73' lang='lat' dir='ltr'><strong>quin</strong></span> <span class='ocrx_word' id='word_1_507' title='bbox 2411 947 2465 1003; x_wconf 91' lang='lat' dir='ltr'><strong>in</strong></span> <span class='ocrx_word' id='word_1_508' title='bbox 2490 950 2722 1006; x_wconf 87' lang='lat' dir='ltr'><strong>lectione</strong></span> <span class='ocrx_word' id='word_1_509' title='bbox 2744 949 2995 1006; x_wconf 88' lang='lat' dir='ltr'><strong>hesterna</strong></span> <span class='ocrx_word' id='word_1_510' title='bbox 3023 951 3208 1006; x_wconf 87' lang='lat' dir='ltr'><strong>relicta</strong></span> <span class='ocrx_word' id='word_1_511' title='bbox 3239 953 3400 1006; x_wconf 82' lang='lat' dir='ltr'><strong>sunt?</strong></span> <span class='ocrx_word' id='word_1_512' title='bbox 3426 953 3508 1008; x_wconf 80' lang='lat' dir='ltr'><strong>Ad</strong></span> <span class='ocrx_word' id='word_1_513' title='bbox 3532 953 3682 1010; x_wconf 86' lang='lat' dir='ltr'><strong>finem</strong></span> <span class='ocrx_word' id='word_1_514' title='bbox 3705 957 3824 1010; x_wconf 87' lang='lat' dir='ltr'><strong>enim</strong></span> 
     </span>
    </p>
   </div>
   <div class='ocr_carea' id='block_1_69' title="bbox 2267 1041 3827 1116">
    <p class='ocr_par' dir='ltr' id='par_1_69' title="bbox 2267 1041 3827 1116">
     <span class='ocr_line' id='line_1_69' title="bbox 2267 1041 3827 1116; baseline 0.005 -22"><span class='ocrx_word' id='word_1_515' title='bbox 2267 1041 2562 1110; x_wconf 88' lang='lat' dir='ltr'><strong>perducere</strong></span> <span class='ocrx_word' id='word_1_516' title='bbox 2591 1050 2762 1098; x_wconf 91' lang='lat' dir='ltr'><strong>totum</strong></span> <span class='ocrx_word' id='word_1_517' title='bbox 2777 1053 3147 1114; x_wconf 73' lang='lat' dir='ltr'><strong>argumentum</strong></span> <span class='ocrx_word' id='word_1_518' title='bbox 3173 1045 3540 1116; x_wconf 89' lang='lat' dir='ltr'><strong>nequivimus;</strong></span> <span class='ocrx_word' id='word_1_519' title='bbox 3562 1047 3651 1104; x_wconf 90' lang='lat' dir='ltr'><strong>sed</strong></span> <span class='ocrx_word' id='word_1_520' title='bbox 3675 1059 3827 1104; x_wconf 86' lang='lat' dir='ltr'><strong>osten-</strong></span> 
     </span>
    </p>
   </div>
   <div class='ocr_carea' id='block_1_70' title="bbox 2265 1132 3826 1208">
    <p class='ocr_par' dir='ltr' id='par_1_70' title="bbox 2265 1132 3826 1208">
     <span class='ocr_line' id='line_1_70' title="bbox 2265 1132 3826 1208; baseline 0.006 -22"><span class='ocrx_word' id='word_1_521' title='bbox 2265 1132 2442 1188; x_wconf 86' lang='lat' dir='ltr'><strong>dimus</strong></span> <span class='ocrx_word' id='word_1_522' title='bbox 2482 1149 2577 1204; x_wconf 89' lang='lat' dir='ltr'><strong>per</strong></span> <span class='ocrx_word' id='word_1_523' title='bbox 2615 1133 2856 1189; x_wconf 87' lang='lat' dir='ltr'><strong>assiduas</strong></span> <span class='ocrx_word' id='word_1_524' title='bbox 2896 1149 3082 1205; x_wconf 89' lang='lat' dir='ltr'><strong>preces</strong></span> <span class='ocrx_word' id='word_1_525' title='bbox 3127 1135 3275 1192; x_wconf 92' lang='lat' dir='ltr'><strong>lsaac</strong></span> <span class='ocrx_word' id='word_1_526' title='bbox 3321 1137 3557 1208; x_wconf 88' lang='lat' dir='ltr'><strong>potuisse</strong></span> <span class='ocrx_word' id='word_1_527' title='bbox 3601 1137 3826 1195; x_wconf 75' lang='lat' dir='ltr'><strong>Rebecca:</strong></span> 
     </span>
    </p>
   </div>
   <div class='ocr_carea' id='block_1_71' title="bbox 2265 1225 3827 1302">
    <p class='ocr_par' dir='ltr' id='par_1_71' title="bbox 2265 1225 3827 1302">
     <span class='ocr_line' id='line_1_71' title="bbox 2265 1225 3827 1302; baseline 0.004 -24"><span class='ocrx_word' id='word_1_528' title='bbox 2265 1225 2474 1279; x_wconf 89' lang='lat' dir='ltr'><strong>vulvam</strong></span> <span class='ocrx_word' id='word_1_529' title='bbox 2505 1226 2734 1280; x_wconf 87' lang='lat' dir='ltr'><strong>filiorum</strong></span> <span class='ocrx_word' id='word_1_530' title='bbox 2761 1226 3092 1298; x_wconf 82' lang='lat' dir='ltr'><strong>generationi</strong></span> <span class='ocrx_word' id='word_1_531' title='bbox 3131 1226 3361 1284; x_wconf 88' lang='lat' dir='ltr'><strong>reddere</strong></span> <span class='ocrx_word' id='word_1_532' title='bbox 3390 1228 3629 1286; x_wconf 90' lang='lat' dir='ltr'><strong>idoneam</strong></span> <span class='ocrx_word' id='word_1_533' title='bbox 3657 1268 3672 1302; x_wconf 91' lang='lat'><strong>,</strong></span> <span class='ocrx_word' id='word_1_534' title='bbox 3697 1240 3827 1285; x_wconf 83' lang='lat' dir='ltr'><strong>natu-</strong></span> 
     </span>
    </p>
   </div>
   <div class='ocr_carea' id='block_1_72' title="bbox 2267 1316 3824 1392">
    <p class='ocr_par' dir='ltr' id='par_1_72' title="bbox 2267 1316 3824 1392">
     <span class='ocr_line' id='line_1_72' title="bbox 2267 1316 3824 1392; baseline 0.004 -22"><span class='ocrx_word' id='word_1_535' title='bbox 2267 1332 2488 1388; x_wconf 87' lang='lat' dir='ltr'><strong>ramque</strong></span> <span class='ocrx_word' id='word_1_536' title='bbox 2527 1317 2700 1388; x_wconf 86' lang='lat' dir='ltr'><strong>ipsam</strong></span> <span class='ocrx_word' id='word_1_537' title='bbox 2729 1318 2973 1374; x_wconf 90' lang='lat' dir='ltr'><strong>inutilem</strong></span> <span class='ocrx_word' id='word_1_538' title='bbox 3013 1316 3208 1375; x_wconf 87' lang='lat' dir='ltr'><strong>factam</strong></span> <span class='ocrx_word' id='word_1_539' title='bbox 3229 1361 3244 1388; x_wconf 96' lang='lat'><strong>,</strong></span> <span class='ocrx_word' id='word_1_540' title='bbox 3274 1329 3334 1375; x_wconf 92' lang='lat' dir='ltr'><strong>ut</strong></span> <span class='ocrx_word' id='word_1_541' title='bbox 3361 1320 3433 1375; x_wconf 90' lang='lat' dir='ltr'><strong>ita</strong></span> <span class='ocrx_word' id='word_1_542' title='bbox 3461 1319 3628 1376; x_wconf 89' lang='lat' dir='ltr'><strong>dicam</strong></span> <span class='ocrx_word' id='word_1_543' title='bbox 3651 1360 3667 1389; x_wconf 92' lang='lat'><strong>,</strong></span> <span class='ocrx_word' id='word_1_544' title='bbox 3693 1337 3824 1392; x_wconf 84' lang='lat' dir='ltr'><strong>repa-</strong></span> 
     </span>
    </p>
   </div>
   <div class='ocr_carea' id='block_1_73' title="bbox 2269 1409 3827 1481">
    <p class='ocr_par' dir='ltr' id='par_1_73' title="bbox 2269 1409 3827 1481">
     <span class='ocr_line' id='line_1_73' title="bbox 2269 1409 3827 1481; baseline 0.003 -18"><span class='ocrx_word' id='word_1_545' title='bbox 2269 1425 2389 1465; x_wconf 90' lang='lat' dir='ltr'><strong>rare</strong></span> <span class='ocrx_word' id='word_1_546' title='bbox 2415 1427 2428 1463; x_wconf 90' lang='lat'><strong>:</strong></span> <span class='ocrx_word' id='word_1_547' title='bbox 2458 1409 2573 1465; x_wconf 74' lang='lat' dir='ltr'><strong>hare</strong></span> <span class='ocrx_word' id='word_1_548' title='bbox 2597 1411 2774 1466; x_wconf 91' lang='lat' dir='ltr'><strong>omnia</strong></span> <span class='ocrx_word' id='word_1_549' title='bbox 2804 1410 2919 1466; x_wconf 89' lang='lat' dir='ltr'><strong>beri</strong></span> <span class='ocrx_word' id='word_1_550' title='bbox 2945 1411 3075 1466; x_wconf 88' lang='lat' dir='ltr'><strong>satis</strong></span> <span class='ocrx_word' id='word_1_551' title='bbox 3104 1426 3200 1466; x_wconf 91' lang='lat' dir='ltr'><strong>vos</strong></span> <span class='ocrx_word' id='word_1_552' title='bbox 3227 1411 3531 1481; x_wconf 88' lang='lat' dir='ltr'><strong>docuimus,</strong></span> <span class='ocrx_word' id='word_1_553' title='bbox 3554 1422 3827 1470; x_wconf 89' lang='lat' dir='ltr'><strong>monstran-</strong></span> 
     </span>
    </p>
   </div>
   <div class='ocr_carea' id='block_1_74' title="bbox 2271 1503 3831 1577">
    <p class='ocr_par' dir='ltr' id='par_1_74' title="bbox 2271 1503 3831 1577">
     <span class='ocr_line' id='line_1_74' title="bbox 2271 1503 3831 1577; baseline 0.004 -21"><span class='ocrx_word' id='word_1_554' title='bbox 2271 1511 2351 1557; x_wconf 91' lang='lat' dir='ltr'><strong>tes</strong></span> <span class='ocrx_word' id='word_1_555' title='bbox 2389 1517 2653 1558; x_wconf 91' lang='lat' dir='ltr'><strong>annorum</strong></span> <span class='ocrx_word' id='word_1_556' title='bbox 2703 1519 3017 1570; x_wconf 88' lang='lat' dir='ltr'><strong>numerum,</strong></span> <span class='ocrx_word' id='word_1_557' title='bbox 3050 1504 3282 1575; x_wconf 89' lang='lat' dir='ltr'><strong>quibus,</strong></span> <span class='ocrx_word' id='word_1_558' title='bbox 3314 1515 3374 1560; x_wconf 93' lang='lat' dir='ltr'><strong>ut</strong></span> <span class='ocrx_word' id='word_1_559' title='bbox 3414 1503 3518 1561; x_wconf 88' lang='lat' dir='ltr'><strong>hoc</strong></span> <span class='ocrx_word' id='word_1_560' title='bbox 3557 1506 3831 1577; x_wconf 80' lang='lat' dir='ltr'><strong>impetraret</strong></span> 
     </span>
    </p>
   </div>
   <div class='ocr_carea' id='block_1_75' title="bbox 2270 1593 3828 1668">
    <p class='ocr_par' dir='ltr' id='par_1_75' title="bbox 2270 1593 3828 1668">
     <span class='ocr_line' id='line_1_75' title="bbox 2270 1593 3828 1668; baseline 0.004 -20"><span class='ocrx_word' id='word_1_561' title='bbox 2270 1593 2457 1650; x_wconf 87' lang='lat' dir='ltr'><strong>beatus</strong></span> <span class='ocrx_word' id='word_1_562' title='bbox 2489 1595 2597 1662; x_wconf 92' lang='lat' dir='ltr'><strong>ille,</strong></span> <span class='ocrx_word' id='word_1_563' title='bbox 2626 1610 2788 1651; x_wconf 90' lang='lat' dir='ltr'><strong>orans</strong></span> <span class='ocrx_word' id='word_1_564' title='bbox 2815 1605 2870 1652; x_wconf 90' lang='lat' dir='ltr'><strong>et</strong></span> <span class='ocrx_word' id='word_1_565' title='bbox 2894 1597 3193 1668; x_wconf 87' lang='lat' dir='ltr'><strong>deprecans</strong></span> <span class='ocrx_word' id='word_1_566' title='bbox 3221 1598 3519 1668; x_wconf 85' lang='lat' dir='ltr'><strong>permansit</strong></span> <span class='ocrx_word' id='word_1_567' title='bbox 3545 1616 3560 1653; x_wconf 89' lang='lat'><strong>:</strong></span> <span class='ocrx_word' id='word_1_568' title='bbox 3585 1608 3636 1654; x_wconf 91' lang='lat' dir='ltr'><strong>et</strong></span> <span class='ocrx_word' id='word_1_569' title='bbox 3657 1599 3706 1654; x_wconf 93' lang='lat' dir='ltr'><strong>in</strong></span> <span class='ocrx_word' id='word_1_570' title='bbox 3731 1613 3828 1654; x_wconf 87' lang='lat' dir='ltr'><strong>ser-</strong></span> 
     </span>
    </p>
   </div>
   <div class='ocr_carea' id='block_1_76' title="bbox 2270 1685 3831 1761">
    <p class='ocr_par' dir='ltr' id='par_1_76' title="bbox 2270 1685 3831 1761">
     <span class='ocr_line' id='line_1_76' title="bbox 2270 1685 3831 1761; baseline 0.003 -22"><span class='ocrx_word' id='word_1_571' title='bbox 2270 1701 2488 1740; x_wconf 91' lang='lat' dir='ltr'><strong>monem</strong></span> <span class='ocrx_word' id='word_1_572' title='bbox 2511 1685 2580 1743; x_wconf 93' lang='lat' dir='ltr'><strong>de</strong></span> <span class='ocrx_word' id='word_1_573' title='bbox 2601 1686 2871 1743; x_wconf 87' lang='lat' dir='ltr'><strong>sterilibus</strong></span> <span class='ocrx_word' id='word_1_574' title='bbox 2891 1688 3116 1759; x_wconf 79' lang='lat' dir='ltr'><strong>egressi,</strong></span> <span class='ocrx_word' id='word_1_575' title='bbox 3138 1688 3280 1743; x_wconf 90' lang='lat' dir='ltr'><strong>dicta</strong></span> <span class='ocrx_word' id='word_1_576' title='bbox 3301 1689 3454 1744; x_wconf 85' lang='lat' dir='ltr'><strong>vobis</strong></span> <span class='ocrx_word' id='word_1_577' title='bbox 3468 1704 3624 1745; x_wconf 89' lang='lat' dir='ltr'><strong>causa</strong></span> <span class='ocrx_word' id='word_1_578' title='bbox 3647 1699 3831 1761; x_wconf 82' lang='lat' dir='ltr'><strong>propter</strong></span> 
     </span>
    </p>
   </div>
   <div class='ocr_carea' id='block_1_77' title="bbox 2270 1777 3832 1849">
    <p class='ocr_par' dir='ltr' id='par_1_77' title="bbox 2270 1777 3832 1849">
     <span class='ocr_line' id='line_1_77' title="bbox 2270 1777 3832 1849; baseline 0.003 -20"><span class='ocrx_word' id='word_1_579' title='bbox 2270 1793 2428 1847; x_wconf 90' lang='lat' dir='ltr'><strong>quam</strong></span> <span class='ocrx_word' id='word_1_580' title='bbox 2453 1777 2722 1848; x_wconf 87' lang='lat' dir='ltr'><strong>justorum</strong></span> <span class='ocrx_word' id='word_1_581' title='bbox 2750 1778 2963 1834; x_wconf 91' lang='lat' dir='ltr'><strong>illorum</strong></span> <span class='ocrx_word' id='word_1_582' title='bbox 2990 1793 3190 1835; x_wconf 78' lang='lat' dir='ltr'><strong>uxores</strong></span> <span class='ocrx_word' id='word_1_583' title='bbox 3217 1780 3431 1836; x_wconf 87' lang='lat' dir='ltr'><strong>steriles</strong></span> <span class='ocrx_word' id='word_1_584' title='bbox 3461 1780 3638 1849; x_wconf 89' lang='lat' dir='ltr'><strong>fuere,</strong></span> <span class='ocrx_word' id='word_1_585' title='bbox 3659 1795 3832 1836; x_wconf 83' lang='lat' dir='ltr'><strong>senue-</strong></span> 
     </span>
    </p>
   </div>
   <div class='ocr_carea' id='block_1_78' title="bbox 2272 1868 3832 1942">
    <p class='ocr_par' dir='ltr' id='par_1_78' title="bbox 2272 1868 3832 1942">
     <span class='ocr_line' id='line_1_78' title="bbox 2272 1868 3832 1942; baseline 0.004 -21"><span class='ocrx_word' id='word_1_586' title='bbox 2272 1883 2395 1922; x_wconf 89' lang='lat' dir='ltr'><strong>nem</strong></span> <span class='ocrx_word' id='word_1_587' title='bbox 2419 1869 2640 1924; x_wconf 76' lang='lat' dir='ltr'><strong>missurn</strong></span> <span class='ocrx_word' id='word_1_588' title='bbox 2668 1869 2912 1926; x_wconf 89' lang='lat' dir='ltr'><strong>fecimus.</strong></span> <span class='ocrx_word' id='word_1_589' title='bbox 2944 1868 3132 1942; x_wconf 64' lang='lat' dir='ltr'><strong>Operae</strong></span> <span class='ocrx_word' id='word_1_590' title='bbox 3177 1871 3406 1942; x_wconf 90' lang='lat' dir='ltr'><strong>pretium</strong></span> <span class='ocrx_word' id='word_1_591' title='bbox 3457 1880 3632 1927; x_wconf 88' lang='lat' dir='ltr'><strong>autem</strong></span> <span class='ocrx_word' id='word_1_592' title='bbox 3657 1880 3730 1927; x_wconf 88' lang='lat' dir='ltr'><strong>est</strong></span> <span class='ocrx_word' id='word_1_593' title='bbox 3753 1885 3832 1928; x_wconf 91' lang='lat' dir='ltr'><strong>nos</strong></span> 
     </span>
    </p>
   </div>
   <div class='ocr_carea' id='block_1_79' title="bbox 2272 1959 3831 2035">
    <p class='ocr_par' dir='ltr' id='par_1_79' title="bbox 2272 1959 3831 2035">
     <span class='ocr_line' id='line_1_79' title="bbox 2272 1959 3831 2035; baseline 0.001 -22"><span class='ocrx_word' id='word_1_594' title='bbox 2272 1959 2430 2016; x_wconf 89' lang='lat' dir='ltr'><strong>hodie</strong></span> <span class='ocrx_word' id='word_1_595' title='bbox 2467 1961 2676 2017; x_wconf 83' lang='lat' dir='ltr'><strong>discere</strong></span> <span class='ocrx_word' id='word_1_596' title='bbox 2704 1961 2963 2018; x_wconf 75' lang='lat' dir='ltr'><strong>Rebecca:</strong></span> <span class='ocrx_word' id='word_1_597' title='bbox 3007 1962 3312 2035; x_wconf 75' lang='lat' dir='ltr'><strong>religiosam</strong></span> <span class='ocrx_word' id='word_1_598' title='bbox 3355 1974 3610 2029; x_wconf 90' lang='lat' dir='ltr'><strong>mentem,</strong></span> <span class='ocrx_word' id='word_1_599' title='bbox 3657 1975 3710 2018; x_wconf 92' lang='lat' dir='ltr'><strong>ut</strong></span> <span class='ocrx_word' id='word_1_600' title='bbox 3746 1979 3831 2017; x_wconf 87' lang='lat' dir='ltr'><strong>non</strong></span> 
     </span>
    </p>
   </div>
   <div class='ocr_carea' id='block_1_80' title="bbox 2273 2051 3832 2125">
    <p class='ocr_par' dir='ltr' id='par_1_80' title="bbox 2273 2051 3832 2125">
     <span class='ocr_line' id='line_1_80' title="bbox 2273 2051 3832 2125; baseline -0.001 -20"><span class='ocrx_word' id='word_1_601' title='bbox 2273 2052 2447 2106; x_wconf 90' lang='lat' dir='ltr'><strong>solum</strong></span> <span class='ocrx_word' id='word_1_602' title='bbox 2475 2053 2628 2108; x_wconf 87' lang='lat' dir='ltr'><strong>nobis</strong></span> <span class='ocrx_word' id='word_1_603' title='bbox 2649 2068 2680 2108; x_wconf 90' lang='lat' dir='ltr'><strong>a</strong></span> <span class='ocrx_word' id='word_1_604' title='bbox 2703 2054 2898 2108; x_wconf 91' lang='lat' dir='ltr'><strong>virtute</strong></span> <span class='ocrx_word' id='word_1_605' title='bbox 2921 2053 3051 2125; x_wconf 89' lang='lat' dir='ltr'><strong>justi</strong></span> <span class='ocrx_word' id='word_1_606' title='bbox 3076 2055 3286 2110; x_wconf 90' lang='lat' dir='ltr'><strong>lucrum</strong></span> <span class='ocrx_word' id='word_1_607' title='bbox 3310 2054 3553 2119; x_wconf 87' lang='lat' dir='ltr'><strong>accedat,</strong></span> <span class='ocrx_word' id='word_1_608' title='bbox 3583 2053 3673 2110; x_wconf 80' lang='lat' dir='ltr'><strong>sed</strong></span> <span class='ocrx_word' id='word_1_609' title='bbox 3700 2051 3832 2108; x_wconf 85' lang='lat' dir='ltr'><strong>etiam</strong></span> 
     </span>
    </p>
   </div>
   <div class='ocr_carea' id='block_1_81' title="bbox 2272 2144 3834 2217">
    <p class='ocr_par' dir='ltr' id='par_1_81' title="bbox 2272 2144 3834 2217">
     <span class='ocr_line' id='line_1_81' title="bbox 2272 2144 3834 2217; baseline -0.002 -19"><span class='ocrx_word' id='word_1_610' title='bbox 2272 2158 2337 2198; x_wconf 78' lang='lat' dir='ltr'><strong>ex</strong></span> <span class='ocrx_word' id='word_1_611' title='bbox 2368 2144 2588 2199; x_wconf 86' lang='lat' dir='ltr'><strong>historia</strong></span> <span class='ocrx_word' id='word_1_612' title='bbox 2611 2161 2731 2215; x_wconf 72' lang='lat' dir='ltr'><strong>qua:</strong></span> <span class='ocrx_word' id='word_1_613' title='bbox 2757 2145 3057 2201; x_wconf 79' lang='lat' dir='ltr'><strong>Rebeccam</strong></span> <span class='ocrx_word' id='word_1_614' title='bbox 3083 2145 3341 2217; x_wconf 91' lang='lat' dir='ltr'><strong>respicit,</strong></span> <span class='ocrx_word' id='word_1_615' title='bbox 3368 2146 3438 2200; x_wconf 89' lang='lat' dir='ltr'><strong>ad</strong></span> <span class='ocrx_word' id='word_1_616' title='bbox 3481 2146 3834 2201; x_wconf 82' lang='lat' dir='ltr'><strong>:emulationem</strong></span> 
     </span>
    </p>
   </div>
   <div class='ocr_carea' id='block_1_82' title="bbox 2275 2234 3835 2308">
    <p class='ocr_par' dir='ltr' id='par_1_82' title="bbox 2275 2234 3835 2308">
     <span class='ocr_line' id='line_1_82' title="bbox 2275 2234 3835 2308; baseline -0.003 -20"><span class='ocrx_word' id='word_1_617' title='bbox 2275 2249 2565 2304; x_wconf 87' lang='lat' dir='ltr'><strong>provocare</strong></span> <span class='ocrx_word' id='word_1_618' title='bbox 2605 2236 2872 2306; x_wconf 90' lang='lat' dir='ltr'><strong>possimus</strong></span> <span class='ocrx_word' id='word_1_619' title='bbox 2898 2235 3192 2291; x_wconf 89' lang='lat' dir='ltr'><strong>auditores.</strong></span> <span class='ocrx_word' id='word_1_620' title='bbox 3229 2236 3523 2308; x_wconf 84' lang='lat' dir='ltr'><strong>Postquam</strong></span> <span class='ocrx_word' id='word_1_621' title='bbox 3549 2236 3682 2292; x_wconf 85' lang='lat' dir='ltr'><strong>enim</strong></span> <span class='ocrx_word' id='word_1_622' title='bbox 3723 2234 3835 2289; x_wconf 82' lang='lat' dir='ltr'><strong>Deus</strong></span> 
     </span>
    </p>
   </div>
   <div class='ocr_carea' id='block_1_83' title="bbox 2275 2325 3834 2400">
    <p class='ocr_par' dir='ltr' id='par_1_83' title="bbox 2275 2325 3834 2400">
     <span class='ocr_line' id='line_1_83' title="bbox 2275 2325 3834 2400; baseline -0.001 -19"><span class='ocrx_word' id='word_1_623' title='bbox 2275 2327 2546 2382; x_wconf 80' lang='lat' dir='ltr'><strong>exaudivit</strong></span> <span class='ocrx_word' id='word_1_624' title='bbox 2582 2330 2883 2384; x_wconf 85' lang='lat' dir='ltr'><strong>orationem</strong></span> <span class='ocrx_word' id='word_1_625' title='bbox 2921 2328 3052 2400; x_wconf 89' lang='lat' dir='ltr'><strong>justi</strong></span> <span class='ocrx_word' id='word_1_626' title='bbox 3074 2371 3089 2396; x_wconf 95' lang='lat'><strong>,</strong></span> <span class='ocrx_word' id='word_1_627' title='bbox 3115 2328 3207 2384; x_wconf 79' lang='lat'><strong>2|.</strong></span> <span class='ocrx_word' id='word_1_628' title='bbox 3236 2327 3304 2383; x_wconf 83' lang='lat' dir='ltr'><strong>Et</strong></span> <span class='ocrx_word' id='word_1_629' title='bbox 3345 2339 3545 2384; x_wconf 81' lang='lat' dir='ltr'><strong>uterum</strong></span> <span class='ocrx_word' id='word_1_630' title='bbox 3589 2329 3726 2400; x_wconf 79' lang='lat' dir='ltr'><strong>gessit</strong></span> <span class='ocrx_word' id='word_1_631' title='bbox 3752 2325 3834 2380; x_wconf 81' lang='lat' dir='ltr'><strong>Ile-</strong></span> 
     </span>
    </p>
   </div>
   <div class='ocr_carea' id='block_1_84' title="bbox 2275 2418 3837 2491">
    <p class='ocr_par' dir='ltr' id='par_1_84' title="bbox 2275 2418 3837 2491">
     <span class='ocr_line' id='line_1_84' title="bbox 2275 2418 3837 2491; baseline -0.001 -20"><span class='ocrx_word' id='word_1_632' title='bbox 2275 2418 2442 2486; x_wconf 85' lang='lat' dir='ltr'><strong>becca,</strong></span> <span class='ocrx_word' id='word_1_633' title='bbox 2471 2418 2560 2472; x_wconf 72' lang='lat'><strong>22.</strong></span> <span class='ocrx_word' id='word_1_634' title='bbox 2603 2419 2960 2487; x_wconf 83' lang='lat' dir='ltr'><strong>colludebant,</strong></span> <span class='ocrx_word' id='word_1_635' title='bbox 3014 2420 3220 2491; x_wconf 89' lang='lat' dir='ltr'><strong>inquit,</strong></span> <span class='ocrx_word' id='word_1_636' title='bbox 3254 2421 3399 2489; x_wconf 85' lang='lat' dir='ltr'><strong>pueri</strong></span> <span class='ocrx_word' id='word_1_637' title='bbox 3440 2422 3495 2474; x_wconf 89' lang='lat' dir='ltr'><strong>in</strong></span> <span class='ocrx_word' id='word_1_638' title='bbox 3536 2437 3629 2485; x_wconf 84' lang='lat' dir='ltr'><strong>ea,</strong></span> <span class='ocrx_word' id='word_1_639' title='bbox 3672 2428 3721 2474; x_wconf 93' lang='lat' dir='ltr'><strong>et</strong></span> <span class='ocrx_word' id='word_1_640' title='bbox 3746 2432 3837 2472; x_wconf 87' lang='lat' dir='ltr'><strong>ma-</strong></span> 
     </span>
    </p>
   </div>
   <div class='ocr_carea' id='block_1_85' title="bbox 2275 2509 3836 2583">
    <p class='ocr_par' dir='ltr' id='par_1_85' title="bbox 2275 2509 3836 2583">
     <span class='ocr_line' id='line_1_85' title="bbox 2275 2509 3836 2583; baseline -0.002 -19"><span class='ocrx_word' id='word_1_641' title='bbox 2275 2526 2380 2582; x_wconf 87' lang='lat' dir='ltr'><strong>gno</strong></span> <span class='ocrx_word' id='word_1_642' title='bbox 2426 2527 2546 2566; x_wconf 91' lang='lat' dir='ltr'><strong>eam</strong></span> <span class='ocrx_word' id='word_1_643' title='bbox 2576 2511 2762 2568; x_wconf 88' lang='lat' dir='ltr'><strong>dolore</strong></span> <span class='ocrx_word' id='word_1_644' title='bbox 2807 2511 3130 2568; x_wconf 88' lang='lat' dir='ltr'><strong>afticiebant.</strong></span> <span class='ocrx_word' id='word_1_645' title='bbox 3177 2511 3319 2566; x_wconf 78' lang='lat' dir='ltr'><strong>Dixit</strong></span> <span class='ocrx_word' id='word_1_646' title='bbox 3359 2512 3534 2582; x_wconf 84' lang='lat' dir='ltr'><strong>enim,</strong></span> <span class='ocrx_word' id='word_1_647' title='bbox 3559 2512 3746 2583; x_wconf 90' lang='lat' dir='ltr'><strong>inquit,</strong></span> <span class='ocrx_word' id='word_1_648' title='bbox 3788 2509 3836 2563; x_wconf 80' lang='lat' dir='ltr'><strong>Si</strong></span> 
     </span>
    </p>
   </div>
   <div class='ocr_carea' id='block_1_86' title="bbox 2276 2604 3834 2675">
    <p class='ocr_par' dir='ltr' id='par_1_86' title="bbox 2276 2604 3834 2675">
     <span class='ocr_line' id='line_1_86' title="bbox 2276 2604 3834 2675; baseline -0.003 -19"><span class='ocrx_word' id='word_1_649' title='bbox 2276 2605 2350 2657; x_wconf 80' lang='lat' dir='ltr'><strong>sic</strong></span> <span class='ocrx_word' id='word_1_650' title='bbox 2395 2605 2519 2659; x_wconf 82' lang='lat' dir='ltr'><strong>mihi</strong></span> <span class='ocrx_word' id='word_1_651' title='bbox 2565 2605 2796 2674; x_wconf 73' lang='lat' dir='ltr'><strong>futurum</strong></span> <span class='ocrx_word' id='word_1_652' title='bbox 2843 2605 2950 2671; x_wconf 90' lang='lat' dir='ltr'><strong>sit,</strong></span> <span class='ocrx_word' id='word_1_653' title='bbox 3003 2621 3091 2658; x_wconf 88' lang='lat' dir='ltr'><strong>cur</strong></span> <span class='ocrx_word' id='word_1_654' title='bbox 3138 2604 3262 2658; x_wconf 82' lang='lat' dir='ltr'><strong>mihi</strong></span> <span class='ocrx_word' id='word_1_655' title='bbox 3307 2605 3454 2659; x_wconf 81' lang='lat' dir='ltr'><strong>hoc?</strong></span> <span class='ocrx_word' id='word_1_656' title='bbox 3498 2604 3672 2675; x_wconf 83' lang='lat' dir='ltr'><strong>Neque</strong></span> <span class='ocrx_word' id='word_1_657' title='bbox 3714 2604 3834 2657; x_wconf 87' lang='lat' dir='ltr'><strong>enint</strong></span> 
     </span>
    </p>
   </div>
   <div class='ocr_carea' id='block_1_87' title="bbox 2279 2695 3836 2764">
    <p class='ocr_par' dir='ltr' id='par_1_87' title="bbox 2279 2695 3836 2764">
     <span class='ocr_line' id='line_1_87' title="bbox 2279 2695 3836 2764; baseline -0.003 -15"><span class='ocrx_word' id='word_1_658' title='bbox 2279 2709 2415 2750; x_wconf 89' lang='lat' dir='ltr'><strong>unus</strong></span> <span class='ocrx_word' id='word_1_659' title='bbox 2478 2705 2594 2750; x_wconf 90' lang='lat' dir='ltr'><strong>erat</strong></span> <span class='ocrx_word' id='word_1_660' title='bbox 2651 2696 2988 2764; x_wconf 85' lang='lat' dir='ltr'><strong>nasciturus,</strong></span> <span class='ocrx_word' id='word_1_661' title='bbox 3050 2695 3146 2751; x_wconf 89' lang='lat' dir='ltr'><strong>sed</strong></span> <span class='ocrx_word' id='word_1_662' title='bbox 3195 2696 3332 2752; x_wconf 92' lang='lat' dir='ltr'><strong>duos</strong></span> <span class='ocrx_word' id='word_1_663' title='bbox 3387 2696 3552 2752; x_wconf 90' lang='lat' dir='ltr'><strong>simul</strong></span> <span class='ocrx_word' id='word_1_664' title='bbox 3604 2697 3652 2750; x_wconf 87' lang='lat' dir='ltr'><strong>in</strong></span> <span class='ocrx_word' id='word_1_665' title='bbox 3713 2705 3836 2748; x_wconf 85' lang='lat' dir='ltr'><strong>utero</strong></span> 
     </span>
    </p>
   </div>
   <div class='ocr_carea' id='block_1_88' title="bbox 2277 2786 3834 2860">
    <p class='ocr_par' dir='ltr' id='par_1_88' title="bbox 2277 2786 3834 2860">
     <span class='ocr_line' id='line_1_88' title="bbox 2277 2786 3834 2860; baseline -0.005 -18"><span class='ocrx_word' id='word_1_666' title='bbox 2277 2802 2472 2859; x_wconf 84' lang='lat' dir='ltr'><strong>pueros</strong></span> <span class='ocrx_word' id='word_1_667' title='bbox 2513 2789 2775 2860; x_wconf 78' lang='lat' dir='ltr'><strong>gestabat,</strong></span> <span class='ocrx_word' id='word_1_668' title='bbox 2820 2797 2877 2842; x_wconf 91' lang='lat' dir='ltr'><strong>et</strong></span> <span class='ocrx_word' id='word_1_669' title='bbox 2916 2803 2984 2843; x_wconf 76' lang='lat' dir='ltr'><strong>ex</strong></span> <span class='ocrx_word' id='word_1_670' title='bbox 3026 2788 3268 2859; x_wconf 80' lang='lat' dir='ltr'><strong>angustia</strong></span> <span class='ocrx_word' id='word_1_671' title='bbox 3309 2788 3538 2842; x_wconf 85' lang='lat' dir='ltr'><strong>multum</strong></span> <span class='ocrx_word' id='word_1_672' title='bbox 3581 2786 3834 2842; x_wconf 88' lang='lat' dir='ltr'><strong>cruciatum</strong></span> 
     </span>
    </p>
   </div>
   <div class='ocr_carea' id='block_1_89' title="bbox 2278 2880 3836 2949">
    <p class='ocr_par' dir='ltr' id='par_1_89' title="bbox 2278 2880 3836 2949">
     <span class='ocr_line' id='line_1_89' title="bbox 2278 2880 3836 2949; baseline -0.004 -13"><span class='ocrx_word' id='word_1_673' title='bbox 2278 2881 2561 2938; x_wconf 85' lang='lat' dir='ltr'><strong>sentiebat.</strong></span> <span class='ocrx_word' id='word_1_674' title='bbox 2589 2881 2692 2938; x_wconf 89' lang='lat' dir='ltr'><strong>Sed</strong></span> <span class='ocrx_word' id='word_1_675' title='bbox 2739 2881 2827 2936; x_wconf 87' lang='lat' dir='ltr'><strong>hic</strong></span> <span class='ocrx_word' id='word_1_676' title='bbox 2865 2881 3004 2948; x_wconf 90' lang='lat' dir='ltr'><strong>vide,</strong></span> <span class='ocrx_word' id='word_1_677' title='bbox 3053 2881 3298 2948; x_wconf 89' lang='lat' dir='ltr'><strong>obsecro,</strong></span> <span class='ocrx_word' id='word_1_678' title='bbox 3347 2881 3589 2936; x_wconf 78' lang='lat' dir='ltr'><strong>mulieris</strong></span> <span class='ocrx_word' id='word_1_679' title='bbox 3624 2880 3836 2949; x_wconf 75' lang='lat' dir='ltr'><strong>pietatem</strong></span> 
     </span>
    </p>
   </div>
   <div class='ocr_carea' id='block_1_90' title="bbox 2279 2972 3837 3043">
    <p class='ocr_par' dir='ltr' id='par_1_90' title="bbox 2279 2972 3837 3043">
     <span class='ocr_line' id='line_1_90' title="bbox 2279 2972 3837 3043; baseline -0.002 -16"><span class='ocrx_word' id='word_1_680' title='bbox 2279 2981 2333 3027; x_wconf 92' lang='lat' dir='ltr'><strong>et</strong></span> <span class='ocrx_word' id='word_1_681' title='bbox 2360 2973 2693 3043; x_wconf 84' lang='lat' dir='ltr'><strong>religionem.</strong></span> <span class='ocrx_word' id='word_1_682' title='bbox 2725 2972 2840 3028; x_wconf 86' lang='lat' dir='ltr'><strong>Non</strong></span> <span class='ocrx_word' id='word_1_683' title='bbox 2871 2973 3015 3027; x_wconf 90' lang='lat' dir='ltr'><strong>enim</strong></span> <span class='ocrx_word' id='word_1_684' title='bbox 3044 2973 3183 3028; x_wconf 89' lang='lat' dir='ltr'><strong>sicut</strong></span> <span class='ocrx_word' id='word_1_685' title='bbox 3223 2972 3481 3027; x_wconf 88' lang='lat' dir='ltr'><strong>mulieres</strong></span> <span class='ocrx_word' id='word_1_686' title='bbox 3527 2973 3716 3034; x_wconf 65' lang='lat' dir='ltr'><strong>multae,</strong></span> <span class='ocrx_word' id='word_1_687' title='bbox 3741 2982 3837 3039; x_wconf 70' lang='lat' dir='ltr'><strong>qna:</strong></span> 
     </span>
    </p>
   </div>
   <div class='ocr_carea' id='block_1_91' title="bbox 2281 3059 3837 3134">
    <p class='ocr_par' dir='ltr' id='par_1_91' title="bbox 2281 3059 3837 3134">
     <span class='ocr_line' id='line_1_91' title="bbox 2281 3059 3837 3134; baseline -0.004 -16"><span class='ocrx_word' id='word_1_688' title='bbox 2281 3064 2608 3134; x_wconf 79' lang='lat' dir='ltr'><strong>negligenter</strong></span> <span class='ocrx_word' id='word_1_689' title='bbox 2649 3064 2848 3128; x_wconf 88' lang='lat' dir='ltr'><strong>vivunt,</strong></span> <span class='ocrx_word' id='word_1_690' title='bbox 2901 3062 3060 3119; x_wconf 86' lang='lat' dir='ltr'><strong>hodie</strong></span> <span class='ocrx_word' id='word_1_691' title='bbox 3111 3063 3285 3120; x_wconf 86' lang='lat' dir='ltr'><strong>facere</strong></span> <span class='ocrx_word' id='word_1_692' title='bbox 3331 3071 3748 3124; x_wconf 85' lang='lat' dir='ltr'><strong>consueverunt,</strong></span> <span class='ocrx_word' id='word_1_693' title='bbox 3784 3059 3837 3113; x_wconf 80' lang='lat' dir='ltr'><strong>ad</strong></span> 
     </span>
    </p>
   </div>
   <div class='ocr_carea' id='block_1_92' title="bbox 2281 3151 3837 3226">
    <p class='ocr_par' dir='ltr' id='par_1_92' title="bbox 2281 3151 3837 3226">
     <span class='ocr_line' id='line_1_92' title="bbox 2281 3151 3837 3226; baseline -0.003 -18"><span class='ocrx_word' id='word_1_694' title='bbox 2281 3155 2571 3210; x_wconf 87' lang='lat' dir='ltr'><strong>humanum</strong></span> <span class='ocrx_word' id='word_1_695' title='bbox 2599 3156 2835 3226; x_wconf 82' lang='lat' dir='ltr'><strong>confugit</strong></span> <span class='ocrx_word' id='word_1_696' title='bbox 2872 3154 3200 3221; x_wconf 87' lang='lat' dir='ltr'><strong>subsidium,</strong></span> <span class='ocrx_word' id='word_1_697' title='bbox 3233 3171 3340 3210; x_wconf 92' lang='lat' dir='ltr'><strong>non</strong></span> <span class='ocrx_word' id='word_1_698' title='bbox 3380 3157 3452 3211; x_wconf 89' lang='lat' dir='ltr'><strong>ad</strong></span> <span class='ocrx_word' id='word_1_699' title='bbox 3493 3170 3583 3212; x_wconf 92' lang='lat' dir='ltr'><strong>eos</strong></span> <span class='ocrx_word' id='word_1_700' title='bbox 3619 3154 3700 3225; x_wconf 89' lang='lat' dir='ltr'><strong>qui</strong></span> <span class='ocrx_word' id='word_1_701' title='bbox 3739 3151 3837 3205; x_wconf 84' lang='lat' dir='ltr'><strong>talia</strong></span> 
     </span>
    </p>
   </div>
   <div class='ocr_carea' id='block_1_93' title="bbox 2279 3245 3837 3322">
    <p class='ocr_par' dir='ltr' id='par_1_93' title="bbox 2279 3245 3837 3322">
     <span class='ocr_line' id='line_1_93' title="bbox 2279 3245 3837 3322; baseline -0.004 -18"><span class='ocrx_word' id='word_1_702' title='bbox 2279 3251 2390 3304; x_wconf 87' lang='lat' dir='ltr'><strong>suis</strong></span> <span class='ocrx_word' id='word_1_703' title='bbox 2432 3249 2774 3322; x_wconf 87' lang='lat' dir='ltr'><strong>eonjecturis,</strong></span> <span class='ocrx_word' id='word_1_704' title='bbox 2809 3265 3024 3322; x_wconf 66' lang='lat' dir='ltr'><strong>sumque</strong></span> <span class='ocrx_word' id='word_1_705' title='bbox 3050 3250 3271 3305; x_wconf 92' lang='lat' dir='ltr'><strong>rationis</strong></span> <span class='ocrx_word' id='word_1_706' title='bbox 3297 3249 3746 3306; x_wconf 87' lang='lat' dir='ltr'><strong>observationibus</strong></span> <span class='ocrx_word' id='word_1_707' title='bbox 3765 3245 3837 3315; x_wconf 62' lang='lat' dir='ltr'><strong>juo</strong></span> 
     </span>
    </p>
   </div>
   <div class='ocr_carea' id='block_1_94' title="bbox 2279 3337 3840 3413">
    <p class='ocr_par' dir='ltr' id='par_1_94' title="bbox 2279 3337 3840 3413">
     <span class='ocr_line' id='line_1_94' title="bbox 2279 3337 3840 3413; baseline -0.003 -19"><span class='ocrx_word' id='word_1_708' title='bbox 2279 3340 2459 3396; x_wconf 88' lang='lat' dir='ltr'><strong>dicare</strong></span> <span class='ocrx_word' id='word_1_709' title='bbox 2501 3343 2722 3407; x_wconf 86' lang='lat' dir='ltr'><strong>volunt;</strong></span> <span class='ocrx_word' id='word_1_710' title='bbox 2753 3356 2925 3412; x_wconf 90' lang='lat' dir='ltr'><strong>neque</strong></span> <span class='ocrx_word' id='word_1_711' title='bbox 2951 3356 3010 3397; x_wconf 91' lang='lat' dir='ltr'><strong>se</strong></span> <span class='ocrx_word' id='word_1_712' title='bbox 3038 3341 3286 3412; x_wconf 76' lang='lat' dir='ltr'><strong>exposuit</strong></span> <span class='ocrx_word' id='word_1_713' title='bbox 3318 3340 3622 3413; x_wconf 88' lang='lat' dir='ltr'><strong>deeeptioni</strong></span> <span class='ocrx_word' id='word_1_714' title='bbox 3645 3337 3840 3396; x_wconf 85' lang='lat' dir='ltr'><strong>circula-</strong></span> 
     </span>
    </p>
   </div>
   <div class='ocr_carea' id='block_1_95' title="bbox 2282 3429 3840 3507">
    <p class='ocr_par' dir='ltr' id='par_1_95' title="bbox 2282 3429 3840 3507">
     <span class='ocr_line' id='line_1_95' title="bbox 2282 3429 3840 3507; baseline -0.005 -17"><span class='ocrx_word' id='word_1_715' title='bbox 2282 3444 2476 3500; x_wconf 89' lang='lat' dir='ltr'><strong>torum,</strong></span> <span class='ocrx_word' id='word_1_716' title='bbox 2507 3444 2560 3490; x_wconf 92' lang='lat' dir='ltr'><strong>et</strong></span> <span class='ocrx_word' id='word_1_717' title='bbox 2586 3449 2770 3488; x_wconf 89' lang='lat' dir='ltr'><strong>eorum</strong></span> <span class='ocrx_word' id='word_1_718' title='bbox 2799 3434 2886 3504; x_wconf 86' lang='lat' dir='ltr'><strong>qui</strong></span> <span class='ocrx_word' id='word_1_719' title='bbox 2913 3434 3167 3504; x_wconf 85' lang='lat' dir='ltr'><strong>pollicere</strong></span> <span class='ocrx_word' id='word_1_720' title='bbox 3195 3433 3396 3489; x_wconf 89' lang='lat' dir='ltr'><strong>audent</strong></span> <span class='ocrx_word' id='word_1_721' title='bbox 3421 3451 3541 3507; x_wconf 80' lang='lat' dir='ltr'><strong>qua:</strong></span> <span class='ocrx_word' id='word_1_722' title='bbox 3575 3447 3722 3504; x_wconf 86' lang='lat' dir='ltr'><strong>supra</strong></span> <span class='ocrx_word' id='word_1_723' title='bbox 3758 3429 3840 3484; x_wconf 87' lang='lat' dir='ltr'><strong>bu-</strong></span> 
     </span>
    </p>
   </div>
   <div class='ocr_carea' id='block_1_96' title="bbox 2281 3521 3842 3596">
    <p class='ocr_par' dir='ltr' id='par_1_96' title="bbox 2281 3521 3842 3596">
     <span class='ocr_line' id='line_1_96' title="bbox 2281 3521 3842 3596; baseline -0.006 -16"><span class='ocrx_word' id='word_1_724' title='bbox 2281 3541 2493 3580; x_wconf 88' lang='lat' dir='ltr'><strong>mauam</strong></span> <span class='ocrx_word' id='word_1_725' title='bbox 2521 3533 2647 3580; x_wconf 92' lang='lat' dir='ltr'><strong>sunt</strong></span> <span class='ocrx_word' id='word_1_726' title='bbox 2686 3533 2930 3581; x_wconf 89' lang='lat' dir='ltr'><strong>naturam</strong></span> <span class='ocrx_word' id='word_1_727' title='bbox 2965 3524 3093 3580; x_wconf 89' lang='lat' dir='ltr'><strong>:sed</strong></span> <span class='ocrx_word' id='word_1_728' title='bbox 3120 3524 3276 3590; x_wconf 85' lang='lat' dir='ltr'><strong>Abiit,</strong></span> <span class='ocrx_word' id='word_1_729' title='bbox 3302 3525 3498 3596; x_wconf 92' lang='lat' dir='ltr'><strong>inquit,</strong></span> <span class='ocrx_word' id='word_1_730' title='bbox 3522 3535 3574 3579; x_wconf 88' lang='lat' dir='ltr'><strong>ut</strong></span> <span class='ocrx_word' id='word_1_731' title='bbox 3599 3521 3842 3577; x_wconf 77' lang='lat' dir='ltr'><strong>consuleret</strong></span> 
     </span>
    </p>
   </div>
   <div class='ocr_carea' id='block_1_97' title="bbox 2278 3612 3843 3690">
    <p class='ocr_par' dir='ltr' id='par_1_97' title="bbox 2278 3612 3843 3690">
     <span class='ocr_line' id='line_1_97' title="bbox 2278 3612 3843 3690; baseline -0.003 -18"><span class='ocrx_word' id='word_1_732' title='bbox 2278 3616 2577 3673; x_wconf 85' lang='lat' dir='ltr'><strong>Dominum.</strong></span> <span class='ocrx_word' id='word_1_733' title='bbox 2607 3618 2741 3674; x_wconf 84' lang='lat' dir='ltr'><strong>Vide</strong></span> <span class='ocrx_word' id='word_1_734' title='bbox 2765 3618 3002 3674; x_wconf 88' lang='lat' dir='ltr'><strong>mulieris</strong></span> <span class='ocrx_word' id='word_1_735' title='bbox 3043 3617 3408 3690; x_wconf 82' lang='lat' dir='ltr'><strong>sagacitatem.</strong></span> <span class='ocrx_word' id='word_1_736' title='bbox 3444 3619 3698 3688; x_wconf 84' lang='lat' dir='ltr'><strong>Quoniam</strong></span> <span class='ocrx_word' id='word_1_737' title='bbox 3735 3612 3843 3668; x_wconf 81' lang='lat' dir='ltr'><strong>vidit</strong></span> 
     </span>
    </p>
   </div>
   <div class='ocr_carea' id='block_1_98' title="bbox 2280 3707 3842 3784">
    <p class='ocr_par' dir='ltr' id='par_1_98' title="bbox 2280 3707 3842 3784">
     <span class='ocr_line' id='line_1_98' title="bbox 2280 3707 3842 3784; baseline -0.005 -16"><span class='ocrx_word' id='word_1_738' title='bbox 2280 3727 2403 3768; x_wconf 88' lang='lat' dir='ltr'><strong>eum</strong></span> <span class='ocrx_word' id='word_1_739' title='bbox 2441 3713 2530 3782; x_wconf 89' lang='lat' dir='ltr'><strong>qui</strong></span> <span class='ocrx_word' id='word_1_740' title='bbox 2567 3713 2776 3768; x_wconf 89' lang='lat' dir='ltr'><strong>vulvam</strong></span> <span class='ocrx_word' id='word_1_741' title='bbox 2815 3712 2932 3782; x_wconf 88' lang='lat' dir='ltr'><strong>ejus</strong></span> <span class='ocrx_word' id='word_1_742' title='bbox 2973 3721 3255 3777; x_wconf 85' lang='lat' dir='ltr'><strong>reserarat,</strong></span> <span class='ocrx_word' id='word_1_743' title='bbox 3299 3721 3355 3768; x_wconf 92' lang='lat' dir='ltr'><strong>et</strong></span> <span class='ocrx_word' id='word_1_744' title='bbox 3405 3714 3498 3784; x_wconf 91' lang='lat' dir='ltr'><strong>qui</strong></span> <span class='ocrx_word' id='word_1_745' title='bbox 3543 3707 3842 3767; x_wconf 86' lang='lat' dir='ltr'><strong>infecundum</strong></span> 
     </span>
    </p>
   </div>
   <div class='ocr_carea' id='block_1_99' title="bbox 2282 3803 3843 3875">
    <p class='ocr_par' dir='ltr' id='par_1_99' title="bbox 2282 3803 3843 3875">
     <span class='ocr_line' id='line_1_99' title="bbox 2282 3803 3843 3875; baseline -0.004 -17"><span class='ocrx_word' id='word_1_746' title='bbox 2282 3814 2524 3860; x_wconf 87' lang='lat' dir='ltr'><strong>ventrem</strong></span> <span class='ocrx_word' id='word_1_747' title='bbox 2555 3815 2775 3875; x_wconf 89' lang='lat' dir='ltr'><strong>repente</strong></span> <span class='ocrx_word' id='word_1_748' title='bbox 2800 3805 2870 3860; x_wconf 88' lang='lat' dir='ltr'><strong>ita</strong></span> <span class='ocrx_word' id='word_1_749' title='bbox 2897 3804 3177 3860; x_wconf 86' lang='lat' dir='ltr'><strong>fecundum</strong></span> <span class='ocrx_word' id='word_1_750' title='bbox 3207 3803 3481 3873; x_wconf 82' lang='lat' dir='ltr'><strong>eti&#39;eccrat,</strong></span> <span class='ocrx_word' id='word_1_751' title='bbox 3519 3814 3715 3859; x_wconf 63' lang='lat' dir='ltr'><strong>natura</strong></span> <span class='ocrx_word' id='word_1_752' title='bbox 3745 3810 3843 3854; x_wconf 85' lang='lat' dir='ltr'><strong>esse</strong></span> 
     </span>
    </p>
   </div>
   <div class='ocr_carea' id='block_1_100' title="bbox 2286 3895 3844 3968">
    <p class='ocr_par' dir='ltr' id='par_1_100' title="bbox 2286 3895 3844 3968">
     <span class='ocr_line' id='line_1_100' title="bbox 2286 3895 3844 3968; baseline -0.006 -16"><span class='ocrx_word' id='word_1_753' title='bbox 2286 3897 2591 3963; x_wconf 88' lang='lat' dir='ltr'><strong>Dominum,</strong></span> <span class='ocrx_word' id='word_1_754' title='bbox 2623 3899 2873 3968; x_wconf 89' lang='lat' dir='ltr'><strong>quoniam</strong></span> <span class='ocrx_word' id='word_1_755' title='bbox 2902 3895 3034 3950; x_wconf 89' lang='lat' dir='ltr'><strong>vidit</strong></span> <span class='ocrx_word' id='word_1_756' title='bbox 3055 3896 3190 3951; x_wconf 91' lang='lat' dir='ltr'><strong>uteri</strong></span> <span class='ocrx_word' id='word_1_757' title='bbox 3219 3896 3492 3952; x_wconf 87' lang='lat' dir='ltr'><strong>sarcinam</strong></span> <span class='ocrx_word' id='word_1_758' title='bbox 3517 3911 3696 3965; x_wconf 84' lang='lat' dir='ltr'><strong>magna</strong></span> <span class='ocrx_word' id='word_1_759' title='bbox 3724 3905 3844 3962; x_wconf 68' lang='lat' dir='ltr'><strong>qun-</strong></span> 
     </span>
    </p>
   </div>
   <div class='ocr_carea' id='block_1_101' title="bbox 2282 3988 3843 4060">
    <p class='ocr_par' dir='ltr' id='par_1_101' title="bbox 2282 3988 3843 4060">
     <span class='ocr_line' id='line_1_101' title="bbox 2282 3988 3843 4060; baseline -0.005 -16"><span class='ocrx_word' id='word_1_760' title='bbox 2282 3988 2405 4044; x_wconf 88' lang='lat' dir='ltr'><strong>dam</strong></span> <span class='ocrx_word' id='word_1_761' title='bbox 2435 3991 2766 4060; x_wconf 87' lang='lat' dir='ltr'><strong>promittere,</strong></span> <span class='ocrx_word' id='word_1_762' title='bbox 2787 3988 2940 4056; x_wconf 78' lang='lat' dir='ltr'><strong>Abiit,</strong></span> <span class='ocrx_word' id='word_1_763' title='bbox 2963 3989 3152 4060; x_wconf 91' lang='lat' dir='ltr'><strong>inquit,</strong></span> <span class='ocrx_word' id='word_1_764' title='bbox 3181 3998 3236 4043; x_wconf 86' lang='lat' dir='ltr'><strong>ut</strong></span> <span class='ocrx_word' id='word_1_765' title='bbox 3265 3989 3554 4045; x_wconf 82' lang='lat' dir='ltr'><strong>consuleret</strong></span> <span class='ocrx_word' id='word_1_766' title='bbox 3584 3988 3843 4043; x_wconf 77' lang='lat' dir='ltr'><strong>Dominum.</strong></span> 
     </span>
    </p>
   </div>
   <div class='ocr_carea' id='block_1_102' title="bbox 2283 4078 3846 4148">
    <p class='ocr_par' dir='ltr' id='par_1_102' title="bbox 2283 4078 3846 4148">
     <span class='ocr_line' id='line_1_102' title="bbox 2283 4078 3846 4148; baseline -0.001 -13"><span class='ocrx_word' id='word_1_767' title='bbox 2283 4079 2420 4148; x_wconf 86' lang='lat' dir='ltr'><strong>Quid</strong></span> <span class='ocrx_word' id='word_1_768' title='bbox 2447 4088 2548 4148; x_wconf 88' lang='lat' dir='ltr'><strong>est,</strong></span> <span class='ocrx_word' id='word_1_769' title='bbox 2578 4081 2711 4135; x_wconf 82' lang='lat' dir='ltr'><strong>Abiit</strong></span> <span class='ocrx_word' id='word_1_770' title='bbox 2737 4089 2792 4134; x_wconf 81' lang='lat' dir='ltr'><strong>ut</strong></span> <span class='ocrx_word' id='word_1_771' title='bbox 2837 4081 3116 4136; x_wconf 84' lang='lat' dir='ltr'><strong>consuleret</strong></span> <span class='ocrx_word' id='word_1_772' title='bbox 3141 4081 3468 4139; x_wconf 82' lang='lat' dir='ltr'><strong>Dominum?</strong></span> <span class='ocrx_word' id='word_1_773' title='bbox 3523 4083 3750 4140; x_wconf 88' lang='lat' dir='ltr'><strong>Cucurrit</strong></span> <span class='ocrx_word' id='word_1_774' title='bbox 3793 4078 3846 4134; x_wconf 88' lang='lat' dir='ltr'><strong>ad</strong></span> 
     </span>
    </p>
   </div>
   <div class='ocr_carea' id='block_1_103' title="bbox 2285 4171 3844 4240">
    <p class='ocr_par' dir='ltr' id='par_1_103' title="bbox 2285 4171 3844 4240">
     <span class='ocr_line' id='line_1_103' title="bbox 2285 4171 3844 4240; baseline -0.002 -12"><span class='ocrx_word' id='word_1_775' title='bbox 2285 4188 2467 4229; x_wconf 89' lang='lat' dir='ltr'><strong>veram</strong></span> <span class='ocrx_word' id='word_1_776' title='bbox 2494 4175 2793 4240; x_wconf 87' lang='lat' dir='ltr'><strong>scientiam,</strong></span> <span class='ocrx_word' id='word_1_777' title='bbox 2825 4185 2880 4230; x_wconf 91' lang='lat' dir='ltr'><strong>et</strong></span> <span class='ocrx_word' id='word_1_778' title='bbox 2907 4173 3178 4233; x_wconf 84' lang='lat' dir='ltr'><strong>festinavit</strong></span> <span class='ocrx_word' id='word_1_779' title='bbox 3201 4176 3268 4232; x_wconf 89' lang='lat' dir='ltr'><strong>ad</strong></span> <span class='ocrx_word' id='word_1_780' title='bbox 3297 4179 3634 4234; x_wconf 85' lang='lat' dir='ltr'><strong>sacerdotem</strong></span> <span class='ocrx_word' id='word_1_781' title='bbox 3666 4171 3844 4231; x_wconf 68' lang='lat' dir='ltr'><strong>Deiuti~</strong></span> 
     </span>
    </p>
   </div>
   <div class='ocr_carea' id='block_1_104' title="bbox 2287 4266 3847 4337">
    <p class='ocr_par' dir='ltr' id='par_1_104' title="bbox 2287 4266 3847 4337">
     <span class='ocr_line' id='line_1_104' title="bbox 2287 4266 3847 4337; baseline -0.002 -17"><span class='ocrx_word' id='word_1_782' title='bbox 2287 4266 2535 4332; x_wconf 91' lang='lat' dir='ltr'><strong>nistrum,</strong></span> <span class='ocrx_word' id='word_1_783' title='bbox 2575 4281 2670 4336; x_wconf 90' lang='lat' dir='ltr'><strong>per</strong></span> <span class='ocrx_word' id='word_1_784' title='bbox 2696 4281 2853 4337; x_wconf 88' lang='lat' dir='ltr'><strong>quem</strong></span> <span class='ocrx_word' id='word_1_785' title='bbox 2886 4266 3114 4323; x_wconf 86' lang='lat' dir='ltr'><strong>latenter</strong></span> <span class='ocrx_word' id='word_1_786' title='bbox 3140 4267 3218 4322; x_wconf 89' lang='lat' dir='ltr'><strong>rei</strong></span> <span class='ocrx_word' id='word_1_787' title='bbox 3242 4268 3525 4324; x_wconf 86' lang='lat' dir='ltr'><strong>scientiam</strong></span> <span class='ocrx_word' id='word_1_788' title='bbox 3551 4269 3748 4324; x_wconf 87' lang='lat' dir='ltr'><strong>discere</strong></span> <span class='ocrx_word' id='word_1_789' title='bbox 3767 4278 3847 4320; x_wconf 81' lang='lat' dir='ltr'><strong>cu-</strong></span> 
     </span>
    </p>
   </div>
   <div class='ocr_carea' id='block_1_105' title="bbox 2289 4353 3846 4432">
    <p class='ocr_par' dir='ltr' id='par_1_105' title="bbox 2289 4353 3846 4432">
     <span class='ocr_line' id='line_1_105' title="bbox 2289 4353 3846 4432; baseline -0.002 -22"><span class='ocrx_word' id='word_1_790' title='bbox 2289 4357 2465 4427; x_wconf 91' lang='lat' dir='ltr'><strong>piebat</strong></span> <span class='ocrx_word' id='word_1_791' title='bbox 2491 4358 2506 4387; x_wconf 87' lang='grc'>¹</span> <span class='ocrx_word' id='word_1_792' title='bbox 2538 4374 2552 4412; x_wconf 92' lang='lat'>:</span> <span class='ocrx_word' id='word_1_793' title='bbox 2582 4365 2636 4412; x_wconf 90' lang='lat' dir='ltr'><strong>et</strong></span> <span class='ocrx_word' id='word_1_794' title='bbox 2661 4372 2919 4414; x_wconf 73' lang='lat' dir='ltr'><strong>enarrans</strong></span> <span class='ocrx_word' id='word_1_795' title='bbox 2936 4359 3114 4413; x_wconf 86' lang='lat' dir='ltr'><strong>omnia</strong></span> <span class='ocrx_word' id='word_1_796' title='bbox 3135 4374 3256 4429; x_wconf 72' lang='lat' dir='ltr'><strong>qua:</strong></span> <span class='ocrx_word' id='word_1_797' title='bbox 3285 4359 3388 4416; x_wconf 90' lang='lat' dir='ltr'><strong>sibi</strong></span> <span class='ocrx_word' id='word_1_798' title='bbox 3415 4361 3758 4432; x_wconf 78' lang='lat' dir='ltr'><strong>contigerant,</strong></span> <span class='ocrx_word' id='word_1_799' title='bbox 3780 4353 3846 4409; x_wconf 87' lang='lat' dir='ltr'><strong>di-</strong></span> 
     </span>
    </p>
   </div>
   <div class='ocr_carea' id='block_1_106' title="bbox 2285 4447 3849 4524">
    <p class='ocr_par' dir='ltr' id='par_1_106' title="bbox 2285 4447 3849 4524">
     <span class='ocr_line' id='line_1_106' title="bbox 2285 4447 3849 4524; baseline -0.003 -20"><span class='ocrx_word' id='word_1_800' title='bbox 2285 4449 2416 4506; x_wconf 90' lang='lat' dir='ltr'><strong>dicit</strong></span> <span class='ocrx_word' id='word_1_801' title='bbox 2437 4450 2720 4520; x_wconf 83' lang='lat' dir='ltr'><strong>diligenter</strong></span> <span class='ocrx_word' id='word_1_802' title='bbox 2747 4451 2946 4514; x_wconf 86' lang='lat' dir='ltr'><strong>omnia,</strong></span> <span class='ocrx_word' id='word_1_803' title='bbox 2965 4450 3311 4508; x_wconf 87' lang='lat' dir='ltr'><strong>miserieorde</strong></span> <span class='ocrx_word' id='word_1_804' title='bbox 3333 4453 3445 4508; x_wconf 84' lang='lat' dir='ltr'><strong>Deo</strong></span> <span class='ocrx_word' id='word_1_805' title='bbox 3475 4469 3568 4524; x_wconf 90' lang='lat' dir='ltr'><strong>per</strong></span> <span class='ocrx_word' id='word_1_806' title='bbox 3591 4447 3849 4508; x_wconf 86' lang='lat' dir='ltr'><strong>sacerdotis</strong></span> 
     </span>
    </p>
   </div>
   <div class='ocr_carea' id='block_1_107' title="bbox 2288 4538 3849 4614">
    <p class='ocr_par' dir='ltr' id='par_1_107' title="bbox 2288 4538 3849 4614">
     <span class='ocr_line' id='line_1_107' title="bbox 2288 4538 3849 4614; baseline -0.003 -17"><span class='ocrx_word' id='word_1_807' title='bbox 2288 4542 2524 4614; x_wconf 82' lang='lat' dir='ltr'><strong>linguam</strong></span> <span class='ocrx_word' id='word_1_808' title='bbox 2572 4541 2854 4612; x_wconf 81' lang='lat' dir='ltr'><strong>detegente</strong></span> <span class='ocrx_word' id='word_1_809' title='bbox 2889 4541 2941 4597; x_wconf 88' lang='lat' dir='ltr'><strong>ei</strong></span> <span class='ocrx_word' id='word_1_810' title='bbox 2979 4543 3158 4598; x_wconf 90' lang='lat' dir='ltr'><strong>omnia</strong></span> <span class='ocrx_word' id='word_1_811' title='bbox 3201 4542 3521 4611; x_wconf 81' lang='lat' dir='ltr'><strong>manifeste,</strong></span> <span class='ocrx_word' id='word_1_812' title='bbox 3563 4556 3619 4600; x_wconf 87' lang='lat' dir='ltr'><strong>et</strong></span> <span class='ocrx_word' id='word_1_813' title='bbox 3654 4538 3849 4598; x_wconf 84' lang='lat' dir='ltr'><strong>alacrio-</strong></span> 
     </span>
    </p>
   </div>
   <div class='ocr_carea' id='block_1_108' title="bbox 2288 4635 3850 4707">
    <p class='ocr_par' dir='ltr' id='par_1_108' title="bbox 2288 4635 3850 4707">
     <span class='ocr_line' id='line_1_108' title="bbox 2288 4635 3850 4707; baseline -0.003 -18"><span class='ocrx_word' id='word_1_814' title='bbox 2288 4649 2401 4689; x_wconf 78' lang='lat' dir='ltr'><strong>rent</strong></span> <span class='ocrx_word' id='word_1_815' title='bbox 2431 4650 2549 4691; x_wconf 85' lang='lat' dir='ltr'><strong>eam</strong></span> <span class='ocrx_word' id='word_1_816' title='bbox 2576 4635 2851 4690; x_wconf 89' lang='lat' dir='ltr'><strong>reddente.</strong></span> <span class='ocrx_word' id='word_1_817' title='bbox 2869 4636 2933 4690; x_wconf 85' lang='lat' dir='ltr'><strong>Et</strong></span> <span class='ocrx_word' id='word_1_818' title='bbox 2959 4643 3015 4690; x_wconf 87' lang='lat' dir='ltr'><strong>ut</strong></span> <span class='ocrx_word' id='word_1_819' title='bbox 3042 4636 3181 4691; x_wconf 86' lang='lat' dir='ltr'><strong>scias</strong></span> <span class='ocrx_word' id='word_1_820' title='bbox 3201 4645 3398 4707; x_wconf 88' lang='lat' dir='ltr'><strong>quanta</strong></span> <span class='ocrx_word' id='word_1_821' title='bbox 3423 4647 3554 4694; x_wconf 87' lang='lat' dir='ltr'><strong>tunc</strong></span> <span class='ocrx_word' id='word_1_822' title='bbox 3573 4645 3684 4694; x_wconf 90' lang='lat' dir='ltr'><strong>erat</strong></span> <span class='ocrx_word' id='word_1_823' title='bbox 3696 4646 3850 4690; x_wconf 50' lang='lat' dir='ltr'><strong>sacer.</strong></span> 
     </span>
    </p>
   </div>
   <div class='ocr_carea' id='block_1_109' title="bbox 2289 4727 3852 4800">
    <p class='ocr_par' dir='ltr' id='par_1_109' title="bbox 2289 4727 3852 4800">
     <span class='ocr_line' id='line_1_109' title="bbox 2289 4727 3852 4800; baseline 0.002 -20"><span class='ocrx_word' id='word_1_824' title='bbox 2289 4727 2472 4782; x_wconf 89' lang='lat' dir='ltr'><strong>dotum</strong></span> <span class='ocrx_word' id='word_1_825' title='bbox 2503 4727 2752 4799; x_wconf 83' lang='lat' dir='ltr'><strong>dignitas,</strong></span> <span class='ocrx_word' id='word_1_826' title='bbox 2779 4744 3040 4800; x_wconf 87' lang='lat' dir='ltr'><strong>nusquam</strong></span> <span class='ocrx_word' id='word_1_827' title='bbox 3070 4729 3201 4786; x_wconf 90' lang='lat' dir='ltr'><strong>dicit</strong></span> <span class='ocrx_word' id='word_1_828' title='bbox 3225 4730 3561 4786; x_wconf 76' lang='lat' dir='ltr'><strong>sacerdotem</strong></span> <span class='ocrx_word' id='word_1_829' title='bbox 3587 4730 3634 4784; x_wconf 87' lang='lat' dir='ltr'><strong>ei</strong></span> <span class='ocrx_word' id='word_1_830' title='bbox 3660 4739 3852 4795; x_wconf 62' lang='lat' dir='ltr'><strong>respon&#39;</strong></span> 
     </span>
    </p>
   </div>
   <div class='ocr_carea' id='block_1_110' title="bbox 2290 4818 3849 4892">
    <p class='ocr_par' dir='ltr' id='par_1_110' title="bbox 2290 4818 3849 4892">
     <span class='ocr_line' id='line_1_110' title="bbox 2290 4818 3849 4892; baseline -0.008 -16"><span class='ocrx_word' id='word_1_831' title='bbox 2290 4821 2455 4884; x_wconf 82' lang='lat' dir='ltr'><strong>disse,</strong></span> <span class='ocrx_word' id='word_1_832' title='bbox 2470 4821 2563 4876; x_wconf 87' lang='lat' dir='ltr'><strong>sed</strong></span> <span class='ocrx_word' id='word_1_833' title='bbox 2582 4830 2859 4892; x_wconf 87' lang='lat' dir='ltr'><strong>postquam</strong></span> <span class='ocrx_word' id='word_1_834' title='bbox 2889 4821 3042 4889; x_wconf 77' lang='lat' dir='ltr'><strong>dixit,</strong></span> <span class='ocrx_word' id='word_1_835' title='bbox 3058 4821 3192 4876; x_wconf 83' lang='lat' dir='ltr'><strong>Abiit</strong></span> <span class='ocrx_word' id='word_1_836' title='bbox 3209 4830 3265 4876; x_wconf 88' lang='lat' dir='ltr'><strong>ut</strong></span> <span class='ocrx_word' id='word_1_837' title='bbox 3279 4823 3568 4879; x_wconf 75' lang='lat' dir='ltr'><strong>consuleret</strong></span> <span class='ocrx_word' id='word_1_838' title='bbox 3585 4818 3849 4876; x_wconf 80' lang='lat' dir='ltr'><strong>Dominum,</strong></span> 
     </span>
    </p>
   </div>
   <div class='ocr_carea' id='block_1_111' title="bbox 2291 4905 3853 4985">
    <p class='ocr_par' dir='ltr' id='par_1_111' title="bbox 2291 4905 3853 4985">
     <span class='ocr_line' id='line_1_111' title="bbox 2291 4905 3853 4985; baseline -0.006 -16"><span class='ocrx_word' id='word_1_839' title='bbox 2291 4912 2549 4983; x_wconf 76' lang='lat' dir='ltr'><strong>aubjecit,</strong></span> <span class='ocrx_word' id='word_1_840' title='bbox 2579 4913 2670 4968; x_wconf 72' lang='lat'><strong>25.</strong></span> <span class='ocrx_word' id='word_1_841' title='bbox 2693 4913 2762 4967; x_wconf 84' lang='lat' dir='ltr'><strong>Et</strong></span> <span class='ocrx_word' id='word_1_842' title='bbox 2783 4913 2912 4966; x_wconf 72' lang='lat' dir='ltr'><strong>dixit</strong></span> <span class='ocrx_word' id='word_1_843' title='bbox 2942 4911 3482 4982; x_wconf 85' lang='lat' dir='ltr'><strong>Dominusei,nempe</strong></span> <span class='ocrx_word' id='word_1_844' title='bbox 3513 4927 3607 4985; x_wconf 84' lang='lat' dir='ltr'><strong>per</strong></span> <span class='ocrx_word' id='word_1_845' title='bbox 3634 4905 3853 4966; x_wconf 85' lang='lat' dir='ltr'><strong>sacerdo-</strong></span> 
     </span>
    </p>
   </div>
   <div class='ocr_carea' id='block_1_112' title="bbox 2294 4998 3854 5076">
    <p class='ocr_par' dir='ltr' id='par_1_112' title="bbox 2294 4998 3854 5076">
     <span class='ocr_line' id='line_1_112' title="bbox 2294 4998 3854 5076; baseline -0.008 -16"><span class='ocrx_word' id='word_1_846' title='bbox 2294 5013 2420 5072; x_wconf 88' lang='lat' dir='ltr'><strong>tem,</strong></span> <span class='ocrx_word' id='word_1_847' title='bbox 2437 5004 2580 5059; x_wconf 82' lang='lat' dir='ltr'><strong>Duas</strong></span> <span class='ocrx_word' id='word_1_848' title='bbox 2590 5015 2761 5076; x_wconf 82' lang='lat' dir='ltr'><strong>gentes</strong></span> <span class='ocrx_word' id='word_1_849' title='bbox 2770 5006 2824 5060; x_wconf 88' lang='lat' dir='ltr'><strong>in</strong></span> <span class='ocrx_word' id='word_1_850' title='bbox 2839 5015 2980 5058; x_wconf 87' lang='lat' dir='ltr'><strong>utero</strong></span> <span class='ocrx_word' id='word_1_851' title='bbox 2997 5017 3082 5058; x_wconf 86' lang='lat' dir='ltr'><strong>tuo</strong></span> <span class='ocrx_word' id='word_1_852' title='bbox 3095 5006 3341 5059; x_wconf 84' lang='lat' dir='ltr'><strong>contines.</strong></span> <span class='ocrx_word' id='word_1_853' title='bbox 3363 5004 3575 5060; x_wconf 84' lang='lat' dir='ltr'><strong>Etenim</strong></span> <span class='ocrx_word' id='word_1_854' title='bbox 3588 5001 3746 5059; x_wconf 88' lang='lat' dir='ltr'><strong>etalio</strong></span> <span class='ocrx_word' id='word_1_855' title='bbox 3758 4998 3854 5053; x_wconf 79' lang='lat' dir='ltr'><strong>loco</strong></span> 
     </span>
    </p>
   </div>
   <div class='ocr_carea' id='block_1_113' title="bbox 2292 5090 3856 5168">
    <p class='ocr_par' dir='ltr' id='par_1_113' title="bbox 2292 5090 3856 5168">
     <span class='ocr_line' id='line_1_113' title="bbox 2292 5090 3856 5168; baseline -0.005 -16"><span class='ocrx_word' id='word_1_856' title='bbox 2292 5098 2540 5168; x_wconf 84' lang='lat' dir='ltr'><strong>angelum</strong></span> <span class='ocrx_word' id='word_1_857' title='bbox 2563 5108 2714 5153; x_wconf 91' lang='lat' dir='ltr'><strong>vocat</strong></span> <span class='ocrx_word' id='word_1_858' title='bbox 2731 5097 3065 5154; x_wconf 85' lang='lat' dir='ltr'><strong>sacerdotem</strong></span> <span class='ocrx_word' id='word_1_859' title='bbox 3085 5097 3263 5154; x_wconf 87' lang='lat' dir='ltr'><strong>divina</strong></span> <span class='ocrx_word' id='word_1_860' title='bbox 3275 5096 3570 5166; x_wconf 89' lang='lat' dir='ltr'><strong>Scriptura,</strong></span> <span class='ocrx_word' id='word_1_861' title='bbox 3601 5090 3856 5150; x_wconf 77' lang='lat' dir='ltr'><strong>ostendens</strong></span> 
     </span>
    </p>
   </div>
   <div class='ocr_carea' id='block_1_114' title="bbox 2298 5185 3855 5263">
    <p class='ocr_par' dir='ltr' id='par_1_114' title="bbox 2298 5185 3855 5263">
     <span class='ocr_line' id='line_1_114' title="bbox 2298 5185 3855 5263; baseline -0.007 -18"><span class='ocrx_word' id='word_1_862' title='bbox 2298 5191 2445 5246; x_wconf 89' lang='lat' dir='ltr'><strong>illum</strong></span> <span class='ocrx_word' id='word_1_863' title='bbox 2463 5207 2526 5247; x_wconf 91' lang='lat' dir='ltr'><strong>ea</strong></span> <span class='ocrx_word' id='word_1_864' title='bbox 2543 5191 2709 5262; x_wconf 89' lang='lat' dir='ltr'><strong>loqui,</strong></span> <span class='ocrx_word' id='word_1_865' title='bbox 2741 5207 2860 5263; x_wconf 77' lang='lat' dir='ltr'><strong>qua:</strong></span> <span class='ocrx_word' id='word_1_866' title='bbox 2887 5192 3107 5260; x_wconf 84' lang='lat' dir='ltr'><strong>inspirat</strong></span> <span class='ocrx_word' id='word_1_867' title='bbox 3126 5206 3189 5247; x_wconf 84' lang='lat' dir='ltr'><strong>ac</strong></span> <span class='ocrx_word' id='word_1_868' title='bbox 3204 5191 3440 5262; x_wconf 82' lang='lat' dir='ltr'><strong>suggerit</strong></span> <span class='ocrx_word' id='word_1_869' title='bbox 3455 5190 3680 5262; x_wconf 87' lang='lat' dir='ltr'><strong>Spiritus</strong></span> <span class='ocrx_word' id='word_1_870' title='bbox 3691 5185 3855 5258; x_wconf 86' lang='lat' dir='ltr'><strong>gratia.</strong></span> 
     </span>
    </p>
   </div>
   <div class='ocr_carea' id='block_1_115' title="bbox 2300 5279 3858 5354">
    <p class='ocr_par' dir='ltr' id='par_1_115' title="bbox 2300 5279 3858 5354">
     <span class='ocr_line' id='line_1_115' title="bbox 2300 5279 3858 5354; baseline -0.004 -18"><span class='ocrx_word' id='word_1_871' title='bbox 2300 5283 2441 5336; x_wconf 77' lang='lat' dir='ltr'><strong>Dixit</strong></span> <span class='ocrx_word' id='word_1_872' title='bbox 2469 5283 2628 5354; x_wconf 81' lang='lat' dir='ltr'><strong>igitur</strong></span> <span class='ocrx_word' id='word_1_873' title='bbox 2657 5283 2912 5338; x_wconf 85' lang='lat' dir='ltr'><strong>Dominus</strong></span> <span class='ocrx_word' id='word_1_874' title='bbox 2938 5283 2987 5338; x_wconf 87' lang='lat' dir='ltr'><strong>ei</strong></span> <span class='ocrx_word' id='word_1_875' title='bbox 3016 5297 3114 5353; x_wconf 87' lang='lat' dir='ltr'><strong>per</strong></span> <span class='ocrx_word' id='word_1_876' title='bbox 3141 5281 3514 5339; x_wconf 86' lang='lat' dir='ltr'><strong>sacerdotem:</strong></span> <span class='ocrx_word' id='word_1_877' title='bbox 3551 5279 3679 5335; x_wconf 67' lang='lat' dir='ltr'><strong>Duae</strong></span> <span class='ocrx_word' id='word_1_878' title='bbox 3715 5284 3858 5349; x_wconf 77' lang='lat' dir='ltr'><strong>genta</strong></span> 
     </span>
    </p>
   </div>
   <div class='ocr_carea' id='block_1_116' title="bbox 2297 5370 3858 5444">
    <p class='ocr_par' dir='ltr' id='par_1_116' title="bbox 2297 5370 3858 5444">
     <span class='ocr_line' id='line_1_116' title="bbox 2297 5370 3858 5444; baseline 0.001 -18"><span class='ocrx_word' id='word_1_879' title='bbox 2297 5373 2351 5426; x_wconf 90' lang='lat' dir='ltr'><strong>in</strong></span> <span class='ocrx_word' id='word_1_880' title='bbox 2377 5383 2518 5428; x_wconf 79' lang='lat' dir='ltr'><strong>utero</strong></span> <span class='ocrx_word' id='word_1_881' title='bbox 2541 5383 2626 5429; x_wconf 80' lang='lat' dir='ltr'><strong>tuo</strong></span> <span class='ocrx_word' id='word_1_882' title='bbox 2649 5383 2788 5442; x_wconf 85' lang='lat' dir='ltr'><strong>sunt,</strong></span> <span class='ocrx_word' id='word_1_883' title='bbox 2818 5383 2865 5428; x_wconf 86' lang='lat' dir='ltr'><strong>et</strong></span> <span class='ocrx_word' id='word_1_884' title='bbox 2887 5375 2990 5428; x_wconf 86' lang='lat' dir='ltr'><strong>duo</strong></span> <span class='ocrx_word' id='word_1_885' title='bbox 3007 5373 3186 5444; x_wconf 82' lang='lat' dir='ltr'><strong>populi</strong></span> <span class='ocrx_word' id='word_1_886' title='bbox 3210 5374 3265 5427; x_wconf 90' lang='lat' dir='ltr'><strong>in</strong></span> <span class='ocrx_word' id='word_1_887' title='bbox 3276 5382 3446 5429; x_wconf 74' lang='lat' dir='ltr'><strong>uentre</strong></span> <span class='ocrx_word' id='word_1_888' title='bbox 3468 5381 3557 5427; x_wconf 88' lang='lat' dir='ltr'><strong>tuo</strong></span> <span class='ocrx_word' id='word_1_889' title='bbox 3576 5370 3858 5427; x_wconf 70' lang='lat' dir='ltr'><strong>dividentur.</strong></span> 
     </span>
    </p>
   </div>
   <div class='ocr_carea' id='block_1_117' title="bbox 2299 5457 3859 5541">
    <p class='ocr_par' dir='ltr' id='par_1_117' title="bbox 2299 5457 3859 5541">
     <span class='ocr_line' id='line_1_117' title="bbox 2299 5457 3859 5541; baseline -0.007 -23"><span class='ocrx_word' id='word_1_890' title='bbox 2299 5473 2347 5518; x_wconf 85' lang='lat' dir='ltr'><strong>et</strong></span> <span class='ocrx_word' id='word_1_891' title='bbox 2372 5465 2590 5535; x_wconf 83' lang='lat' dir='ltr'><strong>populus</strong></span> <span class='ocrx_word' id='word_1_892' title='bbox 2613 5467 2802 5537; x_wconf 86' lang='lat' dir='ltr'><strong>papula</strong></span> <span class='ocrx_word' id='word_1_893' title='bbox 2833 5464 3122 5536; x_wconf 69' lang='lat' dir='ltr'><strong>prastabit,</strong></span> <span class='ocrx_word' id='word_1_894' title='bbox 3175 5475 3224 5520; x_wconf 83' lang='lat' dir='ltr'><strong>et</strong></span> <span class='ocrx_word' id='word_1_895' title='bbox 3251 5467 3416 5541; x_wconf 83' lang='lat' dir='ltr'><strong>major</strong></span> <span class='ocrx_word' id='word_1_896' title='bbox 3459 5469 3636 5520; x_wconf 80' lang='lat' dir='ltr'><strong>serviet</strong></span> <span class='ocrx_word' id='word_1_897' title='bbox 3682 5457 3859 5515; x_wconf 83' lang='lat' dir='ltr'><strong>minori.</strong></span> 
     </span>
    </p>
   </div>
   <div class='ocr_carea' id='block_1_118' title="bbox 2303 5546 3860 5629">
    <p class='ocr_par' dir='ltr' id='par_1_118' title="bbox 2303 5546 3860 5629">
     <span class='ocr_line' id='line_1_118' title="bbox 2303 5546 3860 5629; baseline -0.006 -19"><span class='ocrx_word' id='word_1_898' title='bbox 2303 5549 2436 5613; x_wconf 88' lang='lat' dir='ltr'><strong>Vide</strong></span> <span class='ocrx_word' id='word_1_899' title='bbox 2463 5557 2766 5614; x_wconf 84' lang='lat' dir='ltr'><strong>vaticinium</strong></span> <span class='ocrx_word' id='word_1_900' title='bbox 2807 5557 2951 5628; x_wconf 84' lang='lat' dir='ltr'><strong>quod</strong></span> <span class='ocrx_word' id='word_1_901' title='bbox 2996 5554 3281 5614; x_wconf 80' lang='lat' dir='ltr'><strong>manifeste</strong></span> <span class='ocrx_word' id='word_1_902' title='bbox 3331 5556 3573 5629; x_wconf 66' lang='lat' dir='ltr'><strong>praedicit</strong></span> <span class='ocrx_word' id='word_1_903' title='bbox 3615 5556 3663 5611; x_wconf 85' lang='lat' dir='ltr'><strong>ei</strong></span> <span class='ocrx_word' id='word_1_904' title='bbox 3709 5546 3860 5607; x_wconf 78' lang='lat' dir='ltr'><strong>omnia</strong></span> 
     </span>
    </p>
   </div>
   <div class='ocr_carea' id='block_1_119' title="bbox 2369 5725 3859 5799">
    <p class='ocr_par' dir='ltr' id='par_1_119' title="bbox 2369 5725 3859 5799">
     <span class='ocr_line' id='line_1_119' title="bbox 2369 5725 3859 5799; baseline -0.007 -10"><span class='ocrx_word' id='word_1_905' title='bbox 2369 5743 2385 5770; x_wconf 85' lang='grc'>¹</span> <span class='ocrx_word' id='word_1_906' title='bbox 2421 5739 2559 5788; x_wconf 78' lang='lat' dir='ltr'><strong>Coisl.</strong></span> <span class='ocrx_word' id='word_1_907' title='bbox 2588 5748 2640 5788; x_wconf 86' lang='lat' dir='ltr'><strong>et</strong></span> <span class='ocrx_word' id='word_1_908' title='bbox 2663 5746 2910 5799; x_wconf 84' lang='lat' dir='ltr'><strong>tntcrpres</strong></span> <span class='ocrx_word' id='word_1_909' title='bbox 2934 5735 3160 5799; x_wconf 81' lang='lat' dir='ltr'><strong>vulgatus</strong></span> <span class='ocrx_word' id='word_1_910' title='bbox 3182 5737 3229 5784; x_wconf 90' lang='lat' dir='ltr'><strong>in</strong></span> <span class='ocrx_word' id='word_1_911' title='bbox 3255 5734 3469 5786; x_wconf 76' lang='lat' dir='ltr'><strong>Editione</strong></span> <span class='ocrx_word' id='word_1_912' title='bbox 3493 5729 3673 5799; x_wconf 56' lang='lat' dir='ltr'><strong>“orelli</strong></span> <span class='ocrx_word' id='word_1_913' title='bbox 3699 5745 3710 5779; x_wconf 94' lang='lat'>:</span> <span class='ocrx_word' id='word_1_914' title='bbox 3739 5725 3859 5799; x_wconf 60' lang='lat' dir='ltr'><strong>Etﬂ:</strong></span> 
     </span>
    </p>
   </div>
   <div class='ocr_carea' id='block_1_120' title="bbox 2305 5792 3862 5866">
    <p class='ocr_par' dir='ltr' id='par_1_120' title="bbox 2305 5792 3862 5866">
     <span class='ocr_line' id='line_1_120' title="bbox 2305 5792 3862 5866; baseline -0.011 -16"><span class='ocrx_word' id='word_1_915' title='bbox 2305 5800 2496 5866; x_wconf 70' lang='lat' dir='ltr'><strong>stinatvt</strong></span> <span class='ocrx_word' id='word_1_916' title='bbox 2525 5803 2588 5850; x_wconf 81' lang='lat' dir='ltr'><strong>att</strong></span> <span class='ocrx_word' id='word_1_917' title='bbox 2607 5792 2908 5866; x_wconf 66' lang='lat' dir='ltr'><strong>sacerdotem</strong></span> <span class='ocrx_word' id='word_1_918' title='bbox 2931 5792 3334 5858; x_wconf 61' lang='lat' dir='ltr'><strong>Dei&#39;ntinistrum,</strong></span> <span class='ocrx_word' id='word_1_919' title='bbox 3357 5810 3446 5863; x_wconf 77' lang='lat' dir='ltr'><strong>per</strong></span> <span class='ocrx_word' id='word_1_920' title='bbox 3463 5809 3605 5860; x_wconf 79' lang='lat' dir='ltr'><strong>quem</strong></span> <span class='ocrx_word' id='word_1_921' title='bbox 3645 5792 3862 5845; x_wconf 61' lang='lat' dir='ltr'><strong>lati-attinet</strong></span> 
     </span>
    </p>
   </div>
   <div class='ocr_carea' id='block_1_121' title="bbox 2311 5863 2992 5915">
    <p class='ocr_par' dir='ltr' id='par_1_121' title="bbox 2311 5863 2992 5915">
     <span class='ocr_line' id='line_1_121' title="bbox 2311 5863 2992 5915; baseline -0.006 -3"><span class='ocrx_word' id='word_1_922' title='bbox 2311 5864 2554 5915; x_wconf 79' lang='lat' dir='ltr'><strong>scientiam</strong></span> <span class='ocrx_word' id='word_1_923' title='bbox 2578 5864 2754 5908; x_wconf 71' lang='lat' dir='ltr'><strong>minim!</strong></span> <span class='ocrx_word' id='word_1_924' title='bbox 2788 5863 2992 5911; x_wconf 82' lang='lat' dir='ltr'><strong>discere.</strong></span> 
     </span>
    </p>
   </div>
  </div>
