4078 6442
332 351 440 408 “9

329 465 526 521 futura.
560 461 823 519 Salientes
844 459 1167 529 enim‘pueri
1190 461 1242 512 in
1269 467 1441 523 utero,
1472 467 1526 512 et
1555 455 1918 524 incompositis

327 555 572 628 gestibus
599 569 658 608 se
684 562 982 618 moventes,
1002 551 1110 622 jam
1129 552 1306 605 omnia
1327 548 1525 619 liquido
1542 547 1916 617 prazdicehant:

327 658 387 705 et
417 662 559 702 nunc
583 645 776 702 didicit
799 645 987 698 mulier
1010 660 1112 697 non
1139 658 1198 698 se
1221 643 1352 697 duos
1405 641 1576 695 solum
1633 641 1918 709 parituram

330 752 549 810 pueros,
570 736 664 792 sed
684 745 739 790 et
758 737 876 789 illos
901 736 1140 804 ingentes
1181 731 1546 803 propagandos
1579 728 1712 796 fore,
1745 737 1797 783 ct
1826 729 1923 778 mi—

330 845 520 883 norem
567 827 753 897 majori
779 825 1171 881 domiuaturum
1213 839 1354 878 esse.
1396 823 1459 876 Et
1485 819 1695 890 quando
1740 826 1919 886 postea

330 922 776 995 appmpinquavit
820 931 1030 990 tempus
1075 918 1332 989 pariendi,
1386 916 1476 971 25.
1523 915 1680 976 Ea‘iit,
1725 911 1915 981 inquit,

329 1017 530 1081 primus
573 1018 747 1084 rufus,
776 1013 920 1084 quasi
966 1013 1132 1083 pellis,
1154 1011 1380 1081 hispidus
1410 1025 1428 1064 :
1457 1019 1502 1062 et
1528 1008 1717 1061 vocavit
1741 1022 1918 1059 nomen

328 1108 468 1176 ejus,
493 1106 648 1161 Esai.
671 1103 737 1162 Et
755 1114 926 1176 postea
943 1104 1061 1158 exiit
1085 1108 1242 1176 frater
1255 1104 1386 1172 ejus,
1407 1111 1452 1156 ct
1473 1116 1651 1154 manus
1666 1099 1774 1170 ejus
1791 1114 1922 1151 com-

329 1197 601 1267 prehendit
637 1197 927 1251 calcaneum
964 1195 1124 1261 Esat’t,
1153 1206 1197 1249 et
1226 1193 1416 1248 vocarit
1455 1207 1634 1246 nomen
1675 1190 1804 1260 ejus,
1825 1186 1921 1240 Ja-

327 1290 455 1342 cob‘
491 1304 512 1342 :
537 1289 688 1359 quasi
715 1289 820 1357 jam
847 1297 901 1344 et
917 1288 1146 1342 abinitio
1166 1294 1431 1342 monstret
1458 1285 1596 1339 Deus
1636 1283 1915 1345 minorem,

327 1380 630 1434 secundum
661 1379 714 1434 id
743 1379 883 1450 quod
923 1379 1121 1434 dictum
1167 1386 1268 1443 est,
1299 1376 1485 1446 majori
1528 1389 1648 1430 esse
1680 1371 1920 1427 domina-

331 1479 533 1523 turum.
568 1470 704 1524 Dicit
739 1470 901 1536 enim,
933 1469 1147 1524 tenebat
1185 1483 1342 1522 manu
1379 1466 1685 1521 calcaneum
1729 1462 1870 1516 Esau
1901 1477 1920 1515 :

331 1562 388 1617 id
415 1563 559 1633 quod
602 1572 718 1618 erat
755 1563 962 1632 signum
994 1561 1294 1632 superantis
1322 1575 1442 1614 eum
1490 1559 1578 1628 qui
1607 1556 1758 1610 fortis
1800 1569 1919 1608 esse

329 1653 633 1708 videbatur.
681 1654 742 1706 Et
791 1651 1070 1706 considera
1110 1651 1345 1706 divinam
1395 1649 1742 1717 Scripturam,
1788 1659 1920 1716 quo-

332 1745 498 1799 modo
523 1755 740 1814 propter
763 1759 824 1798 ea
848 1758 966 1814 qua:
1011 1753 1192 1812 postea
1235 1741 1408 1796 futura
1448 1747 1621 1803 erant,
1645 1739 1755 1808 jam
1785 1752 1920 1805 prte-

327 1837 486 1901 dicit,
514 1845 568 1890 et
595 1835 662 1890 ab
689 1836 838 1889 initio
867 1842 1126 1889 monstrat
1152 1833 1303 1887 nobis
1333 1831 1604 1899 utriusque
1632 1827 1865 1883 studium
1901 1843 1914 1878 :

331 1927 552 1997 etquod
589 1928 676 1981 ille
701 1926 913 1996 quidem
940 1925 1204 1980 venationi
1237 1922 1464 1984 deditus,
1492 1921 1576 1975 hic
1600 1935 1727 1974 vero
1757 1920 1918 1973 rusti-

331 2033 432 2074 cus
471 2028 615 2073 esset
661 2018 836 2082 homo,
885 2017 1130 2085 simplex,
1161 2016 1378 2068 domum
1425 2011 1745 2066 inhabitans.
1792 2009 1922 2063 Pro-

335 2119 519 2178 pterea
550 2108 788 2162 Rebecca
826 2107 1075 2176 diligebat
1117 2105 1300 2171 Jacob,
1333 2104 1478 2158 Isaae
1513 2111 1686 2156 autem
1732 2101 1870 2154 Esau
1904 2116 1917 2153 :
1947 2109 1950 2114 '

331 2199 424 2254 28.
462 2200 713 2265 Quoniam
752 2199 948 2252 venatio
978 2199 1105 2268 ejus,
1146 2197 1334 2266 inquit,
1361 2195 1502 2248 cibus
1530 2203 1635 2247 erat
1661 2193 1756 2246 illi.
1787 2191 1920 2245 Vide

332 2292 605 2362 quomodo
645 2305 838 2361 pueros
874 2291 1216 2361 distinguant.
1253 2289 1320 2344 Et
1346 2299 1516 2343 mater
1553 2286 1764 2357 quidem
1795 2300 1920 2354 erga

331 2384 505 2440 Jacob
544 2385 799 2453 majorem
849 2382 1150 2438 declarabat
1191 2380 1634 2442 benevolentiam,
1673 2395 1738 2434 eo
1779 2376 1922 2447 quod

332 2477 631 2546 simplicem
657 2475 872 2530 videbat
896 2484 949 2529 et
973 2473 1118 2528 domi
1166 2480 1464 2527 versantem
1499 2489 1512 2523 :
1545 2465 1697 2540 pater
1743 2479 1919 2524 autem

331 2566 590 2637 diligebat
629 2566 789 2631 Esau,
833 2574 942 2619 tum
985 2563 1123 2634 quod
1166 2562 1547 2632 primogenitus
1585 2569 1766 2624 esset,
1810 2567 1921 2613 tum

331 2656 480 2728 quod
510 2657 792 2712 venatione
834 2656 946 2725 ejus
973 2663 1293 2709 vesceretur.
1321 2652 1449 2707 Huic
1473 2651 1682 2721 quidem
1725 2649 1800 2703 illi
1844 2649 1923 2703 fa-

331 2750 552 2805 ciebant
580 2749 871 2804 naturalem
893 2747 1226 2802 dilectionem
1253 2753 1570 2815 sequentes;
1619 2743 1921 2798 vaticinium

333 2850 518 2895 autem
550 2838 799 2909 paulatim
837 2837 1171 2907 implebatur,
1205 2835 1334 2889 illud
1365 2835 1584 2898 scilicet,
1621 2834 1793 2903 Major
1812 2849 1921 2886 ser-

335 2933 437 2987 viet
472 2931 672 2984 minori.
714 2928 847 2984 Vide
881 2928 1022 2982 enim
1069 2927 1265 2980 statim.
1291 2924 1379 2980 29.
1411 2924 1575 2989 Coxit,
1624 2924 1812 2993 inquit,
1829 2922 1923 2976 Ja-

333 3025 429 3079 cob
465 3025 740 3078 coctionem
773 3038 792 3076 :
816 3022 946 3076 venit
987 3029 1155 3081 autem
1185 3018 1323 3072 Esat't
1359 3033 1628 3087 είς-δαιτιρο
1665 3015 1920 3084 deficiens.

337 3115 429 3172 '50.
463 3114 531 3168 Et
557 3115 683 3168 dixit
703 3112 844 3166 Esait
870 3112 937 3164 ad
971 3109 1134 3165 Iacob
1159 3124 1177 3164 :
1211 3107 1320 3161 Fac
1345 3124 1422 3161 me
1449 3116 1650 3178 gustare
1675 3105 1738 3159 de
1757 3105 1924 3160 edulio

336 3211 436 3262 hoc
482 3211 616 3278 rufo,
660 3206 781 3276 quia
823 3204 1022 3272 deﬁcio.
1071 3201 1347 3270 Propterea
1381 3207 1608 3254 vocatum
1647 3205 1927 3250 estnomen

336 3303 472 3372 ejus,
505 3275 724 3353 Edoni”.
753 3297 840 3351 st.
873 3293 940 3348 Et
975 3293 1101 3348 dixit
1136 3289 1297 3344 Jacob
1326 3305 1345 3344 .-
1376 3290 1456 3343 Da
1484 3289 1606 3342 mihi
1649 3287 1798 3341 hodie
1823 3275 1928 3358 p‘n.

336 3391 594 3462 mogenita
622 3399 728 3443 tua.
753 3387 845 3442 ille
865 3395 1041 3440 autem
1069 3382 1238 3437 dixit:
1267 3381 1402 3448 Quid
1431 3379 1559 3432 mihi
1599 3378 1742 3433 hisce
1771 3393 1924 3448 Opus,

337 3499 464 3538 cum
486 3497 632 3536 mors
642 3481 750 3551 jam
773 3495 857 3534 me
880 3477 1108 3543 invadat,
1128 3473 1227 3529 nisi
1247 3488 1500 3543 accepero
1521 3471 1694 3526 cibum
1720 3471 1790 3540 (v.
1811 3471 1928 3533 52;?

339 3576 494 3630 Alius
515 3582 692 3627 autem
718 3573 1076 3641 juramentum
1101 3566 1360 3636 exigebat,
1390 3571 1446 3616 ut
1474 3563 1678 3618 stabilis
1702 3563 1749 3617 ei
1777 3561 1930 3616 fieret

339 3668 434 3722 illa
464 3666 762 3720 concessio.
788 3664 879 3718 55.
905 3659 976 3718 Ει
993 3659 1206 3730 juravit,
1241 3655 1430 3726 inquit,
1460 3654 1616 3708 Esau.

413 3758 471 3812 2.
495 3753 646 3811 Ecce
683 3767 824 3808 nunc
857 3752 944 3807 hic
973 3753 1211 3805 inversus
1236 3757 1317 3802 est
1350 3745 1502 3811 ordo,
1531 3753 1584 3800 et
1610 3743 1928 3814 primogeni-

343 3863 482 3908 tura:
509 3850 740 3920 dignitas
768 3845 976 3900 transiit
1008 3843 1072 3896 ad
1100 3857 1219 3897 eum
1247 3840 1338 3910 qui
1373 3838 1568 3892 virtute
1595 3837 1756 3889 animi
1797 3850 1931 3906 pra:-

342 3943 604 4015 fulgebat.
631 3939 701 3994 Et
729 3937 971 4002 uendidit,
1017 3935 1209 4004 inquit,
1241 3931 1381 3985 Esait
1427 3928 1759 4000 primogenita
1786 3942 1804 3980 :
1831 3926 1933 3980 hoc

337 4045 464 4102 est,
511 4031 749 4089 vendidit
767 4030 869 4084 cibi
912 4027 1078 4098 gratia
1108 4024 1414 4094 dignitatem
1446 4037 1474 4074 a
1504 4028 1687 4074 natura
1717 4017 1814 4072 sibi
1840 4017 1933 4070 da-

348 4137 460 4182 tam
494 4143 507 4179 :
537 4125 656 4179 ideo
681 4131 735 4178 et
762 4120 1031 4182 subdidit,
1063 4117 1154 4171 54.
1187 4113 1252 4167 Et
1290 4111 1606 4183 parvipendit
1641 4108 1779 4162 Esau
1821 4108 1931 4179 pri—
1955 4128 1961 4131 ··

340 4217 639 4291 mogenita;
683 4213 834 4285 quasi
872 4211 1072 4265 diceret
1104 4226 1118 4262 :
1149 4208 1388 4275 Ingratus
1426 4211 1539 4258 erat
1580 4216 1644 4255 ae
1686 4199 1933 4269 indignus

347 4325 438 4373 ea,
466 4323 626 4378 quam
656 4305 757 4360 sibi
798 4311 984 4356 natura
1029 4297 1271 4358 dederat,
1299 4294 1573 4364 dignitate.
1601 4292 1714 4346 Hoc
1756 4299 1934 4344 autem

349 4410 524 4456 totum
551 4407 652 4460 est,
684 4406 743 4449 ut
764 4394 904 4448 illius
947 4391 1404 4445 demonstraretur
1435 4385 1668 4453 ingratus
1703 4381 1932 4446 animus,

347 4501 408 4546 et
433 4491 530 4546 Dei
553 4488 825 4543 oraculum
866 4482 1265 4552 adimpleretur.

427 4580 645 4634 Moralis
671 4577 918 4648 epilogus.
949 4573 1022 4626 De
1063 4575 1351 4638 contemptu
1395 4565 1696 4618 divitiarum.
1722 4591 1792 4602 —-
1812 4560 1937 4614 Huic

347 4671 634 4727 audientes
678 4668 942 4721 discamus
985 4676 1271 4730 numquam
1320 4655 1586 4726 negligere
1615 4654 1752 4707 dona
1777 4668 1804 4705 a
1831 4652 1938 4705 Deo

343 4763 512 4818 nobis
537 4759 680 4823 data,
712 4771 885 4827 neque
906 4763 1121 4824 propter
1161 4764 1318 4820 parva
1345 4757 1398 4801 et
1419 4746 1540 4799 vilia
1587 4759 1774 4814 magna
1821 4757 1939 4812 pcr-

345 4857 506 4911 dere.
525 4855 697 4920 Quare
725 4851 889 4915 enim,
913 4848 998 4902 dic
1018 4845 1166 4911 mihi,
1188 4844 1456 4912 proposito
1479 4852 1641 4908 regno
1661 4837 1934 4900 είιειοτυω,

355 4949 622 5018 bonisque
647 4945 751 4999 illis
781 4941 1154 5004 inell'abilibus,
1175 4938 1243 4991 ita
1276 4936 1326 4989 in
1357 4933 1657 4989 divitiarum
1676 4929 1937 4998 cupidita-

355 5054 470 5097 tem
498 5038 809 5101 insanimus,
842 5042 897 5088 et
925 5039 1316 5094 momentanea,
1341 5042 1458 5096 quae
1480 5040 1619 5094 saepe
1641 5039 1744 5076 non
1775 5035 1939 5090 usque

351 5133 422 5188 ad
443 5144 715 5200 vesperam
738 5132 1066 5198 permanent,
1093 5120 1360 5194 perpetuis
1380 5132 1692 5187 semperque
1719 5116 1936 5168 duratu-

352 5226 431 5282 tis
478 5218 852 5295 praeferimus?
877 5218 942 5273 Et
969 5215 1096 5288 quid
1135 5215 1236 5269 bac
1282 5211 1510 5267 amentia
1546 5209 1780 5263 deterius
1817 5222 1938 5260 esse

414 5341 432 5372 ι
459 5338 604 5397 Haec,
651 5345 696 5388 ct
739 5333 928 5388 vocavit
966 5347 1135 5385 nomen
1175 5333 1281 5397 ejus
1323 5327 1527 5397 Jacob_(
1551 5329 1631 5376 καὶ
1657 5325 1864 5397 indicas
1889 5324 1946 5371 τὸ

346 5385 694 5462 ὅνομίᾶιηάῦτόῦ
744 5385 957 5462 θ’Ῑακώϐ)
985 5435 996 5456 ,
1048 5385 1226 5444 desudl
1270 5385 1605 5462 iu_SaviI.‘tI-‘t‘
1647 5385 1946 5462 quihusdam

349 5451 733 5524 manuscriptis;
754 5465 805 5509 in
824 5451 970 5508 t‘oisl'.
985 5451 1172 5524 autem
1189 5455 1536 5524 rcperinutur._
1552 5451 1624 5499 0b
1647 5451 1771 5524 hanc
1793 5452 1947 5508 ipsam

350 5538 554 5573 causam
591 5512 736 5572 modo
775 5519 1120 5582 supp!evimus
1161 5512 1261 5567 bas‘
1284 5528 1460 5582 voces,
1493 5519 1536 5563 et
1561 5512 1744 5562 vocavit
1777 5523 1950 5560 nomen

348 5583 458 5650 ejus
486 5588 634 5638 133ml.
662 5583 806 5634 Cnisl.
835 5580 886 5630 et
921 5581 1072 5630 Biblia
1094 5580 1314 5687 sequuti.
1519 5634 1529 5644 .
1673 5632 1682 5642 ν

418 5651 440 5681 ί
470 5651 600 5687 "mn,
635 5660 681 5687 ρι
703 5645 832 5687 dixit
864 5643 988 5687 Εείηῑ
1117 5642 1150 5687 Ε
1189 5652 1284 5687 om.
1312 5638 1493 5685 desunt
1517 5645 1564 5680 In
1600 5633 1682 5681 (ἶοι

418 5627 457 5681 δν
625 5627 832 5698 ἐῖάῖάςῖῑ
841 5627 996 5693 "Es—nti
1008 5627 1022 5692 ξ
1029 5627 1042 5688 ξ
1049 5627 1083 5690 ί.
1101 5627 1284 5707 ﬁdem,
1299 5638 1493 5707 dein-ult
1517 5634 1564 5680 in
1597 5631 1729 5707 ‘C‘oisl
1742 5667 1752 5678 .
1777 5631 1846 5707 εξ
1859 5627 1950 5707 ga-

355 5712 444 5756 vit.
1189 5687 1326 5751 mihi.
1372 5696 1502 5745 Bibl.
1551 5695 1752 5753 addunt,
1789 5687 1953 5750 hodie,

354 5770 490 5833 quod
515 5773 770 5833 expressit
793 5770 1056 5830 interpres.

1378 342 1448 398 ΙΝ
1488 341 1640 398 CAP.
1683 339 1847 395 XXV.
1889 337 2132 396 GENES.
2176 337 2406 394 HOMIL.
2445 339 2512 394 ‘L.

3506 347 3613 401 ιω

2028 452 2226 522 possit?
2275 451 2486 522 quando
2525 461 2578 507 et
2626 453 2728 508 illis
2781 452 3048 524 privamur
3073 457 3142 511 ob
3167 458 3390 513 nimium
3421 461 3470 514 in
3493 459 3610 517 lucc

2027 558 2286 606 amorem,
2316 553 2366 599 et
2395 561 2680 614 numquam
2731 547 2813 601 bis
2839 547 2939 602 frui
2981 565 3112 619 pure
3151 567 3452 621 possumus.
3484 557 3613 622 Qum

2029 634 2188 699 enim,
2219 650 2418 703 quaiso,
2449 637 2642 690 utilitas
2685 655 2992 708 magnarum
3039 640 3380 699 facultatum?
3405 648 3486 700 Au
3514 663 3612 701 ne-

2027 723 2173 778 scitis
2201 726 2560 781 accessionem
2602 732 2881 784 multarum
2918 736 3261 800 pecuniarum
3291 738 3419 791 nihil
3468 740 3610 794 aliud

2027 813 2180 869 nobis
2223 815 2432 880 afferre,
2464 835 2619 887 quam
2660 823 3273 893 curarquincrementa,
3305 831 3611 900 (lCCllpaliU-

2027 922 2122 961 nes
2153 909 2363 976 mentis,
2388 921 2441 965 et
2471 913 2711 981 vigilias?
2740 914 2852 968 Non
2897 917 3084 972 videtis
3112 919 3212 974 hos
3250 923 3487 976 onmium
3517 939 3611 992 po-

2030 999 2311 1066 tissimum,
2367 1012 2422 1054 ut
2467 1006 2536 1055 ita
2576 1004 2769 1072 dicam,
2813 1021 2999 1063 servos
3040 1025 3178 1077 esse,
3223 1013 3414 1082 quibus
3460 1016 3609 1082 plura

2026 1086 2285 1155 afﬂuunt,
2335 1102 2388 1146 et
2432 1094 2668 1162 quotidie
2723 1097 2937 1152 umbras
2995 1099 3135 1168 ipsas
3191 1102 3430 1157 timent?
3484 1104 3612 1159 Inde

2025 1180 2168 1234 enim
2204 1195 2494 1238 nascuntur
2531 1186 2735 1241 insidia:
2756 1228 2771 1254 ,
2798 1189 3107 1258 invidentia,
3141 1193 3317 1248 odium
3347 1211 3527 1265 grave,
3558 1207 3612 1251 et

2026 1270 2302 1328 innumera
2344 1275 2444 1328 alia
2490 1278 2650 1332 mala.
2687 1280 2749 1333 Et
2776 1295 2918 1350 saipe
2964 1283 3115 1338 vides
3161 1301 3282 1339 eum
3323 1289 3411 1357 qui
3449 1289 3609 1344 habet

2027 1360 2210 1416 decem
2249 1364 2408 1418 millia
2456 1367 2650 1422 talenta
2679 1372 2792 1424 auri
2835 1375 3126 1439 recondita,
3156 1377 3369 1432 beatum
3417 1396 3613 1436 vocare

2025 1467 2146 1506 eum
2193 1457 2281 1524 qui
2321 1456 2377 1510 in
2420 1459 2629 1514 officina
2673 1474 2941 1532 operatur,
2979 1478 3028 1520 et
3054 1483 3120 1523 ex
3148 1468 3326 1525 labore
3354 1487 3611 1527 manuum

2025 1544 2205 1600 cibum
2254 1559 2422 1616 parat.
2471 1553 2650 1616 Qualis
2697 1556 2857 1624 igitur
2905 1559 3167 1629 voluptas,
3207 1572 3300 1617 aut
3341 1565 3497 1635 quale
3530 1567 3610 1620 lu-

2024 1649 2195 1736 crum,
2213 1642 2423 1709 quando
2447 1660 2619 1713 neque
2647 1648 2726 1700 his
2749 1651 2988 1717 fruimur,
3003 1662 3058 1707 et
3086 1664 3301 1725 prepter
3324 1660 3458 1713 hanc
3482 1675 3612 1714 eou—

2025 1733 2406 1798 cupiscentiam
2433 1735 2592 1789 etiam
2622 1739 2909 1807 majoribus
2937 1745 3237 1811 privamur?
3263 1750 3396 1814 Quid
3434 1760 3611 1804 autem

2025 1819 2144 1874 dico
2165 1823 2478 1892 majoribus,
2502 1829 2714 1896 quando
2741 1847 2860 1884 cum
2885 1835 3035 1888 malis
3058 1853 3124 1904 qu
3146 1854 3173 1889 υ
3195 1839 3277 1892 hic
3299 1856 3394 1893 nos
3415 1857 3608 1910 appre-

2025 1911 2280 1981 hendunt,
2311 1925 2413 1970 eta
2444 1919 2596 1973 bonis
2644 1939 2760 1992 quin
2811 1926 2880 1979 ibi
2923 1937 3050 1981 sunt
3092 1931 3403 1998 excidimus,
3447 1942 3502 1986 et
3541 1936 3608 1988 ad

2025 2003 2319 2074 gehennam
2343 2009 2510 2077 ipsam
2531 2013 2819 2068 mittimur?
2843 2017 2905 2070 Et
2939 2021 3169 2073 nomlnm
3195 2023 3311 2076 dico
3336 2025 3608 2081 innumera

2028 2107 2241 2164 peccata
2267 2114 2384 2168 qua:
2415 2101 2540 2156 hinc
2568 2106 2905 2175 colliguntur,
2937 2110 3110 2175 dolos,
3130 2115 3440 2181 calumnias,
3463 2118 3608 2186 rapi-

2027 2203 2123 2240 nas
2151 2198 2202 2242 et
2234 2188 2465 2246 fraudes.
2517 2193 2710 2249 Verum
2750 2199 2955 2253 etiamsi
2985 2203 3102 2269 quis
3129 2205 3196 2256 ab
3222 2207 3466 2260 onmihus
3506 2208 3610 2261 illis

2029 2277 2182 2346 liber,
2238 2279 2290 2334 id
2335 2281 2474 2350 quod
2519 2297 2776 2354 perquam
2817 2287 3032 2344 difficile
3075 2301 3128 2344 et
3173 2308 3382 2358 rarum,
3422 2295 3610 2365 opibus

2025 2369 2278 2438 abundet,
2309 2381 2362 2426 et
2395 2374 2506 2442 ipse
2552 2376 2698 2430 solus
2726 2378 2805 2430 eis
2836 2389 3031 2446 utatur,
3066 2393 3120 2435 et
3145 2398 3236 2436 eas
3262 2401 3384 2438 cum
3421 2387 3487 2440 iis
3521 2388 3610 2456 qui

2026 2476 2158 2530 opus
2204 2462 2402 2517 habent
2444 2479 2549 2518 non
2594 2466 2738 2536 large
2765 2473 3152 2538 communicet,
3186 2490 3308 2528 cum
3348 2477 3610 2545 gehenua:

2026 2551 2163 2622 ignis
2192 2555 2437 2623 excipiet.
2467 2557 2617 2623 Quod
2643 2575 2742 2614 nos
2765 2562 3048 2616 manifeste
3087 2564 3243 2619 docet
3283 2569 3531 2635 parabola
3555 2569 3608 2624 in

2025 2649 2316 2719 Evangelio
2361 2652 2548 2720 pos-ita,
2595 2669 2718 2707 eum
2762 2657 2943 2710 statuit
2968 2659 3100 2713 alios
3125 2675 3153 2711 a
3173 2660 3400 2730 dextris,
3429 2664 3610 2719 aliosa

2027 2745 2256 2799 sinistris
2288 2761 2301 2797 :
2338 2745 2544 2814 illisque
2567 2746 2701 2800 dixit
2725 2759 3084 2817 praeparatum
3113 2767 3233 2806 esse
3262 2768 3484 2823 regnum
3507 2771 3614 2810 cai-

2027 2835 2201 2889 lorum
2226 2835 2294 2889 ob
2320 2852 2501 2890 curam
2542 2837 2723 2907 egenis
2753 2839 3046 2908 impensam
3075 2859 3086 2894 :
3131 2841 3301 2897 Venite
3340 2847 3504 2911 enim,
3528 2847 3612 2900 iu-

2029 2926 2158 2994 quit,
2190 2926 2432 2980 benedicti
2455 2926 2628 2982 Patris
2654 2929 2768 2995 mei,
2797 2931 2848 2982 in
2877 2931 3201 2988 hereditatem
3240 2937 3452 3005 accipite
3479 2952 3614 3007 pra:—

2031 3029 2260 3086 paratum
2281 3019 2416 3078 vobis
2441 3036 2648 3090 regnum
2666 3020 2728 3074 ab
2752 3022 2942 3092 origine
2962 3023 3135 3076 mundi
3161 3024 3368 3096 (MaJh.
3388 3026 3478 3086 25.
3497 3029 3610 3095 54).

2029 3107 2207 3164 Curet
2244 3127 2346 3182 qua
2383 3112 2452 3167 de
2494 3113 2692 3168 causa?
2731 3113 2933 3168 Esurivi
2969 3117 3120 3182 enim,
3157 3127 3204 3170 et
3245 3118 3450 3186 dedistis
3492 3121 3614 3174 mihi

2030 3204 2288 3257 comedere
2332 3202 2490 3273 (Ibid.
2523 3221 2577 3257 .v.
2628 3205 2738 3274 55).
2775 3205 2870 3260 His
2911 3221 3036 3260 vero
3086 3207 3256 3276 ignem
3306 3218 3610 3265 aeternum:

2032 3293 2158 3347 dicit
2175 3293 2318 3346 enim
2343 3313 2356 3347 :
2384 3291 2671 3346 Disceditea
2685 3311 2780 3355 me,
2798 3295 3083 3363 maledicti,
3097 3299 3152 3351 in
3167 3298 3337 3367 ignem
3347 3308 3608 3364 cateruam,

2031 3385 2115 3454 qui
2138 3393 2454 3454 praeparatus
2480 3392 2551 3436 est
2581 3383 2780 3436 diabolo
2811 3393 2855 3435 ct
2881 3387 3074 3453 angelis
3101 3391 3210 3452 ejus
3234 3387 3392 3456 (Ibid.
3422 3405 3467 3441 v.
3497 3391 3610 3458 4i).

2033 3476 2277 3546 Magnum
2307 3477 2452 3531 verbi
2497 3477 2705 3545 pondus
2733 3495 2744 3528 :
2775 3478 3011 3530 omnium
3057 3479 3308 3532 Dominus
3337 3491 3390 3534 ct
3417 3483 3614 3535 Condi-

2033 3575 2116 3622 tor
2137 3567 2289 3620 dicit‘
2316 3584 2328 3619 :
2351 3566 2574 3632 Esurivi,
2594 3576 2637 3619 et
2672 3583 2770 3620 non
2789 3569 2992 3620 dedistis
3019 3570 3142 3621 mihi
3170 3572 3426 3624 comedere
3450 3573 3501 3644 (Ι
3509 3575 3612 3627 bid.

2033 3675 2081 3712 v.
2127 3658 2239 3728 42).
2288 3659 2450 3728 Cujus
2492 3659 2724 3712 animam
2767 3674 2875 3712 non
2923 3662 3210 3714 movebunt
3255 3662 3368 3717 hazc
3413 3668 3609 3733 verba,

2034 3753 2239 3806 etiamsi
2271 3751 2472 3820 lapidea
2503 3751 2604 3804 sit?
2630 3751 2878 3804 Dominus
2923 3762 3043 3805 tuus
3082 3754 3324 3808 esuriens
3364 3755 3617 3810 obambu-

2034 3844 2128 3908 lat,
2157 3851 2209 3897 et
2237 3853 2287 3896 tu
2305 3857 2364 3895 es
2386 3843 2436 3896 in
2467 3842 2673 3896 deliciis
2697 3859 2710 3894 :
2741 3859 2910 3912 neque
2941 3845 3041 3897 hoc
3063 3847 3254 3909 solum,
3278 3848 3368 3900 sed
3401 3847 3452 3899 in
3481 3847 3617 3900 deli-

2035 3935 2131 3988 ciis
2178 3935 2346 4002 ipsum
2377 3933 2638 4001 despicis;
2672 3935 2880 3986 tametsi
2924 3950 3027 3988 non
3060 3937 3282 3989 multum
3321 3937 3388 3991 sit
3419 3937 3561 4007 quod
3586 3954 3616 3991 a

2038 4037 2088 4080 te
2122 4029 2281 4096 petit;
2318 4041 2507 4095 nempe
2534 4041 2723 4094 panem
2740 4028 2930 4091 solum,
2948 4043 3050 4095 quo
3074 4027 3268 4081 ΐιιιιιυιιι
3295 4033 3461 4097 possit
3487 4031 3615 4084 sub-

2038 4120 2234 4173 levare.
2267 4119 2330 4171 Et
2359 4118 2470 4187 ipse
2496 4118 2710 4188 quidem
2739 4119 2931 4186 frigore
2975 4121 3242 4187 rigesceus
3273 4109 3616 4187 obambulat,

2039 4220 2094 4266 tu
2125 4222 2302 4265 autem
2332 4211 2516 4264 sericis
2541 4210 2755 4264 indutus
2782 4227 2847 4264 ne
2874 4213 3093 4278 I'CaplClS
3121 4213 3332 4280 quidem
3352 4254 3365 4276 ,
3421 4215 3619 4268 milium

2039 4305 2560 4358 commiserationem
2588 4317 2699 4372 pra:
2745 4313 2795 4358 te
2834 4302 2959 4367 feis,
2989 4305 3084 4357 sed
3134 4305 3622 4367 iznmisericorditcr

2041 4397 2298 4465 praeteris.
2325 4395 2388 4448 Et
2403 4410 2504 4464 qua
2519 4395 2667 4448 venia
2687 4404 2810 4447 sunt
2834 4395 2944 4447 hare
2961 4395 3114 4464 digna
3133 4395 3413 4465 ?Neigi:ur
3429 4398 3498 4449 sit
3521 4397 3621 4452 hoc

2041 4487 2554 4550 studiumuostrum,
2608 4495 2664 4539 ut
2691 4486 2885 4538 multas
2931 4487 3200 4554 quibusvis
3244 4487 3447 4541 artibus
3492 4502 3622 4556 epes

2041 4583 2413 4650 conquiramus
2445 4597 2456 4631 :
2486 4579 2578 4632 sed
2607 4578 2733 4631 illud
2767 4579 2816 4630 in
2838 4593 3000 4646 secpo
3023 4579 3329 4644 habeamus,
3355 4580 3624 4648 quomodo

2043 4685 2093 4728 et
2124 4675 2235 4726 haec
2267 4674 2400 4724 bene
2430 4671 2795 4738 diSpOnamus,
2843 4679 2896 4721 et
2943 4668 3124 4736 egenis
3171 4669 3625 4724 consulamus:et

2044 4783 2110 4821 ne
2139 4765 2203 4818 ab
2231 4765 2331 4818 illis
2356 4763 2664 4817 excid-amns
2703 4777 2822 4830 qua:
2866 4776 3077 4829 semper
3120 4772 3370 4827 manent,
3411 4775 3465 4816 et
3504 4779 3624 4830 quae

2044 4859 2243 4914 nullam
2269 4856 2556 4909 admittunt
2581 4853 3001 4907 vicissitudinem
3016 4868 3076 4905 ac
3093 4853 3460 4907 mutationem.
3481 4855 3628 4921 Quo-

2046 4954 2183 5007 circa
2215 4951 2356 5005 diem
2377 4948 2564 5004 mortis
2591 4958 2787 5001 nostra:
2819 4947 3079 5000 incertum
3106 4962 3223 5001 esse
3251 4947 3413 5000 voluit
3448 4948 3630 5000 Domi-

2044 5063 2143 5100 nus
2164 5088 2176 5108 ,
2211 5055 2265 5098 ut
2296 5060 2392 5098 nos
2425 5051 2745 5112 praepararet
2772 5041 2836 5094 ad
2866 5040 3169 5095 continuam
3204 5041 3544 5093 sobrietatem
3572 5050 3624 5092 et

2043 5135 2454 5207 vigilantiam,et
2475 5135 2543 5188 ita
2565 5132 2732 5201 magis
2749 5131 2812 5183 ad
2834 5131 3041 5184 virtutis
3063 5129 3291 5182 studium
3314 5143 3411 5181 nos
3432 5143 3622 5196 provoo

2044 5241 2208 5285 caret.
2239 5227 2375 5282 Dicit
2399 5227 2579 5280 cnim:
2619 5223 2854 5294 Vigilnte,
2886 5223 3005 5292 quia
3043 5221 3241 5273 nescitis
3283 5235 3439 5288 neque
3463 5218 3616 5280 diem,

2044 5337 2200 5390 neque
2224 5319 2398 5371 horam
2419 5315 2627 5389 (Matth.
2644 5314 2733 5368 25.
2757 5313 2865 5383 15).
2886 5312 3040 5379 Atqui
3066 5324 3161 5362 nos
3178 5309 3331 5376 plane
3349 5308 3616 5361 diversum

2045 5426 2345 5482 operamur,
2376 5421 2428 5463 et
2451 5407 2745 5462 dormimus
2774 5419 2960 5457 somno
2986 5402 3222 5469 graviore
3247 5415 3405 5468 quam
3436 5399 3503 5452 sit
3527 5415 3618 5452 na-

2048 5504 2231 5559 turalis
2260 5503 2366 5556 ille.
2395 5499 2526 5554 Nam
2553 5502 2637 5566 qui
2663 5495 2885 5549 naturali
2917 5507 3104 5546 somno
3131 5493 3373 5561 quiescit,
3401 5506 3498 5545 nec
3526 5491 3613 5543 bo-

2112 5723 2126 5754 ¹
2163 5718 2324 5778 Coisl.,
2349 5713 2556 5767 omnium
2581 5709 2824 5771 conditor,
2847 5707 3057 5759 euntium
3083 5707 3296 5770 Largitur
3319 5699 3462 5756 dicit.
