4078 6432
446 345 578 401 “‘45!

481 475 630 525 nutu,
664 472 759 512 nec
791 455 989 510 malum
1020 460 1269 521 operatur
1299 468 1312 504 :
1354 464 1452 503 nos
1498 456 1676 501 autem
1719 444 1829 500 alio
1876 457 2065 506 somno

483 548 804 610 dormimus,
837 543 1163 598 dormientes
1193 540 1258 595 ad
1281 538 1512 605 virtutis,
1543 536 1827 607 vigilantes
1852 531 1920 588 ad
1949 547 2067 588 ma-

482 642 609 696 litiae
624 655 815 710 opera,
843 638 1042 693 strenui
1073 637 1125 690 in
1158 635 1330 696 malis,
1362 631 1576 688 desides
1602 631 1654 684 in
1683 626 1838 683 bonis
1866 644 1880 681 :
1912 624 2071 695 idque

482 734 708 790 facimus
728 733 972 787 videntes
995 729 1232 800 quotidie
1260 726 1456 781 multos
1479 723 1604 779 hinc
1623 720 1835 784 abduci,
1850 730 2070 787 magnas

480 838 660 884 autem
678 827 908 881 aliorum
929 837 1047 879 esse
1075 823 1125 877 in
1158 819 1406 891 prmsenti
1438 818 1543 871 vita
1567 812 1992 870 vicissitudines:
2015 816 2071 864 et

480 934 650 990 neque
662 927 804 972 tanta
821 932 1000 971 rerum
1020 912 1404 984 inaequabilitas
1416 909 1480 963 ad
1499 907 1707 962 virtutis
1722 918 1961 959 amorem
1972 915 2070 956 nos

479 1011 743 1066 adducere
782 1016 977 1078 potest,
1002 1021 1175 1075 neque
1204 1001 1444 1073 disponit
1473 1006 1532 1054 ut
1552 996 1910 1067 despiciamus
1935 1009 2072 1062 pra:-

479 1103 647 1156 sentia
661 1143 678 1169 ,
691 1110 744 1155 et
759 1098 1127 1154 desideremus
1163 1094 1358 1158 futura,
1377 1089 1827 1163 przeferamusque
1846 1084 2071 1140 somniis

479 1202 534 1247 et
555 1195 756 1246 umbra:
778 1191 1079 1244 veritatem.
1109 1185 1225 1240 Non
1250 1185 1392 1238 enim
1410 1180 1665 1237 diﬂ'erunt
1691 1175 1972 1249 pmsentia
2000 1173 2070 1228 ab

480 1285 688 1340 umbris
724 1293 778 1339 et
806 1282 1050 1338 somniis.
1098 1277 1327 1333 Proinde
1380 1291 1449 1330 ne
1478 1274 1805 1343 decipiamus
1834 1277 2072 1324 nosmet-

481 1377 647 1447 ipsos,
668 1389 840 1445 neque
853 1382 1125 1431 sectemur
1145 1369 1359 1425 umbras
1377 1386 1391 1421 :
1410 1365 1504 1423 sed
1521 1365 1604 1421 vel
1619 1379 1741 1420 sero
1757 1362 1969 1418 tandem
1986 1375 2072 1414 sa-

484 1469 607 1523 lutis
623 1477 817 1524 nostra?
838 1481 1022 1522 curam
1042 1464 1355 1526 habeamus,
1373 1470 1424 1515 et
1439 1474 1566 1529 Opes
1583 1456 1938 1526 indigentibus
1948 1468 2072 1507 eva-

484 1575 731 1625 cuemus,
779 1569 836 1614 ut
868 1573 974 1630 pro
1024 1557 1131 1611 illis
1173 1552 1708 1610 remunerationema
1739 1544 2068 1601 misericordi

486 1652 599 1707 Deo
645 1653 889 1722 accipere
938 1662 1241 1704 mereamur
1280 1662 1294 1698 :
1335 1659 1437 1714 qua
1482 1641 1635 1696 nobis
1676 1637 1922 1694 omnibus
1969 1634 2070 1689 frui

482 1745 827 1807 concedatur,
855 1742 1024 1813 gratia
1068 1749 1124 1796 et
1169 1734 1599 1793 miserationibus
1649 1730 1857 1786 Domini
1902 1727 2069 1782 nostri

479 1834 606 1891 Jesu
634 1833 849 1898 Christi,
874 1848 993 1886 cum
1025 1845 1129 1900 quo
1162 1829 1302 1882 Patri
1327 1834 1382 1881 et
1410 1824 1625 1894 Spiritui
1653 1830 1838 1875 sancto
1867 1820 1935 1875 sit
1963 1819 2071 1888 glo-

482 1927 580 1994 ria,
613 1926 915 1995 imperium,
955 1925 1145 1987 honor,
1194 1934 1335 1975 nunc
1372 1927 1423 1973 et
1450 1931 1683 1987 semper,
1715 1923 1770 1971 et
1798 1914 1850 1967 in
1875 1909 2070 1966 saecula

484 2017 822 2073 saeculorum.
853 2016 1046 2071 Amen.

1066 2141 1351 2199 llOMlLlA
1382 2141 1467 2197 LI.

485 2285 647 2340 Facta
689 2295 761 2339 est
815 2292 981 2339 autem
1025 2286 1185 2353 fames
1227 2295 1377 2350 super
1427 2286 1631 2337 terram,
1662 2281 1842 2343 prteter
1887 2268 2073 2339 famem

510 2379 749 2445 priorem,
778 2389 890 2442 qua:
916 2373 1083 2443 fuerat
1108 2380 1331 2441 tempore
1362 2368 1615 2422 Abraham
1648 2362 1798 2437 (Gen.
1828 2361 1920 2417 26.
1956 2360 2034 2433 1).

554 2510 602 2562 Ι.
636 2509 831 2562 lterum
861 2522 927 2561 ex
958 2507 1023 2559 iis
1051 2520 1169 2575 quae
1197 2518 1367 2573 nuper
1394 2501 1623 2556 diximus
1653 2497 1949 2554 doctrinam
1979 2508 2072 2549 vo-

479 2600 561 2656 bis
585 2600 804 2655 aft'eram
834 2617 848 2653 :
876 2608 936 2655 ut
965 2608 1142 2653 autem
1172 2595 1374 2666 liquido
1420 2595 1598 2649 sciatis
1631 2591 1718 2646 ubi
1749 2604 1917 2660 nuper
1946 2601 2065 2641 ser-

481 2705 694 2747 monem
722 2694 943 2745 missum
972 2688 1276 2751 fecerimus.
1295 2694 1350 2741 et
1375 2684 1513 2740 unde
1537 2682 1696 2739 bzzdie
1718 2679 2072 2737 resumendus

479 2785 568 2850 sit,
596 2797 661 2838 ea
689 2799 808 2853 qua:
837 2796 996 2852 supra
1035 2780 1177 2835 dicta
1220 2787 1363 2844 sunt,
1382 2784 1587 2831 vestra:
1612 2774 1818 2829 caritati
1869 2773 1920 2827 in
1952 2786 2071 2828 me-

482 2875 704 2929 moriam
737 2871 941 2928 referre
980 2886 1159 2942 operae
1188 2868 1416 2939 pretium
1457 2866 1636 2921 fuerit.
1662 2864 1903 2920 Tametsi
1929 2864 2069 2918 enim

480 2981 596 3033 vos,
627 2965 749 3035 quia
777 2964 959 3019 multis
984 2964 1126 3018 curis
1148 2959 1528 3026 distrahimini,
1552 2973 1734 3013 eorum
1764 2956 1899 3011 forte
1920 2956 2071 3011 obliti

482 3060 633 3122 estis,
667 3056 760 3112 sed
811 3071 989 3111 meum
1021 3064 1102 3109 est
1130 3062 1186 3107 ut
1215 3055 1265 3107 in
1286 3051 1608 3106 memoriam
1637 3049 1786 3105 vobis
1820 3047 2071 3104 reducam

480 3163 566 3215 ea,
597 3163 704 3218 quo
747 3163 926 3203 sermo
952 3145 1111 3201 hodie
1140 3143 1399 3199 dicendus
1428 3141 1759 3198 manifestior
1788 3136 1942 3195 vobis
1979 3140 2070 3196 sit.

481 3240 642 3295 Scitis
671 3240 813 3294 enim
842 3254 943 3294 nos
973 3253 1144 3308 nuper
1174 3236 1428 3291 Rebeccaa
1457 3235 1708 3306 pietatem
1737 3239 2069 3298 cnarrantes,

482 3330 607 3386 inde
644 3330 710 3386 ad
759 3331 899 3385 Esait
928 3338 983 3384 ct
1024 3329 1188 3384 Jaeob
1225 3327 1530 3392 devenisse,
1563 3326 1648 3379 ubi
1682 3333 1949 3379 narratum
1990 3329 2074 3377 est

481 3421 623 3478 Esau
655 3421 1025 3492 primogenim,
1070 3429 1127 3474 ut
1166 3420 1286 3474 cibo
1319 3419 1608 3480 frueretur,
1639 3404 1841 3472 Iacobo
1879 3414 2073 3469 vendi-

479 3514 640 3579 disse,
659 3523 713 3569 et
733 3521 950 3582 propter
972 3511 1075 3566 cibi
1103 3509 1443 3579 cupiditatem
1470 3507 1814 3576 semetipsum
1843 3520 1943 3560 suo
1973 3505 2074 3559 ho.

480 3619 612 3659 nore
658 3604 916 3672 privasse.
951 3602 1065 3656 Hoc
1107 3610 1285 3655 autem
1328 3614 1432 3653 non
1478 3606 1683 3653 temere
1727 3596 1950 3661 factum,
1979 3595 2074 3650 sed

482 3696 858 3767 ut,pr0phetia
901 3694 1286 3763 compleretur,
1323 3674 1443 3761 quas
1480 3689 1610 3746 dicit
1644 3706 1657 3743 :
1687 3690 1847 3743 Jacob
1876 3689 2034 3743 dilexi
2058 3730 2072 3753 ,

482 3787 626 3842 Esau
650 3798 817 3840 autem
860 3786 978 3840 odio
1008 3784 1161 3838 habui
1206 3782 1459 3854 (Malach.
1506 3784 1555 3837 l.
1597 3780 1652 3833 2.
1684 3781 1760 3850 3).
1793 3779 1923 3835 Nam
1950 3795 2072 3835 cum

485 3883 627 3936 Deus
655 3879 953 3935 futurorum
981 3879 1049 3933 sit
1078 3878 1357 3948 przescius,
1388 3874 1630 3945 praedixit
1658 3882 1713 3930 et
1742 3873 1880 3928 illius
1910 3873 2078 3927 virtu-

485 3983 616 4041 tem,
646 3981 707 4027 et‘
725 3971 882 4041 hujus
919 3970 1080 4024 animi
1108 3968 1418 4036 nequitiam.
1462 3968 1717 4033 Quaenam
1748 3975 1925 4020 autem
1952 3970 2079 4019 sunt

483 4065 588 4121 illa:
636 4063 1108 4134 primogenitum?
1150 4061 1332 4133 Igitur,
1381 4062 1503 4131 quia
1550 4068 1676 4114 tunc
1718 4068 1927 4129 tempus
1967 4072 2074 4112 non

489 4155 831 4227 permittebat
871 4155 1079 4209 caritati
1107 4161 1299 4208 vestra:
1324 4151 1543 4215 dicere,
1572 4166 1713 4205 nunc
1735 4163 1959 4205 necesse
1996 4156 2080 4203 est

488 4259 542 4303 ut
557 4247 806 4302 doceam.
838 4244 993 4315 Apud
1030 4253 1243 4301 veteres
1268 4257 1510 4297 summus
1531 4241 1713 4296 'honor
1735 4249 1851 4295 erat
1878 4239 2081 4311 primo-

486 4341 790 4411 geniturae:
822 4339 946 4394 hinc
992 4347 1169 4393 autem
1219 4334 1440 4390 honoris
1485 4350 1700 4390 causam
1738 4345 1793 4389 et
1820 4333 2078 4403 originem

491 4439 695 4493 habuit.
726 4436 856 4492 Cum
906 4436 1045 4491 Deus
1075 4433 1436 4489 lsrae’litarum
1463 4439 1676 4501 gentem
1723 4429 1791 4484 ab
1825 4428 2080 4500 Egyptio

488 4531 737 4594 liberare,
764 4538 817 4583 et
862 4527 1154 4583 secundum
1205 4524 1612 4595 promissionem
1645 4520 1965 4592 patriarchae
1998 4518 2080 4575 fa-

487 4634 627 4678 ctam
652 4638 682 4676 a
707 4622 987 4694 tyrannide
1014 4618 1306 4674 Pharaonis
1333 4618 1541 4688 eripere
1563 4616 1745 4681 vellet,
1770 4613 2082 4668 obiuctantc

495 4727 546 4767 et
577 4714 816 4767 detinere
845 4714 1056 4768 volente
1080 4722 1203 4765 tunc
1230 4708 1483 4781 Egyptio
1518 4726 1530 4761 :
1562 4715 1679 4776 post
1702 4705 1872 4760 varias
1902 4705 2083 4775 plagas

492 4806 653 4858 etiam
707 4803 872 4858 ‘hanc
926 4813 1246 4872 postremam
1292 4806 1371 4856 eis
1428 4800 1648 4858 intulit;
1709 4798 1820 4853 fere
1886 4810 2084 4867 cogens

504 4892 775 4966 altlgyptios
805 4901 863 4946 nt
910 4893 1021 4947 suis
1051 4893 1296 4946 manibus
1335 4889 1682 4945 extruderent
1726 4889 2083 4945 lsraélitarum

499 5004 665 5058 genus
712 4984 908 5050 (Exod.
952 4984 1062 5053 12).
1114 4983 1243 5038 Nam
1294 4982 1451 5038 simul
1483 4982 1658 5036 omnia
1710 4979 2082 5053 Egyptiorum

497 5076 847 5150 primogenita
875 5074 1043 5131 occidi
1068 5074 1227 5145 jussit
1258 5071 1332 5143 (α)
1359 5089 1372 5127 :
1403 5072 1736 5143 vidissesque
1764 5072 1815 5125 in
1865 5069 2086 5140 singulis

545 5301 628 5363 to)
662 5302 747 5350 ttic
766 5298 961 5351 videtur
983 5296 1247 5363 pugnantia
1270 5294 1401 5357 loqui
1436 5293 1813 5363 Chrymrstomus,
1839 5304 1945 5342 cum
1962 5293 2090 5363 juris

498 5354 890 5427 primogenitum
928 5354 1114 5427 usus,
1142 5357 1187 5407 id
1234 5354 1547 5427 esu—causam
1572 5362 1624 5427 et
1646 5354 1904 5427 originem,
1931 5354 2091 5404 refert

497 5414 555 5472 ad
578 5414 968 5473 intErnecionem
983 5414 1418 5495 primogenitorum
1433 5416 1799 5527 Aifyptiﬁnnis
1817 5414 1928 5478 plus
1946 5429 2089 5478 quam

499 5485 732 5527 trecentis
748 5493 855 5527 una
869 5493 1029 5527 ortum
1049 5488 1167 5527 Esau
1193 5490 1244 5527 et
1260 5480 1421 5527 Jacobi
1449 5493 1460 5527 :
1517 5492 1545 5527 e
1568 5490 1776 5527 quorum
1798 5480 2089 5527 primogeni-

499 5485 732 5534 trecentis
748 5493 855 5546 post
869 5480 1029 5546 ortum
1049 5480 1167 5533 Esaii
1193 5490 1244 5546 et
1260 5480 1421 5529 Jacobi
1449 5480 1545 5546 :de
1568 5490 1776 5541 quorum
1798 5480 2092 5546 primogeni-

499 5539 763 5607 turaetdé
781 5545 891 5607 jure
912 5545 1042 5607 illam
1080 5545 1344 5594 comitante
1368 5539 1692 5607 quiestio’est.
1735 5539 1825 5607 Sed
1850 5539 1981 5607 bene
2006 5540 2092 5589 ad-

504 5606 651 5667 vertit
673 5604 756 5667 ille
779 5601 950 5667 postea
975 5605 1019 5654 id
1057 5619 1153 5654 non
1186 5618 1330 5667 posse
1354 5601 1614 5666 quadrare,
1636 5614 1748 5667 eum
1771 5601 1910 5667 dicit,
1930 5615 2094 5667 quant-

503 5666 579 5734 vis
601 5664 842 5734 legislatio
864 5664 1273 5734 illattebraaorum
1289 5666 1354 5715 de
1374 5664 1715 5734 primogenitis
1720 5666 1973 5734 posterior
1989 5664 2096 5734 fue-

503 5725 685 5799 rit..th
701 5734 864 5776 tamen
896 5727 1094 5799 aliquod
1114 5725 1509 5799 primogentturae
1540 5725 1687 5799 antea
1716 5725 1886 5774 fuisse.
1914 5730 1967 5772 Et
1988 5725 2095 5796 hac

504 5787 696 5834 ratione
718 5799 827 5847 quae
851 5800 946 5837 non
969 5787 1209 5850 Quadrare
1241 5787 1552 5849 videbantur,
1586 5795 1852 5848 utcumque
1876 5788 2091 5850 corrigit.

1242 334 1301 389 S.
1341 329 1619 387 JOANNIS
1654 317 2129 385 CHRYSOSTOMI
2171 321 2483 376 ARCIIIEP.
2529 321 3061 379 CONSTANTl-NOP.

3666 325 3763 381 ΠΕ

2179 438 2426 494 domibus
2452 441 2679 509 ejulatus
2707 451 2761 497 et
2791 441 3089 514 lacrymas;
3120 456 3292 513 neque
3318 443 3397 498 sic
3425 443 3682 513 putabant
3709 447 3768 499 fi-

2178 532 2276 586 niri
2305 531 2537 604 plagam,
2566 532 2657 588 sed
2704 532 2848 589 illinc
2891 536 3050 589 etiam
3098 532 3481 603 exspectabant
3522 544 3582 589 ut
3626 551 3768 590 mors

2174 639 2281 693 qua
2311 634 2552 694 coeperat
2593 640 2838 695 pergens,
2886 624 2952 680 ad
2993 639 3182 680 omnes
3230 626 3556 695 perveniret.
3592 626 3769 696 Itaque

2173 719 2296 780 quia
2326 718 2379 772 in
2422 716 2657 790 Egypto
2686 734 2788 774 una
2831 718 3068 774 omnium
3100 718 3574 790 primogeniton
3623 734 3768 774 mors

2178 812 2293 878 fuit,
2317 809 2568 867 Israelita:
2593 821 2768 866 autem
2790 812 2966 867 divina
2993 811 3113 867 freti
3137 815 3328 883 gratia,
3353 813 3503 868 illaesi
3519 828 3767 882 perman—

2174 912 2359 957 serunt
2390 921 2405 957 :
2436 917 2530 972 per
2559 904 2660 958 hoc
2682 904 2844 959 etiam
2875 903 3163 959 ostendens
3190 903 3427 958 omnium
3453 904 3595 959 Deus
3614 918 3765 957 suam

2174 1006 2298 1062 erga
2332 992 2453 1048 illos
2498 993 2948 1058 benevolentiam.
2996 995 3276 1065 imperavit
3302 994 3375 1059 in_
3407 1003 3683 1063 posterum
3711 1004 3768 1047 ut

2176 1092 2393 1153 propter
2424 1084 2847 1141 interfectionem
2877 1086 3352 1157 primogenitorum
3380 1085 3623 1158 Egypti,
3659 1085 3772 1157 pri-

2176 1176 2430 1247 mogeniti
2459 1176 2763 1233 Judteorum
2813 1179 2964 1249 pueri
3009 1178 3110 1235 sibi
3153 1178 3496 1234 offerrentur.
3532 1177 3671 1233 llinc
3714 1186 3770 1231 et

2177 1271 2346 1325 tribus
2393 1269 2521 1326 Levi
2553 1270 2606 1325 in
2655 1269 3011 1327 sacerdotium
3036 1278 3315 1342 segregata
3360 1276 3467 1337 est,
3490 1277 3546 1324 et
3583 1282 3653 1323 ex
3679 1267 3768 1322 illo

2175 1376 2280 1415 non
2310 1361 2481 1416 solum
2506 1362 2855 1433 primogenita
2881 1361 3153 1418 hominum
3175 1361 3350 1417 oblata
3371 1370 3494 1416 sunt
3516 1360 3649 1425 Deo.
3674 1359 3767 1415 sed

2174 1463 2228 1507 ct
2272 1453 2573 1519 bruzorum,
2616 1464 2670 1507 et
2720 1454 2771 1507 in
2819 1455 3132 1510 universum
3155 1454 3422 1509 omnium.
3454 1453 3520 1507 Et
3566 1465 3768 1521 ιη’ωωο

2177 1560 2322 1617 ptum
2373 1557 2507 1614 erat,
2541 1563 2638 1618 pro
2686 1547 2993 1603 hominibus
3028 1556 3089 1603 et
3116 1546 3405 1602 immundis
3446 1543 3768 1600 animalibus

2178 1640 2404 1709 pretium
2452 1639 2701 1710 dependi.
2744 1640 2999 1706 Quamvis
3039 1648 3218 1694 autem
3261 1636 3528 1707 iegislatio
3555 1634 3674 1689 hinc
3700 1633 3767 1688 de

2179 1731 2545 1801 primogenitis
2611 1731 2877 1800 posterior
2930 1729 3092 1785 fuerit
3122 1747 3136 1783 :
3163 1738 3394 1783 attamen
3445 1726 3557 1796 jam
3606 1739 3765 1794 supra

2177 1830 2231 1873 et
2275 1820 2404 1874 olim
2446 1819 2767 1874 videbantur
2808 1818 3021 1890 aliquod
3053 1818 3251 1873 habere
3291 1816 3651 1887 privilegium,
3677 1814 3765 1884 qui

2180 1912 2392 1965 vulvam
2438 1911 2623 1966 matris
2674 1911 2903 1980 primum
2951 1908 3351 1979 adaperiebant.
3399 1907 3547 1961 llanc
3609 1905 3767 1975 igitur

2177 2005 2528 2074 dignitatem,
2575 2020 2735 2075 quam
2775 2018 2804 2057 a
2832 2013 3018 2059 natura
3065 2001 3296 2057 habebat
3339 2000 3498 2060 Esau,
3552 2006 3766 2067 propter

2158 2094 2647 2167 intemperantiam
2695 2111 2846 2152 suam
2886 2095 3156 2150 transtulit
3195 2094 3246 2148 in
3294 2093 3531 2146 fratrem.
3566 2091 3636 2145 Et
3679 2090 3767 2143 ille

2179 2188 2391 2258 quidem
2440 2187 2671 2258 perdidit
2711 2186 2852 2257 quod
2879 2202 2909 2241 a
2939 2195 3128 2241 natura
3172 2184 3438 2239 habebat:
3467 2182 3553 2236 hic
3589 2192 3765 2234 autem

2178 2290 2232 2336 et
2264 2280 2405 2351 quod
2449 2295 2554 2335 non
2584 2279 2815 2336 habebat
2839 2294 2868 2333 a
2897 2288 3106 2343 natura,
3138 2275 3360 2345 accepit.
3406 2274 3475 2329 Et
3504 2273 3627 2344 quia
3657 2272 3769 2326 haec

2179 2383 2333 2427 antea
2363 2373 2583 2428 oraculo
2622 2372 2883 2442 promissa
2933 2377 3104 2437 erant,
3135 2367 3258 2423 ideo
3286 2365 3550 2428 Rebecca,
3581 2362 3767 2433 appel—

2178 2466 2376 2522 latione
2405 2466 2452 2520 ei
2484 2465 2669 2529 indita,
2713 2464 2880 2520 Iacob
2921 2477 3046 2519 eum
3095 2460 3304 2517 vocavit
3332 2457 3513 2529 :quod
3564 2455 3767 2509 scilicet

2178 2558 2665 2629 supplantationem
2718 2554 3056 2626 interpretari
3114 2562 3286 2623 potes,
3343 2550 3480 2604 sicut
3524 2557 3578 2602 et
3624 2546 3766 2601 Esau

2178 2660 2297 2721 post
2323 2650 2486 2718 patris
2512 2647 2914 2704 benedictiones
2956 2644 3160 2715 ejnlans
3185 2640 3416 2706 dicebat,
3447 2638 3594 2693 Iuste
3622 2651 3767 2690 uoca-

2176 2749 2284 2794 tum
2312 2749 2386 2795 est
2424 2756 2607 2794 nomen
2635 2739 2746 2809 ejus
2781 2736 2943 2791 Iacob
2973 2752 2992 2791 :
3016 2731 3358 2805 supplantavit
3386 2731 3520 2784 enim
3552 2744 3631 2781 me
3654 2727 3768 2797 jam

2174 2832 2416 2898 secundo,
2448 2841 2496 2888 et
2541 2832 2875 2903 primogenita
2920 2847 3029 2884 mea
3059 2828 3269 2898 accepit,
3301 2833 3348 2879 et
3391 2840 3524 2877 nunc
3560 2819 3767 2876 benedi-

2176 2925 2389 2979 ctionem
2418 2939 2579 2977 meam
2622 2922 2774 2993 (Gen.
2800 2922 2890 2977 27.
2920 2920 3034 2992 56).

2253 3014 2306 3068 N
2311 3016 2535 3070 ominum
2564 3014 2883 3085 propriorum
2904 3011 3157 3079 impositio
3175 3039 3265 3063 .—
3281 3008 3413 3062 Vide
3438 3015 3632 3076 quanta
3654 3013 3769 3058 erat

2179 3109 2478 3178 priscorum
2529 3106 2832 3178 prudentia,
2888 3104 2971 3159 vel
3015 3103 3209 3173 potius,
3241 3110 3435 3171 quanta
3486 3096 3646 3152 fuerit
3676 3094 3767 3149 Dei

2176 3199 2462 3269 sapientia,
2512 3212 2616 3267 qua
2661 3195 2900 3252 effecerit
2930 3206 2985 3249 ut
3027 3204 3079 3248 et
3108 3193 3357 3247 mulieres
3388 3189 3523 3244 natis
3554 3186 3765 3241 nomina

2179 3305 2283 3344 non
2309 3298 2513 3345 temere
2536 3302 2639 3342 nec
2665 3285 2885 3342 fortuito
2925 3289 3277 3354 imponerent,
3312 3280 3405 3337 sed
3436 3279 3651 3335 nomina
3676 3277 3769 3333 ds-

2178 3391 2319 3447 rent,
2348 3396 2468 3451 qua:
2508 3380 2628 3435 filiis
2656 3387 2837 3434 essent
2882 3379 3177 3433 futurorum
3222 3373 3514 3447 prmdictio.
3547 3373 3613 3427 Et
3650 3387 3771 3426 raro

2179 3473 2421 3531 invenies
2443 3471 2636 3530 eodem
2668 3488 2775 3542 quo
2818 3480 2997 3542 patres
3048 3469 3264 3524 nomine
3305 3466 3562 3537 appellari
3593 3464 3731 3519 ﬁlios
3752 3504 3771 3530 ,

2178 3568 2260 3622 vel
2289 3566 2427 3622 forte
2450 3580 2710 3634 nusquam
2746 3583 2760 3619 :
2792 3564 2885 3620 sed
2913 3565 3028 3619 sive
3055 3572 3224 3618 mater
3252 3561 3370 3616 sive
3400 3570 3549 3631 pater
3577 3573 3771 3614 nomen

2182 3661 2292 3716 lilio
2323 3659 2667 3730 impositurus
2693 3667 2832 3722 erat,
2862 3674 3040 3712 rarum
3067 3655 3335 3726 quoddam
3363 3663 3417 3709 et
3443 3668 3635 3709 novum
3668 3653 3771 3706 im-

2180 3753 2433 3822 ponebat,
2468 3761 2524 3807 ut
2569 3766 2666 3821 per
2714 3750 2839 3806 illud
2871 3750 3043 3820 aliqua
3096 3748 3268 3802 futura
3314 3746 3771 3817 prtesignitiearct.

2183 3845 2256 3899 Ita
2284 3853 2337 3899 et
2366 3843 2595 3898 Lamech
2637 3842 2801 3896 tilium
2848 3840 3056 3895 vocavit
3102 3839 3235 3904 Noe,
3281 3839 3509 3892 dicens:
3542 3835 3643 3889 llic
3682 3850 3777 3888 nos

2182 3939 2491 4009 requiescere
2534 3936 2684 4007 faciet
2717 3933 2868 4005 (Gen.
2897 3934 2948 3990 5.
2979 3933 3095 4003 29).
3132 3931 3205 3985 Ita
3248 3933 3291 3985 si
3320 3930 3523 4000 singula
3556 3929 3774 3983 nomine

2182 4031 2454 4095 scruteris,
2486 4029 2705 4084 omnino
2738 4029 2789 4083 in
2838 4028 3084 4083 omnibus
3108 4025 3351 4080 invenies
3398 4024 3597 4092 aliquid
3642 4023 3775 4077 insi-

2186 4123 2337 4176 nuari
2372 4138 2386 4174 :
2420 4137 2524 4177 non
2554 4122 2690 4175 sicut
2715 4134 2856 4174 tuine
2878 4118 3098 4185 faciunt,
3132 4118 3222 4188 qui
3249 4127 3449 4173 temere
3477 4125 3531 4169 ct
3559 4126 3613 4169 ut
3637 4114 3775 4169 forte

2184 4213 2379 4277 evenit,
2413 4229 2441 4266 a
2469 4210 2778 4281 parentibus
2806 4210 3151 4281 agnominare
3180 4209 3355 4264 solent
3386 4226 3400 4262 :
3432 4207 3527 4263 sed
3558 4207 3777 4261 omnino

2175 4304 2309 4369 illuc
2337 4302 2665 4373 spectabant,
2695 4312 2753 4357 ut
2778 4309 3085 4371 perpetuam
3115 4300 3424 4355 memoriam
3469 4314 3567 4369 per
3588 4296 3777 4368 appel-

2187 4400 2440 4454 lationem
2461 4398 2603 4452 illam
2626 4397 2746 4451 tiliis
2763 4395 3026 4451 inderent.
3047 4395 3312 4450 Cancrum
3331 4392 3608 4448 videamus
3638 4404 3781 4445 nunc

2186 4499 2304 4560 post
2325 4489 2764 4559 primogenitum
2785 4486 3254 4557 permutationem,
3268 4483 3393 4554 quid
3413 4484 3604 4539 iterum
3627 4482 3781 4538 nobis

2188 4589 2370 4636 narret
2412 4580 2598 4635 beatus
2626 4579 2800 4634 Moses
2838 4577 2907 4634 de
2956 4586 3104 4646 patre
3151 4577 3380 4641 illorum,
3412 4584 3469 4630 et
3509 4570 3781 4643 quomodo

2188 4671 2323 4727 sicut
2355 4669 2425 4724 de
2457 4667 2755 4738 patriarcha
2775 4666 2974 4722 dictum
3002 4674 3102 4731 est,
3138 4666 3207 4719 ita
3232 4675 3287 4720 et
3311 4664 3376 4719 de
3402 4662 3505 4717 hoc
3529 4661 3777 4732 legimus,

2187 4779 2308 4819 eum
2344 4763 2482 4817 fame
2510 4763 2788 4832 ingruente
2812 4760 3030 4814 multam
3064 4759 3155 4814 Dei
3184 4773 3365 4814 curam
3391 4754 3645 4820 sensisse,
3670 4763 3780 4807 tum

2191 4863 2407 4926 propter
2437 4855 2685 4908 virtutem
2715 4852 2980 4922 pr0priam
3003 4893 3016 4918 ,
3050 4860 3161 4904 tum
3206 4858 3426 4920 propter
3471 4846 3784 4917 promissio-

2191 4964 2313 5003 nem
2336 4945 2659 5018 patriarcha:
2689 4944 2901 5001 factam.
2932 4944 2984 5028 ll,
3020 4942 3184 4997 Facta
3222 4953 3296 4997 est
3320 4952 3488 4996 autem
3517 4944 3677 5012 {antes
3700 4955 3785 4993 stt-

2193 5055 2280 5109 per
2306 5051 2509 5095 terram.
2544 5045 2726 5106 printer
2755 5036 2938 5105 {autem
2964 5035 3206 5105 priorem,
3235 5049 3348 5104 qua:
3374 5033 3540 5101 fuerat
3566 5043 3788 5099 lernpore

2192 5130 2410 5185 Abraha:
2439 5129 2589 5197 (Cap.
2616 5127 2828 5201 ‘26).Ut
2858 5143 2925 5182 ne
2955 5136 3107 5196 putes
3136 5127 3203 5181 de
3243 5127 3329 5181 illa
3374 5124 3516 5179 fante
3554 5138 3679 5178 euut
3709 5122 3788 5176 di-

2192 5237 2332 5287 cere,
2360 5229 2636 5291 propterea
2666 5218 2902 5275 subdidit
2925 5218 3155 5274 :‘Prtztcr
3182 5223 3365 5291 famem
3392 5233 3507 5289 qua:
3533 5226 3640 5271 erat
3659 5225 3788 5271 tem—

2197 5332 2316 5385 pore
2342 5314 2668 5386 patriarcha,
2701 5314 2851 5383 quasi
2894 5312 3125 5377 d'ceret,
3153 5313 3256 5368 alia
3299 5311 3489 5367 similis
3519 5326 3661 5366 nunc
3686 5311 3787 5364 ite-

2197 5423 2311 5462 rum
2343 5406 2512 5461 fames
2537 5406 2683 5461 venit
2724 5420 2884 5476 super
2930 5415 3125 5460 terram
3155 5415 3395 5475 tempore
3420 5404 3591 5467 Isaac,
3619 5402 3791 5475 qualis

2197 5510 2314 5555 erat
2358 5507 2601 5567 tempore
2652 5498 2827 5568 «patris
2879 5497 3036 5551 illius.
3089 5496 3522 5552 Necessariorum
3572 5495 3792 5566 penuria

2200 5607 2390 5649 etn‘nes
2419 5592 2470 5646 in
2499 5605 2762 5645 summam
2793 5591 3088 5661 angustiam
3115 5590 3465 5645 concludebat
3494 5607 3507 5643 :
3541 5601 3704 5658 atque
3723 5602 3792 5642 es

2201 5687 2313 5741 suis
2342 5685 2571 5756 migrare
2600 5694 2652 5738 et
2679 5684 2744 5737 ad
2768 5682 2864 5737 illa
2897 5683 3011 5736 loca
3045 5683 3274 5737 transire
3299 5683 3543 5752 cogebat.
3572 5682 3659 5735 ubi
3702 5689 3790 5728 re-

2203 5793 2319 5832 rum
2366 5788 2785 5831 necessariarum
2835 5773 3046 5842 cepiam
3094 5773 3413 5830 invenirent.
3471 5770 3622 5833 Unde
3674 5780 3790 5819 eum
