4078 6428
328 389 441 446 εδδ

304 505 507 575 iustus
545 490 879 557 illeifamem
913 500 1133 562 videret,
1167 497 1433 568 Profectus
1476 505 1569 563 est,
1618 495 1805 566 inquit,
1856 493 1923 547 ad

332 582 618 651 Abimeleclt
646 594 702 648 in
732 591 943 647 Geram.
974 591 1052 645 Eo
1082 590 1223 646 enim
1252 598 1305 645 et
1333 588 1598 643 Abraham
1628 594 1748 656 post
1795 585 1919 639 red-

333 687 469 739 itum
496 692 651 737 suum
678 698 747 738 ex
784 681 1015 752 (Egypto
1058 690 1296 735 venerat.
1323 678 1624 733 Verisimile
1654 686 1830 732 autem
1871 689 1917 730 Cl
1948 685 1988 694 θ

339 777 489 831 hunc
520 782 802 845 propterea
833 775 963 829 illuc
990 773 1204 839 abiisse,
1236 770 1379 842 quod
1407 770 1529 825 inde
1556 771 1606 825 in
1633 769 1922 841 [Egyptum
1965 836 1975 845 ι

332 867 667 923 contendere
695 866 888 930 vellet;
918 873 974 920 et
1012 863 1153 934 quod
1183 862 1285 918 hoc
1311 864 1382 917 ita
1408 862 1496 927 sit,
1522 861 1641 916 audi
1686 860 1898 928 Scriptu

333 970 453 1011 ram
485 957 750 1011 dicentem
790 956 807 989 ⁸
840 973 854 1010 :
883 954 943 1010 2.
981 954 1126 1009 Visus
1150 964 1222 1008 est
1249 956 1390 1009 enim
1418 953 1485 1019 ei,
1533 953 1720 1023 inquit,
1752 951 1921 1014 Deus,

336 1056 387 1100 et
432 1047 565 1101 dixit
592 1061 612 1099 :
641 1043 726 1101 Ne
749 1045 1017 1100 descendas
1039 1044 1093 1097 in
1116 1042 1424 1115 Ai‘gypmm.
1454 1041 1590 1097 Nolo
1617 1050 1688 1107 te,
1720 1039 1886 1108 inquit
1906 1079 1920 1101 ,

342 1137 560 1207 longam
604 1136 750 1190 illaut
791 1137 930 1189 viam
959 1135 1246 1204 proficisci,
1277 1134 1369 1189 sed
1417 1133 1503 1189 hic
1531 1146 1747 1187 manere
1783 1130 1921 1185 volo.

339 1226 529 1296 Neque
555 1226 805 1296 permitto
832 1234 884 1280 ut
911 1225 1206 1296 angustiam
1236 1223 1545 1295 experiaris,
1573 1223 1664 1277 sed
1693 1221 1922 1293 promis-

336 1317 545 1371 sionem
571 1316 707 1386 patri
732 1324 826 1380 tuo
850 1316 1045 1370 factam
1067 1315 1320 1385 implebo,
1344 1323 1397 1368 et
1423 1330 1541 1384 qua:
1564 1314 1638 1369 illi
1668 1314 1924 1385 promissa

335 1417 489 1472 sunt,
520 1406 572 1460 in
622 1416 676 1461 te
722 1407 968 1462 evenient
1000 1424 1015 1462 :
1045 1414 1100 1460 et
1145 1414 1201 1460 tu
1248 1406 1650 1476 promtssiones,
1699 1422 1817 1476 qua:
1848 1406 1926 1461 illi

334 1497 497 1554 facta:
523 1507 666 1560 sunt,
697 1514 756 1555 re
799 1500 912 1569 ipsa
937 1499 1183 1570 accipies.
1235 1497 1316 1553 Ne
1358 1499 1629 1554 descendas
1654 1501 1708 1553 in
1749 1499 1923 1570 digg-

332 1599 480 1660 ptum
505 1605 524 1644 :
555 1590 723 1643 Itabita
750 1600 914 1643 autem
954 1591 1006 1644 in
1053 1602 1188 1645 terra
1238 1607 1389 1661 quam
1440 1592 1529 1646 tibi
1571 1593 1762 1657 dixero,
1791 1593 1846 1647 5.
1875 1601 1924 1646 et

334 1681 631 1752 peregrinus
657 1690 759 1735 esto
786 1682 838 1734 in
864 1690 997 1735 terra
1016 1683 1132 1736 hac.

411 1772 470 1826 2.
500 1771 700 1827 Deinde
729 1780 786 1826 ut
814 1786 882 1827 ne
911 1779 1060 1842 putet
1084 1772 1281 1842 justus,
1310 1773 1476 1829 Deum
1519 1773 1621 1829 hoc
1664 1774 1927 1844 imperare

332 1862 491 1932 quasi
521 1870 786 1917 volentem
817 1877 937 1916 eum
967 1862 1121 1917 famis
1145 1865 1439 1932 angustiam
1461 1865 1709 1934 experiri,
1736 1873 1791 1919 ct
1820 1880 1925 1919 non

340 1951 658 2020 permittere
687 1951 734 2005 ei
765 1951 1042 2007 transitum
1070 1952 1122 2006 in
1151 1951 1459 2023 lEgyptum,
1507 1954 1678 2025 inquit
1712 1972 1726 2008 :
1750 1953 1827 2009 Ne
1852 1956 1927 2009 sis

340 2040 560 2102 anxius,
597 2056 770 2110 neque
794 2057 975 2097 curam
1004 2040 1159 2109 habe,
1189 2043 1283 2099 sed
1314 2044 1397 2098 hic.
1421 2059 1582 2099 mane
1614 2062 1626 2097 :
1658 2044 1767 2115 Ego
1796 2046 1926 2099 enim

332 2150 423 2189 ero
443 2144 625 2188 tecum.
674 2134 838 2204 Igitur
884 2148 1005 2189 cum
1049 2136 1495 2205 suppt-ditatorem
1527 2120 1784 2191 bonorum
1809 2153 1924 2191 om-

335 2224 489 2277 nium
522 2223 739 2286 habeas,
787 2238 855 2279 ne
903 2226 978 2279 sis
1028 2224 1449 2294 sollicitus:ego
1495 2226 1637 2280 enim
1672 2226 1925 2281 Dominus

335 2314 579 2368 omnium
607 2327 701 2369 cro
728 2324 901 2369 tecum
935 2332 949 2368 :
980 2329 1152 2385 neque
1194 2315 1295 2371 hoc
1323 2315 1516 2383 solum,
1546 2317 1639 2372 sed
1682 2316 1748 2370 Et
1780 2316 1925 2372 bene-

333 2408 505 2461 dicam
532 2416 598 2473 te,
626 2408 728 2460 hoc
755 2415 859 2472 est,
890 2406 1177 2476 gloriosum
1210 2416 1260 2463 te
1287 2408 1497 2476 faciam,
1524 2419 1579 2466 et
1601 2409 1928 2467 benedictio-

335 2512 466 2553 nem
509 2511 685 2552 meam
736 2497 1002 2566 prmbebo.
1053 2498 1188 2564 Quid
1234 2500 1333 2554 hoc
1373 2502 1515 2569 justo
1561 2501 1785 2566 beatius,
1833 2503 1923 2574 qui

335 2589 501 2644 talem
548 2589 955 2659 promissionem
988 2605 1017 2644 a
1055 2591 1164 2645 Deo
1190 2594 1399 2662 accepit
1434 2612 1448 2647 :
1484 2593 1585 2648 Ero
1632 2605 1826 2659 tecum,
1877 2605 1925 2651 et

334 2678 625 2733 benedicam
655 2681 743 2734 te?
784 2679 897 2735 [loc
936 2688 988 2735 te
1018 2679 1304 2737 declarabit
1333 2684 1579 2740 omnibus
1605 2684 1920 2754 feliciorem,

336 2770 442 2824 hoc
461 2778 512 2824 te
536 2767 841 2825 affluentem
864 2769 1021 2826 rebus
1037 2771 1281 2827 omnibus
1297 2771 1468 2837 faciet,
1492 2775 1604 2829 haec
1620 2783 1701 2830 est
1714 2791 1922 2832 summa

332 2860 527 2931 gloria,
559 2859 672 2915 lucc
720 2869 804 2916 est
831 2875 955 2916 vera
981 2862 1258 2928 securitas,
1291 2863 1392 2919 hoc
1416 2875 1498 2919 est
1521 2867 1729 2921 culmen
1756 2876 1811 2922 et
1831 2881 1923 2922 ca-

336 2961 434 3022 put
463 2953 743 3020 bonorttm,
775 2954 896 3023 quia
922 2969 1023 3024 ego
1054 2963 1226 3009 tecum
1253 2970 1391 3010 sum.
1444 2957 1506 3010 Et
1532 2957 1819 3014 benedicam
1852 2970 1920 3016 te.

338 3043 623 3109 Quomodo
674 3052 850 3097 autem
880 3053 933 3099 te
975 3044 1281 3102 benedicam
1308 3047 1331 3100 ?
1360 3047 1474 3102 Tibi
1518 3060 1565 3102 et
1606 3052 1786 3105 semini
1837 3062 1923 3107 tuo

332 3132 469 3185 dabo
500 3144 687 3187 terram
730 3134 880 3189 hanc.
912 3136 992 3190 Τιι
1037 3139 1230 3194 videris
1258 3140 1309 3193 in
1356 3140 1453 3196 hac
1481 3143 1697 3211 regione
1721 3147 1919 3201 versari

331 3224 492 3292 quasi
524 3223 722 3295 hospes
764 3234 819 3280 et
847 3243 1007 3297 vagus
1038 3246 1051 3282 :
1089 3229 1225 3283 scias
1253 3239 1427 3285 autem
1455 3232 1591 3302 quod
1635 3234 1727 3288 tibi
1755 3245 1805 3288 et
1832 3252 1916 3290 se.

332 3316 467 3367 mini
495 3325 584 3369 tuo
622 3316 832 3371 dabitur
860 3318 973 3372 ba‘c
998 3320 1172 3374 omnis
1204 3329 1363 3376 terra.
1414 3321 1479 3376 Et
1504 3333 1561 3377 ut
1592 3324 1726 3379 bene
1752 3329 1921 3380 conli-

328 3406 451 3467 das,
483 3405 631 3461 disce
658 3421 743 3461 me
763 3407 1124 3476 juramentum
1152 3410 1298 3477 illud,
1330 3412 1470 3480 quod
1494 3414 1663 3482 jnravi
1691 3415 1920 3470 Abralne

330 3496 471 3566 patri
505 3506 618 3561 tuo,
654 3507 824 3552 tecum
857 3508 1112 3555 statuere.
1159 3501 1286 3556 Vide
1311 3503 1581 3572 quomodo
1610 3520 1911 3560 sermonem

330 3603 495 3640 suum
531 3588 669 3641 Deus
698 3590 886 3643 iterum
908 3598 1221 3660 attemperat
1249 3602 1444 3648 nostrae
1467 3595 1774 3650 infirmitati.
1802 3597 1917 3652 Non

328 3680 470 3733 dixit
495 3679 824 3749 simpliciter,
857 3680 1014 3736 Pacta
1061 3698 1178 3753 qua:
1208 3683 1306 3740 feci
1353 3700 1472 3739 cum
1506 3696 1651 3754 patre
1680 3696 1787 3753 tuo,
1822 3704 1917 3744 ne-

329 3784 441 3838 que
475 3770 854 3838 promiSsiones
876 3788 1006 3841 quas
1037 3775 1252 3843 promisi
1282 3791 1296 3828 :
1325 3774 1418 3830 sed
1443 3778 1568 3846 quid
1591 3779 1614 3832 ?
1638 3777 1911 3834 Juramen.

329 3871 439 3913 tum
466 3861 603 3930 quod
637 3862 830 3931 juravi.
860 3862 1211 3943 Jurejurando
1238 3867 1408 3936 ipsum
1439 3868 1746 3924 cnnlirmavi
1768 3871 1916 3940 jura-

328 3960 600 4016 ntentum,
629 3964 683 4006 et
715 3961 899 4027 teneor
924 3966 979 4009 ut
1004 3971 1166 4025 opere
1194 3958 1461 4026 perficiam
1488 3960 1627 4030 quod
1651 3960 1842 4031 juravi.

404 4040 531 4095 Non
557 4053 748 4114 spectat
775 4062 917 4098 suam
957 4046 1250 4117 dignitatem
1282 4047 1437 4115 Dens,
1469 4051 1557 4103 sed
1582 4063 1805 4106 nostram
1835 4054 1915 4107 in-

326 4132 881 4201 ﬁrmitatem—Vides
909 4137 999 4192 Dei
1025 4138 1399 4195 clementiam?
1419 4140 1533 4195 Non
1560 4143 1624 4196 ad
1650 4134 1913 4213 propriam

326 4222 644 4292 dignitatem
673 4227 965 4299 respiciens
1001 4228 1251 4298 loquitur,
1297 4231 1389 4286 sed
1420 4231 1484 4286 ad
1534 4245 1766 4289 nostram
1796 4251 1916 4291 sese

324 4324 694 4382 attemperans
739 4316 1123 4389 infirmitatem.
1170 4321 1299 4374 Nam
1346 4323 1466 4392 quia
1517 4323 1760 4380 homines
1806 4326 1915 4381 fere

326 4419 544 4473 scalper
570 4405 657 4481 illa
700 4420 862 4475 opere
889 4408 1141 4476 perlicere
1165 4410 1397 4477 student,
1431 4428 1534 4465 non
1566 4430 1682 4483 qua:
1708 4416 1913 4485 simpli-

324 4493 465 4546 citer
497 4496 859 4563 promiserunt
907 4498 1086 4562 alicui,
1135 4501 1228 4554 sed
1274 4517 1394 4570 qua:
1442 4518 1560 4556 cum
1609 4504 1913 4573 juramcnto

325 4585 695 4653 promiserunt
727 4604 741 4641 :
772 4587 929 4641 simili
961 4589 1119 4644 modo
1147 4598 1201 4644 et
1246 4591 1382 4645 Deus
1421 4591 1569 4662 justo
1614 4595 1818 4663 plenam
1852 4598 1913 4649 li-

324 4676 453 4732 dctn
485 4676 711 4759 faciens,__
736 4695 796 4733 ea
843 4695 960 4749 quin
989 4696 1017 4733 a
1047 4698 1106 4736 se
1151 4683 1289 4737 dicta
1332 4693 1456 4737 sunt
1491 4682 1709 4740 oninino
1739 4688 1910 4742 futura

322 4782 450 4847 esse
504 4768 674 4823 dicit:
704 4769 852 4824 Scias
896 4786 957 4826 ea
1005 4788 1122 4842 qua:
1159 4788 1188 4826 a
1230 4791 1314 4827 me
1354 4774 1654 4844 juratnento
1705 4780 1907 4833 firmata

322 4868 473 4922 sunt,
504 4874 666 4928 Opere
713 4861 974 4930 implenda
1024 4879 1163 4918 esse.
1222 4866 1355 4933 Quid
1414 4867 1610 4942 igitur?
1662 4871 1905 4939 inquies:

325 4948 472 5002 Dens
510 4949 750 5017 juravit?
777 4961 831 5006 et
858 4968 950 5021 per
978 4971 1133 5023 quem
1159 4955 1339 5025 jurare
1368 4958 1577 5024 potuit?
1605 4958 1763 5014 Vides
1808 4960 1907 5016 hoc

325 5053 451 5091 sese
483 5038 547 5091 ad
576 5048 807 5094 nostrain
840 5032 1194 5099 inﬁrmitatem
1219 5049 1619 5117 attemperantis
1639 5066 1756 5105 esse
1781 5069 1794 5105 :
1821 5052 1907 5104 tir-

319 5128 611 5182 mationem
646 5133 1011 5197 promissionis
1053 5138 1261 5190 vocavit
1290 5139 1670 5203 juramentum.
1703 5139 1769 5193 Et
1797 5153 1901 5195 sta-

319 5230 486 5283 ltttttll,
526 5218 715 5290 inquit,
747 5224 1092 5293 jurantcntum
1123 5244 1307 5293 meum,
1347 5229 1482 5298 quod
1508 5230 1694 5299 jurans
1730 5233 1902 5301 juravi

318 5310 542 5363 Abraltw
584 5311 718 5381 patri
757 5324 856 5368 tuo.
909 5316 1109 5371 Deinde
1136 5317 1294 5372 docet
1336 5336 1456 5374 cum
1488 5314 1603 5390 qua:
1648 5336 1772 5377 sunt
1816 5325 1900 5377 illa

316 5418 442 5470 qua:
470 5404 732 5472 promisit,
761 5416 813 5460 et
843 5408 908 5462 tle
936 5410 1124 5478 quibus
1151 5411 1198 5463 ei
1226 5410 1418 5480 juravit
1468 5415 1520 5468 4.
1553 5414 1618 5467 Ει
1654 5416 1896 5483 multipli-

312 5496 441 5550 cabo
478 5512 651 5550 semen
695 5508 834 5552 tuum
872 5504 998 5555 sicut
1038 5503 1209 5557 stellas
1247 5505 1376 5557 cadi.
1410 5506 1520 5560 Hoc
1560 5510 1778 5564 enimet
1811 5528 1899 5578 pa-

376 5653 393 5721 Ρ
431 5658 705 5726 ξθῘᾹΜξςο
746 5654 878 5726 audi.
907 5658 1193 5726 ineffabilem
1238 5660 1725 5726 {iriImntmimtcm.
1762 5665 1895 5713 titus

307 5713 392 5788 ξεί,
416 5720 515 5788 etc.
542 5714 705 5788 saviL
725 5718 842 5768 andi
859 5713 1145 5788 ἰιιεθὶὶῖήιωη
1167 5721 1254 5774 Dei
1287 5723 1519 5775 miserim:
1535 5725 1667 5775 diam
1728 5726 1890 5778 iliaci.

308 5780 394 5819 ειυς
417 5780 620 5841 sequuti
644 5788 827 5829 sumtis.

1354 381 1423 436 ibi
1460 379 1611 436 CAP.
1654 379 1838 438 XXVl'.
1881 376 2126 434 GENES.
2167 377 2396 432 llOillL.
2440 375 2521 431 Lf.

3503 377 3604 431 £54

2033 492 2280 547 triarclta:
2326 492 2378 546 in
2420 490 2679 562 principio
2722 488 2931 544 dicebat
2961 507 2974 542 :
3005 488 3231 543 Tantum
3276 489 3375 544 crit
3430 503 3613 544 semen

2034 591 2202 648 tuum,
2236 590 2291 636 ut
2319 592 2372 636 et
2395 581 2566 637 stellis
2590 592 2641 635 et
2669 595 2846 635 arena:
2875 580 3203 649 ada‘qnetur.
3249 577 3317 631 Et
3356 580 3506 644 dabo,
3536 581 3616 631 in-

2027 674 2162 743 quit,
2192 676 2369 728 semini
2389 684 2473 728 tuo
2500 683 2682 727 terram
2701 674 2870 738 istam,
2904 681 2950 725 et
2980 670 3332 725 benedicentur
3355 671 3407 724 in
3429 670 3615 724 semine

2031 776 2113 820 tuo
2138 782 2310 819 omnes
2338 778 2502 837 gentes
2542 776 2689 821 terra:
2719 765 2870 835 (Gen.
2901 764 2993 819 22.
3023 764 3134 831 17).
3172 764 3454 833 Propterea
3487 780 3611 833 pro-

2033 856 2313 910 missioues
2339 872 2456 924 qua:
2502 857 2577 909 illi
2619 859 2771 910 facta:
2814 867 2957 919 sunt,
2993 856 3125 909 inte
3171 854 3420 924 implebo.
3451 855 3503 910 5.
3537 853 3616 909 Eo

2031 946 2164 1015 quod
2189 946 2377 999 audivit
2401 944 2656 999 Abraham
2685 955 2828 1016 pater
2848 957 2963 999 tuus
2990 961 3154 1000 vocem
3175 961 3357 1009 meant,
3378 954 3428 1000 et
3452 955 3608 999 cnsta-

2028 1039 2151 1092 dim‘t
2182 1039 2419 1092 mandata
2451 1055 2559 1091 utea
2588 1037 2689 1111 (α),
2720 1048 2766 1091 et
2791 1039 3183 1107 justiﬁcationes
3219 1054 3374 1103 meas,
3402 1048 3449 1091 et
3493 1038 3617 1108 legi-

2029 1130 2151 1182 lima
2176 1145 2305 1183 mea.
2339 1128 2473 1185 Vide
2506 1129 2598 1183 Dei
2627 1128 2961 1199 sapientiam,
2990 1127 3259 1197 quomodo
3284 1128 3441 1197 erigit
3467 1143 3617 1182 mett-

2032 1229 2139 1275 tcm
2166 1220 2314 1291 justi,
2346 1229 2400 1276 et
2441 1221 2751 1275 alacriorem
2780 1219 2953 1275 reddit
2984 1237 2998 1274 :
3026 1228 3083 1274 et
3109 1229 3166 1273 ut
3193 1220 3359 1289 patris
3385 1220 3618 1273 imitator

2031 1309 2142 1375 ﬁat,
2176 1310 2358 1365 efficit.
2402 1310 2532 1364 Nam
2575 1311 2622 1363 si
2667 1310 2774 1374 ille,
2807 1310 2996 1380 inquit,
3036 1310 3158 1380 quia
3204 1325 3335 1364 mete
3383 1310 3617 1365 obedivit

2029 1401 2168 1463 voci,
2204 1410 2346 1454 tanta
2381 1400 2756 1468 pollicitatione
2791 1400 2979 1471 dignus
3012 1400 3220 1454 habitus
3270 1409 3370 1466 est,
3401 1409 3455 1455 et
3497 1415 3615 1454 eam

2026 1501 2250 1561 propter
2276 1492 2416 1546 illius
2445 1493 2695 1546 virtutem
2723 1493 2774 1545 in
2807 1501 2879 1558 te,
2911 1492 3000 1562 qui
3021 1508 3085 1546 cx
3115 1508 3181 1547 eo
3203 1502 3356 1546 natus
3384 1506 3464 1557 es,
3495 1506 3614 1547 sum

2032 1582 2349 1651 impleturus
2380 1601 2394 1636 :
2426 1583 2468 1636 si
2499 1593 2553 1638 et
2579 1584 2690 1652 ipse
2715 1583 2857 1637 illius
2877 1584 3111 1637 imitator
3140 1582 3317 1646 fueris,
3349 1592 3404 1636 ct
3430 1582 3616 1636 eadem

2029 1687 2131 1742 qua
2161 1673 2251 1726 ille
2284 1673 2364 1727 via
2398 1673 2699 1738 incesseris,
2727 1673 2896 1742 cogita
2925 1681 3178 1741 quantum
3218 1671 3354 1740 apud
3411 1686 3496 1726 me
3525 1670 3617 1725 be-

2030 1763 2381 1818 nevolentiam
2408 1764 2683 1819 habiturus
2717 1764 2813 1828 sis,
2846 1772 2900 1818 et
2928 1772 3123 1833 quanta
3156 1779 3273 1818 mea
3302 1777 3429 1817 cura
3461 1774 3513 1817 te
3533 1763 3618 1816 di-

2026 1864 2283 1924 gnaturus
2312 1855 2412 1907 sim
2477 1853 2609 1908 Nam
2633 1854 2677 1909 si
2720 1854 2804 1907 cui
2834 1854 2902 1906 ob
2931 1854 3153 1908 alterius
3193 1853 3438 1906 virtutem
3484 1853 3618 1906 bene

2028 1944 2261 1999 futurum
2292 1954 2392 2006 est,
2421 1944 2464 1998 si
2490 1953 2542 1999 et
2573 1945 2684 2011 ipse
2711 1945 2907 1997 virtute
2938 1943 3189 2012 prmditus
3234 1942 3413 2006 fuerit,
3448 1943 3617 1996 multo

2029 2034 2231 2104 majore
2268 2035 2458 2104 dignus
2487 2034 2765 2089 habebitur
2791 2049 2938 2089 cura.
2988 2032 3129 2100 Quid
3156 2045 3332 2087 autem
3380 2042 3463 2087 est
3492 2054 3504 2088 :
3539 2033 3616 2087 Eo

2027 2126 2162 2196 quod
2196 2125 2408 2180 obedioit
2435 2128 2539 2181 voci
2569 2143 2713 2192 meae,
2759 2136 2807 2179 et
2845 2125 3111 2179 custodiuit
3136 2126 3377 2178 mandata
3403 2141 3532 2190 mea,
3572 2136 3615 2177 ct

2030 2225 2283 2287 prarcepta
2313 2233 2445 2284 mea,
2490 2226 2537 2271 et
2574 2216 2964 2288 justi/icationcs
3004 2215 3184 2269 meas?
3234 2215 3482 2269 Dicebam
3521 2216 3614 2270 ei:

2027 2307 2282 2380 Egredere
2310 2308 2372 2363 de
2412 2317 2547 2362 terra
2588 2318 2675 2361 tua
2718 2316 2762 2360 et
2791 2306 2852 2361 de
2878 2307 3173 2376 cognatione
3213 2315 3319 2369 tua,
3352 2315 3398 2358 et
3426 2306 3536 2358 veni
3563 2305 3617 2359 in

2028 2409 2213 2453 terram
2237 2416 2388 2470 quant
2410 2408 2745 2454 monstravere
2768 2398 2856 2453 tibi
2881 2396 3040 2469 (Ibid.
3066 2398 3152 2452 12.
3176 2395 3226 2467 1)
3256 2418 3270 2452 :
3300 2396 3618 2466 reliquitque

2028 2490 2115 2544 illa
2136 2506 2255 2560 qua:
2280 2491 2332 2545 in
2364 2489 2606 2545 manibus
2630 2498 2801 2554 erant,
2830 2497 2885 2543 et
2911 2488 3109 2542 incerta
3133 2496 3483 2557 persequutus
3512 2495 3614 2540 est.

2026 2581 2094 2637 Et
2121 2597 2224 2636 non
2256 2580 2541 2649 [lectitabat
2570 2597 2742 2652 neque
2786 2578 3133 2635 cunctabatur
3162 2598 3176 2634 :
3203 2577 3295 2631 sed
3326 2592 3445 2632 cunt
3471 2577 3615 2631 onmi

2026 2673 2305 2729 alacritate
2358 2671 2667 2728 mandatum
2719 2671 3010 2741 implebat,
3063 2679 3115 2724 et
3168 2668 3446 2723 obedicbat
3500 2667 3615 2721 voci

2027 2780 2182 2819 mete.
2213 2763 2407 2818 lterum
2435 2778 2554 2833 qua:
2599 2777 2761 2832 super
2788 2771 3029 2816 naturam
3061 2769 3184 2813 sunt
3208 2759 3254 2812 ei
3298 2757 3534 2826 promisi,
3563 2766 3617 2811 et

1964 2860 1967 2861 ⁷
2025 2870 2146 2912 cum
2189 2855 2299 2926 jam
2330 2864 2460 2909 a-tas
2503 2870 2624 2909 eum
2656 2869 2684 2906 a
2715 2869 2811 2923 Spe
2849 2852 3122 2921 dejicctct,
3173 2866 3236 2904 ac
3287 2865 3457 2920 ncque
3502 2849 3616 2919 ipse

2026 2963 2200 3020 neque
2236 2958 2404 3002 mater
2433 2956 2517 3001 tua
2549 2945 2895 3017 procreanda:
2916 2944 3049 3015 proli
3076 2942 3250 2998 idonei
3274 2950 3472 3005 essent,
3494 2956 3613 2996 cum

2023 3042 2232 3097 audiret
2247 3056 2276 3094 a
2303 3056 2388 3097 me
2409 3055 2590 3096 semen
2614 3040 2729 3109 ejus
2751 3039 2802 3093 in
2827 3046 3027 3091 tantum
3055 3036 3168 3091 fore
3190 3032 3609 3105 propagandum,

2024 3140 2083 3187 ut
2130 3146 2347 3187 omnem
2404 3141 2599 3186 terram
2655 3138 2797 3183 esset
2850 3127 3229 3197 impleturum;
3265 3140 3434 3195 neque
3488 3132 3613 3178 tunc

2022 3224 2201 3278 animo
2231 3223 2472 3278 turbatus
2520 3221 2636 3288 fuit,
2665 3219 2760 3275 sed
2803 3218 3027 3274 credidit
3061 3239 3075 3273 :
3106 3218 3224 3272 ideo
3254 3226 3308 3270 et
3351 3217 3402 3270 in
3442 3215 3607 3286 justi-

2023 3316 2149 3371 tiam
2173 3316 2222 3370 ei
2251 3324 2549 3386 reputatum
2576 3322 2655 3369 est
2688 3311 2845 3385 (Ibid.
2879 3312 2965 3366 15.
3004 3309 3097 3381 6);
3129 3309 3249 3379 quia
3276 3309 3453 3362 virtuti
3478 3321 3610 3361 mete

2021 3409 2310 3474 credendo,
2345 3417 2399 3464 et
2442 3409 2492 3461 in
2522 3404 2962 3476 promissionibus
2993 3403 3126 3456 meis
3153 3415 3303 3465 spem
3331 3398 3608 3465 habendo,

2021 3499 2252 3554 humana
2283 3499 2593 3553 inﬁrmitate
2618 3495 2864 3566 superior
2891 3494 3006 3547 fuit.
3043 3492 3104 3546 Et
3130 3500 3407 3561 postquam
3437 3500 3489 3542 tu
3518 3504 3609 3541 na-

2023 3599 2109 3645 tus
2137 3605 2217 3654 es,
2251 3605 2370 3643 cum
2402 3597 2574 3642 mater
2604 3596 2687 3640 tua
2721 3592 3059 3639 succenseret
3084 3581 3290 3636 Ismacli
3316 3595 3382 3635 ex
3412 3578 3601 3633 ancilla

2023 3692 2170 3748 nato,
2199 3688 2255 3735 et
2298 3680 2455 3734 vellet
2480 3694 2601 3733 eum
2631 3677 2845 3747 abigere
2873 3691 2900 3727 a
2928 3674 3088 3729 domo
3115 3688 3238 3727 cum
3268 3676 3423 3741 Agar,
3458 3671 3528 3725 ita
3557 3680 3611 3724 ut

2022 3772 2154 3826 nihil
2202 3785 2485 3826 commune
2535 3769 2610 3823 illi
2644 3777 2820 3822 tecum
2865 3775 3026 3831 esset,
3076 3764 3201 3818 licet
3244 3763 3295 3816 in
3336 3762 3484 3815 illtnn
3515 3778 3608 3831 pa-

2023 3862 2252 3919 triarcha
2298 3872 2517 3932 paterna
2546 3869 2599 3915 ct
2624 3859 2850 3930 genuina
2877 3858 3164 3913 dilectione
3207 3856 3342 3909 bene
3367 3854 3610 3910 afficere-

2023 3967 2104 4011 tur
2137 3977 2148 4010 :
2177 3955 2399 4010 audiens
2427 3964 2600 4007 tamen
2631 3968 2659 4004 a
2688 3966 2803 4016 me,
2836 3950 2934 4003 sibi
2981 3947 3277 4002 faciendum
3320 3960 3438 4000 esse
3465 3945 3607 4014 quod

2024 4047 2193 4101 visum
2225 4053 2369 4099 esset
2394 4044 2587 4105 Sarrm,
2613 4042 2808 4096 oblitus
2834 4040 3090 4094 naturalis
3109 4038 3427 4102 ὼιεριὶοηίδ,
3450 4036 3609 4105 cjccit

2021 4137 2302 4193 lsmaelem
2332 4150 2453 4189 cum
2483 4133 2695 4199 ancilla,
2722 4141 2774 4185 et
2803 4146 3014 4199 semper
3040 4128 3271 4184 obedivit
3298 4127 3414 4183 voci
3449 4142 3605 4191 mem,

2020 4244 2083 4284 ac
2109 4227 2387 4283 custodivit
2419 4235 2680 4297 pra‘cepta
2727 4238 2863 4277 mea.
2898 4221 3131 4287 Denique
3161 4234 3281 4273 cum
3320 4218 3606 4286 praecepis-

2018 4336 2135 4375 sem
2160 4320 2230 4384 ei,
2280 4327 2338 4372 ut
2365 4317 2493 4371 milii
2547 4318 2597 4368 in
2628 4314 2949 4368 sacriﬁcium
2988 4310 3205 4365 offerret
3242 4309 3402 4362 lilium
3436 4309 3487 4361 iu
3519 4324 3605 4360 se-

2021 4420 2238 4466 nectute
2266 4410 2366 4464 sibi
2392 4422 2727 4467 concessum,
2753 4414 2805 4458 ct
2830 4412 2936 4457 tam
2964 4400 3235 4465 dilectum,
3261 4399 3393 4452 nihil
3418 4414 3606 4452 causa-

2018 4509 2103 4557 tus
2133 4509 2235 4567 est,
2257 4516 2427 4567 neque
2450 4496 2710 4552 curiosius
2734 4493 2801 4548 de
2829 4500 3094 4560 przcccpto
3116 4489 3406 4557 inquisivit,
3431 4502 3602 4555 neque

2019 4593 2259 4649 turbatus
2287 4601 2367 4646 est
2394 4602 2594 4654 mente,
2634 4601 2807 4655 neque
2846 4581 3255 4637 communicavit
3283 4595 3401 4633 cum
3433 4589 3601 4631 matre

2018 4697 2104 4740 tua
2133 4727 2146 4749 ,
2177 4700 2348 4753 neque
2397 4696 2518 4737 cum
2547 4680 2745 4749 pueris,
2780 4690 2952 4743 neque
3008 4682 3206 4738 tccom,
3255 4671 3379 4741 qttid
3431 4669 3601 4725 factu-

2016 4792 2108 4831 rus
2134 4783 2316 4838 esset;
2349 4772 2440 4826 sed
2488 4769 2607 4823 forti
2638 4776 2815 4822 mente
2840 4776 2893 4819 ct
2921 4763 3117 4834 ingenti
3155 4762 3426 4815 alacritate
3457 4761 3602 4815 festi-

2015 4867 2178 4929 navit,
2208 4875 2266 4918 ttt
2294 4862 2601 4917 mandatum
2623 4874 2799 4912 meum
2825 4855 3070 4925 impleret
3103 4873 3116 4909 :
3150 4852 3373 4922 proinde
3407 4852 3594 4907 volun-

2013 4967 2177 5014 tatem
2227 4957 2342 5026 cjus
2372 4952 2641 5016 coronavi,
2674 4964 2809 5018 Opus
2837 4959 3011 5002 autcm
3041 4955 3096 5000 ut
3128 4946 3469 5015 pet-liceretur
3495 4960 3596 4997 non

2011 5049 2222 5104 admisi.
2254 5048 2570 5115 Eapropter,
2589 5042 2710 5111 quia
2737 5042 2789 5094 in
2814 5039 3057 5093 omnibus
3078 5050 3320 5105 magnam
3344 5033 3595 5087 obedien-

2013 5143 2138 5198 tiam
2180 5138 2489 5203 declaravit,
2518 5145 2572 5192 et
2609 5132 2980 5189 mandatorum
3011 5142 3249 5182 meorum
3277 5124 3590 5185 cn~todi:un,

2011 5244 2063 5289 te
2087 5250 2148 5287 cx
2186 5232 2275 5285 illo
2304 5240 2484 5284 natum
2515 5227 2947 5299 promissionum,
2981 5237 3096 5288 qua:
3143 5219 3212 5272 illi
3246 5220 3395 5271 facta:
3440 5224 3583 5281 sunt,

2009 5324 2260 5380 heredem
2283 5321 2436 5375 facio.

2078 5418 2131 5472 5.
2178 5414 2388 5467 Imitare
2430 5412 2586 5481 igitur
2628 5409 2765 5462 illius
2803 5402 3157 5460 obedientiam
3183 5441 3198 5463 ,
3231 5409 3284 5452 ct
3324 5400 3384 5452 its
3412 5412 3530 5467 qua:
3558 5411 3588 5451 3

2007 5524 2090 5561 me
2129 5507 2270 5559 dit-ta
2311 5511 2436 5557 sunt
2474 5499 2665 5563 crede,
2696 5507 2751 5552 ut
2791 5494 2956 5548 multo
2998 5491 3233 5561 pluribus
3265 5488 3588 5542 remunerari

2002 5602 2195 5665 dignus
2224 5594 2455 5649 habeare
2475 5631 2490 5655 ,
2522 5599 2573 5645 et
2604 5603 2700 5658 pro
2728 5585 2892 5657 patris
2923 5584 2997 5639 tui
3029 5583 3253 5651 virtute,
3289 5591 3343 5637 et
3378 5596 3471 5651 pro
3502 5590 3586 5634 tua

2062 5718 2135 5777 (ιι)
2180 5717 2303 5766 Bibl.
2332 5714 2544 5765 addunt,
2590 5712 2636 5757 et
2680 5709 2925 5777 prieceptu
2963 5717 3070 5777 mea
3116 5702 3237 5760 (καὶ
3280 5702 3364 5757 τὰς
3398 5700 3590 5755 ἐντολάς

2001 5766 2146 5845 pob),
2173 5781 2301 5840 Quod
2338 5778 2463 5826 in'ra
2495 5774 2716 5834 agnoscit
2738 5770 2788 5818 S.
2816 5766 3210 5828 Chrysostomus.
