4078 6432
531 355 638 412 455

538 471 836 526 obedientia
871 489 882 523 :
914 479 965 524 et
1009 483 1075 524 ne
1109 467 1400 522 descendas
1438 465 1489 518 in
1532 464 1817 536 Egyptum
1843 507 1858 529 ,
1901 463 1993 519 scd
2034 463 2119 518 hic

540 579 715 618 mane.
746 561 933 616 Vidisti
964 561 1052 615 Dei
1081 557 1518 623 misericordiam,
1549 556 1816 626 quomodo
1849 570 1942 624 per
1971 571 2119 609 men-

537 655 734 706 tionem
773 652 984 705 virtutis
1028 649 1192 720 patris
1238 648 1394 716 hujus
1438 656 1671 702 mentem
1711 645 2026 702 roboravit?
2063 645 2115 700 6.

542 745 796 799 Habitavit
819 754 984 796 autem
1010 741 1160 796 Isaac
1180 744 1232 796 in
1263 743 1484 796 Geraris.
1506 740 1638 795 Vide
1663 739 1928 810 quomodo
1954 738 2116 792 ferme

537 839 588 891 in
630 838 815 892 eadem
855 837 1083 906 pericula
1125 835 1307 890 incidit
1333 835 1455 899 ille,
1489 835 1540 887 in
1571 849 1687 901 qua:
1717 842 1770 886 et
1805 841 1951 901 pater
1981 829 2114 899 ejus.

534 930 663 984 Nam
693 944 815 984 cum
842 928 1167 981 domicilium
1193 927 1415 979 haberet
1443 925 1494 977 in
1524 923 1739 978 Geraris
1760 964 1773 988 ,
1809 923 1858 974 7.
1892 922 2117 990 Rogave-

533 1027 686 1085 runt,
721 1018 889 1087 inquit
912 1059 924 1080 ,
952 1018 1047 1071 viri
1073 1016 1171 1069 loci
1199 1014 1340 1068 illius
1372 1015 1433 1067 de
1461 1013 1684 1067 Rebecca
1713 1028 1868 1064 uxore
1899 1011 2006 1078 ejus
2030 1050 2043 1074 ,
2073 1017 2120 1062 et

531 1109 682 1176 dixit,
715 1107 876 1163 Soror
903 1122 1011 1158 mea
1039 1114 1110 1157 est
1134 1121 1150 1166 ;
1181 1105 1353 1159 timuit
1380 1104 1520 1159 enim
1555 1118 1620 1156 ne
1650 1101 1787 1155 forte
1813 1099 2117 1155 occiderent

533 1215 655 1255 eum
680 1242 695 1266 ,
739 1200 862 1253 victi
907 1196 1300 1268 pulchritudine
1343 1195 1523 1249 uxoris
1557 1211 1571 1248 :
1612 1193 1692 1246 Ne
1730 1193 1857 1261 forte
1891 1192 2120 1245 occidant

533 1307 647 1345 cum
669 1333 684 1357 ,
716 1291 885 1360 inquit
909 1331 923 1356 ,
953 1290 1046 1343 viri
1072 1287 1168 1342 loci
1197 1296 1401 1358 propter
1430 1285 1698 1339 Rebeccam
1720 1325 1733 1349 ,
1763 1285 1880 1353 quia
1908 1283 2119 1353 pulchra

532 1385 663 1452 [acie
691 1391 815 1436 erat.
839 1383 891 1436 8.
920 1373 1043 1434 Fuit
1071 1389 1237 1434 autem
1264 1381 1370 1433 illic
1398 1380 1547 1449 longo
1573 1388 1808 1447 tempore.
1839 1376 2117 1430 Abimelerl.

533 1483 699 1528 autem
722 1490 837 1526 cum
876 1473 1180 1542 prospiceret
1215 1487 1304 1541 per
1343 1473 1608 1540 fenestram
1631 1510 1645 1534 ,
1675 1468 1797 1520 vidit
1839 1465 1989 1520 Isaac
2032 1467 2115 1519 lu-

534 1564 730 1616 dentem
771 1579 884 1615 cum
927 1561 1149 1615 Rebecca
1185 1577 1342 1614 uxore
1373 1576 1468 1613 sua
1486 1600 1499 1622 ,
1529 1559 1581 1615 9.
1611 1567 1656 1612 et
1685 1559 1871 1612 vocavit
1902 1575 2012 1612 eum
2030 1599 2044 1624 ,
2077 1567 2120 1610 et

533 1655 659 1708 dixit
687 1655 732 1706 ei
763 1669 781 1707 :
809 1652 1044 1724 Profecto
1079 1669 1206 1705 uxor
1237 1661 1322 1704 tua
1348 1661 1435 1706 est.
1465 1649 1566 1705 Cur
1589 1651 1791 1712 dixisti,
1823 1649 1983 1704 Soror
2012 1666 2122 1702 utea

533 1750 646 1800 est!
670 1747 956 1816 Postquam
986 1761 1048 1799 cx
1080 1746 1400 1814 c0njecturis
1425 1743 1789 1813 deprehensus
1816 1753 1897 1797 est
1920 1743 2118 1812 justus,

533 1855 638 1893 non
679 1839 811 1892 ultra
855 1848 1010 1906 negat
1043 1854 1057 1891 :
1089 1837 1182 1892 sed
1226 1837 1448 1901 fatetur,
1485 1844 1539 1890 et
1581 1851 1794 1889 causam
1842 1834 2122 1889 manifeste

530 1931 699 1996 atfert,
724 1945 888 2001 quare
911 1945 1148 1986 sororem
1171 1930 1460 1985 vocandum
1486 1930 1773 1984 censuerit.
1805 1928 1944 1981 Dixit
1967 1929 2118 1990 enim,

529 2025 730 2095 inquit,
766 2024 847 2078 Ne
884 2027 1011 2096 forte
1045 2026 1237 2078 moriar
1271 2031 1474 2094 propter
1509 2023 1672 2093 ipsam
1701 2038 1720 2075 :
1749 2021 1935 2075 mortis
1965 2020 2124 2073 timor

533 2131 617 2170 me
645 2116 743 2171 hoc
774 2130 932 2186 agere
960 2115 1152 2185 coegit.
1194 2114 1354 2168 Forte
1387 2121 1565 2166 autem
1601 2111 1819 2166 edoctus
1847 2117 1994 2172 erat,
2027 2125 2120 2177 pa-

533 2217 666 2262 trem
707 2221 918 2276 quoque
964 2205 1122 2259 talem
1166 2203 1396 2258 fabulam
1447 2208 1806 2257 commentum
1849 2200 1927 2253 sic
1965 2199 2120 2252 saluti

532 2316 643 2356 sua:
667 2299 1033 2364 consuluisse;
1059 2297 1209 2368 cujus
1230 2297 1371 2351 viam
1395 2305 1451 2352 et
1476 2295 1588 2365 ipse
1613 2303 1867 2364 sequutus
1888 2302 1986 2346 est.
2017 2291 2120 2345 Sed

535 2409 626 2448 rex
668 2392 842 2447 adhuc
890 2406 1096 2446 memor
1141 2405 1328 2445 eorum
1373 2405 1489 2458 quae
1532 2397 1770 2456 tempore
1810 2385 2122 2456 patriarcha:

532 2492 679 2554 rapta
722 2484 881 2540 Sarra
924 2497 1113 2553 passus
1151 2482 1356 2548 fuerat,
1401 2482 1578 2536 statim
1619 2481 1688 2536 ob
1720 2480 2122 2550 castigationem

528 2562 658 2631 olim.
681 2575 972 2630 immissam
1000 2591 1057 2630 se
1086 2590 1233 2630 reum
1253 2575 1581 2629 constituens
1601 2571 1696 2645 (α),
1727 2573 1857 2628 dixit
1881 2573 1954 2627 illi
1989 2590 2002 2624 :
2036 2571 2120 2625 10.

530 2669 634 2724 Cur
673 2671 766 2722 hoc
802 2667 1004 2739 fecisti?
1045 2667 1235 2719 Parum
1277 2667 1436 2734 abfuit
1479 2666 1598 2733 quin
1638 2664 1953 2718 concubuerit
1981 2665 2122 2733 quis-

534 2763 670 2830 piam
702 2761 764 2813 de
790 2775 969 2830 genere
1006 2775 1112 2811 meo
1140 2774 1253 2812 cum
1283 2773 1437 2811 uxore
1461 2765 1566 2822 tua,
1593 2766 1636 2810 et
1665 2756 1947 2809 induxisses
1973 2769 2123 2820 super

534 2869 627 2905 uos
654 2851 1032 2921 ignorantiam?
1057 2849 1202 2903 Hanc
1229 2847 1488 2908 fraudem,
1523 2847 1712 2916 inquit,
1734 2858 1788 2900 et
1812 2845 1937 2898 olim
1965 2844 2123 2898 susti-

533 2942 747 2996 nuimus
773 2957 801 2992 a
836 2950 988 3011 patre
1015 2949 1104 2994 tuo
1123 2981 1135 3003 ,
1169 2947 1224 2994 et
1249 2955 1390 2993 nunc
1419 2939 1519 2992 nisi
1549 2939 1604 2992 in
1630 2947 1872 3006 tempore
1901 2949 2122 3006 prospe-

533 3033 826 3099 xissemus,
855 3031 1041 3086 eadem
1086 3031 1239 3085 laturi
1273 3045 1515 3092 eramus,
1552 3028 1615 3081 Et
1655 3028 1938 3082 induxisses
1974 3041 2125 3097 super

533 3141 627 3178 nos
653 3125 1010 3194 ignorantiam.
1038 3123 1246 3177 Etenim
1274 3131 1328 3176 et
1357 3132 1480 3174 tunc
1505 3136 1598 3190 per
1627 3121 1976 3190 ignorantiam
2003 3131 2126 3186 pec-

534 3219 701 3269 eaturi
735 3231 984 3280 eramus,
1019 3223 1074 3270 et
1109 3230 1248 3268 nunc
1275 3229 1486 3284 quoque
1525 3220 1742 3284 propter
1770 3209 2121 3280 ignorantiam

533 3309 700 3364 ferme
732 3311 784 3363 in
811 3322 970 3363 causa
1009 3307 1234 3374 fuisses,
1262 3318 1318 3361 ut
1349 3307 1400 3360 in
1431 3313 1703 3375 peccatum
1745 3303 2120 3358 incideremus.

536 3395 564 3449 1
580 3395 625 3446 Ι.
653 3391 900 3463 Ρηττερὶι
925 3401 1092 3444 autem
1118 3390 1402 3444 Abimelech
1427 3390 1615 3457 popa-to
1638 3407 1754 3458 suo,
1774 3387 2116 3444 dicens:0m-

535 3489 616 3541 nis
641 3487 727 3554 qui
762 3488 980 3554 tetigerit
1007 3483 1259 3536 hominem
1302 3483 1436 3535 hunc
1462 3492 1508 3534 et
1535 3497 1748 3536 uxorem
1778 3483 1913 3551 ejus,
1941 3480 2122 3534 mortis

535 3593 654 3630 reus
680 3574 936 3632 erit.Vide
961 3573 1050 3627 Dei
1087 3573 1497 3641 providentiam,
1520 3574 1644 3628 vide
1673 3573 1998 3629 ineﬁ'abilem
2027 3587 2121 3628 cu-

535 3684 673 3722 ram.
707 3666 836 3719 Nam
860 3666 946 3734 qui
977 3665 1185 3718 dixerat
1211 3667 1260 3718 ei
1283 3681 1296 3717 :
1323 3664 1404 3718 Ne
1433 3665 1706 3719 descendas
1732 3665 1784 3717 in
1808 3663 2116 3735 zEgyptum,

537 3769 584 3813 et
617 3758 786 3811 habita
815 3760 869 3810 in
896 3769 1030 3812 terra
1069 3759 1187 3822 ista,
1212 3766 1259 3811 et
1289 3774 1374 3811 ero
1407 3765 1569 3811 tecum
1594 3774 1612 3812 :
1635 3758 1722 3812 ille
1748 3769 1866 3813 erat
1895 3760 1982 3826 qui
2007 3759 2121 3814 htec

536 3851 715 3904 omnia
761 3849 1126 3919 dispensabat,
1157 3858 1211 3904 et
1236 3849 1438 3918 justum
1482 3849 1534 3903 in
1577 3860 1723 3906 tanta
1764 3851 2120 3906 constituebat

536 3942 711 3998 securi
737 3952 840 3997 ate.
883 3939 1175 3996 Considera
1223 3941 1364 3996 enim
1414 3956 1596 4012 regem
1643 3953 2012 4010 proaurantem
2064 3951 2120 3996 ut

536 4035 804 4103 impavide
831 4036 899 4088 ibi
923 4044 1060 4104 agat,
1086 4034 1328 4104 liberque
1354 4033 1427 4087 sit
1446 4033 1512 4088 ab
1532 4034 1678 4088 omni
1700 4049 1846 4088 cura.
1875 4033 2119 4097 Mortem,

537 4127 728 4195 inquit,
763 4126 1137 4182 interminatus
1165 4135 1247 4180 est
1287 4126 1536 4180 omnibus
1579 4127 1900 4195 quicumque
1932 4129 2121 4195 tetige-

537 4224 647 4277 rint
671 4231 762 4277 aut
790 4237 935 4286 eum,
975 4223 1067 4276 aut
1095 4236 1317 4276 uxorem
1367 4220 1503 4290 ejus.
1550 4219 1684 4285 Quia
1713 4221 1856 4274 enim
1888 4221 1974 4274 hic
2004 4227 2121 4274 erat

536 4312 717 4376 timor,
751 4313 939 4366 mortis
968 4313 1190 4376 scilicet,
1221 4310 1312 4380 qui
1338 4321 1686 4366 concusserat
1712 4311 1829 4378 ejus
1859 4319 2117 4377 mentem,

534 4413 818 4474 propterea
849 4411 904 4458 et
933 4403 1081 4458 illum
1113 4401 1307 4457 auferri
1337 4401 1545 4456 curavit
1593 4400 1896 4455 misericors
1940 4400 2124 4453 Domi-

533 4506 739 4563 nus,ut
783 4502 966 4564 postea
1016 4495 1239 4552 omnino
1287 4507 1476 4550 secure
1521 4502 1724 4562 ageret.
1767 4492 1834 4546 Et
1861 4492 1981 4546 vide
2007 4505 2120 4545 rem

533 4588 724 4646 miram
750 4599 805 4644 et
825 4591 1169 4660 stupendam,
1199 4587 1472 4660 quomodo
1499 4585 1672 4642 solers
1703 4599 1825 4641 cum
1854 4585 1925 4640 sit
1951 4592 2007 4640 et
2034 4597 2123 4639 sa-

536 4684 688 4752 piens
714 4721 727 4742 ,
763 4683 939 4732 omnia
975 4678 1266 4731 secundum
1299 4690 1450 4730 suam
1477 4673 1800 4727 voluntatem
1829 4681 2036 4733 vertat,
2069 4680 2122 4726 et

536 4773 586 4824 in
629 4768 786 4822 inviis
830 4769 966 4820 viam
1006 4767 1278 4831 inveniat,
1310 4781 1408 4836 per
1449 4765 1532 4818 illa
1579 4764 1691 4833 ipsa
1730 4778 1848 4833 qua:
1891 4762 2122 4816 niaxime

533 4859 757 4914 adversa
785 4857 1057 4923 videntur,
1081 4857 1238 4912 saluti
1265 4870 1540 4911 servorum
1569 4871 1786 4910 suorum
1811 4855 2117 4909 consulens.

533 4950 667 5006 Hinc
719 4949 862 5004 enim
915 4956 1017 5016 est,
1072 4948 1212 5018 quod
1259 4962 1353 5001 rex
1402 4946 1492 5000 ille
1542 4955 1738 5000 tantam
1791 4945 1983 5000 haheat
2028 4960 2120 4999 cu-

531 5061 643 5100 ram
669 5043 819 5114 justi,
847 5042 996 5112 quasi
1028 5040 1322 5106 pra-dicatis
1343 5054 1463 5093 eum
1491 5039 1736 5093 omnibus
1758 5039 1985 5092 civitatis
2010 5053 2122 5092 sua:

527 5138 747 5203 incolis,
777 5144 830 5190 et
867 5134 1146 5190 declarans
1180 5147 1338 5202 quam
1377 5131 1641 5200 gloriosus
1683 5133 1782 5194 sit,
1816 5139 1869 5185 ct
1911 5146 2120 5185 summo

592 5399 788 5461 (a)Cum
809 5395 1040 5461 videlicet
1061 5402 1262 5461 propter
1279 5399 1462 5461 raptam
1487 5402 1668 5461 Sarram
1692 5402 1967 5461 mereratus
1977 5401 2028 5444 et
2049 5407 2117 5443 ca-

532 5456 738 5522 stigatus
760 5457 930 5508 fuisset
952 5456 1257 5522 Abimelech,
1295 5457 1647 5522 ubi__comperit
1671 5458 1949 5516 tteheccam,
1976 5470 2121 5522 quam

532 5517 748 5570 sor'orem
779 5532 915 5567 suam
946 5519 1139 5568 dixerat
1183 5526 1328 5578 Isaac,
1367 5517 1498 5567 illius
1539 5531 1651 5567 esse
1688 5531 1910 5577 uxorem,
1936 5517 2122 5568 veritus

533 5594 598 5645 ne
627 5596 654 5630 a
684 5581 913 5645 quapiam
952 5594 1015 5645 ex
1040 5579 1243 5645 subditis
1275 5593 1333 5628 ea
1351 5582 1544 5645 conjugi
1576 5581 1914 5642 abriperetur,
1951 5590 2002 5630 et
2021 5583 2120 5642 jam

532 5639 647 5689 olim
683 5639 904 5705 immissae
951 5641 999 5689 in
1041 5640 1184 5705 simili
1241 5654 1355 5691 casu
1412 5639 1568 5705 pinnae
1621 5639 1806 5693 memor
1827 5682 1841 5702 ,
1881 5639 1938 5705 se
1983 5639 2119 5704 quasi

533 5710 673 5809 ἷῶιῖἑιι
694 5701 990 5760 existimans,
1015 5702 1166 5752 verba
1185 5715 1293 5764 quae
1307 5701 1580 5766 sequuntur
1602 5701 1835 5755 tremoris
1849 5701 1990 5766 plena
2001 5701 2122 5767 ἰη-υ-

1375 353 1411 404 f].
1462 349 1735 406 JO.\.\'.\'IS
1762 347 2226 404 CllRYSOSTOiH
2257 347 2568 406 ARCHIEP.
2609 347 3136 405 CONSTANTINOP.
3712 343 3808 405 5.36

2226 463 2427 518 honore
2456 464 2675 533 dignus,
2705 479 2860 534 quem
2891 472 2945 518 et
2982 463 3195 520 maximi
3223 457 3480 520 faciebat.
3508 466 3600 522 Sic
3624 476 3679 522 et
3707 466 3812 522 Na.

2225 554 2632 609 buchodonosor
2669 565 2944 623 postquam
2987 568 3180 624 pueros
3215 554 3339 611 illos
3373 566 3482 610 tres
3525 557 3578 612 in
3623 557 3805 612 forna-

2223 661 2338 700 cem
2371 646 2620 716 injecerat
2649 647 2666 716 (
2691 645 2820 698 Dan.
2851 647 2902 702 5.
2931 646 3000 701 95
3015 646 3058 717 ),
3085 654 3139 700 et
3165 647 3338 716 reipsa
3365 650 3809 718 comprobarent

2222 737 2551 806 captivorum
2593 737 2989 792 adulescentum
3033 738 3280 794 virtutem
3303 780 3317 804 ,
3351 748 3478 795 tunc
3514 741 3806 810 praedicare

2225 844 2318 884 eos
2346 831 2504 900 etrapit
2531 871 2546 895 ,
2577 840 2630 883 et
2668 830 2860 900 ubique
2897 831 3074 901 lingua
3111 845 3206 886 sua
3247 831 3365 888 fecit
3395 833 3649 888 illustres.
3683 833 3807 888 "me

2226 920 2366 973 enim
2408 921 2742 990 potissimum
2771 937 2958 991 magna
2989 921 3081 976 Dei
3111 923 3277 978 virtus
3303 932 3385 977 est
3403 963 3417 987 ,
3442 925 3654 992 quando
3686 924 3807 979 facit

2227 1020 2281 1064 ut
2325 1027 2418 1079 per
2457 1012 2698 1068 inimicos
2736 1013 3072 1069 celebrentur
3107 1015 3247 1068 servi
3293 1016 3406 1070 Dei.
3448 1017 3513 1070 Et
3549 1017 3644 1086 qui
3685 1033 3805 1071 cum

2227 1101 2403 1157 furore
2428 1103 2643 1157 accendi
2669 1104 2898 1172 jusserat
2932 1103 3200 1159 fornacem
3236 1106 3375 1160 illam
3396 1147 3410 1170 ,
3440 1109 3693 1176 quoniam
3731 1109 3806 1163 vi-

2223 1192 2302 1246 dit
2330 1210 2422 1260 pcr
2450 1207 2738 1261 supernum
2765 1195 3022 1249 auxilium
3061 1210 3346 1264 puerorum
3387 1199 3636 1254 virtutem
3674 1200 3807 1270 ignis

2224 1286 2486 1336 actionem
2516 1283 2728 1338 vincere
2747 1324 2762 1349 ,
2795 1295 3012 1354 repente
3044 1294 3272 1342 mutatus
3300 1288 3541 1343 clamavit
3570 1289 3758 1345 dicens
3793 1308 3807 1346 :

2227 1371 2372 1426 Servi
2399 1372 2488 1426 Dei
2519 1374 2719 1428 excelsi.
2755 1375 2902 1440 Vide,
2931 1391 3036 1429 non
3063 1376 3234 1431 solum
3263 1379 3380 1433 illos
3405 1379 3647 1434 excelsos
3672 1395 3806 1451 pra-

2225 1468 2386 1530 dicat,
2414 1468 2505 1523 sed
2536 1479 2591 1523 et
2619 1469 2896 1522 Dominutn
2926 1470 3292 1524 universorum
3323 1488 3335 1523 :
3365 1471 3511 1526 Servi
3532 1473 3697 1539 enim,
3732 1475 3809 1528 in-

2224 1560 2357 1630 quit,
2392 1559 2487 1614 Dei
2512 1562 2714 1626 excelsi,
2745 1563 3053 1631 egredimini.
3086 1563 3222 1630 Quid
3251 1563 3445 1620 factum
3471 1566 3599 1620 est?
3630 1582 3808 1621 nonne

2226 1663 2280 1707 tu
2310 1668 2402 1708 eos
2435 1663 2701 1709 tormento
2732 1654 3040 1708 tradidisti?
3069 1670 3247 1710 nonne
3278 1664 3330 1710 tu
3374 1657 3426 1711 in
3463 1667 3667 1711 tantum
3700 1659 3807 1712 for-

2227 1759 2415 1798 naccm
2434 1743 2651 1799 accendi
2682 1746 2976 1815 prmcepisti
2999 1746 3022 1798 τ
3049 1745 3310 1812 Profecto,
3337 1747 3526 1818 inquit,
3553 1750 3648 1804 sed
3672 1767 3808 1804 nunc

2225 1838 2383 1891 video
2409 1853 2495 1892 res
2524 1837 2864 1893 admirabiles
2887 1847 2940 1892 et
2968 1853 3152 1894 novas.
3185 1839 3517 1894 Elementum
3540 1843 3684 1896 enim
3711 1842 3809 1896 hoc

2226 1945 2336 1984 sure
2380 1932 2701 2000 operationis
2744 1931 2994 1995 oblitum,
3037 1934 3186 2002 quasi
3229 1933 3453 1987 vinculis
3490 1934 3806 2004 quibusdam

2227 2023 2466 2091 ligatum,
2499 2032 2693 2078 tantam
2730 2023 2969 2078 exhibuit
2996 2023 3372 2090 obedientiam,
3401 2034 3462 2078 ut
3486 2040 3659 2096 neque
3683 2040 3808 2080 con-

2229 2114 2454 2184 tingeret
2495 2116 2704 2170 illorum
2743 2115 2983 2184 capillos.
3023 2115 3176 2172 Unde
3215 2115 3395 2172 videre
3436 2132 3719 2186 possumus
3758 2118 3805 2172 id

2229 2204 2420 2259 factum
2451 2222 2609 2276 supra
2642 2208 2924 2260 humanam
2957 2216 3196 2261 naturam
3224 2221 3342 2262 esse
3361 2250 3376 2274 ,
3404 2217 3458 2262 et
3488 2207 3806 2263 ineﬂ‘abilem

2227 2297 2511 2366 quamdam
2554 2313 2616 2352 ac
2653 2297 2883 2351 divinam
2926 2299 3031 2352 vim
3075 2298 3187 2352 hare
3225 2300 3473 2364 operari,
3505 2309 3808 2369 tantamque

2229 2403 2512 2457 puerorum
2555 2387 2753 2442 habere
2793 2387 3204 2458 providentiam.
3236 2389 3422 2444 Vidisti
3461 2390 3556 2444 Dei
3597 2391 3805 2444 miseri-

2226 2479 2461 2534 cordiam
2491 2521 2506 2547 ,
2557 2480 2824 2550 quomodo
2878 2496 3162 2550 numquam
3209 2480 3583 2553 derelinquens
3629 2499 3808 2538 servos

2227 2587 2389 2638 suos,
2434 2573 2690 2641 permittit
2733 2573 2785 2627 in
2828 2571 3096 2628 fornacem
3145 2575 3325 2644 injici;
3364 2577 3457 2631 sed
3496 2592 3590 2632 ros
3628 2579 3810 2632 volens

2226 2663 2478 2718 claris-res
2507 2662 2701 2726 facere,
2733 2673 2786 2718 et
2815 2678 2964 2718 suam
2993 2664 3242 2720 virtutem
3267 2665 3652 2730 demonstrare,
3687 2668 3808 2722 bar-

2227 2757 2338 2811 bari
2366 2757 2611 2810 demulsit
2637 2757 2869 2810 animum
2893 2766 2946 2812 et
2967 2765 3166 2811 tantam
3193 2758 3527 2812 tolerantiam
3547 2759 3808 2814 ostendit?

2227 2845 2410 2915 Neque
2440 2847 2582 2902 enim
2611 2856 2717 2901 tam
2748 2848 3058 2903 admirabile
3088 2859 3201 2903 erat
3225 2889 3238 2912 ,
3267 2850 3310 2903 si
3341 2865 3369 2903 a
3399 2850 3659 2921 principio
3687 2866 3809 2920 pro-

2228 2938 2486 2993 hibuisset
2513 2953 2605 2992 eos
2644 2938 2698 2992 in
2731 2940 2994 2992 caminum
3041 2939 3184 3009 injici
3218 2957 3232 2994 :
3263 2941 3416 2995 sicuti
3465 2957 3602 2996 nunc
3645 2941 3807 2996 admi-

2227 3031 2446 3086 rabilius
2474 3041 2527 3085 et
2553 3032 2722 3086 rarius
2750 3031 2943 3085 factum
2969 3042 3047 3086 est
3073 3075 3086 3095 ,
3115 3047 3238 3086 eum
3274 3035 3323 3087 in
3353 3034 3528 3088 medio
3555 3034 3690 3104 ignis
3715 3049 3806 3088 ex-

2227 3125 2477 3180 sistentes
2499 3165 2515 3189 ,
2553 3123 2684 3178 nihil
2731 3125 2949 3179 insuave
2984 3125 3090 3194 pati
3132 3127 3408 3194 permittit.
3442 3125 3571 3180 Nam
3601 3126 3810 3198 quando

2226 3216 2358 3282 vult,
2387 3215 2547 3270 etiam
2572 3231 2667 3270 eos
2691 3215 2778 3284 qui
2810 3214 2861 3270 in
2896 3217 3084 3270 mediis
3113 3225 3235 3271 sunt
3263 3217 3509 3286 periculis
3535 3228 3586 3272 et
3617 3219 3810 3289 pennis,

2227 3307 2553 3377 potentiores
2590 3305 2714 3360 facit
2741 3323 2755 3362 :
2785 3315 2840 3360 et
2873 3321 2965 3361 eos
3003 3307 3090 3376 qui
3133 3307 3401 3376 patiuntur
3422 3351 3436 3373 ,
3467 3308 3532 3362 iis
3565 3309 3655 3378 qui
3696 3309 3812 3364 illos

2226 3396 2464 3466 aiiligunt
2486 3399 2789 3466 superiores
2815 3396 3006 3451 reddit.
3041 3397 3151 3452 Hoc
3175 3407 3229 3454 et
3256 3399 3306 3453 in
3333 3400 3592 3469 apostolis
3617 3400 3811 3456 factum

2227 3499 2328 3544 est.
2356 3491 2486 3545 Nam
2509 3493 2597 3560 qui
2624 3506 2717 3545 eos
2747 3492 3005 3561 urgebant
3031 3501 3086 3548 et
3109 3493 3444 3548 adducebant
3472 3495 3523 3548 in
3555 3496 3810 3560 medium,

2227 3593 2282 3636 et
2309 3584 2456 3649 quasi
2496 3582 2742 3637 dentibus
2780 3583 3037 3638 adversus
3083 3599 3176 3638 eos
3216 3585 3547 3650 fremebant,
3582 3585 3727 3640 inter
3757 3600 3814 3640 se

2227 3673 2514 3729 dicebant:
2549 3675 2685 3740 Quid
2721 3674 2964 3742 faciemus
3008 3677 3125 3730 viris
3165 3677 3274 3729 istis
3308 3676 3328 3746 (
3347 3678 3460 3732 Act.
3501 3677 3551 3730 4.
3588 3675 3731 3748 i6)?
3761 3677 3812 3731 in

2228 3765 2471 3820 manibus
2498 3766 2614 3820 illos
2638 3765 2926 3832 habebant,
2954 3776 3008 3821 et
3031 3765 3345 3822 dubitabant
3371 3783 3572 3837 secum,
3600 3769 3726 3838 quid
3749 3770 3813 3825 de

2228 3858 2306 3912 eis
2333 3857 2584 3913 facerent.
2613 3857 2804 3923 Tanta,
2833 3867 3044 3928 tamque
3070 3859 3239 3914 valida
3264 3875 3348 3916 res
3369 3870 3450 3916 est
3471 3861 3656 3928 virtus,
3681 3870 3812 3917 tam-

2227 3965 2330 4021 que
2360 3951 2634 4006 imbecillis
2662 3952 2861 4006 malitia
2883 3993 2897 4017 ,
2929 3960 2986 4005 ut
3015 3952 3101 4006 illa
3132 3952 3345 4022 quidem
3366 3995 3381 4020 ,
3410 3952 3533 4008 licet
3561 3955 3811 4023 patiatur,

2226 4042 2422 4106 vincat,
2452 4043 2564 4096 hmc
2594 4058 2722 4097 vero
2745 4052 2799 4098 et
2825 4043 2868 4097 si
2895 4043 3019 4112 quid
3049 4053 3191 4113 agat,
3219 4043 3350 4098 nihil
3379 4044 3522 4100 aliud
3549 4045 3813 4115 proﬁciat,

2227 4149 2386 4202 quam
2411 4133 2552 4201 quod
2578 4148 2726 4187 suam
2757 4134 2943 4204 prodat
2969 4135 3348 4190 infirmitatem.

2300 4225 2513 4279 Moralis
2546 4226 2848 4281 exhortatio.
2875 4259 2946 4267 —
2976 4227 3031 4283 ld
3061 4227 3310 4295 scientes,
3340 4227 3541 4295 dilecti,
3570 4243 3813 4300 niagnam

2228 4317 2434 4373 virtutis
2475 4318 2762 4374 habeamus
2805 4320 3100 4388 rationem,
3139 4329 3194 4377 et
3231 4321 3356 4375 vitia
3405 4321 3664 4392 fugiamus
3696 4339 3712 4375 :
3744 4323 3813 4377 ita

2226 4409 2368 4463 enim
2411 4419 2465 4463 et
2505 4425 2788 4479 supernam
2831 4413 3052 4481 gratiam
3097 4413 3250 4468 nobis
3289 4413 3693 4468 conciliabimus
3717 4454 3730 4477 ,
3761 4421 3815 4467 et

2228 4501 2399 4556 futura
2429 4518 2814 4573 consequemur
2849 4504 2983 4558 bona
3013 4522 3027 4561 :
3056 4521 3174 4575 qua:
3215 4505 3367 4560 nobis
3407 4505 3656 4560 onmibus
3687 4520 3816 4560 eve-

2227 4595 2391 4660 niant,
2415 4596 2585 4664 gratia
2609 4607 2663 4650 et
2689 4597 3050 4652 misericordia
3085 4598 3291 4651 Domini
3322 4601 3487 4652 nostri
3514 4597 3641 4654 Jesu
3659 4597 3814 4653 Chri-

2228 4686 2314 4749 sti,
2347 4686 2432 4740 cui
2472 4685 2559 4751 sit,
2587 4700 2705 4740 cum
2753 4687 2908 4741 Patre
2935 4697 2990 4741 et
3023 4688 3224 4758 Spiritu
3255 4700 3463 4755 sancto,
3493 4689 3680 4760 gloria,
3714 4690 3814 4743 im-

2225 4777 2452 4846 perium,
2482 4777 2669 4843 honor,
2697 4793 2836 4832 nunc
2863 4788 2916 4833 et
2941 4794 3174 4850 semper,
3201 4790 3256 4836 et
3284 4781 3337 4835 in
3367 4782 3562 4837 saecula
3591 4780 3814 4838 saeculo-

2226 4885 2364 4924 rum.
2395 4870 2582 4925 Amen.

2801 5005 3077 5061 HOMILIA
3118 5007 3226 5062 [ιιι.

2229 5163 2504 5218 Seminavit
2532 5172 2698 5216 autem
2725 5161 2873 5217 Isaac
2899 5165 2951 5216 in
2983 5171 3117 5217 terra
3140 5163 3251 5228 illa,
3272 5172 3322 5219 et
3344 5161 3535 5218 inuenit
3559 5165 3810 5233 centupli-

2425 5271 2547 5309 cans
2573 5255 2816 5309 hordeum
2844 5254 2896 5307 in
2920 5271 3054 5309 anno
3083 5255 3173 5309 illo
3199 5253 3352 5325 (Gen.
3373 5254 3465 5310 26.
3495 5257 3609 5327 12).

2300 5389 2348 5442 ί.
2378 5387 2647 5457 Reliquias
2669 5386 2786 5443 heri
2807 5386 3070 5442 dictorum
3101 5402 3278 5456 operae
3299 5387 3527 5456 pretium
3549 5397 3632 5442 est
3651 5387 3810 5442 hodie

2227 5481 2450 5537 reddere
2486 5490 2680 5534 vestrm
2717 5480 2962 5545 caritati,
3007 5489 3060 5533 et
3105 5480 3328 5548 repetita
3368 5480 3634 5536 sermonis
3672 5481 3811 5535 serie

2225 5573 2414 5625 iterum
2448 5569 2629 5624 videre
2658 5578 2908 5638 quantam
2934 5569 3110 5637 justus
3139 5567 3283 5622 Isaac
3311 5583 3596 5638 supernam
3634 5569 3808 5638 provi-

2225 5662 2459 5716 dentiam
2491 5659 2561 5714 sit
2589 5668 2928 5728 assequutus.
2966 5658 3098 5713 Nam
3127 5659 3214 5728 qui
3253 5659 3302 5712 ei
3345 5657 3690 5728 prohibuerat
3717 5657 3811 5710 de-

2231 5767 2478 5809 scensum
2500 5754 2551 5808 in
2576 5749 2878 5826 Egyptum,
2900 5761 2955 5807 et
2978 5751 3183 5808 dixerat
3209 5768 3220 5806 :
3253 5749 3442 5806 Habita
3461 5751 3514 5805 in
3533 5758 3664 5805 terra
3692 5747 3806 5817 hac,
