4078 6480
383 413 493 468 ιὸὃ

382 555 448 591 τε
475 535 574 607 τῆς
593 535 799 599 οἰκείας
826 535 1089 606 ὑπακοῆς,
1112 534 1200 588 καὶ
1225 535 1298 606 μῆ
1314 536 1558 606 καταϐῇς
1583 537 1661 598 εἰς
1676 533 1970 602 Αἴγυπτον,

387 621 507 676 ἀλλ’
541 619 779 674 ἐνταῦθα
817 619 966 689 μένε.
1021 615 1174 682 Εἶδες
1203 618 1336 671 Θεοῦ
1365 618 1794 688 φιλανθρωπίαν,
1827 617 1974 679 ὅπως

379 704 476 757 διὰ
507 705 607 774 τῆς
639 703 862 774 μνήμης
909 702 1008 772 τῆς
1043 701 1244 771 ἀρετῆς
1279 701 1374 754 τοῦ
1419 701 1622 770 πατρδς
1648 699 1838 753 τούτου
1883 699 1974 751 τὸν

380 787 646 857 λογισμὸν
698 786 998 857 ὲνεύρωσε;
1049 783 1370 852 Κατῴκησε
1415 783 1504 847 δὲ,
1553 785 1737 854 φησὶν,
1773 781 1972 836 Ἰσαὰκ

378 871 454 922 ἐν
481 868 788 938 Γεράροις.
841 869 985 940 Ὅρα
1026 871 1138 930 τοῖς
1182 869 1364 931 αὐτοῖς
1401 867 1494 920 καὶ
1535 866 1720 920 τοῦτον
1754 865 1970 935 περιπί-

381 969 590 1007 πτοντα
614 953 817 1022 σχεδὸν,
839 947 922 1014 οἷς
953 952 982 1003 6
1016 950 1198 1020 πατὴρ
1228 951 1572 1021 περιέπεσεν.
1620 948 1834 1016 Ἐπειδὴ
1863 946 1972 1016 γάρ

377 1035 480 1106 τὴν
502 1036 815 1104 κατοίκησιν
843 1035 1132 1104 ἐποιήσατο
1153 1034 1210 1085 ὲν
1222 1033 1289 1084 Γε
1299 1035 1502 1103 ράροις,
1523 1030 1966 1097 Ἐπηρώτησαν,

377 1121 583 1188 φησὶν,
625 1123 677 1172 οἱ
711 1118 926 1185 ἄνδρες
973 1117 1079 1170 τοῦ
1110 1117 1298 1169 τόπου
1342 1115 1474 1182 περὶ
1510 1113 1618 1182 τῆς
1655 1111 1970 1176 Ῥεϐέκκας

380 1202 494 1269 τῆς
518 1201 802 1270 γυναικός
821 1200 1028 1265 αὐτοῦ,
1045 1200 1139 1253 καὶ
1157 1196 1344 1262 εἶπεν,
1365 1195 1619 1265 Ἀδελφή
1638 1214 1756 1265 μου
1774 1195 1962 1247 ἐστίν’

375 1284 623 1354 ἐφοϐήθη
652 1284 760 1355 γὰρ
795 1285 1005 1353 μήποτε
1027 1283 1417 1336 ἀποκτείνωσιν
1446 1281 1631 1341 αὐτὸν,
1663 1281 1965 1348 ἡττώμενοι

373 1367 473 1419 τοῦ
504 1366 734 1428 κάλλους
767 1369 864 1436 τῆς
888 1365 1165 1433 γυναικός.
1187 1365 1432 1433 Μήποτε
1460 1363 1588 1434 γάρ,
1622 1363 1804 1432 φησὶν,
1827 1361 1966 1414 ἀπο·

374 1449 698 1502 κτείνωσιν
735 1448 923 1501 αὑτὸν
955 1450 1008 1501 οἱ
1043 1447 1257 1513 ἄνδρες
1295 1445 1398 1500 τοῦ
1437 1446 1623 1498 τόπου
1671 1443 1802 1509 περί
1847 1443 1963 1495 Ῥε-

372 1531 621 1598 ϐέκκας,
642 1532 730 1585 ὅτι
760 1532 944 1599 ὡραία
970 1530 1045 1598 τῇ
1075 1530 1208 1598 ὄψει
1235 1527 1334 1601 ἦν.
1383 1529 1645 1598 Ἐγένετο
1673 1526 1741 1579 δὲ
1773 1529 1963 1579 πολυ-

370 1616 623 1681 χρόνιος
657 1614 800 1668 ἑκεῒ.
841 1615 1211 1681 Παρακύψας
1247 1612 1316 1666 δὲ
1346 1611 1652 1680 Ἀϐιμέλεχ
1695 1607 1816 1664 εἶδε
1855 1609 1963 1662 τόν

384 1697 588 1751 Ἰσαὰκ
615 1696 896 1756 παίζοντα
914 1695 1064 1764 μετὰ
1089 1695 1397 1761 Ῥεϐέκκας
1423 1693 1528 1762 τῆς
1548 1692 1830 1763 γυναικὸς
1852 1693 1960 1745 a6-

369 1783 503 1846 τοῦ,
533 1783 632 1836 καί
669 1781 964 1835 ἐκάλεσεν
996 1782 1205 1842 αὑτὸν,
1240 1783 1339 1834 καὶ
1372 1778 1542 1833 εἶπεν
1575 1776 1735 1843 αὐτῷ
1761 1794 1774 1808 ο
1807 1774 1961 1844 Ἀρά

369 1883 439 1933 γε
473 1863 630 1932 γυνή
689 1880 806 1917 σου
855 1864 1069 1925 ἐστίν;
1109 1863 1172 1916 Τί
1211 1862 1300 1916 ὅτι
1333 1858 1518 1927 εἶπες,
1557 1859 1806 1927 Ἀδελςρή
1839 1877 1958 1927 μου

365 1950 582 2011 ἐστίν;
616 1946 834 2017 Ἐπειδὴ
858 1948 922 1998 ἐκ
943 1947 1049 1998 τῶν
1067 1945 1380 2016 τεκμηρίων
1401 1943 1656 2015 ἐφωράθη
1685 1946 1712 1996 6
1730 1943 1954 2007 δίκαιος,

366 2031 556 2084 οὐκέτι
592 2031 775 2084 λοιπὸν
815 2032 1076 2101 ἀρνεῖται,
1100 2029 1215 2083 ἀλλ’
1247 2029 1515 2098 ὁμολογεῖ,
1541 2027 1634 2080 καὶ
1659 2027 1757 2096 τὴν
1782 2025 1958 2077 αἰτίαν

367 2114 614 2184 φανερὰν
645 2112 956 2182 καθίστησι,
1001 2112 1067 2165 δι’
1101 2112 1168 2180 ἢν
1198 2110 1430 2181 ἀδελφὴν
1474 2109 1699 2162 καλέσαι
1742 2106 1948 2160 κατεδέ-

367 2195 522 2260 ξατο.
553 2193 701 2250 Είπε
723 2194 851 2264 γὰρ,
887 2197 1041 2265 φησί,
1065 2194 1313 2260 Μήποτε
1333 2195 1615 2248 ἀποθάνω
1644 2192 1716 2244 δι’
1743 2190 1956 2255 αὐτὴν·

365 2278 396 2330 6
424 2277 519 2330 τοῦ
549 2278 780 2331 Θανάτου
812 2277 974 2347 φόϐος
1011 2279 1089 2339 εἰς
1115 2276 1271 2330 τοῦτό
1298 2294 1363 2345 με
1395 2274 1566 2327 ἐλθεῖν
1612 2272 1960 2342 κατηνάγκα-

368 2377 483 2413 σεν.
520 2361 679 2423 Ἴσως
709 2360 764 2412 δὲ
798 2359 1130 2430 μεμαθηκὼς
1159 2355 1248 2429 ἦν,
1298 2360 1378 2411 δτι
1408 2358 1501 2410 καὶ
1540 2359 1567 2410 6
1598 2358 1778 2427 πατὴρ
1803 2356 1958 2408 τοῦτο

363 2442 427 2494 16
473 2442 657 2513 δρᾶμα
707 2444 1118 2504 κατασκευάσας
1177 2441 1432 2494 διέσωσεν
1475 2440 1686 2502 ἑαυτὸν,
1738 2439 1832 2492 καὶ
1870 2438 1957 2492 διὰ

360 2525 527 2578 τοῦτο
551 2526 644 2577 καὶ
669 2525 830 2588 αὐτὸς
855 2524 1060 2596 ταύτην
1098 2521 1228 2596 ἦλθε
1262 2525 1362 2595 τὴν
1390 2524 1524 2578 ὁδόν.
1570 2523 1708 2576 Ἀλλ’
1744 2524 1772 2576 6
1811 2521 1956 2590 βασι⁴

361 2606 495 2670 λεύς
521 2608 740 2661 ἔναυλον
771 2608 909 2678 ἔχων
940 2609 1039 2680 τὴν
1075 2609 1296 2679 μνήμην
1335 2600 1411 2660 ὧν
1453 2606 1716 2660 πέπονθεν
1743 2607 1834 2658 ἐπὶ
1862 2607 1953 2658 τοῦ

362 2689 707 2761 πατριάρχου
736 2692 834 2762 τὴν
855 2692 1068 2763 Σάρραν
1098 2691 1452 2760 ἀφελόμενος,
1480 2689 1822 2761 παραχρῆμα
1851 2689 1956 2742 ὐπὸ

361 2772 463 2841 τῆς
495 2773 698 2826 ἄνωθεν
731 2776 1101 2846 ἐπιτιμήσεως
1139 2773 1329 2828 ἑαυτὸν
1359 2773 1656 2825 ὑπεύθυνον
1679 2773 1953 2842 καταστή-

362 2872 489 2918 66;,
521 2857 652 2925 φησί
684 2856 818 2928 πρὸς
842 2858 1002 2929 αὐτόν
1022 2874 1035 2888 ο
1068 2857 1129 2911 Τί
1160 2857 1332 2911 τοῦτο
1363 2856 1697 2923 ἐποίησας;
1725 2855 1953 2922 Μικροῦ

357 2937 655 3006 ἐκοιμήθη
685 2955 776 3005 τις
809 2938 918 2994 τοῦ
947 2939 1162 3009 γένους
1187 2957 1306 3010 μου
1341 2937 1493 3008 μετὰ
1531 2935 1638 3005 τῆς
1670 2939 1953 3007 γυναικός

360 3033 506 3082 σου,
535 3021 631 3074 καί
665 3021 964 3091 ἐπήγαγες
993 3022 1068 3075 ἂν
1100 3023 1191 3090 ἐφ’
1219 3019 1377 3090 ἡμᾶς
1403 3020 1672 3092 ἄγνοιαν.
1715 3021 1949 3092 Ταύτην,

360 3106 519 3171 φησι,
538 3104 635 3170 τὴν
669 3103 884 3174 ἀπάτην
908 3106 999 3157 καὶ
1030 3103 1132 3174 ἤδη
1159 3104 1470 3173 ὑπέστημεν
1494 3103 1600 3156 ὐπὸ
1631 3102 1724 3156 τοῦ
1747 3104 1952 3174 πατρὸς

359 3185 456 3238 τοῦ
491 3187 620 3248 σοῦ,
667 3187 760 3239 καὶ
788 3186 883 3241 νῦν
926 3187 973 3238 εἰ
1005 3186 1078 3257 μὴ
1112 3186 1318 3256 ταχέως
1352 3185 1680 3255 συνείδομεν,
1715 3186 1784 3239 τά
1815 3186 1951 3238 αὐτά

360 3270 430 3322 ἂν
456 3267 752 3339 ἐμέλλομεν
777 3268 1090 3338 ὑπομένειν,
1125 3268 1233 3320 Καὶ
1258 3267 1554 3337 ἐπήγαγες
1582 3267 1659 3323 ἂν
1679 3267 1772 3336 ἐφ’
1795 3267 1952 3336 ἡμᾶς

357 3351 632 3420 ἄγνοιαν.
671 3352 779 3405 Καὶ
819 3351 926 3420 γάρ
958 3352 1053 3404 καὶ
1095 3351 1216 3404 τότε
1257 3352 1322 3405 δι’
1352 3351 1572 3420 ἄγνοιαν
1620 3351 1950 3422 ἁμαρτάνειν

357 3434 680 3504 ἐμέλλομεν,
717 3436 811 3488 καὶ
833 3434 926 3488 νῦν
956 3434 1059 3486 ὐπὸ
1084 3436 1180 3505 τῆς
1205 3434 1423 3502 ἀγνοίας
1450 3433 1645 3506 μικροῦ
1671 3435 1778 3486 δεῖν
1805 3436 1949 3504 ἡμᾶς

360 3517 516 3588 1504]
554 3519 796 3589 ἁμαρτία
829 3521 1146 3588 περιπεσεῖν
1179 3518 1615 3590 παρεσκεύασας.
1652 3519 1950 3582 Συνέτιιξε

361 3603 456 3664 δὲ,
486 3603 668 3672 φησὶν,
703 3602 1006 3670 Ἀϐιμέλεχ
1033 3600 1109 3666 τῷ
1131 3601 1256 3666 λαῷ
1285 3602 1471 3655 αὐτοῦ
1500 3601 1694 3671 λέγων
1713 3618 1725 3630 ·
1760 3601 1884 3664 Πᾶς
1917 3605 1950 3655 ό

355 3684 697 3752 ἁπτόμενος
730 3684 835 3737 τοῦ
861 3683 1174 3752 ἀνθρώπου
1203 3685 1438 3746 τούτου,
1462 3683 1498 3752 ἣ
1528 3683 1632 3751 τῆς
1667 3683 1949 3754 γυναικὸς

355 3761 570 3831 αὐτοῦ,
599 3767 855 3821 θανάτου
896 3767 1110 3836 ἔνοχος
1133 3767 1318 3820 ἔσται.
1343 3767 1483 3839 Ὅρα
1515 3768 1648 3820 Θεοῦ
1673 3769 1944 3838 πρόνοιαν,

355 3849 462 3918 δρα
502 3850 826 3919 κηδεμονίαν
860 3851 1085 3918 ἄφατον.
1139 3851 1198 3902 '0
1243 3850 1351 3919 γὰρ
1397 3850 1563 3902 εἰπὼν
1614 3849 1796 3920 αὐτῷ’
1848 3849 1945 3918 Μὴ

356 3930 627 3995 καταϐᾗς
646 3935 732 3998 εἰς
755 3933 1087 4002 Αἴγυπτον,
1104 3933 1198 3986 καί
1227 3932 1489 3985 κιιτοίκει
1518 3932 1586 3984 ἐν
1604 3931 1676 3999 τῇ
1709 3930 1784 4001 τῇ
1807 3935 1946 3986 ταύ-

355 4032 456 4081 τῃ,
494 4015 591 4066 καί
621 4015 829 4085 ἔσομαι
873 4018 1021 4085 μετὰ
1047 4015 1163 4070 σοῦ
1184 4033 1197 4046 ·
1233 4011 1384 4079 οὗτος
1412 4013 1476 4086 ἦν
1512 4018 1540 4069 6
1578 4016 1750 4068 ταῦτα
1774 4017 1946 4069 πάντα

353 4096 682 4166 οἰκονομῶν,
715 4099 808 4150 καὶ
831 4099 920 4150 16v
947 4098 1151 4152 δίκαιον
1173 4099 1230 4151 ἐν
1257 4099 1492 4172 τοσαύτῃ
1521 4099 1788 4170 ἀσφαλείᾳ
1817 4099 1945 4152 καθ-

357 4179 535 4240 ιστάς.
557 4180 755 4233 Σκόπει
776 4179 884 4253 γὰρ
902 4180 992 4235 τὸν
1017 4181 1237 4252 βασιλέα
1256 4181 1412 4254 ἔργον
1434 4181 1590 4236 τοῦτο
1604 4181 1942 4253 ποιούμενον,

354 4261 500 4314 ὥστε
527 4263 586 4316 ἐν
615 4263 768 4334 ἀδείᾳ
804 4263 1008 4331 διάγειν
1039 4265 1222 4329 αὐτὸν,
1254 4267 1348 4319 καὶ
1389 4266 1568 4337 πάσης
1603 4267 1945 4337 ἀπηλλάχθαι

355 4345 660 4412 φροντίδος.
691 4345 930 4399 Θάνατον
953 4346 1083 4418 γὰρ,
1115 4367 1187 4418 φη
1198 4349 1301 4411 σίν,
1325 4350 1617 4419 ἠπείλησεν
1645 4349 1866 4417 ἆπασιν,
1895 4350 1948 4403 εί

353 4445 442 4490 τις
472 4427 669 4496 άψαιτο
699 4427 885 4494 αὐτοῦ,
918 4430 951 4500 ἢ
975 4433 1072 4500 τῆς
1102 4433 1357 4498 γυναικὸς
1388 4431 1570 4484 αὐτοῦ.
1590 4432 1806 4504 Ἐπειδὴ
1837 4431 1944 4503 γὰρ

353 4505 512 4572 οὗτος
545 4506 611 4580 ἦν
642 4513 670 4562 6
696 4511 878 4577 φόϐος,
906 4514 933 4566 6
954 4512 1046 4565 τοῦ
1073 4512 1303 4565 θανάτου
1330 4513 1495 4581 λέγω,
1526 4513 1827 4567 κατασείων
1850 4515 1942 4567 τοῦ

353 4594 569 4646 δικαίου
595 4596 693 4664 τὴν
721 4595 975 4662 διάνοιαν,
995 4597 1081 4648 διὰ
1102 4596 1258 4650 τοῦτο
1287 4598 1382 4649 καὶ
1401 4597 1584 4650 τοῦτον
1614 4597 1944 4668 ἐκϐληθῆναι

353 4676 658 4747 πεποίηκεν
712 4678 740 4728 6
774 4677 1152 4748 φιλάνθρωπος
1195 4681 1489 4749 Δεσπότης,
1547 4680 1640 4734 καί¹
1687 4683 1745 4732 ἐν
1795 4682 1944 4754 πάσῃ

351 4760 626 4830 ἀσφαλείᾳ
655 4761 814 4813 αὐτὸν
842 4761 1025 4814 λοιπὸν
1055 4761 1282 4829 διάγειν.
1307 4763 1415 4815 Καὶ
1434 4763 1534 4832 δρα
1558 4763 1617 4816 16
1634 4763 1942 4834 θαυμαστὸν

351 4843 450 4896 καὶ
463 4842 778 4912 παράδοξον,
800 4844 915 4908 πῶς
931 4845 1232 4916 εὐμήχανος
1257 4844 1331 4898 ὢν
1357 4846 1448 4899 καὶ
1473 4846 1632 4914 σοφὸς
1655 4847 1746 4900 καὶ
1766 4849 1941 4902 πάντα

350 4926 500 4978 κατὰ
533 4929 594 4979 τὸ
633 4926 878 4998 βούλημα
921 4928 981 4980 τὸ
1025 4931 1222 4980 οἰκεῖον
1254 4930 1696 4997 μετασκευάζων,
1743 4933 1835 4986 καὶ
1884 4934 1942 4987 ὲν

348 5009 581 5079 ἀπόροις
615 5010 779 5082 πόρον
810 5011 1096 5080 εὑρίσκων,
1115 5010 1202 5063 διὰ
1222 5010 1331 5064 τῶν
1361 5012 1614 5065 ἐναντίων
1643 5013 1822 5067 αὐτῶν
1847 5016 1942 5069 καὶ

349 5092 629 5161 πολεμίων
654 5090 792 5147 εἶναι
820 5095 1157 5165 νομίζεσθαι,
1185 5094 1275 5148 διά
1290 5095 1492 5149 τούτων
1519 5097 1617 5166 τὴν
1644 5098 1942 5166 ἀσφάλειαν

345 5178 468 5236 τοῖς
507 5174 654 5238 ἰδίοις
690 5175 987 5246 θεράπουσι
1020 5177 1270 5245 γενέσθαι
1308 5179 1574 5250 προξενεῖ.
1615 5180 1783 5234 Πόθεν
1808 5181 1937 5253 γὰρ,

347 5257 477 5310 εἰπέ
510 5274 620 5326 μοι,
648 5259 677 5310 6
700 5257 949 5328 βασιλεὺς
973 5254 1125 5321 οὗτος
1143 5261 1412 5332 τοσαύτην
1424 5262 1515 5314 τοῦ
1534 5261 1742 5316 δικαίου
1773 5267 1941 5318 ποιεῖ-

347 5358 444 5393 ται
466 5340 563 5410 τὴν
580 5341 857 5409 πρόνοιαν,
876 5343 1158 5412 μονονουχὶ
1178 5344 1568 5415 ἀνακηρύττων
1585 5347 1746 5400 αὐτὸν
1770 5349 1938 5402 ἆπασι

346 5425 465 5485 τοῖς
484 5422 582 5493 τὴν
604 5422 755 5478 πόλιν
776 5423 1004 5488 οἰκοῦσι,
1020 5424 1114 5478 καὶ
1136 5427 1407 5498 περιφανῆ
1428 5428 1642 5492 δεικνὺς
1663 5431 1760 5483 καὶ
1785 5448 1850 5483 πε
1859 5448 1937 5501 ρι-

349 5503 692 5558 σπούδαστον
722 5505 902 5576 αὐτῷ;
933 5506 1091 5559 Οὐτω
1118 5507 1212 5560 καὶ
1241 5510 1268 5562 6
1301 5509 1768 5583 Ναϐουχοδονόσορ
1800 5515 1944 5583 μετόι¹

271 5609 276 5612 ·
344 5587 412 5641 τὺ
441 5587 620 5656 βαλεῖν
645 5589 727 5652 είς
753 5587 846 5659 τὴν
867 5590 1097 5660 κάμινον
1125 5592 1249 5655 166;
1282 5591 1476 5656 παῖδας
1507 5595 1632 5658 166;
1659 5597 1826 5665 τρεῖς,
1843 5597 1937 5648 καί⁸

344 5670 440 5724 διὰ
470 5671 580 5724 τῶν
618 5672 960 5742 πραγμάτων
993 5672 1182 5742 μαθεῖν
1219 5673 1326 5727 τῶν
1353 5677 1488 5730 νέων
1513 5677 1621 5728 τῶν
1655 5677 1935 5747 αἰχμαλώ-

345 5770 464 5808 των
501 5753 600 5825 τὴν
633 5753 852 5838 ἀρετήν,
877 5753 1007 5838 ,τότε
1052 5757 1443 5838 ἀνακηρύττειν
1475 5760 1671 5823 αὐτοὺς
1692 5761 1930 5831 ἤρξατο,

350 5839 447 5892 καὶ
500 5837 776 5910 πανταχοῦ
813 5836 898 5892 διά
930 5838 1028 5908 τῆς
1071 5840 1274 5904 οἰκείας
1321 5836 1564 5914 γλώττης
1618 5849 1933 5914 περιφανεῖς

1345 409 1413 467 IN
1451 410 1603 468 CAP.
1646 408 1815 464 XXVI
1877 408 2120 465 GENES.
2155 409 2387 470 HOMIL.
2431 413 2539 470 LII.

3536 421 3644 475 456

2081 533 2360 604 καθιστάν.
2383 533 2550 589 Τοῦτο
2572 536 2680 608 γάρ
2708 537 2823 590 ἐστι
2846 536 3079 607 μάλιστα
3099 537 3200 608 τῆς
3227 537 3539 610 περιουσίας
3557 539 3656 609 τῆς

2077 615 2170 667 τοῦ
2204 615 2339 669 Θεοῦ
2371 617 2672 688 δυνάμεως,
2709 619 2836 672 ὅταν
2865 618 2952 672 διά
2980 619 3086 672 τῶν
3108 620 3319 691 ἐχθρῶν
3344 620 3654 692 ἀνακηρύτο-

2075 697 2261 752 τεσθαι
2292 699 2418 762 166;
2442 701 2604 754 αὐτοῦ
2626 701 2843 765 δούλους
2871 702 3282 773 παρασκευάζῃ.
3318 704 3428 757 Καὶ
3460 706 3487 756 6
3520 703 3657 773 μετά

2079 777 2250 849 θυμοῦ
2282 781 2378 852 τὴν
2398 783 2626 853 κάμινον
2643 784 2854 854 ἐκείνην
2880 785 3176 854 ἐξαφθῆναι
3199 786 3447 856 ποιήσας,
3470 785 3656 856 ἐπειδὴ

2076 859 2242 926 εἶδεν,
2283 864 2365 917 ὅτι
2397 864 2484 918 διά
2536 866 2633 937 τήν
2672 866 2876 920 ἀνωθεν
2909 867 3244 936 συμμαχίαν,
3296 868 3388 920 καὶ
3422 867 3523 937 τῆς
3563 866 3655 920 τοῦ

2078 945 2248 1015 πυρὸς
2296 948 2575 1018 ἐνεργείας
2625 951 2965 1020 περιεγένετο
3003 951 3036 1020 ή
3085 951 3192 1003 τῶν
3222 950 3426 1003 παίδων
3464 950 3652 1022 ἀρετὴ.

2076 1026 2272 1097 ἁθρόον
2309 1030 2774 1102 μεταϐαλλόμενος
2797 1031 3105 1102 ἐκραύγασε
3126 1033 3300 1101 λέγων
3318 1050 3333 1063 ·
3361 1035 3426 1086 Ol
3445 1031 3655 1086 δοῦλοι

2075 1111 2181 1163 τοῦ
2215 1112 2362 1165 Θεοῦ
2387 1113 2493 1167 τοῦ
2517 1115 2806 1182 ὑψίστου.
2846 1115 2986 1185 Ὀρα
3015 1115 3088 1185 μὴ
3119 1115 3276 1185 μόνον
3300 1116 3496 1178 αὐτοὺς
3526 1115 3654 1169 ἀνα-

2073 1210 2143 1264 κη
2153 1193 2432 1263 ρύττοντα,
2451 1195 2585 1250 ἀλλά
2610 1199 2702 1250 καὶ
2719 1197 2810 1251 τὸν
2832 1197 3107 1267 Δεσπότην
3123 1198 3230 1253 τῶν
3244 1199 3379 1252 ὅλων
3395 1217 3407 1231 ·
3439 1198 3654 1252 016017-

2071 1278 2166 1328 λοι
2195 1277 2302 1349 γὰρ
2332 1277 2437 1332 τοῦ
2471 1279 2638 1342 Θεοῦ,
2660 1280 2812 1350 φησὶ,
2839 1279 2947 1333 τοῦ
2968 1282 3253 1348 ὑψίστου,
3277 1281 3566 1345 ἐξέλθετε.
3587 1280 3652 1331 Τί

2071 1357 2329 1426 γέγονεν;
2375 1362 2436 1413 οὐ
2470 1363 2532 1414 σὺ
2568 1364 2632 1432 τῇ
2676 1362 2915 1433 τιμωρία
2947 1363 3302 1433 παρέδωκαςς
3352 1365 3412 1416 οὐ
3459 1365 3522 1416 σύ
3551 1363 3653 1416 ἐπὶ

2069 1441 2322 1497 τοσοῦτον
2349 1444 2682 1514 ἐκκαυθῆναι
2714 1445 2812 1516 τὴν
2845 1447 3073 1516 κάμινον
3112 1447 3477 1517 προσέταξας;
3518 1446 3648 1512 Ναὶ,

2071 1525 2233 1595 φησίν
2257 1542 2270 1555 ·
2309 1527 2444 1578 ἀλλά
2469 1526 2562 1580 νῦν
2589 1529 2701 1599 δρῶ
2729 1528 2853 1594 ξένα
2889 1532 2982 1583 καὶ
3021 1531 3296 1600 παράδοξα
3329 1530 3649 1600 πράγματα.

2069 1608 2142 1660 Τὸ
2167 1607 2276 1680 γὰρ
2308 1614 2568 1680 στοιχεῖον
2597 1611 2752 1666 τοῦτο
2779 1614 2876 1683 τῆς
2919 1615 3122 1678 οίκείας
3151 1615 3430 1684 ἐνεργείας
3467 1614 3654 1667 ἐπιλα-

2069 1689 2312 1760 θόμενον,
2353 1693 2540 1765 ὥσπερ
2579 1694 2798 1765 δεσμοῖς
2837 1713 2943 1748 τισι
2976 1696 3236 1766 πεδηθὲν,
3264 1696 3528 1766 τοσαύτην
3557 1698 3653 1749 ἐπ-

2067 1773 2302 1838 εδείξατο
2320 1776 2418 1846 τὴν
2441 1777 2704 1849 ὑπακοὴν,
2735 1778 2809 1840 ὡς
2833 1778 2965 1848 μηδέ
2987 1777 3094 1832 τῶν
3124 1781 3325 1850 τριχῶν
3345 1778 3652 1849 ἐφάψασθαι

2067 1856 2262 1910 αὐτῶν.
2300 1858 2458 1912 Ὅθεν
2487 1859 2602 1914 ἐστι
2627 1861 2875 1924 συνιδεῖν,
2901 1863 2980 1915 ὅτι
3011 1863 3150 1932 ὑπὲρ
3184 1863 3530 1934 ἀνθρωπίνην
3553 1862 3653 1931 φύ-

2068 1956 2150 1991 σιν
2179 1940 2293 1993 ἐστὶ
2327 1941 2386 1994 16
2416 1944 2658 2010 γεγονὸς,
2687 1944 2781 1997 καὶ
2801 1944 3107 2018 ἀπόρρητός
3137 1963 3221 2008 τις
3244 1949 3339 1999 καὶ
3365 1946 3481 1999 θεία
3501 1947 3650 1998 δύναο

2070 2022 2160 2092 μίς
2184 2024 2330 2075 ἐστιν
2355 2026 2386 2093 ή
2417 2024 2591 2079 ταῦτα
2623 2026 2984 2098 ἐργαζομένη,
3019 2027 3113 2082 καὶ
3142 2028 3252 2081 τῶν
3286 2027 3488 2081 παίδων
3524 2028 3651 2082 τού-

2065 2120 2172 2157 των
2209 2105 2475 2175 τοσαύτην
2519 2107 2814 2180 ποιουμένη
2871 2110 2968 2181 τὴν
3011 2111 3287 2181 πρόνοιαν.
3319 2105 3472 2173 Εἶδες
3513 2110 3647 2164 Θεοῦ

2066 2186 2497 2258 φιλανθρωπίαν,
2526 2190 2673 2252 ὅπως
2693 2191 2791 2244 οὐκ
2816 2192 3308 2262 ἐγκαταλιμπάνων
3327 2193 3450 2255 τοὺς
3488 2193 3648 2257 ἰδίους

2065 2268 2403 2340 θεράποντας
2437 2272 2814 2345 συνεχώρησεν
2849 2277 2929 2338 εἰς
2959 2275 3054 2344 τὴν
3084 2277 3314 2346 κάμινον
3340 2276 3651 2346 εἰσενεχθῆ-

2065 2369 2174 2415 ναι,
2204 2354 2339 2409 ἀλλά
2362 2357 2455 2408 καὶ
2483 2357 2680 2420 αὐτοὺς
2709 2357 3028 2429 βουλόμενος
3054 2359 3462 2432 λαμπροτέρους
3492 2360 3650 2432 ἐργά-

2066 2437 2283 2501 σασθαι,
2321 2439 2417 2490 καὶ
2457 2439 2556 2508 τὴν
2600 2440 2806 2492 οἰκείαν
2836 2441 3062 2512 δύναμιν
3092 2441 3522 2512 ἐνδεικνύμενος,
3551 2443 3647 2495 καὶ

2061 2517 2153 2570 τοῦ
2185 2519 2458 2593 βαρϐάρου
2491 2523 2833 2591 κατεμάλαξε
2869 2524 2966 2594 τὴν
2998 2525 3254 2587 διάνοιαν,
3278 2526 3372 2578 καὶ
3398 2524 3495 2595 τὴν
3521 2541 3646 2578 τοσ-

2061 2602 2229 2671 αύτην
2269 2605 2650 2676 μακροθυμίαν
2689 2608 3033 2674 ἐπεδείξατο;
3065 2608 3198 2661 Οὐδέ
3228 2607 3337 2678 γάρ
3361 2607 3501 2661 οὕτω
3527 2607 3648 2661 θαυ-

2066 2687 2267 2755 μαστὸν
2299 2684 2385 2758 ἦν,
2425 2691 2473 2741 εἰ
2505 2689 2657 2758 παρά
2689 2691 2787 2762 τὴν
2825 2691 3000 2761 ἀρχὴν
3039 2691 3309 2744 ἐκώλυσεν
3343 2692 3538 2754 αὐτοὺς
3566 2693 3647 2756 εἰς

2061 2770 2159 2842 τὴν
2192 2772 2419 2841 κάμινον
2447 2773 2806 2844 ἐμϐληθῆναι,
2837 2775 2912 2835 ὡς
2944 2774 3039 2828 νῦν
3087 2775 3526 2846 θαυμαστότερον
3553 2776 3647 2844 γέ-

2061 2872 2206 2923 γονε,
2224 2856 2464 2910 καὶπολὺ
2490 2857 2549 2909 τὸ
2576 2857 2896 2929 παράδοξον,
2926 2859 3006 2911 ὅτι
3042 2860 3135 2912 καὶ
3157 2861 3212 2911 ἐν
3244 2858 3391 2929 μέσῳ
3410 2858 3488 2930 τῷ
3513 2857 3646 2929 πυρὶ

2059 2939 2423 3009 τυγχάνοντας
2451 2939 2602 2993 οὐδὲν
2637 2941 2801 3012 ἀηδὲς
2836 2941 3027 2995 παθεῖν
3058 2941 3453 3013 συνεχώρησεν.
3479 2944 3645 2995 Ὅταν

2060 3021 2168 3092 γὰρ
2198 3023 2360 3085 αὐτὸς
2389 3021 2666 3094 βούληται,
2694 3025 2786 3077 καί
2814 3026 2940 3089 τοὺς
2969 3027 3027 3079 ἐν
3057 3025 3246 3095 μέσοις
3271 3025 3465 3087 δεινοῖς
3485 3023 3641 3096 [505]

2061 3105 2461 3174 γεγενημένους
2482 3105 2787 3177 ἀνωτέρους
2816 3106 3125 3179 καθίστησι,
3154 3109 3393 3171 καὶτοὺς
3420 3109 3645 3178 πάσχον-

2058 3205 2157 3250 τας
2186 3188 2293 3240 τῶν
2315 3188 2611 3242 ποιούντων
2636 3190 3037 3260 δυνατωτέρους
3063 3190 3456 3261 ἀπεργάζεται.
3476 3190 3644 3244 Τοῦτο

2059 3272 2151 3323 καὶ
2178 3271 2269 3325 ἐπὶ
2301 3269 2408 3324 τῶν
2438 3273 2750 3325 ἀποστόλων
2775 3274 3010 3342 ἐγένετο.
3065 3277 3127 3328 Οἱ
3161 3277 3374 3346 ἔχοντες
3417 3275 3524 3346 γὰρ
3547 3277 3642 3329 66-

2057 3353 2181 3415 166;
2208 3351 2650 3423 ἀπειλημμένους
2681 3358 2738 3409 ἐν
2764 3356 2841 3425 τῷ
2877 3357 3046 3426 μέσῳ,
3085 3359 3179 3410 καὶ
3213 3360 3492 3429 μονονουχί
3517 3359 3642 3421 τοὺς

2055 3434 2274 3498 ὀδόντας
2301 3435 2561 3504 θήγοντες
2587 3439 2706 3489 κατ’
2738 3439 2938 3500 αὐτῶν,
2965 3440 3098 3509 πρὸς
3126 3441 3386 3511 ἀλλήλους
3425 3443 3638 3509 ἔλεγον⁸

2062 3519 2122 3572 Τί
2151 3518 2483 3588 ποιήσομεν
2508 3520 2631 3586 τοῖς
2648 3521 2978 3588 ἀνθρώποις
3004 3525 3266 3589 τούτοις;
3298 3526 3642 3596 ὑποχειρίους

2055 3603 2252 3666 αὐτοὺς
2273 3605 2508 3674 ἔχοντες,
2539 3607 2596 3658 ἐν
2628 3605 2832 3677 ἀπορίᾳ
2867 3606 3339 3678 καθειστήκεισαν.
3376 3609 3640 3662 Τοσοῦτόν

2055 3687 2246 3756 ἐστινὴ
2276 3686 2443 3757 ἀρετὴ
2463 3687 2698 3758 ἰσχυρὸν,
2722 3690 2816 3741 καὶ
2841 3689 3068 3760 οὐτωςή
3105 3691 3272 3744 κακία
3303 3691 3540 3756 ἀσθενὲς,
3563 3692 3639 3755 ώς

2054 3769 2267 3837 ἐκείνην
2287 3771 2383 3840 μὲν
2401 3771 2492 3822 καὶ
2509 3774 2566 3824 ἐν
2590 3770 2668 3841 τῷ
2690 3773 2919 3842 πάσχειν
2936 3773 3326 3843 περιγίνεσθαι,
3345 3776 3546 3847 ταύτην
3581 3778 3639 3830 δὲ

2054 3858 2146 3908 καὶ
2169 3858 2225 3907 ἐν
2258 3856 2335 3926 τῷ
2365 3860 2539 3909 ποιεῖν
2559 3857 2656 3929 τὴν
2675 3861 2878 3914 οἰκείαν
2906 3862 3189 3915 ἀσθένειαν
3211 3863 3636 3918 ἐπιδείκνυσθαι.

2118 3937 2295 4007 Ὅπερ
2367 3938 2565 4001 εἰδότες
2598 3979 2613 4002 ,
2669 3941 2974 4011 ἀγαπητοὶ,
3035 3943 3201 3997 πολὺν
3273 3945 3370 4014 τῆς
3437 3947 3634 4017 ἀρετῆς

2052 4018 2333 4088 ποιώμεθα
2380 4021 2555 4089 λόγον,
2601 4023 2693 4074 καὶ
2717 4023 3010 4093 φεύγωμεν
3066 4025 3165 4096 τὴν
3215 4027 3433 4080 κακίαν.
3481 4028 3636 4080 Οὐτω

2052 4101 2159 4170 γὰρ
2189 4103 2282 4154 καὶ
2315 4103 2413 4172 τὴν
2458 4102 2664 4156 ἄνωθεν
2702 4107 3120 4177 ἐπισπασόμεθα
3161 4111 3351 4180 ῥοπήν,
3389 4110 3483 4163 καὶ
3527 4111 3635 4163 τῶν

2055 4184 2353 4255 μελλόντων
2380 4186 2774 4258 ἐπιτευξόμεθα
2803 4189 3024 4257 ἀγαθῶν
3049 4208 3059 4218 ·
3089 4184 3163 4245 ὧν
3193 4193 3401 4259 γένοιτο
3429 4194 3636 4257 πάντας

2051 4271 2198 4339 ἡμᾶς
2228 4271 2522 4339 ἐπιτυχεῖν,
2559 4271 2744 4341 χάριτι
2773 4274 2866 4326 καὶ
2895 4273 3274 4346 φιλανθρωπίᾳ
3309 4277 3403 4329 τοῦ
3424 4277 3632 4348 Κυρίου

2051 4354 2206 4425 ήμῶν
2223 4354 2395 4424 Ἰησοῦ
2421 4353 2674 4424 Χριστοῦ,
2706 4355 2824 4425 μεθ’
2850 4351 2912 4409 66
2941 4357 3019 4428 τῷ
3043 4360 3235 4430 Πατρὶ,
3259 4360 3374 4430 ἆμα
3396 4359 3473 4430 τῷ
3492 4360 3635 4430 ἁγίῳ

2051 4435 2347 4506 Πνεύματι,
2395 4436 2540 4501 δόξα,
2576 4437 2797 4506 κράτος,
2837 4439 2990 4511 τιμὴ.
3022 4440 3116 4494 νῦν
3161 4443 3251 4494 καὶ
3295 4442 3400 4506 ἀεὶ,
3430 4443 3523 4495 καὶ
3551 4444 3632 4506 εἰς

2049 4519 2175 4581 τούς
2213 4519 2413 4582 αἰῶνας
2437 4520 2546 4572 τών
2577 4520 2808 4575 αἰώνων.
2860 4523 3050 4592 Ἀμήν.

2641 4623 2882 4678 ΟΜΙΛῘΑ
2915 4627 2961 4679 Ν
2969 4627 3041 4680 B'.

2054 4746 2337 4812 Ἕσπειρε
2381 4745 2450 4798 δὲ
2501 4748 2706 4803 Ἰσαὰκ
2747 4751 2817 4804 ἐν
2849 4751 2923 4820 τῇ
2964 4753 3043 4822 γῇ
3080 4755 3300 4823 ἐκείνῃ,
3330 4759 3425 4810 καὶ
3453 4754 3632 4826 εὗρεν

2079 4828 2606 4883 ἐκατοστεύουσαν
2627 4833 2840 4901 κριθὴν
2869 4837 2938 4888 ἐν
2973 4837 3053 4902 τῷ
3084 4839 3336 4906 ἐνιαυτῷ
3363 4842 3589 4909 ἐκείνῳ.

2117 4919 2185 4964 6'.
2218 4913 2298 4965 Τά
2330 4912 2384 4964 λε
2395 4913 2556 4982 ίψανα
2580 4915 2688 4968 τῶν
2711 4917 2841 4986 χθὲς
2857 4921 3161 4991 εἰρημένων
3177 4925 3472 4993 ἀναγκαῖον
3494 4926 3630 4980 ἀπο-

2046 4996 2227 5081 δοῦναι
2254 4997 2506 5081 σήμερον
2531 5002 2594 5070 τῇ
2622 4999 2862 5073 ὑμετέρᾳ
2892 5004 3100 5078 ἀγάπῃ,
3132 5008 3225 5060 καί
3253 5009 3346 5062 τοῦ
3363 5008 3518 5077 λόγου
3532 5009 3628 5081 τήν

2048 5079 2366 5133 ἀκολουθίαν
2389 5081 2755 5146 ἀναλαϐόντας
2775 5085 2900 5138 ἰδεῖν
2919 5088 3078 5143 πάλιν
3088 5090 3178 5143 τὸν
3193 5089 3398 5145 δίκαιον
3422 5079 3624 5154 Ἰσαάκ,

2046 5163 2176 5232 ὅσης
2212 5162 2474 5216 ἀπολαύει
2505 5163 2605 5234 τῆς
2662 5166 2870 5220 ἄνωθεν
2904 5170 3250 5241 κηδεμονίας.
3301 5173 3356 5226 '0
3389 5172 3494 5242 γάρ
3526 5172 3624 5242 τὴν

2046 5247 2126 5308 εἰς
2140 5246 2413 5313 Αἴγυπτον
2437 5246 2661 5301 κάθοδον
2693 5251 2858 5304 αὐτοῦ
2884 5252 3223 5317 διακωλύσας
3241 5293 3258 5317 .
3291 5255 3383 5308 καὶ
3416 5253 3584 5310 εἰπὼν
3603 5295 3620 5321 ,

2046 5329 2321 5396 Παροίκει
2350 5328 2419 5382 ἐν
2448 5329 2522 5398 τῇ
2552 5329 2626 5401 γῆ
2656 5334 2843 5402 ταύτῃ
2865 5374 2880 5396 ,
2913 5335 3012 5388 καὶ
3047 5335 3260 5403 ἔσομαι
3288 5339 3438 5404 μετὰ
3467 5337 3617 5405 σοῦ,

2045 5410 2216 5474 οὓτως
2257 5411 2419 5464 αὐτὸν
2461 5413 2550 5467 δια
2590 5415 2806 5469 πάντων
2853 5418 3122 5487 περιφανῆ
3155 5418 3507 5490 καθίστησιν,
3546 5421 3623 5486 ὡς

2049 5496 2161 5563 μετ’
2212 5494 2273 5546 66
2337 5495 2470 5548 πολύ
2521 5497 2807 5564 ἐπίφθονον
2861 5499 3022 5551 αὐτὸν
3073 5499 3323 5566 γενέσθαι
3369 5503 3516 5572 παρὰ
3545 5504 3622 5575 τῷ

2051 5575 2266 5646 βασιλεῖ
2301 5578 2575 5650 Γεράρων.
2618 5578 2881 5647 Ὀρῶντες
2904 5580 3014 5650 γὰρ
3043 5581 3205 5634 αὐτοῦ
3235 5584 3357 5637 καθ’
3384 5585 3622 5656 ἑκάστην

2042 5659 2258 5730 ἡμέραν
2291 5661 2658 5730 αὐξανομένην
2684 5662 2783 5733 τὴν
2809 5663 3090 5734 εὐπορίαν,
3122 5665 3478 5721 ἐδεδοίκεισαν
3511 5669 3622 5722 λοι-

2044 5743 2145 5795 πὸν
2165 5742 2258 5795 τοῦ
2288 5743 2480 5813 ἀνδρὸς
2516 5743 2608 5814 τὴν
2651 5744 2838 5798 αὐτόθι
2868 5748 3185 5818 κατοίκησιν
3206 5790 3220 5812 ,
3257 5752 3349 5805 καὶ
3387 5770 3619 5822 μετανα⁴

2047 5829 2232 5898 στῆναι
2263 5827 2468 5880 ἐκεῖθεν
2496 5831 3014 5896 καταναγκάζουσιν.
3037 5834 3217 5900 ’Ἄξιον
3246 5835 3298 5888 δὲ
3330 5839 3416 5890 καί
3444 5839 3618 5892 αὐτῶν
