4078 6444
517 478 750 535 ἀκοῦσαι
799 477 907 534 τῶν
959 477 1217 552 ῥημάτων
1259 480 1359 550 τῆς
1409 480 1556 544 θείας
1609 477 1848 550 Γραφῆς,
1883 475 1971 527 ἴνα
2013 471 2102 525 διὰ

517 563 736 617 πάντων
775 553 1098 632 θεασώμεθα
1128 563 1221 618 τοῦ
1264 563 1402 618 Θεοῦ
1447 565 1548 636 τὴν
1601 563 1834 624 εὔνοιαν,
1864 559 1931 630 ἦν
1975 556 2104 627 περὶ

522 649 645 709 τοὺς
673 645 840 700 αὐτοῦ
867 647 1084 709 οἰκέτας
1117 646 1503 702 ἐπιδείκνυται.
1545 650 1830 711 Ἕσπεφε
1856 643 1924 696 δὲ
1949 683 1964 705 ,
1997 658 2103 708 φη-

523 729 629 792 σὶν,
657 729 866 783 Ἰσαὰκ
886 729 958 781 ἐν
977 727 1144 796 τῇτῇ
1170 731 1398 798 ἐκείνῃ,
1431 730 1528 785 καὶ
1556 723 2103 796 εὗρενέκατιστεύ-

518 825 718 864 ουσαν
747 811 960 878 κριθὴν
985 813 1056 865 ἐν
1090 811 1170 878 τῷ
1201 812 1457 878 ἐνιαυτῷ
1509 813 1738 876 ἐκείνῳ.
1784 809 1984 864 Σκόπει
2017 823 2106 876 μοι

517 891 612 945 τοῦ
641 891 772 946 Θεοῦ
800 895 900 962 τὴν
929 894 1122 961 σοφίαν
1140 911 1152 924 ·
1187 895 1274 948 ἵνα
1307 895 1454 967 δείξῃ
1488 893 1568 964 τῷ
1594 895 1788 964 δικαίῳ
1833 893 1914 945 ὅτι
1942 891 2106 960 δημι-

515 975 715 1046 ουργὸς
743 974 822 1029 ὣν
850 975 952 1045 τῆς
991 977 1227 1045 φύσεως,
1261 979 1354 1032 καὶ
1397 979 1456 1043 ἐξ
1488 979 1707 1048 ἀπόρων
1735 978 1899 1047 πόρον
1931 989 2108 1042 παρα-

523 1061 670 1128 σχεῖν
699 1057 944 1122 δύναται,
963 1061 1070 1112 ’καὶ
1093 1061 1171 1113 ὅτι
1199 1062 1292 1114 καὶ
1321 1060 1380 1126 ἐξ
1397 1062 1572 1132 ἀρχῆς
1593 1060 1754 1124 αὐτὸς
1780 1059 1877 1128 τὴν
1905 1057 2008 1126 γῆν
2033 1055 2110 1126 τῷ

521 1139 708 1211 οἰκείῳ
741 1144 1124 1212 προστάγματι
1159 1143 1401 1214 διήγειρε
1437 1147 1572 1215 πρὸς
1610 1143 1708 1214 τὴν
1745 1142 1854 1196 τῶν
1880 1140 2110 1212 καρπῶν

524 1223 780 1294 βλάστην,
796 1226 1252 1295 παρασκευάσαςι
1268 1227 1355 1280 τὸν
1365 1227 1571 1280 δίκαιον
1585 1223 2111 1280 ἑκατονταπλασίονα

521 1305 633 1360 τῶν
663 1305 757 1360 ὐπ’
803 1307 967 1360 αὐτοῦ
1002 1309 1320 1379 σπαρέντων
1347 1310 1440 1364 ἐπὶ
1467 1310 1567 1380 τῆς
1597 1309 1702 1378 γῆς
1724 1309 1750 1347 b
1785 1305 2112 1378 κομίσασθαι

521 1388 593 1442 τὰ
633 1388 944 1461 δράγματα,
995 1392 1134 1461 ὁμοῦ
1168 1393 1263 1445 καὶ
1311 1392 1474 1446 αὐτὸν
1519 1393 1578 1445 ἐν
1617 1391 1822 1444 πλείονι
1853 1389 2114 1452 καθιστὰς

525 1473 780 1545 εὐπορίᾳ,
801 1474 881 1544 τῷ
904 1474 1132 1545 μηδενὸς
1160 1479 1217 1528 ἐν
1238 1476 1397 1547 χρείᾳ
1422 1476 1698 1544 γενέσθαι,
1714 1475 2011 1537 ’κάκείνους
2025 1473 2114 1527 διὰ.

524 1555 634 1610 τῶν
677 1557 856 1628 ἔργων
891 1557 1176 1618 διδάσκων,
1216 1560 1348 1629 ὅσης
1395 1562 1425 1614 ὁ
1469 1560 1674 1623 δίκαιος
1711 1558 1972 1614 ἀπολαύει
2016 1559 2116 1628 τῆς

529 1639 733 1694 ἀνωθεν
760 1642 952 1711 ῥοπῆς.
989 1641 1308 1713 Εύμήχανος
1328 1643 1438 1715 γάρ
1454 1643 1530 1698 ὢν
1560 1645 1654 1698 καὶ
1682 1644 1866 1713 σοφὸς,
1895 1642 1984 1696 διά
2009 1641 2114 1695 τῶν

527 1723 709 1778 αὐτῶν
737 1723 996 1788 πολλάκις
1028 1727 1367 1796 πραγμάτων
1424 1728 1668 1790 καὶτοὺς
1699 1726 1929 1789 οίκείους
1959 1726 2115 1796 εὐερ-

525 1811 696 1874 γετεῖ,
726 1808 965 1871 καὶτοὺς
993 1807 1074 1861 ἔτι
1103 1808 1550 1879 πεπλανημένους
1564 1807 1908 1863 διδάσκεσθαι
1940 1825 2118 1879 παρα-

527 1891 783 1955 σκευάζει
798 1891 894 1961 τῆς
910 1891 1116 1954 οἰκείας
1139 1892 1392 1962 προνοίας
1411 1893 1510 1964 τὴν
1525 1891 1931 1965 δύναμιν.[50(ἰ]
1947 1892 2118 1946 Τοῦτο

528 1973 622 2027 καὶ
653 1973 790 2044 μετὰ
821 1972 995 2026 ταῦτα
1021 1973 1164 2027 κατά
1195 1975 1295 2046 τὴν
1324 1975 1601 2044 Αἴγυπτον
1628 1977 1945 2046 εἰργάσατο,
1974 1975 2116 2029 ἐκεί⁶

525 2073 638 2120 νοις
686 2056 784 2126 μὲν
831 2056 929 2119 τὰς
969 2057 1243 2128 τιμωρίας
1269 2058 1600 2128 ἐπαγαγὼν,
1635 2059 1729 2113 τὸν
1759 2059 1816 2112 δὲ
1845 2057 1974 2112 λαὸν
2008 2057 2119 2112 τῶν

541 2138 890 2211 Ἰσραηλιτῶν
913 2140 1098 2210 ἀπαθῆ
1129 2141 1523 2210 διαφυλάττων.
1566 2143 1897 2212 Ἐμάνθανον
1927 2141 2034 2212 γὰρ
2055 2141 2118 2194 οὐ

531 2223 695 2290 μόνον
739 2222 828 2276 διὰ
863 2223 964 2292 τῆς
995 2225 1124 2276 ’κατ’
1165 2223 1346 2278 αὐτῶν
1401 2225 1825 2297 ἀγανακτήσεως
1874 2224 1969 2278 τοῦ
2009 2223 2120 2276 τῶν

527 2304 666 2357 ὅλων
687 2305 824 2358 Θεοῦ
860 2307 953 2360 καὶ
982 2306 1316 2378 δημιουργοῦ
1345 2309 1441 2379 τὴν
1464 2308 1714 2378 δύναμιν,
1744 2308 1880 2362 ἀλλά
1905 2308 1998 2361 καὶ
2033 2307 2120 2360 διὰ

527 2388 628 2458 τῆς
656 2390 910 2458 προνοίας
935 2389 1033 2460 τῆς
1051 2392 1130 2454 εἰς
1158 2391 1418 2455 ἐκείνους.
1453 2393 1562 2446 Καὶ
1584 2385 1731 2446 οὗτοι
1757 2391 1920 2445 πάλιν
1938 2392 2037 2444 οὐκ
2055 2393 2120 2442 ἐκ

525 2472 626 2540 τῆς
656 2473 738 2535 είς
769 2474 963 2536 αὐτοὺς
989 2475 1246 2544 προνοίας
1280 2475 1372 2528 καὶ
1401 2475 1729 2546 κηδεμονίας
1755 2475 1914 2546 μόνον
1943 2475 2117 2528 ἐδιδά-

530 2563 722 2608 σκοντο
747 2555 841 2608 τοῦ
851 2555 995 2610 ’Θεοῦ
1025 2558 1123 2628 τὴν
1153 2559 1597 2626 ὑπερῆάλλουσαν
1619 2560 1748 2630 περὶ
1770 2560 1968 2621 αὐτοὺς
1993 2557 2116 2628 φιλ-

527 2637 866 2710 ανθρωπίαν,
900 2639 1034 2693 ἀλλά
1061 2641 1154 2694 καὶ
1178 2641 1245 2694 δι’
1269 2635 1343 2695 ὧν
1366 2642 1606 2706 ἐκείνους
1637 2642 1824 2716 ἐώρων
1849 2641 1967 2696 καθ’
1993 2641 2095 2695 ἑκά

533 2740 666 2794 στην
697 2723 911 2795 ἡμέραν
953 2723 1052 2777 τὰς
1092 2725 1305 2794 πληγὰς
1341 2725 1682 2796 δεχομένους.
1723 2728 1828 2778 Καὶ
1877 2725 1966 2779 διὰ
2012 2725 2120 2779 τῶν

532 2807 713 2862 αὐτῶν
744 2808 1086 2879 πραγμάτων
1111 2809 1202 2860 καὶ
1227 2810 1339 2872 τοῖς
1358 2809 1579 2872 οἰκείοις
1603 2811 1699 2862 καὶ
1723 2812 1838 2872 τοῖς
1860 2809 2122 2872 ἐναντίοις

533 2889 742 2944 ἐδείκνυ
760 2892 857 2961 τῆς
885 2890 1090 2954 οίκείας
1115 2891 1396 2962 δυνάμεως
1410 2891 1508 2964 τὴν
1527 2892 1852 2964 ὑπερϐολήν.
1885 2892 1993 2946 Καὶ
2014 2892 2123 2963 γάρ

535 2973 674 3028 αὐτά
703 2975 771 3028 τὰ
803 2978 1038 3045 στοιχεῖα
1073 2975 1169 3046 τὴν
1203 2976 1333 3046 παρ’
1364 2975 1574 3030 ἑαυτῶν
1597 2977 1870 3032 διακονίαν
1900 2977 1994 3030 καὶ
2028 2975 2122 3047 τὴν

535 3059 781 3130 ὑπακοὴν
808 3059 1174 3113 ἐπιδείκνυται
1204 3062 1315 3121 τοῖς
1343 3060 1674 3128 ὁμοδούλοις,
1717 3061 1848 3116 ὅταν
1868 3061 1897 3114 ὁ
1919 3059 2124 3113 Δεσπό-

533 3160 636 3214 της
666 3141 926 3208 εὐνοϊκῶς
965 3143 1101 3214 πρὸς
1130 3144 1327 3208 αὐτοὺς
1351 3143 1635 3215 διακέηται
1667 3155 1713 3200 ε.
1748 3147 1856 3200 Καὶ
1877 3146 2035 3200 τοῦτο
2058 3145 2124 3198 ἄν

533 3243 620 3289 τις
649 3225 898 3280 θεάσοιτο
947 3227 1169 3294 γεγονὸς
1197 3227 1289 3280 ἐπὶ
1319 3226 1413 3280 τοῦ
1441 3227 1650 3281 δικαίου
1695 3229 1906 3284 τούτου.
1947 3230 2124 3302 Ὅπερ

534 3309 724 3365 ἄλλοτε
750 3311 784 3380 ἡ
817 3310 977 3378 φύσις
1002 3310 1100 3380 τῆς
1131 3313 1232 3381 γῆς
1270 3310 1370 3364 οὐκ
1397 3311 1728 3378 ἐπεδείξατο,
1755 3313 1914 3367 τοῦτο
1944 3315 2032 3368 διά
2059 3314 2121 3368 τὸ

538 3394 869 3465 πρόσταγμα
890 3394 984 3447 τοῦ
1015 3393 1124 3447 τῶν
1149 3394 1286 3448 ὅλων
1307 3393 1442 3448 Θεοῦ
1479 3394 1578 3450 νῦν
1609 3396 2000 3461 ἐπιδείκνυται,
2030 3399 2126 3452 καὶ

535 3477 802 3548 τοσαύτην
825 3477 1024 3548 ἤνεγκε
1053 3475 1152 3547 τὴν
1177 3477 1350 3546 φοράν
1369 3518 1384 3542 ,
1412 3476 1488 3540 ὼς
1520 3477 1716 3548 ἀθρόον
1748 3481 1807 3532 ἐν
1837 3480 2125 3551 περιουσία

536 3561 706 3632 πολλῇ
743 3561 1080 3630 καταστῆναι
1111 3559 1200 3612 τὸν
1232 3559 1438 3615 Ἰσαάκ.
1461 3561 1782 3628 Εὑλόγησε
1805 3563 1916 3634 γάρ
1937 3563 2127 3616 αὐτὸν

538 3648 572 3697 ό
601 3645 765 3708 Θεὸς,
783 3644 881 3696 καὶ
901 3641 1116 3710 ὑψώθη
1139 3645 1170 3696 ὀ
1191 3642 1520 3710 ἅνθρωπος,
1541 3644 1638 3698 καὶ
1661 3647 2128 3716 προϐαίνωνμεί-

539 3727 652 3788 ζων
680 3727 931 3795 ἐγίνετο,
945 3726 1058 3790 ἕως
1077 3722 1148 3782 οὗ
1165 3725 1356 3796 μέγας
1374 3727 1611 3795 ἐγένετο
1633 3729 1886 3797 σφόδρα.
1905 3729 2126 3802 Ἐπειδὴ

540 3810 651 3880 γὰρ
668 3810 788 3864 τότε
825 3811 883 3863 ἐν
911 3809 1122 3874 τούτοις
1153 3806 1222 3881 ἦν
1242 3809 1310 3863 τὰ
1333 3813 1430 3882 τῆς
1459 3811 1720 3881 εὐπορίας
1741 3816 1854 3878 τοῖς
1875 3813 2124 3880 δικαίοις,

541 3895 599 3946 ἐν
618 3897 683 3964 τῇ
707 3893 804 3964 τῆς
825 3893 928 3963 γῆς
953 3893 1187 3965 εὐπορίᾳ
1213 3893 1306 3947 καὶ
1329 3894 1388 3948 ἐν
1409 3893 1486 3965 τῷ
1509 3895 1618 3949 τῶν
1633 3895 1965 3968 θρεμμάτων
1991 3898 2128 3970 πλή-

543 3977 647 4042 θει,
680 3977 768 4031 διὰ
789 3976 945 4030 τοῦτό
968 3994 1154 4048 φησιν,
1180 3977 1534 4046 Εὐλόγησεν
1561 3979 1749 4034 αὑτὸν
1778 3984 1810 4034 ό
1828 3982 1994 4049 Θεὸς,
2029 3985 2126 4037 καί

541 4057 755 4129 ὕψώθη
787 4063 820 4114 ὁ
841 4060 1170 4130 ἄνθρωπος,
1199 4060 1319 4115 ἀντὶ
1343 4061 1462 4125 τοῦ,
1493 4062 1738 4134 Εὐπορος
1761 4066 1996 4134 ἐγένετο·
2032 4069 2130 4122 καλ⁵

539 4145 644 4214 οὐχ
672 4143 858 4206 ἁπλῶς
895 4143 1146 4216 εὔπορος,
1178 4144 1314 4199 ἀλλά
1346 4145 1463 4210 καὶ,
1499 4145 1742 4208 Μείζων,
1780 4149 1975 4218 φησὶν,
2009 4150 2130 4218 ἐγί-

544 4243 704 4287 νετο,
728 4227 837 4293 ἕως
864 4223 937 4282 οὗ
961 4225 1149 4296 μέγας
1167 4226 1404 4297 ἐγένετο
1436 4228 1692 4297 σφόδρα.
1711 4229 1992 4301 Ἐννόησον
2021 4233 2130 4305 γὰρ

544 4311 670 4365 ὅσον
689 4305 791 4381 -ἦν,
818 4309 1350 4365 ἑκατονταπλασίονα
1377 4309 1486 4363 τῶν
1515 4313 1646 4382 παρ’
1663 4312 1826 4366 αὐτοῦ
1853 4315 2124 4368 καταϐαλ-

544 4393 788 4464 λομένων
821 4392 1196 4463 ὑποδέχεσθαι.
1218 4393 1281 4446 Εἰ
1309 4392 1368 4446 δὲ
1392 4391 1549 4446 τοῦτό
1580 4411 1664 4448 σοι
1691 4395 1832 4465 μέγα
1855 4397 2127 4466 φαίνεται,

546 4476 741 4531 σκόπει
767 4476 868 4548 τὴν
895 4476 1146 4530 ἐπίτασιν
1171 4476 1272 4546 τῆς
1293 4475 1388 4528 τοῦ
1415 4475 1551 4530 Θεοῦ
1584 4477 1998 4549 φιλανθρωπίας
2016 4519 2031 4544 ,
2063 4482 2130 4553 ῆν

545 4560 640 4612 τοῦ
662 4559 854 4631 χρόνου
877 4559 1160 4630 προίόντος
1191 4559 1320 4630 περὶ
1343 4561 1492 4631 ἡμᾶς
1521 4560 1849 4626 ἐπεδείξατο.
1869 4565 1994 4626 Τοῖς
2022 4564 2130 4636 γὰρ

549 4644 688 4714 μετά
729 4643 826 4714 τὴν
855 4642 1020 4696 αὐτοῦ
1056 4643 1359 4714 παρουσίαν
1392 4643 1492 4715 τὴν
1525 4645 1729 4716 ἀρετὴν
1762 4646 2040 4717 μετιοῦσιν
2068 4648 2130 4701 οὐ

551 4725 711 4794 μόνον
743 4726 1275 4780 ἑκατονταπλασίονα
1305 4727 1538 4780 ἐνταῦθα
1558 4727 1820 4800 παρέχειν
1849 4730 2131 4801 ὑπισχνεῖ-

547 4823 660 4870 ται,
684 4806 821 4860 ἀλλὰ
847 4808 942 4860 καὶ
963 4808 1059 4878 τὴν
1080 4808 1296 4862 αἰώνιον
1320 4808 1464 4880 ζωὴν
1488 4812 1580 4864 καὶ
1605 4812 1702 4882 τὴν
1726 4813 2003 4882 βασιλείαν
2023 4814 2132 4868 τῶν

548 4889 794 4962 οὐρανῶν
824 4892 904 4954 είς
935 4891 1257 4945 ἀπόλαυσιν.
1287 4887 1440 4957 Εἶδες
1478 4894 1788 4966 φιλοτιμίαν
1817 4897 2089 4952 Δεσπότου
2114 4916 2129 4966 ;

549 4973 690 5039 εἶδες
721 4973 972 5027 ἐπίτασιν
1001 4975 1354 5044 εὐεργεσίας;
1383 4972 1522 5038 εἶδες
1557 4978 1720 5031 πόσον
1751 4981 1882 5050 ἡμῖν
1911 4982 2134 5054 κεχάρι-

550 5077 674 5115 σται
699 5062 732 5130 ἡ
765 5057 861 5112 τοῦ
887 5057 1224 5125 Μονογενοῦς
1254 5060 1558 5130 παρουσίας
1594 5061 1742 5126 ὅπως
1769 5063 1993 5132 ἀφάτων
2023 5066 2132 5119 τῶν

552 5138 898 5210 πραγμάτων
923 5137 1022 5208 τὴν
1053 5136 1353 5206 ἐναλλαγὴν
1383 5139 1715 5208 είργάσατος
1749 5142 1934 5196 Ταῦτα
1954 5143 2134 5199 τοίνυν

549 5223 783 5286 ἕκαστος
813 5221 936 5276 καθ’
967 5221 1160 5274 ἑαυτὸν
1188 5220 1536 5292 λογιζόμενος
1558 5263 1573 5287 ,
1605 5225 1701 5276 καὶ
1727 5225 1871 5295 ὀρῶν
1892 5227 1991 5298 τὴν
2015 5229 2133 5282 δια-

551 5307 743 5379 φοράν,
767 5307 861 5361 καὶ
891 5307 1010 5360 τίνα
1045 5305 1144 5374 μὲν
1171 5302 1260 5377 ἦν,
1280 5304 1315 5358 ἃ
1340 5309 1452 5370 τοῖς
1477 5307 1583 5378 πρὸ
1615 5309 1713 5377 τῆς
1741 5310 1964 5380 χάριτος
1991 5330 2134 5384 παρ-

551 5393 698 5464 έχειν
751 5395 1114 5465 ὑπισχνεῖται,
1135 5393 1256 5446 τίνα
1277 5393 1334 5448 δέ
1365 5394 1504 5464 μετά
1527 5395 1628 5466 τὴν
1651 5398 1831 5467 χάριν,
1865 5399 2136 5464 δοξαζέτω

553 5482 656 5537 κάν
687 5481 864 5552 τούτῳ
881 5483 981 5555 τὴν
1005 5483 1234 5554 ἄπειρον
1260 5481 1426 5538 αὐτοῦ
1463 5484 1894 5556 φιλανθρωπίαν,
1931 5490 2026 5543 καὶ
2062 5490 2136 5562 μὴ

555 5570 619 5638 τῇ
653 5568 760 5622 τῶν
793 5570 1004 5640 καιρῶν
1035 5569 1305 5644 ἐναλλαγῇ
1351 5571 1412 5626 τὸ
1441 5573 1548 5625 πᾶν
1577 5573 1952 5646 ἐπι-γραφέτω.
1995 5577 2134 5630 Ἀλλ’

557 5657 650 5710 ἐπὶ
675 5657 774 5727 τὴν
796 5655 1122 5712 ἀκολουθίαν
1143 5657 1238 5711 τοῦ
1259 5659 1346 5728 λόγ
1358 5677 1420 5712 ου
1446 5661 1760 5716 ἐπανελθεῖν
1785 5663 2013 5734 δίκαιον,
2043 5669 2137 5722 καὶ

561 5745 687 5798 ἰδεῖν
735 5745 884 5807 ὅπως
919 5745 970 5798 οἱ
1012 5747 1070 5798 ἐν
1112 5745 1372 5818 Γεράροις
1408 5749 1642 5821 ὁρῶντες
1672 5751 1766 5807 τοῦ
1797 5753 2008 5809 δικαίου
2039 5757 2137 5830 τὴν

612 5869 647 5930 -ἕ
676 5870 788 5916 Sav.
818 5869 946 5926 conj.
978 5869 1320 5930 παρεσκεύασε.

623 5929 650 5966 ι)
675 5932 800 5986 Quin
815 5943 902 5986 ωε
931 5929 1194 5990 msxxapa
1213 5935 1293 5985 τῆς
1317 5937 1399 5990 γῆς

625 5991 647 6018 ⁸
680 5996 714 6038 Α
727 5991 774 6036 lii
801 5990 1030 6034 διάκειται

1205 369 1262 423 S.
1303 365 1590 423 JOANNIS
1625 357 2111 421 CHRYSOSTOMI
2155 357 2475 416 ABCEHEP.
2515 361 3067 421 CONSTANTINOP.

3701 367 3804 422 458

2217 472 2419 545 πολλὴν
2476 477 2742 548 εὐπορίαν
2769 519 2786 543 ,
2819 479 2900 542 είς
2953 477 3116 546 ζῆλον
3151 475 3551 547 διηγέρθησαν,
3581 477 3676 530 καὶ
3705 480 3796 532 ἀπ-

2213 556 2458 610 ελαύνειν
2483 559 2646 626 αὐτὸν
2679 560 2888 613 ἐκεῖθεν
2921 559 3262 632 ἐπεχείρουν.
3283 559 3632 622 ἰἰζιμωσαν
3661 561 3804 629 γὰρ,

2214 641 2400 708 φησὶν,
2435 643 2623 696 αὑτὸν
2645 646 2701 696 οἱ
2727 642 3099 711 Φυλιστιείμ.
3132 637 3266 696 Εἶτα
3297 641 3469 706 δεῖξαι
3505 642 3804 714 βουλομένη

2215 723 2249 792 ἡ
2281 723 2400 777 θεία
2430 724 2652 794 Γραφὴ,
2702 726 2760 777 ἐν
2806 725 2914 778 τίνι
2940 725 3031 778 τὸν
3070 724 3232 794 ζῆλον
3265 725 3667 787 ἐπεδείκνυντο,
3707 727 3804 777 ἐπ-

2215 807 2409 882 ήγαγε·
2434 807 2544 863 Καὶ
2581 807 2776 863 πάντα
2808 807 2848 862 d
2883 807 3123 877 ὤρυξαν
3151 807 3374 878 φρέατα
3405 811 3462 861 οί
3505 807 3717 874 παῖδες
3738 809 3808 861 ἐι·

2217 888 2297 955 τῷ
2320 891 2517 958 χρόνῳ
2546 891 2654 944 τοῦ
2675 891 2897 958 πατρὸς
2915 891 3122 954 αὑτοῦ,
3150 889 3491 960 ἐνέφραξαν
3514 892 3690 951 αὐτὰ,
3708 890 3807 944 καί

2215 973 2574 1040 ἐνέπλησαν
2595 973 2730 1043 γῆς.
2760 975 2962 1028 Σκόπει
2997 973 3138 1044 πόση
3179 973 3288 1027 τῶν
3314 974 3503 1027 αὐτόθι
3536 976 3572 1045 ἡ
3615 975 3804 1034 κακία,

2216 1055 2292 1120 ὡς
2325 1057 2418 1110 καὶ
2447 1058 2556 1111 τῶν
2585 1057 2794 1112 ὐδάτων
2821 1057 3086 1130 φθονῆσαι
3116 1057 3196 1129 τῷ
3225 1057 3419 1128 δικαίῳ
3444 1098 3460 1122 ,
3491 1057 3588 1110 καὶ
3621 1056 3740 1111 οὐδὲ
3775 1057 3808 1110 ὁ

2222 1139 2475 1209 βασιλεὺς
2503 1142 2533 1194 ό
2560 1143 2618 1194 ἐν
2641 1139 2880 1214 τοσαύτῃ
2903 1141 3191 1212 περιουσία
3212 1141 3491 1204 καθεστὼς
3513 1143 3810 1211 κατασχεῖν

2219 1225 2311 1278 τὸν
2362 1225 2553 1293 φθόνον
2577 1223 2606 1265 τι
2661 1225 2882 1295 ἴσχυσεν
2907 1265 2924 1289 ,
2970 1224 3108 1279 ἀλλά
3163 1241 3363 1295 φησιν’
3406 1226 3661 1282 Ἀπελθε
3706 1225 3808 1294 ἀφ’

2221 1307 2408 1376 ἡμῶν,
2425 1307 2514 1362 ὅτι
2531 1307 2938 1376 δυνατώτερος
2950 1306 3120 1376 ἡμῶν
3129 1307 3340 1379 ἐγένου
3355 1307 3618 1376 σφόδρα.
3635 1307 3810 1378 Πολλὴ

2223 1390 2661 1463 ήάγνωμοσύνη.
2677 1391 2835 1455 Τίνος
2855 1391 2965 1462 γάρ
2985 1391 3172 1445 ἕνεκεν
3192 1389 3344 1463 [5οη
3367 1390 3697 1453 ἀπελαύνεις
3720 1392 3809 1443 τὸν

2221 1476 2428 1529 δίκαιον
2453 1492 2469 1542 ;
2499 1476 2574 1546 μὴ
2594 1476 2704 1546 γὰρ
2733 1475 3041 1544 ἐλυμήνατό
3072 1491 3124 1527 τι
3143 1477 3256 1536 τοῖς
3279 1476 3420 1539 σοῖςς
3457 1475 3533 1547 μὴ
3566 1474 3679 1544 γάρ
3699 1475 3810 1544 ἡδί-

2223 1557 2359 1627 κησέ
2385 1575 2472 1623 τι;
2510 1558 2672 1612 Ἀλλά
2701 1557 2943 1611 τοιοῦτον
2975 1559 3004 1611 ό
3043 1557 3263 1626 φθόνος·
3305 1557 3456 1610 οὐδὲν
3498 1559 3640 1628 μετὰ
3668 1558 3811 1626 λογι-

2225 1641 2364 1711 σμοῦ
2397 1641 2807 1712 διαπράττεται.
2851 1641 2980 1694 Δέον
3009 1641 3120 1712 γάρ
3157 1641 3321 1694 αὐτὸν
3351 1641 3694 1711 θεασάμενον
3721 1658 3810 1694 το-

2226 1723 2428 1796 σαύτης
2453 1725 2665 1787 εὐνοίας
2688 1723 3033 1778 ἀπολαύοντα
3055 1723 3149 1779 τὸν
3178 1723 3384 1778 δίκαιον
3414 1724 3567 1796 παρά
3585 1723 3682 1777 τοῦ
3705 1723 3811 1776 τῶν

2222 1807 2361 1862 ὅλων
2383 1807 2542 1874 Θεοῦ,
2563 1807 2764 1879 μᾶλλον
2791 1807 3094 1879 περιέπειν,
3121 1807 3321 1878 μᾶλλον
3357 1806 3706 1879 θεραπεύειν,
3726 1807 3810 1861 ἵνα

2223 1891 2313 1946 διὰ
2333 1891 2431 1961 τῆς
2464 1893 2544 1956 εἰς
2569 1893 2776 1945 ἐκεῖνον
2799 1890 2968 1962 τιμῆς
3000 1891 3378 1960 ἐπισπάσηται
3402 1891 3498 1944 καὶ
3525 1891 3690 1954 αὐτὸς
3715 1889 3811 1960 τὴν

2225 1974 2435 2028 ἀνωθεν
2481 1975 2654 2046 ῥοπήν
2677 1991 2692 2004 ·
2725 1976 2754 2028 ὁ
2786 1973 2840 2028 δὲ
2873 1973 2936 2026 οὐ
2974 1973 3136 2044 μόνον
3167 1973 3324 2026 τοῦτο
3353 1975 3416 2027 οὐ
3462 1976 3644 2032 ποιεῖ,
3679 1973 3814 2026 ἀλλά

2227 2057 2322 2111 καὶ
2377 2056 2704 2112 ἀπελαύνειν
2741 2058 3044 2128 ἐπιχειρεῖ,
3077 2056 3169 2109 καί
3211 2073 3383 2127 φησι·
3423 2059 3675 2110 Ἀπελθε
3713 2056 3813 2125 ἀφ’

2227 2140 2428 2210 ἡμῶν,
2479 2141 2570 2195 ὅτι
2627 2139 3034 2207 δυνατώτερος
3089 2137 3257 2209 ἡμῶν
3295 2139 3508 2209 ἐγένου
3553 2138 3807 2208 σφόδρα.

2229 2211 2481 2278 Τοιοῦτον
2518 2223 2627 2296 γὰρ
2661 2226 2692 2295 ἡ
2731 2223 3034 2293 βασκανία·
3077 2223 3178 2276 οὐκ
3213 2223 3466 2294 ἀνέχεται
3497 2224 3689 2292 πράως
3716 2221 3810 2290 τὴν

2229 2308 2434 2379 ἐτέρων
2451 2307 2790 2378 εὐπραγίαν,
2818 2306 2954 2360 ἀλλά
2981 2306 3080 2376 τὴν
3107 2306 3202 2358 τοῦ
3247 2306 3480 2376 πλησίον
3512 2305 3812 2376 εὐημερίαν

2227 2395 2434 2446 οἰκείαν
2465 2390 2810 2461 δυσπραγίαν
2856 2385 2998 2444 εἶναι
3037 2389 3248 2460 νομίζει
3271 2431 3285 2452 ,
3317 2391 3412 2443 καὶ
3450 2391 3680 2459 τήκεται
3702 2389 3813 2450 τοῖς

2226 2476 2322 2530 τοῦ
2355 2474 2581 2545 πλησίον
2604 2474 2861 2543 ἀγαθοῖς·
2903 2472 2933 2526 δ
2965 2471 3031 2544 δὴ
3073 2473 3167 2526 καὶ
3197 2473 3433 2527 ἐνταῦθα
3472 2473 3719 2540 γέγονεν.
3755 2471 3812 2523 ’0

2228 2561 2338 2630 γὰρ
2378 2557 2670 2627 βασιλεὺς,
2717 2559 2746 2610 ὁ
2775 2557 2876 2626 τῆς
2910 2555 3118 2619 πόλεως
3161 2556 3381 2626 ἀπάσης
3417 2557 3516 2624 τὴν
3567 2554 3813 2620 ἐξουσίαν

2230 2650 2389 2721 ἔχων,
2421 2650 2517 2703 καὶ
2547 2650 2755 2712 πάντας
2783 2648 2890 2701 ὐπὸ
2918 2649 3016 2720 τὴν
3045 2649 3272 2719 ἀπειλὴν
3303 2647 3400 2719 τὴν
3423 2647 3621 2702 ἑαυτοῦ
3655 2646 3810 2716 ἔχων,

2229 2741 2308 2812 τῷ
2331 2741 2468 2812 ξένῳ
2487 2781 2502 2803 ,
2527 2739 2607 2811 τῷ
2635 2741 2808 2811 ἀλήτῃ
2830 2779 2845 2803 ,
2872 2741 2967 2794 καὶ
2993 2739 3242 2795 ἐντεῦθεν
3273 2742 3408 2803 ἐκεῖ,
3440 2739 3694 2793 κάκεῖθεν
3714 2731 3811 2793 ὦδε

2235 2827 2682 2899 μετανισταμένῳ
2707 2827 2872 2898 φησίν
2893 2843 2908 2858 ⁸
2939 2829 3190 2882 Ἄπευιθε
3208 2828 3311 2882 ἀπ’
3333 2827 3505 2897 ἐμοῦ,
3523 2827 3612 2880 ὅτι
3646 2827 3813 2880 δυνα-

2231 2914 2481 2983 τώτερος
2506 2911 2678 2981 ἡμῶν
2697 2913 2911 2982 ἐγένου
2935 2914 3194 2984 σφόδρα.
3216 2915 3324 2968 Καὶ
3350 2914 3566 2984 ἀληθῶς
3587 2912 3816 2967 δυνατώ-

2231 3018 2388 3074 τερος
2413 2995 2501 3071 ἦν,
2531 2999 2630 3070 τὴν
2659 2999 2865 3055 ἀνωθεν
2899 3001 3216 3073 συμμαχίαν
3238 3000 3378 3072 ἔχων
3411 3002 3470 3053 ἐν
3497 3000 3692 3060 ἀπασι,
3723 3000 3814 3054 καὶ

2233 3088 2338 3143 ὐπὸ
2368 3089 2466 3159 τῆς
2503 3087 2598 3140 τοῦ
2637 3086 2774 3140 Θεοῦ
2807 3087 2986 3154 δεξιάς
3025 3088 3449 3162 φρουρούμενος.
3495 3087 3607 3142 Ποῦ
3639 3088 3813 3142 τοίνυν

2232 3175 2560 3240 ἀπελαύνεις
2584 3174 2675 3228 τὸν
2700 3175 2909 3230 δίκαιον
2933 3175 3066 3242 ;οὐκ
3094 3172 3252 3231 οἶσθα
3273 3177 3375 3239 ὅτι,
3403 3177 3536 3229 ὅπου
3565 3175 3632 3230 ἂν
3659 3175 3814 3229 αἰτόν

2233 3263 2488 3318 ἀπελθεῖν
2524 3261 2797 3335 συμϐαίνῃ
2816 3305 2830 3330 ,
2865 3265 2922 3316 ἐν
2951 3266 3062 3326 τοῖς
3089 3264 3182 3317 τοῦ
3207 3265 3478 3318 Δεσπότου
3510 3263 3603 3316 τοῦ
3627 3261 3814 3318 ἐαυτοῦ

2233 3348 2374 3406 εἶναι
2405 3351 2569 3405 αὐτὸν
2596 3349 2809 3420 ἀνάγκη
2839 3369 2853 3415 ;
2884 3360 2984 3404 οὐκ
3014 3351 3306 3404 ἐπαίδευσέ
3333 3368 3390 3403 σε
3421 3351 3529 3403 τῶν
3562 3349 3820 3420 πραγμά-

2233 3457 2341 3493 των
2376 3440 2410 3510 ή
2446 3441 2632 3510 πεῖρα,
2663 3439 2744 3491 ὅτι
2781 3439 2815 3509 ἡ
2851 3437 2945 3490 τοῦ
2976 3437 3114 3490 Θεοῦ
3147 3438 3268 3510 χείρ
3299 3439 3442 3490 ἐστιν
3479 3439 3510 3507 ἡ
3546 3436 3818 3508 περιπανῆ

2235 3529 2328 3582 τὸν
2369 3525 2576 3581 δίκαιον
2619 3524 2936 3580 καθιστῶσα
2959 3541 2973 3590 ;
2996 3524 3159 3588 Τίνος
3193 3520 3287 3578 οῦν
3315 3525 3498 3578 ἕνεκεν
3527 3524 3594 3578 δι’
3624 3518 3702 3576 ὧν
3731 3521 3821 3576 τὸν

2235 3613 2444 3668 δίκαιον
2475 3611 2802 3668 ἀπελαύνεις
2825 3651 2840 3675 ,
2876 3611 2976 3680 τὴν
3021 3611 3160 3682 πρὸς
3207 3611 3298 3665 τὸν
3325 3612 3491 3665 αὐτοῦ
3541 3612 3821 3677 Δεσπότην

2235 3698 2630 3771 ἀγνωμοσύνην
2659 3697 3071 3762 ἐπιδείκνυσαι,
3123 3699 3219 3752 καὶ
3265 3695 3386 3752 οὐδὲ
3421 3701 3455 3768 ἡ
3512 3697 3685 3768 πολλὴ
3728 3697 3821 3750 τοῦ

2235 3787 2427 3858 ἀνδρὸς
2447 3786 2720 3840 ἐπιείκεια
2743 3785 3124 3858 περιγενέσθαι
3146 3783 3386 3855 ἠδυνήθη
3405 3786 3505 3854 τῆς
3527 3784 3823 3854 βασκανίας

2234 3875 2336 3946 τῆς
2365 3875 2484 3946 σῆς,
2509 3872 2622 3927 ἀλλ’
2645 3870 2904 3943 ἡττηθεὶς
2925 3870 3032 3925 ὐπὸ
3054 3870 3148 3924 τοῦ
3175 3871 3381 3937 πάθους
3406 3873 3485 3936 είς
3508 3871 3670 3943 ἔργον
3691 3873 3824 3938 ἀγα-

2236 3964 2355 4032 γεῖν
2386 3961 2634 4024 σπεύδεις
2651 3959 2743 4014 τὸν
2777 3958 2994 4028 φθόνον,
3033 3958 3129 4012 καὶ
3155 3958 3320 4012 πάλιν
3355 3959 3701 4030 μετανάστην
3727 3974 3822 4024 γε·

2237 4050 2424 4104 νέσθαι
2457 4047 2902 4120 παρασκευάζεις
2931 4048 3024 4101 τὸν
3065 4047 3218 4100 οὐδέν
3256 4063 3315 4100 σε
3345 4043 3678 4116 ἡδικηκότα;
3711 4046 3825 4099 Οὐκ

2237 4135 2384 4202 οἶδας
2421 4139 2505 4192 ὅτι
2537 4137 2644 4190 κᾶν
2675 4139 2754 4200 είς
2785 4136 2954 4207 αὐτὴν
3007 4137 3108 4205 τὴν
3157 4135 3362 4206 ἔρημον
3395 4134 3652 4189 ἀπελθεῖν
3697 4150 3826 4187 κατ-

2237 4223 2762 4296 αναγκάσῃς,οὐτως
2785 4225 3092 4294 εὐμήχανον
3115 4223 3540 4293 ἔχειΔεσπότην,
3561 4221 3638 4284 ὡς
3666 4220 3826 4274 κάκεῖ

2237 4315 2530 4384 γενόμενον
2549 4351 2566 4375 ,
2598 4309 2778 4381 πολλῷ
2805 4311 2966 4364 πλέον
2999 4311 3462 4382 περιφανέστερον
3492 4310 3658 4364 αὐτὸν
3687 4312 3824 4363 ἀποο

2237 4401 2442 4468 δεῖξαι;
2473 4400 2637 4454 Οὐδὲν
2662 4399 2772 4470 γὰρ
2804 4399 3151 4470 ἰσχυρότερον
3178 4398 3274 4451 τοῦ
3305 4399 3406 4468 τῆς
3449 4398 3659 4452 ἀνωθεν
3689 4416 3818 4466 συμ·

2243 4489 2446 4558 μαχίας
2471 4487 2841 4548 ἀπολαύοντος
2859 4526 2872 4550 ,
2899 4485 3090 4558 ὥσπερ
3129 4485 3284 4540 οὐδὲν
3312 4486 3701 4556 ἀσθενέστερον
3727 4485 3822 4540 τοῦ

2239 4577 2338 4647 τῆς
2363 4575 2571 4628 ἐκεῖθεν
2605 4575 2854 4645 βοηθείας
2887 4575 3279 4645 ἠρημωμένον.

2313 4663 2376 4734 β’.
2399 4658 2574 4726 Εἶδες,
2607 4661 2880 4730 ἀγαπητέ,
2906 4663 3000 4714 καὶ
3032 4663 3126 4716 τοῦ
3155 4662 3417 4733 βασιλέως
3441 4663 3699 4734 Γεράρων
3732 4667 3822 4722 καὶ

2241 4750 2460 4806 πάντων
2478 4749 2587 4804 τῶν
2607 4749 2794 4804 αὐτόθι
2815 4748 3111 4804 οἰκούντων
3129 4751 3230 4820 τῆς
3257 4749 3483 4822 γνώμης
3504 4751 3605 4821 τὴν
3629 4750 3827 4821 μοχθη-

2244 4839 2400 4912 ρίαν;
2435 4839 2578 4910 Ὅρα
2623 4835 2837 4890 καὶτοῦ
2887 4835 3098 4890 δικαίου
3131 4839 3231 4908 τὴν
3265 4837 3466 4908 πολλὴν
3496 4839 3822 4900 ἐπιείκειαν,

2241 4925 2360 4992 πῶς
2379 4927 2478 4981 οὐκ
2505 4924 2770 4996 ἐφρόνησε
2805 4922 2967 4995 μέγα,
2996 4925 3118 4979 οὐδέ
3146 4925 3288 4996 ὁρῶν
3313 4923 3400 4979 διά
3427 4926 3535 4977 τῶν
3567 4926 3824 4996 πραγμά-

2240 5034 2348 5072 των
2378 5015 2578 5086 πολλὴν
2620 5015 2714 5068 τοῦ
2750 5013 2888 5067 Θεοῦ
2919 5014 3019 5084 τὴν
3051 5015 3225 5087 ῥοπὴν
3255 5015 3381 5085 περὶ
3412 5015 3574 5068 αὐτὸν
3601 5015 3820 5086 γινομέ-

2241 5123 2361 5175 νην.
2391 5101 2757 5173 κατεξανέστη
2792 5101 2886 5155 τοῦ
2919 5101 3184 5172 βασιλέως
3207 5143 3222 5168 ,
3252 5105 3318 5174 τῇ
3349 5102 3444 5156 τοῦ
3476 5101 3808 5174 συμμαχοῦν

2241 5211 2332 5256 τος
2355 5191 2502 5262 αὐτῷ
2529 5190 2757 5260 δυνάμει
2780 5188 3052 5254 πεποιθώς
3072 5207 3086 5220 ·
3112 5179 3249 5242 ἀλλά
3273 5190 3523 5269 καθάπερ
3552 5209 3635 5254 τις
3663 5191 3820 5262 ἀνὴρ,

2243 5280 2336 5335 καὶ
2371 5277 2848 5348 ἀπροστάτευτος,
2890 5275 2986 5330 καὶ
3031 5275 3330 5348 οὐδαμόθεν
3375 5277 3636 5347 οὐδεμιᾶς
3686 5279 3822 5332 ἀπο·

2241 5368 2421 5423 λαύων
2453 5364 2735 5437 βοηθείας,
2765 5364 2908 5418 οὕτω
2943 5365 3081 5436 μετά
3129 5365 3330 5435 πολλῆς
3372 5365 3472 5435 τῆς
3501 5367 3821 5430 ἐπιεικείας.

2240 5457 2360 5510 οὐδὲ
2413 5454 2574 5524 μέχρι
2617 5452 2790 5520 λόγων
2821 5451 3123 5513 ἀντιτείνας
3148 5451 3225 5524 τῷ
3272 5453 3519 5523 βασιλεῖ,
3561 5455 3735 5510 ἐποίει
3764 5455 3825 5508 τὸ

2243 5546 2374 5617 παρ’
2405 5543 2573 5598 αὐτοῦ
2627 5541 2984 5613 κελευόμενον
3011 5580 3026 5605 ,
3085 5543 3180 5597 καὶ
3224 5543 3428 5607 εὐθέως
3461 5545 3672 5600 ἐκεῖθεν
3719 5547 3824 5599 ἀπ-

2243 5635 2516 5692 ανίστατο,
2551 5629 2646 5682 καὶ
2675 5627 3007 5700 πορρωτέρω
3033 5630 3342 5700 γενόμενος,
3369 5632 3694 5685 κατέστελλε
3730 5633 3822 5686 τοῦ

2245 5719 2448 5781 πάθους
2480 5717 2578 5786 τὴν
2610 5715 2803 5791 φλόγ’έ,
2835 5715 2971 5784 ὁμοῦ
3001 5718 3094 5770 καὶ
3123 5718 3224 5788 τὴν
3254 5719 3700 5791 ὑπερϐάλλουσαν
3725 5721 3822 5773 αὐο

2244 5805 2336 5860 τοῦ
2365 5804 2667 5859 ἐπιείκειαν
2688 5803 3094 5871 ἐνδεικνύμενος
3113 5843 3127 5867 ,
3151 5807 3402 5860 κάκείνου
3435 5807 3497 5861 τὸ
3527 5809 3696 5870 πάθος
3723 5825 3820 5860 πα.

2247 5891 2676 5963 ραμυθούμενος.
2713 5887 2823 5942 Καὶ
2849 5889 3122 5958 ἀπῆλθεν
3155 5893 3400 5960 ἐκεῖθεν,
3433 5896 3527 5949 καὶ
3562 5895 3816 5961 κατῴλίηο

2306 6007 2330 6044 d
2359 6007 2573 6061 Quatuor
2598 6018 2712 6052 mas.
2738 6004 2816 6051 τὸν
2840 6003 2984 6065 {him
