4078 6430
290 434 399 494 ιὸτ

290 566 340 609 et
371 569 455 606 ero
487 561 652 605 tecum
684 565 704 604 :
734 549 820 602 ille
850 545 901 601 in
931 545 1175 601 erunibus
1209 553 1314 599 tam
1344 547 1545 599 clarum
1574 558 1695 598 eum
1729 540 1853 595 fecit
1880 581 1888 594 .

291 658 479 702 utnon
503 642 675 698 nmlto
703 650 822 712 post
845 640 1093 693 invidiam
1120 648 1355 692 moveret
1383 637 1519 706 regis
1546 636 1888 691 Gerarorum.
1939 679 1942 682 .

290 738 551 792 Videutes
572 734 717 788 enim
737 733 852 801 ejus
880 730 1228 784 substantiam
1257 727 1494 798 quotidie
1521 725 1721 794 augeri,
1749 736 1889 778 metu

289 828 472 884 affecti
503 836 627 880 sunt
648 825 790 894 quod
812 823 882 877 ibi
911 837 1091 876 secum
1126 821 1406 884 habitaret,
1431 827 1483 871 et
1515 816 1893 883 trausmigrarc

291 919 423 975 inde
451 924 762 988 coegerunt.
801 915 1020 983 Dignum
1052 923 1227 965 autem
1254 919 1356 974 est,
1387 917 1443 962 ut
1468 909 1577 976 ipsa
1606 907 1894 973 Scriptum:

297 1012 463 1066 verba
511 1008 819 1067 audiamus,
854 1015 910 1058 ut
951 1019 1045 1073 per
1073 1003 1249 1056 omnia
1281 1000 1552 1054 videamus
1590 997 1683 1051 Dei
1725 996 1892 1049 bene-

291 1100 608 1162 volentiam,
638 1111 792 1166 quam
829 1110 952 1165 erga
987 1093 1210 1146 famulos
1238 1105 1363 1144 suos
1391 1088 1643 1142 declarat.
1679 1085 1762 1140 12.
1795 1083 1893 1136 Se-

291 1195 506 1248 minavit
545 1203 746 1255 autem,
779 1189 984 1258 inquit,
1020 1186 1168 1238 Isaac
1206 1186 1258 1237 in
1301 1193 1432 1237 terra
1470 1183 1591 1245 illa,
1623 1189 1667 1231 et
1706 1178 1892 1230 invenit

292 1285 645 1354 centuplicatis
676 1279 920 1334 hordeum
943 1279 991 1330 in
1019 1292 1150 1329 anno
1174 1275 1282 1328 illo.
1310 1273 1439 1326 Vide
1471 1259 1618 1335 mihi,
1645 1270 1888 1332 obsecro,

297 1379 393 1433 Dei
425 1373 770 1445 sapientiam,
803 1381 860 1424 ut
890 1368 1134 1423 ostendat
1161 1367 1303 1436 justo
1329 1379 1388 1417 se
1421 1371 1622 1414 natura:
1653 1358 1892 1413 condito-

295 1489 416 1528 rem
450 1484 590 1530 esse,
623 1476 674 1521 et
703 1467 753 1518 in
787 1464 944 1519 rebus
975 1460 1284 1516 difficilibus
1313 1456 1483 1510 facilia
1511 1453 1686 1508 omnia
1720 1450 1894 1504 facere

295 1578 460 1635 posse
492 1580 505 1613 :
538 1574 600 1613 ac
637 1558 724 1628 qui
768 1556 834 1610 ab
874 1554 1027 1608 initio
1061 1560 1259 1605 terram
1289 1562 1388 1602 suo
1428 1544 1675 1600 mandato
1710 1540 1896 1596 fecerit

294 1659 548 1711 idoneam
570 1651 634 1704 ad
662 1646 1011 1721 proferendos
1037 1645 1260 1705 fructus,
1285 1640 1424 1695 idem
1453 1651 1592 1691 nunc
1617 1634 1814 1689 efliciat
1839 1641 1894 1685 ut

297 1745 631 1814 centuplices
662 1741 848 1795 reddat
888 1754 986 1808 pro
1023 1735 1151 1789 satis
1183 1731 1480 1801 manipulos
1511 1744 1526 1782 :
1557 1725 1714 1782 simul
1747 1725 1896 1779 illum

295 1841 355 1894 in
387 1846 532 1892 tanta
563 1832 833 1889 affluentia
869 1828 1200 1884 constituens
1223 1867 1238 1891 ,
1277 1833 1336 1876 ut
1375 1822 1570 1877 nullius
1617 1818 1848 1886 indigeat
1879 1832 1892 1867 :

295 1943 462 2002 atque
491 1930 624 1982 alios
653 1941 745 1996 per
774 1938 936 1993 opera
967 1921 1198 1986 docens,
1231 1925 1425 1988 quanta
1461 1929 1688 1984 superna
1728 1910 1896 1981 gratia

296 2029 475 2098 justus
503 2023 724 2077 fruatur.
757 2017 1111 2086 Omnipotens
1139 2013 1284 2066 enim
1311 2017 1366 2064 et
1390 2008 1603 2078 sapiens
1641 2006 1779 2058 Deus
1805 2017 1898 2070 per

297 2135 391 2175 res
416 2116 634 2173 easdem
669 2113 975 2181 frequenter
1013 2103 1275 2161 benefacit
1312 2101 1454 2165 suis;
1484 2106 1537 2153 et
1563 2102 1713 2151 curat
1738 2093 1899 2148 etiam

301 2219 363 2266 ut
406 2209 441 2263 ii
486 2221 695 2277 quoque
738 2203 827 2274 qui
873 2200 1046 2254 adhuc
1085 2197 1136 2250 in
1181 2207 1364 2249 errore
1402 2198 1714 2251 versantur,
1747 2197 1899 2239 suam

299 2274 559 2358 virtutem
599 2274 653 2353 et
697 2295 991 2368 potentiam
1027 2289 1324 2344 addiscant.
1370 2283 1481 2338 lloc
1529 2291 1714 2352 postea
1756 2286 1808 2330 et
1847 2274 1901 2330 in

302 2396 542 2466 Egypto
583 2366 710 2444 fecit
736 2405 750 2442 :
783 2387 888 2441 illis
915 2384 1056 2439 enim
1090 2393 1275 2451 pinnas
1305 2372 1602 2444 irrogabat,
1630 2366 1901 2424 Israelilas

303 2504 436 2545 vero
483 2487 679 2540 illaesos
727 2475 1100 2535 conservabat.
1147 2469 1434 2526 Discebant
1475 2464 1618 2520 enim
1663 2475 1768 2514 non
1809 2472 1897 2513 so.-

305 2584 418 2638 lum
466 2595 560 2648 per
602 2573 1020 2644 indignationem
1062 2564 1195 2628 Dei,
1226 2576 1327 2632 qua
1369 2558 1466 2628 ipsi
1513 2553 1901 2625 puniebantur,

304 2640 552 2729 omnium
577 2640 794 2737 Opificis
821 2663 1110 2722 virtutem,
1147 2654 1241 2708 sed
1269 2652 1427 2706 etiam
1459 2663 1552 2718 per
1586 2640 1906 2698 sollicitudi-

308 2781 433 2820 nem
471 2776 629 2832 quam
672 2759 726 2811 in
766 2755 885 2809 illos
911 2748 1215 2806 exhibebat.
1247 2744 1314 2798 Et
1341 2742 1536 2796 iterum
1561 2753 1664 2790 non
1693 2750 1758 2788 ex
1794 2731 1907 2786 sola

308 2854 641 2931 providentia
673 2859 726 2905 et
763 2844 1153 2904 sollicitudine,
1187 2853 1343 2910 quam
1371 2831 1796 2903 experiebantur,
1829 2825 1912 2879 di-

308 2923 538 3007 scebant
580 2947 849 3014 ingentem
889 2937 982 2992 Dei
1012 2934 1303 2990 bonitatem
1334 2947 1348 2984 :
1380 2926 1475 2982 sed
1505 2923 1663 2977 etiam
1695 2933 1790 2989 per
1818 2931 1912 2971 eos

310 3043 508 3113 quibus
545 3012 783 3108 quotidie
826 3029 1072 3085 videbant
1099 3031 1178 3079 tot
1209 3022 1389 3092 plagas
1416 3015 1656 3086 irrogari.
1690 3012 1790 3065 i’er
1816 3024 1911 3062 ea-

310 3137 440 3190 dem
464 3132 608 3187 enim
637 3140 800 3196 opera
827 3133 879 3177 et
907 3120 1038 3183 suis,
1066 3126 1119 3173 et
1153 3108 1474 3168 adversariis
1504 3103 1771 3160 indicabat
1800 3114 1911 3153 suae

313 3225 569 3299 potentia:
618 3214 1058 3288 magnitudinem.
1110 3207 1245 3262 Nam
1288 3203 1552 3258 elementa
1600 3197 1712 3264 ipsa
1758 3205 1910 3245 suum

314 3315 674 3373 ministerium
723 3318 778 3363 et
823 3303 1142 3374 obsequium
1184 3293 1458 3351 conservis
1507 3290 1911 3345 demonstrant,

317 3406 533 3479 quando
561 3401 820 3457 benevole
862 3395 1118 3450 Dominus
1142 3402 1265 3458 erga
1295 3386 1413 3439 illos
1441 3380 1690 3435 afficitur.
1723 3376 1789 3429 Et
1817 3375 1917 3426 hoc

318 3465 504 3569 utique
546 3493 734 3549 viderit
775 3489 894 3561 quis
939 3486 1062 3540 huic
1104 3482 1251 3552 justo
1297 3476 1627 3543 contingere.
1680 3468 1734 3522 ιιι
1774 3465 1917 3520 enim

316 3565 464 3666 quod
505 3587 703 3658 alioqui
750 3594 934 3638 natura
977 3588 1134 3634 terrae
1173 3588 1278 3628 non
1317 3567 1534 3634 habuit,
1567 3565 1670 3617 hoc
1705 3569 1921 3630 propter

322 3685 636 3744 mainlatum
665 3679 1031 3733 universorum
1063 3668 1155 3726 Dei
1187 3679 1328 3721 nunc
1360 3660 1562 3733 profert
1587 3665 1730 3710 tanta
1759 3651 1920 3706 uber-

322 3789 463 3841 tate,
505 3784 563 3828 ιιι
601 3778 821 3842 repente
862 3765 1014 3819 valde
1054 3759 1244 3830 opibus
1287 3751 1562 3808 abundans
1599 3745 1820 3803 effectus
1853 3741 1924 3795 sit

323 3870 493 3924 Isaac.
523 3831 786 3918 Beueiiiafit
815 3857 976 3921 enim,
1005 3851 1205 3922 inquit,
1238 3863 1349 3901 eum
1378 3843 1516 3898 Deus
1535 3884 1550 3907 ,
1583 3840 1670 3893 15.
1701 3846 1746 3890 et
1775 3831 1922 3888 exal-

322 3973 462 4016 tatus
486 3969 558 4013 est
583 3957 754 4018 Itonia,
778 3963 823 4007 et
849 3948 1127 4022 procedens
1151 3944 1316 4012 major
1337 3937 1504 4008 ﬁebat,
1531 3935 1688 3988 donec
1711 3944 1924 3999 magnus

324 4060 495 4125 factus
534 4059 604 4104 est
638 4046 808 4101 valde.
840 4043 969 4097 Nam
996 4039 1118 4110 quia
1147 4045 1274 4090 tunc
1303 4028 1624 4088 abundantia
1659 4024 1922 4095 justorum

325 4123 447 4203 erat
475 4147 528 4198 in
561 4141 832 4198 fertiliaate
862 4146 1054 4199 terrae,
1081 4141 1137 4186 et
1163 4131 1214 4184 in
1247 4123 1586 4182 multitudine
1624 4131 1876 4190 pecorum
1909 4130 1923 4168 :

327 4250 612 4312 propterea
653 4233 814 4294 dicit,
850 4225 1113 4283 Benedixit
1141 4239 1255 4278 eum
1289 4219 1426 4275 Deus
1449 4259 1465 4283 ,
1495 4224 1541 4268 et
1574 4210 1826 4268 excitatus
1855 4213 1929 4260 est

335 4298 487 4389 homo
508 4373 524 4398 ,
553 4329 604 4384 id
631 4336 710 4382 est
733 4367 748 4391 ,
777 4319 1065 4378 abundavit
1093 4334 1108 4371 :
1136 4323 1189 4368 ct
1217 4328 1320 4367 non
1351 4307 1664 4378 simpliciter
1693 4298 1929 4356 abunda-

330 4429 409 4480 vit
428 4467 444 4491 ,
477 4392 574 4477 sed
605 4429 657 4474 ct
688 4415 892 4487 Major,
924 4410 1134 4481 inquit,
1163 4407 1310 4476 ﬁebat
1339 4404 1494 4454 donec
1519 4410 1732 4467 magnus
1764 4392 1930 4460 [actus

331 4529 405 4575 est
434 4515 601 4571 valde.
634 4509 924 4566 Considera
955 4503 1096 4560 enim
1126 4507 1380 4568 quantum
1423 4492 1530 4557 sit,
1571 4503 1668 4558 pro
1709 4485 1772 4539 iis
1813 4496 1930 4551 quae

332 4607 635 4666 seminabat
660 4600 966 4670 ceutuplmu
997 4594 1260 4662 accipere.
1293 4585 1445 4654 Quod
1482 4583 1528 4636 si
1564 4581 1666 4635 hoc
1693 4577 1781 4631 tibi
1815 4589 1929 4629 ma-

333 4721 501 4780 gnum
533 4701 759 4764 videtur,
785 4693 1061 4750 considera
1090 4689 1406 4742 immensam
1436 4677 1527 4732 Dei
1555 4670 1895 4730 clementiora
1915 4708 1930 4734 ,

335 4760 501 4872 quam
528 4805 781 4865 processu
808 4783 1063 4854 temporis
1092 4794 1214 4848 erga
1242 4789 1340 4829 nos
1365 4766 1671 4826 declaravit.
1697 4765 1766 4818 lis
1791 4760 1936 4815 enim

335 4855 427 4966 qui
461 4855 580 4961 poet
605 4887 718 4956 ejus
743 4881 1032 4936 adventum
1059 4874 1308 4927 virtutem
1335 4869 1606 4925 exercent,
1631 4875 1735 4912 non
1763 4855 1937 4909 Solum

337 4951 655 5051 centuplum
695 4975 781 5030 hic
823 4967 1116 5039 promittit,
1147 4961 1240 5017 sed
1270 4968 1321 5013 et
1353 4957 1518 5012 vitam
1557 4962 1814 5006 :etcrnam
1838 4985 1851 5008 ,
1883 4951 1939 4998 et

339 5036 772 5145 regni'ca-lorum
799 5036 1210 5134 possessionem.
1236 5047 1424 5104 Vidisti
1447 5042 1820 5100 liberalitatem
1843 5036 1942 5090 Do-

341 5145 514 5226 mini?
552 5161 731 5217 vidisti
762 5151 1126 5212 beneficentia:
1155 5137 1535 5216 augmentum?
1564 5134 1744 5190 vidisti
1775 5145 1941 5200 quan-

343 5273 462 5317 tum
491 5255 648 5312 nobis
682 5251 903 5321 largitus
929 5255 1012 5300 est
1040 5236 1296 5310 unigeniti
1335 5232 1460 5289 Filii
1501 5227 1593 5284 Dei
1637 5219 1942 5280 adVentus?

344 5349 620 5426 quomodo
645 5342 969 5400 ineffabilem
993 5341 1176 5390 rerum
1203 5325 1670 5384 commutationem
1696 5322 1944 5386 operatus

346 5408 474 5502 est?
517 5440 643 5495 Ha'e
683 5435 842 5506 igitur
880 5424 1244 5496 unusquisque
1278 5417 1415 5488 apud
1447 5431 1506 5468 se
1529 5408 1866 5482 expcndcns,
1894 5413 1947 5459 et

346 5538 542 5595 videns
566 5502 920 5588 differentiam
946 5524 1086 5576 inter
1109 5532 1169 5572 ea
1195 5528 1310 5583 qua:
1337 5509 1440 5564 illis
1462 5516 1585 5561 ante
1608 5502 1790 5574 gratiae
1818 5509 1943 5552 tem-

350 5647 455 5703 pus
499 5622 741 5699 promitti
777 5616 1052 5678 solebant,
1083 5619 1137 5665 et
1179 5621 1241 5660 ea
1279 5616 1397 5672 qua:
1437 5613 1576 5652 nunc
1609 5601 1732 5664 post
1768 5587 1950 5661 gratia:

355 5681 591 5791 trempits,
619 5712 879 5788 glorificet
901 5707 1062 5762 etiam
1089 5704 1142 5756 in
1177 5699 1278 5752 hoc
1308 5696 1623 5749 immensam
1650 5685 1764 5754 ejus
1793 5681 1951 5737 mise-

355 5770 682 5875 ricoi'diatii,
715 5813 770 5860 et
808 5817 876 5856 ne
905 5806 1201 5866 temporum
1241 5781 1520 5842 mutationi
1550 5788 1719 5833 totum
1753 5770 1954 5827 adscr-io

359 5914 470 5967 bat.
505 5906 567 5960 At
599 5915 692 5972 par
721 5905 799 5952 est
828 5903 883 5946 ut
914 5888 979 5944 ad
1019 5884 1214 5942 seriem
1255 5872 1517 5936 sermonis
1556 5868 1834 5924 redeamus
1855 5901 1873 5928 ,
1900 5867 1952 5914 ut

1342 431 1404 486 fi‘
1445 429 1593 486 CAP.
1632 427 1818 484 XXVI.
1863 425 2103 482 CENES.
2147 427 2377 484 ιιυιιιι..
2420 429 2530 484 Lll.

3480 443 3580 497 438

2001 537 2272 597 videamus
2306 543 2571 612 quomodo
2612 543 2866 600 Gerareni
2913 545 3150 603 videntes
3186 549 3405 606 affluere
3439 553 3584 621 justo

1993 648 2157 701 epes,
2192 633 2242 687 in
2285 636 2677 690 armulationem
2727 639 2996 705 provocati
3039 640 3253 711 abigere
3294 659 3415 697 cum
3463 646 3584 699 inde

1993 725 2168 778 cuitali
2197 735 2339 778 sunt.
2376 725 2459 786 Ιιί,
2493 725 2748 779 Ᾱίηιιιιαιὶ
2769 738 2881 793 sunt
2909 729 3040 781 enim
3067 746 3196 792 eum,
3224 731 3412 800 inquit,
3444 731 3582 803 Phy-

1994 816 2184 869 Iistiim.
2219 816 2415 872 Deinde
2442 828 2738 874 monstrare
2773 821 2958 876 volens
2985 822 3258 892 Scriptura
3291 825 3498 890 divina,
3533 827 3584 880 in

1995 921 2099 973 quo
2121 908 2514 962 a-mulalii‘mem
2535 909 2894 978 declararunt,
2920 913 3189 967 subdidit:
3218 916 3302 970 i5.
3330 915 3394 968 Et
3415 934 3585 971 omnes

1996 1007 2173 1065 puteos
2195 1040 2207 1064 ,
2236 1015 2360 1068 quos
2386 998 2666 1066 effoderunt
2691 1002 2818 1054 servi
2847 1013 3068 1074 tempore
3088 1005 3245 1074 patris
3273 1008 3380 1076 ejus
3398 1047 3414 1074 ,
3443 1005 3586 1059 obtu-

1995 1099 2254 1150 raverunt,
2287 1103 2332 1142 et
2363 1089 2694 1160 impleverunt
2723 1101 2877 1145 terra.

2029 1241 2032 1244 ,
2069 1178 2269 1233 Invidia
2315 1180 2681 1235 Gerarenorum
2711 1194 2920 1249 quanta.
2948 1216 3007 1224 —
3037 1185 3326 1242 Considera
3375 1200 3568 1258 quanta

1997 1271 2210 1326 illorum
2236 1272 2528 1327 incolarum
2557 1273 2755 1326 malitia
2778 1316 2792 1339 ,
2820 1275 2910 1345 qui
2959 1285 3012 1330 et
3053 1292 3219 1346 aquas
3258 1280 3404 1346 justo
3447 1279 3584 1332 iuvi-

1998 1361 2161 1417 dent:
2195 1379 2366 1432 neque
2399 1379 2488 1418 rex
2514 1405 2528 1429 ,
2555 1365 2643 1432 qui
2687 1364 2736 1418 in
2765 1373 2908 1419 tanta
2957 1376 3218 1434 potestate
3261 1379 3374 1422 erat
3401 1411 3414 1432 ,
3449 1369 3585 1422 invi-

1998 1455 2138 1509 diam
2179 1457 2194 1486 ¹
2218 1456 2494 1510 continere
2534 1459 2740 1526 potuit;
2774 1457 2869 1511 sed
2914 1457 3042 1511 dicit
3075 1478 3088 1510 ς
3126 1459 3212 1512 16.
3242 1459 3335 1512 Abi
3373 1461 3584 1524 auobis,

1997 1549 2116 1616 quia
2147 1549 2398 1617 potentior
2422 1549 2562 1602 nobis
2584 1551 2747 1620 factus
2773 1566 2822 1602 es
2850 1549 3011 1603 valde.
3054 1550 3238 1620 Magna
3267 1551 3588 1606 malevolen-

2004 1640 2096 1693 tia.
2126 1639 2286 1708 Cujus
2315 1640 2481 1709 gratia
2511 1640 2677 1709 abigis
2695 1640 2897 1709 justmn
2926 1641 2948 1694 ’ἒ
2980 1657 3103 1694 num
3134 1642 3306 1712 aliqua
3335 1643 3384 1696 in
3413 1658 3469 1697 re
3498 1641 3590 1696 tibi

1999 1730 2216 1784 nocuit?
2259 1730 2654 1798 num‘injuriam
2679 1730 2898 1783 intulit?
2929 1730 3032 1784 Sed
3069 1733 3137 1785 ita
3173 1747 3233 1787 se
3265 1733 3422 1786 habet
3455 1733 3590 1786 iuvi-

1998 1824 2118 1887 dia;
2146 1823 2276 1876 nihil
2300 1839 2420 1876 cum
2449 1823 2656 1877 ratione
2686 1833 2957 1893 operatur.
2984 1824 3112 1878 Cum
3140 1825 3281 1878 enim
3322 1826 3591 1895 oportuis-

2000 1924 2080 1969 set
2100 1931 2244 1981 eum,
2271 1930 2427 1984 quem
2453 1914 2665 1969 videbat
2695 1924 2835 1968 tanta
2868 1916 3103 1970 omnium
3140 1918 3229 1972 Dei
3248 1918 3590 1973 benevolen-

2002 2007 2072 2061 tia
2117 2004 2403 2072 fruentem,
2433 2007 2600 2076 magis
2635 2005 2814 2061 fovere
2854 2005 2908 2060 et
2932 2007 3143 2072 colere,
3178 2018 3233 2062 ut
3283 2008 3487 2062 honore
3539 2008 3592 2064 in

2003 2098 2149 2152 illum
2179 2097 2372 2151 collato
2392 2138 2407 2161 ,
2437 2097 2594 2150 etiam
2623 2096 2736 2165 ipse
2759 2096 2992 2150 divinum
3019 2098 3118 2150 sibi
3147 2097 3383 2152 favorem
3412 2098 3595 2152 conci-

2004 2188 2158 2242 liaret
2190 2204 2204 2241 :
2231 2187 2320 2241 ille
2363 2202 2468 2240 non
2500 2185 2675 2240 solum
2708 2185 2810 2241 hoc
2851 2201 2955 2240 non
3005 2184 3166 2252 facit,
3196 2187 3288 2240 sed
3332 2182 3597 2256 expellere

2007 2287 2173 2334 teutat
2203 2294 2265 2333 ac
2291 2278 2419 2332 dicit
2449 2295 2460 2330 :
2489 2276 2576 2332 i6.
2611 2277 2705 2329 Abi
2747 2293 2777 2329 a
2807 2276 2968 2343 nobis,
2999 2277 3117 2344 quia
3164 2269 3319 2330 multo
3349 2276 3599 2346 potentior

2005 2373 2174 2442 {actus
2195 2386 2267 2435 es,
2298 2384 2449 2439 quam
2471 2384 2562 2421 nos
2585 2383 2777 2420 sumus.
2809 2365 2886 2420 lta
2913 2382 3070 2436 agere
3108 2367 3246 2420 solet
3271 2367 3596 2429 invidentia;

2009 2476 2118 2515 non
2153 2469 2332 2530 potest
2369 2459 2598 2528 benigne
2649 2457 2830 2511 videre
2871 2457 3093 2510 aliorum
3124 2455 3472 2522 felicitatem,
3505 2456 3596 2510 sed

2009 2552 2315 2608 felicitatem
2342 2549 2566 2620 proximi
2597 2563 2747 2602 suam
2782 2558 2927 2617 putat
2954 2546 3340 2609 infelicitatem,
3370 2557 3423 2601 et
3455 2546 3599 2601 tabe-

2011 2643 2112 2696 scit
2142 2641 2292 2696 bonis
2321 2639 2546 2710 proximi
2575 2657 2587 2692 :
2619 2638 2669 2691 id
2692 2637 2833 2707 quod
2864 2647 2913 2691 et
2945 2637 3029 2690 hic
3055 2636 3264 2690 accidit.
3300 2636 3409 2690 Rex
3433 2636 3597 2700 enim,

2011 2733 2112 2789 sub
2132 2734 2281 2802 cujus
2313 2740 2570 2801 potestate
2600 2737 2704 2784 tota
2729 2730 2914 2784 civitas
2943 2737 3076 2794 erat,
3108 2739 3158 2782 et
3187 2728 3388 2782 habens
3417 2743 3601 2782 omnes

2013 2826 2112 2880 sub
2137 2840 2293 2878 manu
2325 2838 2440 2888 sua,
2473 2822 2776 2891 peregrino,
2811 2836 2964 2890 vago,
2998 2819 3099 2873 huc
3129 2829 3180 2874 et
3211 2819 3335 2873 illuc
3357 2821 3602 2889 mignnti

2013 2918 2142 2974 dicit
2170 2917 2302 2972 ιΑὺί
2326 2935 2355 2968 a
2382 2915 2522 2968 nobis
2548 2956 2561 2978 ,
2591 2915 2708 2984 quia
2753 2915 3002 2984 potentior
3028 2915 3193 2983 factus
3225 2930 3298 2977 es,
3325 2929 3473 2983 quam
3515 2927 3604 2964 nos

2014 3025 2204 3064 cunnis.
2237 3007 2300 3060 Et
2345 3022 2466 3059 vere
2496 3005 2762 3074 potentior
2784 3012 2894 3058 erat
2917 3046 2930 3068 ,
2969 3018 3256 3072 supernum
3300 3002 3604 3072 prmsidium

2019 3100 2220 3155 habens
2269 3099 2320 3152 in
2371 3096 2640 3162 omnibus,
2668 3095 2999 3164 dexteraque
3049 3093 3436 3147 Dei'utunitus.
3492 3093 3607 3159 Quo

2018 3193 2178 3262 igitur
2211 3190 2380 3260 abigis
2404 3190 2604 3259 justum
2629 3187 2652 3239 ?
2679 3188 2893 3256 ignoras
2933 3185 3070 3255 quod
3109 3199 3444 3254 quccumque
3488 3198 3606 3236 eum

2019 3285 2096 3338 ire
2120 3282 2379 3353 coegeris,
2419 3295 2631 3350 semper
2654 3279 2755 3332 erit
2786 3279 2835 3330 in
2861 3277 2924 3330 iis
2949 3293 3066 3346 qua:
3101 3274 3307 3328 Domini
3337 3273 3416 3326 sui
3444 3283 3560 3324 sunt
3586 3275 3608 3323 *ἰ

2021 3391 2126 3430 ιιοιι
2154 3373 2336 3428 docuit.
2381 3381 2433 3427 te
2473 3387 2652 3426 rerum
2683 3367 3008 3437 experientia
3033 3408 3046 3427 ,
3078 3367 3169 3419 Dei
3222 3380 3436 3418 manum
3468 3377 3606 3424 esse,

2020 3482 2140 3536 qua:
2167 3464 2427 3517 illustrem
2459 3461 2580 3514 facit
2608 3468 2662 3514 et
2691 3465 2970 3512 conservat
2990 3455 3191 3524 justum
3215 3455 3430 3522 ?Quare
3455 3453 3609 3518 igitur

2019 3553 2284 3625 abigendo
2309 3553 2538 3622 justum,
2571 3566 2694 3621 erga
2744 3548 3026 3604 Dominum
3073 3545 3190 3614 ejus
3246 3554 3299 3598 te
3343 3550 3608 3612 ingratum

2026 3645 2307 3701 declaras?
2330 3653 2384 3698 et
2409 3659 2582 3712 neque
2607 3655 2796 3710 magna
2820 3638 2918 3692 viri
2949 3634 3302 3690 mansuetudo
3332 3641 3474 3687 tuam
3511 3631 3609 3684 do-

2024 3754 2172 3795 mare
2200 3735 2374 3808 potuit
2416 3734 2692 3799 invidiam,
2724 3730 2817 3786 sed
2848 3730 3018 3784 vietus
3054 3743 3084 3782 a
3127 3727 3334 3787 morbo,
3364 3723 3613 3778 invidiam

2024 3847 2190 3903 opere
2209 3828 2467 3898 comples,
2497 3835 2552 3881 et
2577 3826 2767 3880 iterum
2797 3822 3025 3890 migrare
3070 3834 3191 3872 cum
3222 3816 3366 3887 cogis
3385 3857 3398 3881 ,
3427 3815 3514 3884 qni
3558 3813 3612 3866 in

2027 3923 2174 3980 nullo
2197 3931 2246 3976 te
2273 3919 2445 3974 ltcsit?
2473 3916 2660 3972 Nescis
2679 3913 2818 3984 quod
2853 3914 2975 3966 licet
3005 3912 3056 3965 in
3091 3910 3410 3980 ipsissimam
3435 3906 3618 3960 solitu-

2027 4015 2207 4070 dinem
2239 4027 2359 4064 eum
2401 4009 2616 4079 fugaris,
2648 4005 2811 4061 habet
2839 4013 3013 4058 tamen
3060 4003 3127 4054 ita
3158 4001 3409 4055 solertem
3443 3996 3618 4051 Domi-

2031 4122 2177 4172 num,
2201 4115 2256 4159 ut
2276 4119 2335 4158 se
2356 4101 2437 4156 vel
2462 4100 2567 4154 illic
2587 4104 2887 4153 versantem
2907 4094 3072 4147 multo
3093 4092 3368 4145 clariorem
3396 4086 3620 4142 reddere

2029 4198 2235 4272 possit?
2250 4195 2391 4252 Nihil
2408 4194 2548 4251 enim
2567 4190 2834 4246 robustius
2852 4204 2916 4243 eo
2932 4189 3016 4256 qui
3039 4185 3225 4239 fruitur
3246 4195 3477 4250 superno
3493 4195 3622 4248 prae-

2031 4293 2167 4350 sidio
2190 4308 2204 4344 :
2229 4292 2367 4344 sicut
2383 4285 2782 4342 nihilintirmius
2800 4297 2866 4337 eo
2879 4280 2964 4349 qui
2989 4279 3070 4333 tali
3087 4277 3281 4330 auxilio
3296 4274 3618 4328 destituitur.

2102 4384 2158 4437 2.
2203 4380 2351 4436 Nihil
2376 4366 2627 4433 robustius
2653 4392 2708 4429 eo
2736 4389 2885 4442 quem
2927 4370 3058 4422 Deus
3089 4369 3256 4439 juvat.
3287 4394 3357 4404 —--
3386 4361 3576 4416 Vidisti
3603 4402 3622 4422 ,,

2035 4477 2255 4542 dilecte,
2285 4481 2338 4527 ct
2359 4471 2499 4541 regis
2523 4470 2877 4527 Gerarorum,
2907 4472 2961 4516 et
2990 4460 3225 4514 omnium
3249 4457 3337 4526 qui
3367 4455 3436 4508 ibi
3473 4452 3625 4506 babi—

2039 4568 2222 4623 tabant
2243 4563 2436 4618 mentis
2464 4557 2757 4614 malitiam?
2786 4555 2914 4606 Vide
2943 4562 2996 4605 et
3019 4548 3143 4618 justi
3195 4560 3438 4614 magnam
3470 4558 3623 4594 mau-

2035 4657 2394 4719 suetudinem,
2423 4649 2692 4722 quomodo
2725 4661 2826 4699 non
2865 4639 3176 4710 superbivit,
3228 4652 3399 4706 neque
3440 4633 3626 4687 videns

1955 4759 1960 4765 '
2038 4751 2212 4819 rcipsa
2239 4745 2476 4800 divinam
2507 4739 2605 4793 sibi
2635 4740 2856 4808 gratiam
2889 4732 3142 4786 assistere
3162 4770 3178 4794 ,
3212 4735 3395 4782 contra
3424 4741 3627 4795 regem,

2041 4843 2206 4897 frctus
2230 4832 2630 4893 commilitantis
2658 4829 2875 4889 virtute,
2904 4821 3189 4877 insurrexit
3215 4837 3226 4872 :
3253 4817 3345 4873 sed
3373 4815 3522 4886 quasi
3550 4815 3632 4868 vir

2042 4933 2185 4987 omni
2221 4926 2514 5000 patrocinio
2540 4934 2751 4981 carens,
2785 4928 2837 4970 et
2869 4914 3071 4968 nullum
3104 4910 3355 4964 auxilium
3387 4904 3632 4960 alicunde

2043 5032 2379 5094 eijicctans,
2414 5015 2579 5070 multa
2606 5027 2725 5066 cum
2761 5003 3186 5064 mansuetudine,
3222 5017 3288 5054 ne
3313 4997 3486 5052 verbis
3512 4995 3630 5064 qui.

2043 5119 2168 5174 dem
2194 5116 2446 5171 resistens
2467 5149 2481 5173 ,
2538 5104 2761 5160 faciebat
2786 5101 2925 5172 quod
2954 5098 3052 5152 sibi
3079 5111 3108 5148 a
3137 5110 3258 5163 rege
3293 5088 3636 5162 pratcipicbaa

2049 5223 2134 5267 tur
2156 5251 2173 5277 ,
2203 5217 2258 5263 et
2286 5205 2462 5260 statim
2491 5200 2635 5256 illinc
2663 5195 2910 5251 disceSsit
2935 5211 2948 5247 :
2977 5203 3022 5244 ct
3053 5189 3275 5243 uiterius
3300 5195 3633 5253 progressus,

2051 5299 2306 5373 repressit
2348 5289 2674 5366 aegritudinis
2730 5286 2997 5341 flammam
3024 5321 3038 5340 ,
3083 5275 3239 5331 simul
3289 5281 3344 5327 et
3384 5271 3632 5324 eximiam

2050 5411 2199 5450 suam
2231 5386 2687 5447 mansuetudinem
2717 5377 3016 5439 declarans,
3035 5381 3088 5426 et
3114 5369 3251 5422 illius
3273 5363 3634 5434 perturbatum

2053 5488 2288 5542 animum
2316 5482 2585 5550 mitigans.
2621 5474 2706 5528 f7.
2743 5469 2805 5522 Et
2859 5465 2980 5517 abiit
3035 5460 3169 5523 inde,
3215 5466 3260 5510 et
3306 5453 3546 5508 habitavit
3585 5451 3638 5502 in

2052 5582 2182 5636 valle
2209 5576 2538 5632 Gerarorum.
2584 5566 2650 5620 Et
2679 5562 2729 5617 id
2757 5556 2897 5629 quod
2945 5549 3214 5621 discipulis
3242 5549 3352 5603 suis
3391 5542 3639 5598 omnibus

2055 5673 2298 5730 Christus
2337 5662 2626 5719 adveniens
2661 5650 2921 5724 prmcipit,
2953 5646 3173 5700 dicens:
3209 5637 3424 5708 Quando
3473 5649 3643 5704 perse-

2057 5773 2269 5837 quentur
2305 5774 2413 5822 eos,
2458 5753 2612 5825 fugite
2659 5748 2713 5801 in
2742 5745 2898 5796 alium
2936 5741 3100 5794 locum
3144 5733 3354 5807 (Matth.
3386 5730 3469 5785 Η).
3499 5727 3597 5796 9.3).
3623 5740 3646 5777 τ.

2120 5864 2134 5895 ί
2173 5866 2376 5919 Quatuor
2397 5861 2527 5911 Mss,
2551 5843 2943 5911 iucrepationem.
