3974 6418
493 371 597 429 Ᾱ59

493 483 592 538 hoc
615 482 705 536 ille
729 481 838 551 jam
863 477 1111 550 operibus
1135 476 1434 531 exhibebat.
1464 475 1526 530 Et
1553 474 1693 529 sicut
1721 473 1884 527 David
1918 473 2052 527 Safi-

495 571 560 627 lis
583 587 826 643 magnam
851 571 1098 624 invidiam
1129 567 1480 637 reprimebat,
1509 564 1766 620 secedens
1785 573 1838 619 et
1863 563 2062 618 subdu-

488 677 616 716 cens
636 677 713 723 se,
745 671 798 715 et
831 661 968 714 illius
996 658 1342 728 refrigerabat
1378 655 1622 710 ardorem
1653 655 1725 726 (i.
1761 653 1885 722 Reg.
1923 653 2022 722 l9)
2049 670 2060 704 :

488 755 675 808 eodem
702 767 829 806 sane
853 751 1008 804 modo
1029 759 1083 804 et
1103 751 1275 817 justus
1301 749 1386 802 ille
1415 747 1762 816 apostolicum
1806 745 1933 802 illud
1965 746 2065 798 im-

485 847 660 916 plebat
684 865 698 898 :
727 843 860 898 Date
884 846 1048 896 locum
1069 843 1158 896 ire
1189 841 1360 913 (Rom.
1383 840 1468 894 12.
1496 840 1582 906 19)
1611 855 1624 891 :
1655 847 1708 894 et
1735 837 1913 892 relicta
1936 836 2063 890 civi-

484 947 609 1002 tate,
638 937 765 993 exiit
791 937 840 990 in
867 936 1079 990 vallem.
1105 936 1366 990 Cteterutn
1403 933 1521 988 vide
1546 942 1793 1000 quantam
1824 930 1927 984 illic
1957 930 2056 983 ite-

482 1044 600 1083 rum
653 1027 1110 1082 mansuetudinem
1150 1040 1258 1095 pra:
1301 1039 1360 1079 se
1396 1023 1532 1077 tulit.
1582 1022 1762 1092 Neque
1802 1023 1943 1076 enim
1976 1021 2060 1076 hic

483 1120 602 1174 linis
627 1118 722 1173 fuit
750 1117 1109 1172 molestiarum
1141 1133 1155 1170 :
1186 1131 1308 1170 nam
1335 1130 1452 1168 cum
1484 1113 1640 1168 etiam
1671 1114 1774 1167 illic
1801 1123 1941 1168 esset
1962 1155 1975 1174 .
2006 1122 2060 1168 et

480 1211 654 1266 fontes
669 1211 902 1267 effodere
920 1210 1098 1276 vellet,
1119 1208 1261 1263 rixas
1281 1215 1576 1261 moverunt.
1605 1206 1688 1260 18.
1717 1205 1870 1259 Fodit
1891 1205 2054 1268 enim,

480 1303 670 1372 inquit,
693 1311 904 1373 puteos,
933 1317 1056 1370 quos
1100 1309 1216 1352 ante
1258 1299 1400 1369 pueri
1442 1299 1599 1367 patris
1646 1299 1753 1368 ejus
1795 1299 2051 1366 fecerant,

474 1402 524 1448 et
551 1394 900 1448 obturaverunt
929 1389 1239 1461 Phylistiim,
1271 1399 1317 1442 et
1339 1389 1573 1458 imposuit
1599 1389 1668 1442 eis
1695 1389 1918 1452 nomina,
1945 1404 2057 1457 qua:

476 1495 619 1554 pater
643 1501 764 1540 suus
791 1485 1118 1552 imposuerat.
1159 1481 1241 1536 l9.
1275 1480 1337 1534 Et
1367 1479 1620 1551 foderunt,
1655 1480 1822 1548 inquit
1850 1521 1864 1542 ,
1915 1481 2054 1548 pueri

475 1574 646 1642 Isaac,
677 1586 724 1629 et
757 1576 1044 1627 invenerunt
1081 1582 1283 1642 puteum
1329 1587 1473 1636 aqua:
1513 1571 1718 1624 viventis
1757 1586 1776 1624 :
1809 1569 1908 1623 hoc
1935 1580 2050 1632 est,

473 1665 661 1719 subtus
688 1664 1038 1720 scaturientis.
1069 1662 1160 1716 20.
1190 1661 1257 1716 Et
1283 1662 1601 1732 titigaverunt
1630 1669 1855 1730 pastores
1895 1659 2052 1714 Gera-

470 1771 663 1818 rorum,
700 1754 917 1807 dicentes
942 1769 1058 1806 suas
1086 1768 1191 1805 esse
1215 1768 1392 1820 aquas.

541 1843 878 1897 Mansuetudo
898 1859 1012 1896 vera
1030 1857 1161 1911 quer.
1179 1840 1432 1895 Patientia
1453 1839 1639 1895 Isaaci.
1654 1841 1821 1896 —Hic
1841 1857 2050 1911 quoque

469 1934 600 1989 nihil
640 1932 915 1988 contendit
956 1933 1132 2001 justus
1152 1975 1166 1999 ,
1197 1948 1368 2000 neque
1392 1932 1714 1997 obluctatur,
1743 1932 1836 1986 sed
1887 1933 2046 1986 etiam

467 2023 770 2095 pastoribus
797 2023 958 2078 cedit.
979 2023 1103 2078 llaec
1131 2024 1274 2079 enim
1304 2039 1429 2078 vere
1447 2023 1798 2078 mansuetudo
1819 2033 1921 2089 est,
1943 2041 2047 2078 non

467 2115 682 2185 quando
711 2114 832 2184 quis
855 2114 1091 2169 offensus
1119 2130 1147 2168 a
1179 2117 1565 2185 potentioribus
1593 2126 1871 2171 mansuete
1902 2115 2002 2170 fert
2030 2134 2044 2170 :

464 2205 556 2259 sed
587 2205 797 2275 quando
819 2205 938 2275 quis
983 2204 1051 2260 ab
1079 2204 1143 2259 iis
1186 2205 1344 2259 etiam
1377 2205 1464 2274 qui
1497 2205 1773 2260 inferiores
1798 2214 2048 2274 putantur

462 2297 698 2352 oll'ensus
726 2296 868 2352 cedit
896 2313 910 2350 :
933 2306 1060 2352 tunc
1089 2297 1231 2351 enim
1257 2296 1373 2367 ejus
1401 2297 1490 2366 qui
1509 2296 1776 2351 invaditur
1795 2313 2046 2351 mansue-

463 2387 630 2442 tudini
653 2397 818 2441 totum
846 2387 1165 2443 adscribitur
1191 2405 1204 2441 :
1237 2404 1360 2442 nam
1391 2387 1520 2442 alias
1541 2387 1744 2442 diceret
1764 2389 1900 2456 quis,
1924 2404 2044 2442 eum

460 2478 916 2534 mansuetudinem
945 2480 1227 2534 simulasse
1251 2521 1266 2545 ,
1297 2480 1418 2548 quia
1457 2495 1561 2533 non
1595 2487 1773 2548 posset
1799 2479 2046 2548 petentia:

458 2568 775 2624 offendentis
802 2571 1070 2624 resistere.
1104 2569 1208 2624 Sed
1241 2579 1296 2623 ut
1324 2571 1500 2624 discas
1525 2585 1645 2624 eum
1665 2569 1772 2638 regi
1795 2569 2042 2636 cessisse,

458 2675 564 2714 non
587 2669 802 2730 prepter
821 2662 1109 2729 potentiam
1132 2660 1246 2730 ejus
1272 2703 1284 2726 ,
1318 2661 1412 2716 sed
1445 2676 1540 2714 suo
1565 2676 1713 2715 more
1747 2671 1991 2731 agentem
2028 2679 2040 2714 :

459 2750 583 2805 vide
613 2749 882 2819 quomodo
906 2751 1044 2804 idem
1073 2751 1209 2819 apud
1231 2761 1467 2820 pastores
1499 2750 1670 2804 faciat.
1699 2751 1765 2804 Et
1792 2752 1927 2805 sicut
1957 2751 2044 2805 ille

463 2845 698 2912 dicebat,
731 2843 926 2899 Recede
976 2863 1008 2898 a
1051 2846 1192 2899 nobis
1224 2862 1242 2899 :
1273 2854 1326 2899 ct
1382 2847 1581 2912 statim,
1626 2846 1780 2916 quasi
1825 2855 2044 2914 accepto

458 2939 747 3003 mandato,
787 2939 1174 2994 ab.-cessit:ita
1214 2948 1268 2993 et
1295 2953 1462 3003 nunc,
1491 2939 1791 3008 pastmibus
1849 2939 2043 2994 lzederc

458 3030 825 3098 cupientibus,
855 3039 910 3098 et
964 3038 1180 3099 puteum
1219 3029 1320 3084 sibi
1368 3029 1786 3095 vindicantibus,
1819 3030 2038 3085 recedit.

464 3121 638 3188 Atque
684 3129 741 3173 ut
786 3120 1204 3191 perpetunbane
1233 3120 1546 3190 iniustitiam
1576 3124 1772 3175 scirent
1821 3123 2038 3190 posteri,

455 3224 650 3264 nomen
675 3210 897 3280 imponit
920 3219 1083 3280 puteo
1103 3227 1173 3266 ex
1198 3227 1262 3266 eo
1284 3210 1425 3280 quod
1452 3211 1731 3266 acciderat.
1756 3211 2040 3266 Enimvero

461 3301 583 3371 quia
615 3301 948 3355 manifestam
977 3302 1301 3356 admiserant
1331 3300 1662 3370 injustitiam,
1696 3300 1901 3355 Vocavit
1945 3319 2039 3354 no-

453 3406 566 3443 men
597 3391 734 3461 putei
758 3432 772 3456 ,
807 3389 930 3444 Loci
976 3392 1242 3460 injustitia.
1284 3392 1350 3445 Et
1394 3401 1508 3446 erat
1536 3401 1719 3461 postea
1740 3433 1754 3457 ,
1783 3393 1932 3461 quasi
1985 3392 2038 3446 in

457 3480 704 3534 columna
727 3495 885 3545 terea,
919 3481 1148 3549 posteris
1177 3496 1370 3535 nomen
1401 3479 1500 3535 loci
1531 3481 1771 3536 doctrina
1810 3490 1864 3535 et
1891 3498 2038 3535 man-

453 3570 754 3624 suetudinis
776 3570 935 3638 justi,
971 3579 1025 3623 et
1054 3571 1346 3640 iniquitatis
1375 3571 1608 3624 illorum.
1658 3571 1864 3626 Nomen
1891 3574 2036 3628 enim

452 3660 552 3714 loci
587 3659 829 3726 faciebat,
876 3669 932 3714 ut
956 3661 1195 3730 quisquis
1225 3669 1436 3730 rogaret
1462 3676 1748 3731 quarcnam
1777 3664 1854 3716 sic
1877 3678 2038 3717 voca-

451 3761 620 3816 retur,
653 3751 882 3804 disceret
910 3759 964 3804 et
1007 3751 1163 3820 hujus
1203 3751 1456 3805 virtutem
1482 3794 1497 3818 ,
1526 3762 1577 3806 et
1611 3751 1876 3822 ingentem
1914 3753 2036 3807 illo-

451 3855 568 3892 rum
611 3839 887 3894 malitiant.
930 3839 1550 3910 Animadverte,qumso,
1575 3842 1843 3912 quomodo
1874 3843 2033 3897 etiam

454 3931 541 3984 hic
570 3948 718 3986 suam
743 3941 928 4002 augeat
953 3930 1222 3997 virtutem,
1254 3949 1348 4003 per
1373 3935 1548 3988 omnia
1577 3936 2034 3990 mansuetudinem

449 4036 601 4075 suam
638 4021 895 4076 exhibens
922 4065 935 4088 ,
966 4032 1020 4078 et
1051 4023 1123 4077 illi
1155 4023 1352 4094 ingenti
1392 4027 1648 4094 nequitia,
1679 4027 1836 4082 etiam
1887 4027 2034 4080 inviti

445 4114 647 4182 justum
681 4112 1024 4169 illustriorem
1073 4114 1296 4169 reddere
1345 4124 1606 4184 satagunt.
1658 4115 1840 4186 Neque
1889 4117 2034 4171 enim

447 4204 684 4259 contenti
713 4203 774 4256 iis
795 4219 912 4272 quze
949 4203 1204 4270 fecerant,
1230 4214 1508 4273 postquam
1537 4205 1695 4258 alium
1736 4205 2037 4261 effoderunt

447 4303 686 4365 puteum,
729 4294 918 4348 iterum
961 4295 1180 4360 instant,
1211 4295 1489 4364 rixamque
1513 4304 1747 4349 movent.
1778 4296 1869 4350 2|.
1895 4295 2034 4350 Pro-

448 4387 606 4456 fectus
633 4385 794 4447 enim,
824 4385 1015 4453 inquit,
1044 4386 1203 4450 illinc,
1237 4386 1367 4457 fodit
1397 4395 1600 4455 puteum
1631 4386 1788 4440 alium
1815 4403 1835 4441 :
1860 4388 2033 4457 litiga-

449 4481 568 4533 bunt
590 4489 756 4532 autem
788 4479 935 4531 etiam
959 4479 1021 4530 de
1048 4477 1158 4544 illo,
1187 4488 1232 4532 et
1260 4478 1533 4532 nominavit
1547 4495 1683 4545 eum,
1705 4477 2030 4534 Inimicitias.

447 4569 544 4625 llic
573 4571 763 4625 iterum
788 4571 1152 4626 animadverte
1176 4571 1302 4642 justi
1327 4572 1685 4641 prudentiam.
1716 4571 1830 4628 Non
1861 4575 2034 4629 omni-

447 4678 517 4717 no
569 4673 804 4732 puteum,
830 4672 886 4717 ut
935 4659 1162 4727 videtur,
1207 4663 1562 4728 abstulerant,
1597 4663 1690 4719 sed
1740 4665 2033 4720 contende-

445 4755 574 4807 bant
623 4771 637 4806 :
684 4765 737 4808 et
791 4756 902 4808 visa
955 4753 1237 4808 manifesta
1292 4755 1591 4824 injustitia,
1645 4754 2029 4811 discesserunt.

445 4845 732 4914 Pr0pterea
762 4845 1068 4902 Inimicitias
1093 4862 1215 4900 eum
1237 4849 1541 4916 appellavit,
1567 4849 1708 4918 quod
1732 4850 2034 4904 inimicitia-

441 4954 558 4993 rum
589 4938 776 4993 fuisset
804 4941 1036 4994 occasio.
1067 4939 1334 4994 Cmterum
1364 4941 1602 5011 quotidie
1637 4944 2027 5013 propemodum

444 5030 566 5082 talia
595 5029 772 5084 ferens
799 5029 866 5083 ab
897 5028 962 5083 iis
987 5029 1076 5099 qui
1105 5029 1377 5099 regionem
1409 5032 1743 5108 incidebant,
1774 5050 1882 5088 non
1907 5050 2031 5104 gra-

442 5122 603 5176 vatim
629 5123 766 5189 tulit,
799 5137 902 5177 non
935 5123 1144 5193 abjecto
1174 5123 1269 5178 fuit
1299 5125 1500 5192 animo,
1533 5141 1637 5180 non
1661 5127 1913 5196 cogitavit
1941 5142 2029 5183 se-

439 5229 582 5280 cum,
607 5227 780 5283 neque
805 5213 938 5267 dixit
965 5231 978 5268 :
1010 5214 1144 5268 Ecce
1171 5229 1240 5268 ne
1287 5227 1566 5286 puteorum
1596 5217 1807 5287 quidem
1847 5228 1904 5273 nt
1929 5220 2029 5274 sim

440 5304 708 5370 domitms,
739 5305 866 5358 nnhi
894 5299 1051 5359 datur
1093 5324 1107 5360 :
1147 5321 1215 5360 an
1240 5321 1346 5361 non
1373 5323 1606 5377 superno
1631 5309 1837 5363 auxilio
1862 5310 2028 5365 desti-

444 5403 586 5450 tutus
607 5412 723 5450 sum
743 5397 766 5449 ?
785 5414 853 5451 an
885 5413 990 5451 non
1031 5397 1286 5453 Dominus
1315 5399 1520 5469 abjecta
1549 5415 1676 5454 cura
1699 5402 1802 5456 mei
1835 5403 2031 5458 oblitus

442 5486 566 5539 est?
604 5486 746 5540 Nihil
791 5489 1056 5558 ejusmodi
1100 5491 1186 5545 vel
1241 5489 1375 5545 dixit
1424 5491 1509 5546 vel
1563 5493 1816 5562 cogitavit
1871 5514 1884 5551 :
1936 5498 2029 5552 sed

443 5577 619 5629 omnia
649 5593 837 5648 magna
864 5593 985 5633 cum
1021 5581 1431 5638 mansuetudine
1452 5583 1728 5650 toleravit,
1755 5593 1808 5638 et
1832 5585 2030 5641 idcirco

447 5667 639 5736 dignus
661 5670 757 5724 fuit
785 5669 1018 5738 habitus,
1050 5672 1140 5742 qui
1167 5672 1412 5742 ampliori
1441 5673 1622 5730 divino
1650 5676 1846 5731 auxilio
1876 5677 2030 5747 adju-

445 5766 674 5812 varetur.
724 5761 852 5816 Nam
884 5763 1000 5820 lucc
1023 5778 1141 5834 quae
1170 5773 1484 5833 evenerunt,
1508 5768 1840 5836 exercitatio,
1867 5778 1924 5824 ut
1954 5769 2021 5824 ita

1197 365 1254 423 S.
1293 363 1570 422 JOANNIS
1595 362 2068 420 CHRYSOSTOMI
2099 362 2417 419 ARCHIEP.
2446 363 2974 422 CONSTANTINOP.

3650 371 3752 426 ωο

2173 473 2366 539 dicam,
2391 476 2599 531 virtutis
2634 477 2763 546 justi
2802 478 2967 532 fuere.
3009 478 3140 533 Dicit
3165 480 3303 533 enim
3331 499 3341 531 :
3366 479 3455 534 22.
3489 480 3756 552 Profectus

2172 563 2329 628 illinc,
2357 567 2485 636 fodit
2513 576 2716 635 puteum
2753 568 2930 632 alium,
2981 578 3026 621 et
3065 585 3165 622 non
3205 573 3562 625 contenderunt
3603 590 3757 642 super

2171 655 2257 707 illo
2285 671 2303 708 :
2332 665 2377 709 et
2400 660 2736 727 agnominavit
2765 676 2943 713 nomen
2964 663 3070 730 ejus
3095 700 3108 723 ,
3139 659 3503 726 Latitudinem,
3535 665 3708 720 dicens
3735 683 3755 722 :

2172 743 2303 806 Quia
2329 762 2460 798 nunc
2483 747 2710 800 dilatauit
2733 766 2824 803 nos
2854 748 3102 802 Dominus
3123 790 3137 814 ,
3169 760 3214 804 et
3241 767 3460 820 crescere
3501 770 3593 808 nos
3637 755 3754 823 fecit

2167 850 2318 903 super
2351 847 2560 892 terram.

2239 925 2290 978 5.
2335 924 2519 979 Gratus
2539 930 2736 982 animus
2765 927 2957 983 Isaaci.
2996 928 3134 984 Deus
3163 932 3313 1001 exigit
3340 943 3392 984 ut
3413 936 3604 1003 gratias
3627 952 3751 1006 aga-

2166 1031 2292 1067 mus
2316 1046 2386 1056 —
2411 1016 2543 1073 Vide
2558 1027 2762 1088 gratum
2791 1022 3024 1075 animum
3049 1022 3196 1092 justi.
3219 1023 3348 1078 Nam
3387 1042 3507 1079 cum
3545 1029 3753 1095 priores

2165 1103 2336 1159 fOntes
2357 1106 2584 1176 diripere
2599 1119 2990 1173 tentarent,uon
3008 1115 3294 1181 atgretulit,
3316 1130 3419 1168 non
3441 1116 3747 1174 obluctatus

2165 1205 2242 1248 est
2266 1214 2279 1248 :
2303 1196 2460 1250 sedin
2477 1199 2585 1254 sola
2606 1209 2881 1268 puteorum
2905 1204 3264 1271 appellatione
3283 1206 3499 1262 malitia:
3530 1207 3745 1264 illorum

2165 1286 2498 1344 indelebilem
2512 1292 2719 1362 reliquit
2737 1297 3065 1349 memoriam.
3088 1295 3184 1350 Hic
3200 1312 3324 1352 vero
3339 1300 3458 1368 quia
3480 1301 3619 1354 nulla
3640 1301 3750 1358 fuc-

2163 1389 2281 1432 runt
2309 1380 2601 1447 obstacula,
2623 1384 2715 1438 sed
2740 1399 2862 1439 cum
2892 1389 3037 1440 omni
3064 1389 3308 1443 libertate
3337 1391 3607 1446 laboribus
3639 1397 3748 1447 suis

2162 1467 2259 1522 f:ui
2279 1469 2444 1532 licuit,
2469 1481 2633 1525 totum
2664 1473 2846 1527 tribuit
2876 1475 3002 1530 Deo.
3032 1475 3417 1544 Vocaritenitn,
3439 1481 3632 1550 inquit,
3657 1502 3748 1550 pu-

2159 1566 2290 1611 teum
2311 1561 2474 1624 illum,
2498 1561 2830 1616 Lafitudiucm
2857 1581 2876 1618 :
2903 1575 2956 1619 et
2977 1566 3166 1621 deinde
3189 1568 3564 1637 interpretatus
3590 1588 3747 1625 voca-

2160 1648 2371 1712 bn'um,
2405 1651 2530 1706 dicit
2559 1673 2569 1704 :
2605 1654 2826 1723 Propter
2883 1658 2980 1710 hoc
3015 1657 3369 1714 Latitudinem
3417 1677 3577 1727 voco,
3615 1663 3747 1730 Quia

2159 1739 2383 1794 dilatavit
2425 1740 2670 1797 Dominus
2713 1755 2760 1798 et
2790 1749 2932 1800 auxit
2961 1766 3052 1802 nos
3095 1759 3246 1816 super
3292 1761 3495 1805 terram.
3558 1755 3673 1808 Vidi
3709 1759 3744 1810 ti

2158 1831 2296 1899 piam
2331 1841 2583 1899 mentem,
2613 1836 2880 1904 quomodo
2927 1854 3030 1891 non
3075 1838 3210 1892 facta
3253 1843 3525 1898 mentione
3570 1854 3744 1900 tanta-

2157 1939 2272 1978 rum
2299 1925 2662 1981 diflicultatum
2701 1945 2818 1998 qua:
2868 1930 3200 1995 obstiterant,
3233 1933 3494 1989 bonorum
3540 1947 3744 1993 tantum

2155 2015 2413 2078 meminit,
2449 2025 2503 2071 et
2532 2033 2625 2086 pro
2661 2020 2762 2073 illis
2807 2021 3008 2087 gratias
3037 2022 3143 2076 Deo
3169 2025 3312 2093 agit,
3342 2026 3538 2080 etdieit
3565 2045 3577 2080 :
3613 2029 3745 2095 Quia

2154 2103 2380 2158 dilatavit
2409 2105 2651 2160 Dominus
2674 2127 2781 2172 nos,
2815 2121 2860 2161 et
2889 2113 3031 2164 auxit
3053 2129 3144 2166 nos
3173 2130 3326 2182 super
3345 2125 3529 2168 terram
3547 2119 3572 2169 .’
3602 2118 3741 2171 Nihil

2157 2196 2299 2249 enim
2342 2206 2446 2250 tam
2491 2211 2764 2267 acceptum
2795 2200 3202 2267 Deo,..nt‘anima
3254 2212 3401 2274 grata
3447 2213 3502 2259 et
3548 2209 3745 2276 gratias

2158 2299 2341 2353 agens.
2389 2287 2520 2342 Nam
2591 2306 2711 2343 eum
2789 2291 3084 2346 innumeris
3156 2293 3436 2350 beneficiis
3505 2299 3744 2366 quotidie

2152 2392 2336 2433 omnes
2367 2395 2464 2433 nos
2491 2391 2870 2450 prosequatur,
2913 2384 3027 2438 sive
3071 2384 3300 2438 velimus
3325 2385 3442 2441 sive
3470 2389 3703 2444 nolimus
3725 2433 3741 2456 ,

2152 2467 2266 2524 sive
2291 2485 2351 2522 ea
2382 2471 2613 2526 sciamus
2641 2473 2752 2526 sive
2796 2473 3121 2542 ignoremus,
3152 2475 3282 2529 nihil
3319 2485 3496 2533 tamen
3521 2479 3684 2533 aliud
3713 2497 3742 2535 a

2152 2560 2303 2615 nobis
2325 2561 2510 2632 exigit,
2549 2578 2706 2632 quam
2737 2573 2793 2617 ut
2829 2563 3121 2620 habeamus
3142 2567 3364 2635 gratiam
3393 2584 3490 2636 pro
3526 2569 3590 2623 iis
3627 2587 3743 2639 qua:

2117 2651 2305 2705 ~nobis
2332 2667 2588 2707 concessa
2619 2663 2762 2722 sunt,
2790 2665 2846 2709 ut
2871 2671 2964 2724 pro
2996 2656 3082 2709 illa
3111 2657 3223 2726 ipsa
3255 2659 3543 2727 gratiarum
3576 2663 3742 2715 aetio-

2153 2759 2219 2796 ne
2249 2743 2316 2797 ad
2344 2745 2599 2814 ampliora
2625 2745 2797 2800 danda
2831 2761 3168 2816 provocetur.
3200 2749 3311 2804 Hoc
3339 2761 3392 2804 ut
3425 2755 3597 2819 scias,
3628 2755 3742 2808 vide

2153 2833 2422 2902 qttomodo
2444 2837 2621 2903 justus
2651 2837 2741 2892 ille
2768 2839 2903 2906 grati
2930 2838 3213 2892 admodum
3249 2842 3412 2894 animi
3437 2857 3596 2896 causa
3643 2846 3736 2899 de-

2149 2939 2257 2978 nuo
2283 2938 2571 2994 supernutn
2603 2928 2860 2982 meruerit
2891 2930 3082 2982 visum.
3116 2930 3247 2983 Nam
3270 2934 3518 3001 quoniam
3551 2936 3734 2990 condi-

2149 3029 2308 3086 gnum
2339 3030 2450 3070 sua:
2475 3016 2682 3071 virtutis
2710 3019 2980 3086 specimen
3011 3020 3347 3086 exhibuerat,
3373 3030 3427 3075 et
3452 3025 3592 3091 apud
3634 3024 3736 3079 Ge-

2147 3123 2390 3175 rareuos,
2418 3119 2470 3163 et
2496 3124 2614 3163 cum
2646 3125 2735 3164 rex
2758 3125 2880 3164 eum
2907 3111 3222 3179 expelleret,
3246 3121 3301 3167 et
3325 3128 3457 3174 cum.
3493 3124 3735 3182 pastores

2147 3210 2336 3270 puteos
2358 3202 2628 3256 auferrent
2657 3219 2670 3255 :
2703 3202 2960 3272 benignus
2996 3205 3250 3258 Dominus
3271 3205 3736 3261 veluticontirma-

2148 3299 2297 3346 turus
2323 3291 2438 3360 ejus
2466 3292 2794 3348 alacritatem
2819 3335 2833 3358 ,
2863 3293 2971 3362 jam
3003 3294 3073 3348 ob
3113 3295 3374 3364 in~ignem
3402 3296 3545 3350 illam
3581 3314 3729 3350 man—

2145 3383 2480 3436 s'tetudiuem
2529 3399 2647 3435 eum
2693 3393 2966 3452 acceptum
3009 3383 3256 3438 habens:
3303 3395 3582 3455 postquam
3641 3389 3732 3443 ‘23.

2109 3507 2112 3511 -
2149 3472 2383 3526 Ascendit
2429 3474 2570 3526 illinc
2613 3473 2680 3526 ad
2731 3485 2936 3545 pateant
2971 3477 3250 3544 juramenti
3274 3518 3285 3539 ,
3317 3475 3408 3531 24.
3439 3479 3574 3531 risus
3597 3490 3668 3532 est
3692 3483 3736 3533 ei

2145 3563 2392 3616 Dominus
2417 3565 2468 3616 in
2495 3575 2636 3618 nocte
2661 3565 2769 3629 illa,
2795 3577 2840 3618 et
2858 3567 2984 3619 dixit
3010 3583 3028 3620 :
3056 3565 3165 3638 Ego
3183 3583 3294 3620 sum
3319 3567 3454 3622 Deus
3479 3569 3736 3623 Abraham

2144 3668 2246 3728 pati
2261 3659 2302 3710 is
2330 3658 2422 3723 tui,
2455 3674 2516 3710 ne
2540 3658 2713 3710 timeas
2747 3673 2765 3711 :
2790 3669 2948 3711 tecum
2971 3661 3102 3712 enim
3124 3676 3255 3722 srun,
3281 3671 3325 3713 et
3345 3660 3636 3713 benedicam
3663 3671 3730 3726 te,

2144 3759 2188 3802 et
2219 3748 2562 3818 multiplicabo
2585 3765 2752 3802 semen
2806 3760 2946 3802 tamn
3002 3760 3204 3819 propter
3233 3751 3487 3802 Abraham
3539 3761 3733 3819 patrem

2144 3849 2304 3893 tuum.
2349 3838 2496 3894 Visus
2549 3848 2618 3894 est
2661 3840 2726 3903 ei,
2766 3840 2955 3910 inquit,
2987 3840 3038 3892 in
3080 3850 3224 3893 nocte
3271 3839 3382 3894 illa.
3438 3841 3731 3896 Considera

2146 3929 2237 3983 Dei
2263 3929 2708 3985 sollicitudinem:
2743 3940 2800 3984 nt
2831 3932 2978 3984 illum
3009 3931 3271 3985 refoeillet
3302 3947 3366 3985 ac
3397 3931 3732 3987 tidentioretn

2144 4021 2348 4085 reddat,
2379 4030 2601 4091 apparet
2626 4021 2694 4085 ei,
2725 4033 2778 4077 et
2802 4021 2965 4076 dicit:
3001 4021 3110 4092 Ego
3153 4040 3264 4076 sum
3307 4022 3444 4076 Deus
3469 4023 3729 4076 Abraham

2141 4113 2301 4182 patris
2330 4113 2426 4175 tui,
2461 4122 2663 4182 patrem
2694 4122 2838 4166 tuum
2879 4112 3169 4182 glorificavi
3198 4124 3250 4166 et
3287 4113 3424 4166 adeo
3466 4113 3732 4168 Celebrent

2143 4203 2384 4269 reddidi,
2443 4218 2506 4257 ac
2561 4206 2894 4273 peregrinum
2952 4204 3318 4272 advenamque
3390 4204 3732 4259 illustriorem

2140 4295 2386 4348 omnibus
2414 4295 2602 4349 incolis
2626 4294 2748 4350 feci.
2790 4297 2897 4366 Ego
2916 4311 3034 4350 sum
3067 4295 3156 4350 ille
3182 4337 3195 4360 ,
3223 4296 3310 4364 qui
3341 4294 3491 4349 hunc
3512 4296 3582 4349 ita
3611 4311 3731 4349 cre-

2139 4405 2290 4445 scere
2312 4391 2510 4455 eiu-avi,
2535 4401 2588 4444 et
2611 4391 2662 4444 in
2701 4392 2948 4444 omnibus
3002 4405 3185 4444 curam
3237 4389 3354 4456 ejus
3414 4389 3578 4458 gessi.
3623 4390 3734 4459 Ego

2141 4499 2297 4539 sum:
2329 4483 2408 4534 Ne
2439 4483 2594 4552 igitur
2616 4485 2810 4538 timeas.
2841 4482 2976 4549 Quid
2997 4482 3095 4536 sibi
3119 4481 3393 4546 vultillud,
3419 4481 3501 4535 Ne
3521 4481 3737 4538 timeas!

2139 4573 2215 4628 Ne
2239 4575 2330 4628 tibi
2373 4577 2565 4629 mirum
2594 4576 2838 4630 videatur
2857 4575 2995 4645 quod
3047 4577 3115 4629 ab
3167 4575 3479 4630 Abimelecb
3525 4576 3599 4629 sis
3640 4593 3736 4630 cx-

2139 4666 2341 4735 pulsns,
2373 4667 2511 4736 quod
2540 4682 2569 4720 a
2599 4667 2902 4735 pastoribus
2932 4666 3006 4720 sis
3062 4665 3253 4735 injuria
3298 4665 3542 4721 affectus.
3570 4665 3731 4720 Multa

2141 4759 2262 4813 ralia
2293 4769 2346 4813 et
2371 4767 2521 4829 pater
2547 4767 2674 4814 tuus
2695 4759 2932 4829 pertulit,
2957 4766 3013 4814 et
3049 4759 3171 4814 inde
3197 4758 3478 4830 gloriosior
3513 4757 3732 4813 effectus

2138 4860 2240 4903 est.
2297 4849 2376 4904 Ne
2429 4850 2592 4916 igitur
2613 4850 2716 4906 hoc
2753 4860 2805 4906 te
2844 4858 3081 4905 terreat:
3117 4849 3225 4920 Ego
3250 4851 3381 4903 enim
3407 4863 3568 4904 tecum
3597 4867 3730 4904 suus.

2139 4940 2339 4996 Idcirco
2362 4942 2477 4996 haec
2507 4943 2616 4996 fieri
2646 4943 2914 5012 permitto,
2948 4943 3104 4996 simul
3147 4943 3332 4995 volens
3359 4951 3415 4996 et
3446 4942 3730 4997 declarare

2139 5043 2282 5088 tuam
2309 5035 2558 5086 virtutem
2583 5072 2598 5098 ,
2629 5043 2683 5086 et
2709 5033 3038 5088 manifestari
3085 5034 3280 5087 mentis
3307 5033 3524 5088 illorum
3555 5033 3732 5102 pravi-

2139 5133 2320 5190 tatem,
2347 5132 2400 5176 ut
2425 5123 2615 5177 horum
2643 5123 2884 5178 omnium
2922 5137 3081 5178 causa
3129 5131 3180 5178 te
3219 5137 3507 5187 coronem;
3539 5122 3728 5176 Tecum

2137 5217 2266 5269 euint
2296 5232 2426 5268 sum.
2463 5214 2586 5270 Ideo
2635 5225 2689 5268 et
2739 5216 2966 5269 invictus
2994 5215 3121 5279 eris,
3149 5224 3306 5283 atque
3359 5213 3730 5267 infestanttltus

2139 5309 2424 5379 potentior,
2458 5317 2512 5361 et
2543 5307 2918 5362 invadentibus
2949 5305 3157 5361 fortior.
3189 5305 3256 5360 Et
3298 5315 3498 5359 tantam
3526 5305 3601 5359 tui
3631 5320 3727 5359 cu-

2138 5417 2251 5455 ram
2306 5400 2530 5466 habebo,
2568 5409 2626 5454 nt
2673 5399 2962 5454 invidiosus
3009 5399 3111 5452 illis
3157 5399 3230 5452 sis
3284 5397 3496 5452 futurus
3555 5415 3566 5449 :
3621 5397 3728 5466 Ego

2139 5496 2270 5548 enim
2301 5502 2462 5548 terum
2502 5511 2615 5548 sunt
2641 5535 2656 5560 ,
2689 5503 2735 5548 et
2775 5494 3065 5546 benedicens
3094 5503 3140 5545 te
3164 5534 3178 5556 ,
3203 5503 3248 5545 et
3276 5489 3624 5561 multiplicabo
3648 5507 3727 5542 se-

2139 5601 2250 5637 men
2304 5593 2443 5638 tuum
2473 5595 2676 5655 propter
2705 5584 2958 5637 Abraham
2985 5594 3177 5653 patrem
3208 5593 3368 5634 tuum.

2209 5675 2346 5730 Deus
2367 5693 2456 5730 cur
2477 5693 2529 5730 se
2554 5677 2687 5730 dicat
2709 5675 2873 5730 Deum
2904 5673 3195 5727 Abrahami.
3225 5701 3292 5712 ——
3319 5671 3610 5725 Considera
3641 5669 3726 5723 beo

2140 5771 2446 5842 nignitatem
2497 5771 2607 5826 Dei.
2642 5768 2772 5824 Nam
2821 5778 3095 5839 postquam
3123 5765 3282 5830 dixit,
3318 5763 3421 5833 Ego
3453 5779 3562 5816 sum
3597 5761 3724 5816 Deus
