3974 6418
161 283 263 338 459

165 416 274 459 cev
304 400 376 453 ἐν*
410 397 486 467 τῇ
521 399 782 470 φάραγγι
817 398 1114 467 Γεράρων.
1153 399 1264 451 Kal
1308 401 1444 469 ὅπερ
1479 400 1506 452 ὁ
1535 397 1768 470 Χριστὸς

169 484 624 554 παραγενόμενος
641 486 753 547 τοῖς
777 481 1044 552 μαθηταῖς
1068 482 1370 535 ἐνετέλλετο
1392 483 1773 552 λέγων,”οταν

173 569 475 621 διώκωσιν
503 565 664 634 ὑμᾶς
683 607 698 630 ,
724 566 974 634 φεύγετε
1002 563 1235 633 ἑτέρωθι
1256 606 1271 629 ,
1303 565 1464 619 τοῦτο
1501 570 1594 620 καὶ
1620 560 1772 630 οὗτος

167 653 278 722 ἠδη
305 650 394 703 διὰ
419 649 528 702 τῶν
559 649 738 720 ἔργων
774 649 1033 720 ἐπλήρου.
1065 647 1174 700 Καὶ
1204 648 1456 720 καθάπερ
1491 649 1654 703 Δαυῒδ
1680 650 1771 704 τοῦ

177 732 352 786 Σαοὺλ
390 733 478 784 τὸν
509 731 679 784 πολὺν
720 730 913 800 φθόνον
944 729 1324 783 κατα-στέλλων
1351 770 1365 792 ,
1395 731 1484 784 διὰ
1512 732 1610 802 τῆς
1643 733 1775 785 ἀνα-

178 817 478 887 χωρήσεως
505 815 699 867 ἐαυτὸν
727 814 1035 882 ὐπεξάγων,
1057 814 1262 866 ἐκείνου
1292 814 1390 884 τὴν
1422 815 1620 886 πολλὴν
1645 834 1777 887 παρ-

179 894 441 964 εμυθεῖτο
476 894 786 963 φλεγμονήν
811 908 824 921 °
855 893 946 944 τὸν
982 891 1146 944 αὐτὸν
1197 892 1261 961 δὴ
1298 895 1496 962 τρόπον
1526 895 1620 946 καὶ
1644 896 1672 947 6
1697 894 1777 946 δί-

182 995 337 1038 καιος
354 972 511 1040 οὗτος
529 977 769 1047 ἐπλήρου
791 975 852 1029 τὸ
868 975 1222 1028 ἀποστολικδν
1236 978 1411 1028 ἐκεῖνο
1423 975 1624 1046 λόγιον,
1639 977 1778 1030 Δότε

184 1062 376 1113 τύπον
421 1057 495 1127 τῇ
530 1058 678 1128 ὀργῇ
706 1075 719 1088 ⁶
753 1058 844 1112 καὶ
879 1058 1193 1112 καταλιπὼν
1232 1058 1328 1128 τὴν
1375 1059 1530 1112 πόλιν
1563 1058 1776 1129 ἐξῆλθε,

188 1137 340 1210 [508]
368 1139 537 1207 φησὶν
558 1179 572 1202 ,
606 1140 665 1190 ἐν
693 1140 762 1208 τῇ
793 1137 1060 1208 φάραγγι.
1106 1137 1244 1188 Ἀλλ’
1275 1139 1375 1208 ὅρα
1414 1138 1578 1191 αὐτὸν
1623 1139 1783 1191 κάκεῖ

190 1222 332 1291 μετά
357 1221 563 1290 πολλῆς
583 1221 682 1290 τῆς
708 1221 1008 1284 ἐπιεικείας
1034 1219 1133 1290 τὴν
1162 1218 1410 1272 ἔνστασιν
1435 1219 1778 1290 ἐνδεικνύμε-

187 1322 298 1357 νον.
332 1304 470 1356 οὐδέ
498 1303 605 1374 γὰρ
633 1302 795 1374 μέχρι
819 1303 1009 1356 τούτου
1035 1302 1163 1371 ἔστη
1182 1301 1250 1354 τά
1271 1302 1438 1366 δεινὰ,
1465 1301 1598 1356 ἀλλά
1624 1304 1784 1356 κάκεῖ

189 1387 472 1458 γενομένῳ
504 1387 598 1439 καὶ
647 1386 716 1439 τά
749 1387 960 1458 φρέατα
993 1385 1249 1456 ἀνορύξαι
1278 1385 1586 1456 βουλομένῳ
1617 1386 1784 1456 μάχε-

195 1471 320 1523 σθαι
345 1469 687 1540 ἐπεχείρουν.
713 1468 927 1536 Ὤρυξε
952 1469 1081 1539 γὰρ,
1107 1469 1260 1538 φησὶ,
1280 1469 1352 1521 τὰ
1372 1470 1617 1537 φρέατα,
1637 1468 1786 1534 ἅπερ

192 1555 360 1626 ἦσαν
375 1562 429 1610 οἱ
449 1556 660 1622 παῖδες
678 1557 782 1610 τοῦ
801 1556 1026 1623 πατρὸς
1054 1557 1240 1610 αὐτοῦ
1261 1557 1676 1625 πεποιηκότες,
1689 1556 1784 1608 καὶ

193 1642 703 1712 ἐνέφραξαναὺτὰ
715 1646 767 1695 οί
786 1644 1158 1711 Φυλιστιεᾲι,
1175 1642 1270 1695 καὶ
1283 1642 1577 1709 ἐπέθηκεν
1589 1641 1790 1707 αὐτοῖς

198 1732 270 1784 τὰ
287 1732 572 1798 ὀνόματα,
600 1730 750 1798 ᾶπερ
769 1726 843 1799 ἦν
867 1732 900 1782 ὁ
925 1729 1122 1798 πατὴρ
1141 1730 1384 1795 ἐπιθείς.
1408 1731 1512 1783 Καὶ
1531 1729 1787 1798 ὤρυξαν,

201 1820 460 1887 φησὶνρί
503 1817 716 1882 παῖδες
759 1818 976 1879 Ἰσαὰκ,
1021 1814 1322 1886 καίεὖρον
1357 1817 1542 1886 φρέαρ
1576 1817 1792 1881 ὕδατος

202 1902 460 1966 ζῶντος,
527 1903 648 1954 ἀντὶ
717 1900 856 1964 τοῦ,
919 1901 1164 1955 κάτωθεν
1217 1901 1626 1964 ἀναϐλύζοντος.
1686 1901 1794 1955 Καὶ

196 1981 582 2050 ἐμαχέσαντο
637 1981 691 2033 οί
751 1979 1028 2048 ποιμένες
1087 1979 1367 2048 Γεράρων
1393 2022 1406 2046 ,
1455 1979 1794 2048 φάσκοντες

203 2059 404 2112 αὐτῶν
427 2054 577 2112 εἶναι
600 2057 666 2110 τὸ
697 2057 871 2125 ὕδωρ.

296 2141 406 2194 Καὶ
460 2141 581 2194 οὐδὲ
642 2139 876 2194 ἐνταῦθα
931 2139 1226 2209 φιλονεικεῖ
1285 2141 1313 2192 6
1377 2141 1618 2206 δίκαιος,
1678 2140 1797 2193 οὐδέ

206 2225 528 2287 ἀντιτείνει,
611 2223 742 2276 ἀλλά
803 2223 900 2276 καὶ
971 2225 1082 2286 τοῖς
1171 2223 1391 2294 ποιμέσι
1457 2227 1794 2296 παραχωρεῖ.

207 2310 380 2362 Τοῦτο
410 2307 520 2377 γὰρ
588 2305 803 2376 ἀληθῶς
843 2305 1144 2372 ἐπιείκεια,
1201 2306 1294 2376 οὐχ
1337 2308 1464 2359 ὅταν
1514 2325 1597 2370 τις
1652 2307 1800 2378 παρά

207 2393 315 2444 τῷν
353 2393 411 2444 ἐν
463 2389 754 2460 δυναστείᾳ
808 2388 1164 2458 ἀδικούμενος
1227 2389 1366 2459 φέρῃ
1441 2390 1647 2460 πράως,
1684 2389 1801 2442 ἀλλ’

209 2475 337 2528 ὅταν
367 2474 464 2526 καὶ
497 2473 600 2526 ὐπὸ
638 2473 748 2525 τῶν
795 2472 1164 2542 νομιζομένων
1210 2471 1614 2541 ὑποδεεστέρων
1661 2469 1802 2526 εἶναι

209 2557 651 2628 ἐπηρεαζόμενος
677 2557 982 2626 παραχωρῇ
1007 2571 1018 2582 ·
1039 2553 1272 2606 ἐνταῦθα
1299 2553 1526 2623 μὲνγὰρ
1548 2558 1612 2624 τῇ
1640 2558 1803 2608 ἐπιει-

210 2644 334 2711 κείᾳ.
388 2640 454 2694 ἄν
495 2657 580 2703 τις
617 2639 678 2692 τὸ
714 2641 820 2692 πᾶν
853 2638 1131 2706 λογίσαιτο
1179 2637 1274 2690 τοῦ
1323 2639 1800 2709 ἐπηρεαζομένουο

210 2726 327 2777 ἐκεῖ
353 2724 412 2777 δέ
448 2725 579 2787 ἴσως
613 2741 695 2786 τις
728 2723 872 2776 είποι
893 2763 908 2785 ,
953 2723 1042 2776 διὰ
1074 2721 1133 2774 τὸ
1167 2722 1241 2793 μὴ
1279 2721 1536 2776 δύνασθαι
1567 2723 1802 2777 ἀντιτεί-

212 2826 323 2861 νειν
368 2811 436 2878 τῇ
469 2807 759 2878 δυναστείᾳ
803 2806 896 2859 τοῦ
946 2806 1300 2877 ἠδικηκότος,
1353 2806 1451 2876 τὴν
1502 2808 1805 2860 ἐπιείκειαν

214 2890 642 2944 ἐπιδείκνυσθαι.
689 2889 826 2941 Ἀλλ’
860 2889 947 2941 ἴνα
984 2889 1160 2962 μάθῃς
1206 2889 1288 2941 ὅτι
1324 2890 1417 2941 καὶ
1452 2891 1543 2942 ἐπὶ
1575 2890 1669 2943 τοῦ
1713 2891 1807 2960 βα-

215 2975 434 3036 σιλέως.
456 2973 517 3026 οὐ
543 2972 630 3024 διὰ
657 2971 753 3042 τὴν
778 2971 985 3024 ἐκείνου
1014 2970 1353 3034 δυναστείαν,
1379 2971 1689 3039 ἐπεδείξατο
1710 2972 1808 3042 τὴν

213 3059 553 3120 ἑταείκειαν,
599 3056 731 3108 ἀλλά
768 3053 857 3107 διὰ
889 3055 979 3107 τὸν
1017 3054 1216 3106 οἰκεῖον
1248 3055 1447 3124 τρόπον
1469 3095 1481 3117 ,
1515 3056 1615 3124 δρα
1647 3055 1809 3108 αὐτὸν

215 3143 306 3194 καὶ
331 3140 426 3191 ἐπὶ
455 3139 563 3191 τῶν
587 3137 858 3209 ποιμένων
885 3137 944 3190 τὸ
967 3136 1098 3190 αὐτὸ
1131 3136 1401 3188 ποιοῦντα.
1423 3138 1528 3190 Kal
1555 3137 1808 3210 καθάπερ

213 3225 424 3286 ἐκεῖνος
455 3222 916 3291 Ξλεγεν,“Ἀπε.λθε
938 3217 1037 3288 ἀφ’
1068 3216 1251 3287 ἡμῶν,
1272 3219 1363 3270 καὶ
1392 3217 1612 3282 εὐθέως,
1637 3219 1808 3272 καθά-

216 3324 319 3377 περ
384 3307 669 3374 ἐπίταγμα
709 3303 1029 3373 δεχόμενος,
1082 3301 1462 3370 ὐπανεχώρειο
1514 3301 1658 3355 οὕτω
1716 3303 1809 3356 καὶ

215 3391 332 3451 νῦν,
356 3388 470 3441 τῶν
503 3387 774 3458 ποιμένων
800 3385 1125 3454 ἐπηρεάζειν
1153 3383 1591 3455 ἐπιχειρούντων,
1627 3386 1720 3438 καὶ
1750 3385 1811 3438 τὸ

216 3473 397 3544 φρέαρ
428 3469 849 3539 οἰκειουμένων,
891 3468 1226 3536 παραχωρεῖ.
1262 3468 1370 3519 Καὶ
1421 3467 1508 3520 ἵνα
1557 3467 1810 3539 διηνεκὴς

217 3553 249 3628 ᾖ
286 3557 406 3616 τοῖς
441 3553 582 3624 μετά
607 3551 778 3604 ταῦτα
806 3551 838 3620 ή
868 3549 1068 3616 γνῶσις
1095 3549 1192 3617 τῆς
1217 3547 1454 3613 ἀδικίας,
1488 3548 1657 3620 ὄνομα
1692 3552 1811 3603 ἐπι·
1885 3563 1887 3566 ·

216 3639 404 3707 τίθησι
430 3635 509 3706 τῷ
540 3635 732 3706 φρέατι
757 3635 821 3685 ἐκ
852 3633 946 3684 τοῦ
980 3631 1404 3702 συμϐεϐηκότος.
1451 3633 1665 3704 Ἐπειδὴ
1705 3633 1813 3703 γὰρ

220 3721 466 3790 φανερὰν
508 3716 852 3782 ἐπεδείξαντο
880 3716 978 3783 τὴν
1009 3713 1222 3767 ἀδικίαν
1243 3753 1256 3776 ,
1291 3713 1574 3768 Ἐκάλεσε
1595 3753 1611 3781 ,
1655 3718 1810 3786 φησὶ,

219 3807 284 3856 τὸ
315 3803 509 3870 ὄνομα
528 3800 633 3854 τοῦ
668 3799 944 3868 φρέατος,
981 3799 1174 3851 Τόπου
1204 3797 1424 3851 ἀδικία.
1458 3797 1561 3852 Καὶ
1593 3795 1660 3868 ἦν
1700 3797 1810 3851 λοι-

222 3889 324 3941 πὸν
356 3886 609 3954 καθάπερ
643 3885 700 3936 ἐν
726 3882 896 3952 στήλῃ
926 3880 1100 3950 χαλκῇ
1135 3881 1194 3932 τδ
1220 3880 1390 3950 ὄνομα
1420 3880 1512 3932 τοῦ
1542 3883 1708 3936 τόπου
1736 3884 1811 3934 δι-

219 3966 496 4022 δασκαλία
527 3967 638 4027 τοῖς
685 3961 812 4029 ἑξῆς
856 3961 950 4013 καὶ
979 3959 1079 4029 τῆς
1107 3957 1200 4012 τοῦ
1251 3960 1460 4012 δικαίου
1490 3963 1811 4025 ἐπιεικείας,

222 4053 314 4106 καὶ
341 4050 444 4119 τῆς
470 4046 695 4100 ἐκείνων
718 4042 1130 4113 ἀγνωμοσύνης.
1169 4041 1240 4094 Τὸ
1268 4041 1376 4113 γάρ
1405 4043 1575 4114 ὄνομα
1595 4043 1688 4096 τοῦ
1723 4045 1812 4098 16-

224 4154 328 4190 που
358 4135 593 4186 ’ἑκαστον
643 4127 1021 4199 παρεσκεύαζε
1061 4126 1158 4197 τὴν
1188 4127 1367 4180 αἰτίαν
1399 4128 1500 4198 τῆς
1538 4146 1813 4200 προσηγο-

227 4221 349 4289 pia;
387 4215 726 4280 μανθάνοντα
749 4209 1040 4280 γινώσκειν
1064 4209 1158 4262 τοῦ
1198 4211 1294 4280 μέν
1329 4212 1426 4280 τὴν
1459 4211 1682 4281 ἀρετὴν,
1707 4211 1814 4264 τῶν

223 4304 276 4354 6‘:
307 4314 334 4340 ι
372 4301 474 4368 τῆς
511 4295 709 4357 κακίας
735 4293 832 4364 τὴν
862 4291 1188 4361 ὑπερϐολήν.
1223 4293 1330 4344 Kal
1363 4292 1554 4345 σκόπει
1578 4293 1695 4356 πῶς
1722 4295 1815 4346 καὶ

223 4382 380 4444 οὗτος
422 4379 681 4434 ἐπιτείνει
706 4377 800 4446 τὴν
830 4375 1037 4428 οἰκείαν
1065 4374 1264 4444 ἀρετὴν
1288 4414 1300 4434 ,
1337 4375 1422 4427 διὰ
1449 4377 1667 4428 πάντων
1699 4378 1818 4429 ἐπι-

222 4467 443 4526 δεικνὺς
468 4460 662 4516 ἐαυτοῦ
689 4461 784 4528 τὴν
813 4456 1132 4518 ἐπιείκειαν,
1168 4457 1407 4509 κάκεῖνοι
1445 4460 1510 4527 τῇ
1543 4457 1813 4529 ὑπερϐολῇ

227 4551 327 4620 τῆς
366 4545 566 4608 κακίας
617 4541 870 4612 λαμπρὸν
897 4540 991 4592 καὶ
1029 4539 1251 4602 ἄκοντες
1289 4539 1580 4610 πειρῶνται
1614 4541 1703 4592 τὸν
1740 4540 1819 4593 δίο

227 4651 383 4688 καιον
412 4629 750 4698 ἀποφαίνειν.
789 4624 921 4676 Οὐδέ
943 4623 1051 4692 γὰρ
1078 4621 1436 4692 ἀρκεσθέντες
1461 4665 1475 4686 ,
1507 4624 1668 4677 πάλιν
1703 4624 1814 4677 ἓτε-

228 4731 320 4784 ρον
349 4708 608 4780 ὀρύξαντι
639 4704 812 4775 φρέαρ
838 4700 1191 4784 ἐπιτίθενται,
1212 4699 1461 4784 Ἀπάρᾳς
1479 4703 1812 4784 γάρηφησίν,

225 4778 497 4849 ἐκεῖθεν,
531 4784 723 4852 ὤρυξε
763 4780 946 4851 φρέαρ
997 4779 1237 4847 ἕτερον·
1270 4778 1576 4845 ἐκρίνοντο
1605 4778 1673 4832 δὲ
1720 4780 1817 4833 καὶ

227 4875 361 4944 περὶ
393 4870 653 4930 ἐκείνου,
678 4865 775 4919 καὶ
795 4863 1186 4944 ἐπωνόμασεν
1215 4861 1381 4944 αὐτὸ,
1417 4861 1666 4944 Ἑχρρία.
1688 4862 1818 4944 Σκό-

228 4941 320 5008 πει
345 4952 515 5006 πάλιν
541 4947 636 5001 τοῦ
667 4944 872 5000 δικαίου
903 4943 1000 5012 τὴν
1030 4941 1262 4994 σύνεσιν.
1314 4941 1576 4994 Ἐνταῦθα
1607 4943 1666 4994 οὐ
1692 4943 1820 4997 πάν-

226 5053 295 5104 τη
319 5078 329 5092 ,
364 5032 444 5094 ὡς
479 5029 623 5082 ἐοικε
649 5069 660 5086 ,
690 5026 749 5079 τὸ
779 5023 955 5095 φρέαρ
991 5022 1300 5090 ἀφείλοντο,
1332 5021 1466 5074 ἀλλά
1489 5022 1820 5092 διαμαχεσά-

231 5103 386 5188 Pam
411 5158 424 5178 ν
463 5114 557 5167 καὶ
589 5111 724 5182 πρὸς
758 5108 818 5161 τὸ
863 5104 1136 5177 προφανὲς
1177 5103 1278 5171 τῆς
1325 5103 1537 5167 ἀδικίας
1586 5106 1820 5174 ὁρῶντες

227 5185 576 5268 ἀπέστησαν.
609 5193 709 5246 Διά
729 5191 886 5244 τοῦτο
916 5187 1168 5258 Ἐχθρίαν
1194 5185 1323 5237 αὐτὸ
1353 5187 1818 5256 προσηγόρευσεν,

228 5265 654 5348 ἐπειδηὲχθρας
690 5271 942 5331 ὑπόθεσις
975 5267 1231 5336 κατέστη.
1267 5265 1376 5317 Καὶ
1416 5266 1536 5319 καθ’
1554 5268 1818 5348 ἐκάστην,

227 5363 303 5426 ὡς
331 5347 532 5418 εἰπεῖν,
553 5355 657 5408 ὐπὸ
687 5353 795 5406 τών
820 5349 1100 5422 ἐγχωρίων
1132 5348 1354 5402 τοιαῦτα
1386 5347 1690 5416 ὑπομένων,
1723 5349 1822 5400 οὐκ

231 5441 615 5510 ἐδυσχέρανεν,
635 5435 754 5487 οὐδέ
795 5429 1129 5502 μικρόψυχόν
1155 5445 1205 5480 τι
1234 5428 1561 5492 ἐπεδείξατο,
1593 5427 1714 5480 οὐδέ
1739 5429 1823 5479 ἐν-

231 5506 582 5586 ενόησεπρὸς
604 5513 816 5573 ἐαυτὸν,
832 5511 950 5563 οὐδέ
965 5507 1135 5586 είπεν,
1151 5506 1380 5560 ὅτιούδέ
1395 5506 1556 5576 μέχρι
1572 5507 1823 5576 φρεάτων

229 5585 532 5650 ἀπολαύειν
577 5593 693 5664 εἰμὶ
731 5592 953 5662 κύριος’
979 5585 1087 5658 ἆρα
1133 5587 1206 5657 μὴ
1247 5585 1450 5656 ἔρημος
1479 5585 1675 5652 γέγονα
1725 5587 1825 5655 τῆς

218 5679 444 5748 ,ἄνωθεν
477 5678 684 5747 ροπήςς
722 5671 828 5745 ἆρα
867 5673 939 5742 μὴ
973 5675 1072 5742 τῆς
1104 5670 1356 5740 προνοίας
1391 5669 1690 5748 ἐστέρημαι
1725 5671 1825 5738 τῆς

239 5775 315 5809 πα
322 5756 394 5828 ρά
423 5755 516 5809 τοῦ
539 5755 808 5807 Δεσπότου
831 5771 843 5815 ;
863 5752 1025 5804 Οὐδέν
1054 5751 1254 5802 τοὺτων
1280 5748 1380 5800 οὐκ
1407 5747 1707 5817 ἐνενόησεν,
1727 5749 1826 5798 οὐκ

238 5825 546 5904 ἐλογίσατο,
563 5833 699 5886 ἀλλά
723 5835 834 5902 μετ’
857 5830 1157 5893 ἐπιεικείας
1173 5828 1389 5896 ἀπάσης
1405 5825 1618 5880 ἅπαντα
1641 5825 1822 5904 ἐφερε.

242 5901 526 5986 Διάίὸθθ]
564 5901 732 5965 τοῦτο
769 5911 861 5962 καὶ
911 5908 1151 5969 πλείονος
1196 5905 1444 5974 ἀπήλαυε
1474 5902 1572 5970 τῆς
1622 5901 1826 5955 ἄνωθεν

305 6002 331 6029 ⁴³
367 5985 610 6047 Ειίἱιτοῦ
638 5995 703 6042 δέ.
733 5991 829 6041 Sed
854 5993 947 6038 τῶν
981 5991 1030 6037 δέ
1057 5989 1199 6037 habet
1225 5989 1370 6038 Coisl.
1403 5990 1453 6034 el
1481 5986 1688 6040 coniecit
1715 5985 1827 6034 Sill’.

1109 278 1176 334 IN
1217 279 1368 336 CAP.
1415 278 1578 334 XXVI
1643 277 1888 335 GENES.
1938 279 2170 335 HOMIL.
2215 276 2322 336 LII.

3352 285 3457 340 460

1879 401 2213 471 συμμαχίας.
2239 399 2423 454 Ταῦτα
2456 398 2564 472 γὰρ
2584 441 2598 464 ,
2627 398 2702 464 ὤς
2735 398 2908 452 εἰπεῖν
2927 438 2941 462 ,
2982 398 3050 452 τά
3094 398 3456 470 συμϐαίνοντα

1878 483 2156 554 γυμνασία
2185 501 2267 547 τις
2301 478 2367 553 ἦν
2409 484 2506 553 τῆς
2551 481 2646 535 τοῦ
2693 481 2900 535 δικαίου
2936 481 3155 552 ἀρετῆς.
3197 483 3458 550 Ἀπὰρας

1877 565 1986 638 γὰρ
2007 607 2022 630 ,
2060 566 2244 638 φησὶν,
2276 565 2525 627 ἐκεῖθεν,
2558 565 2750 633 ὤρυξε
2776 563 2962 632 φρέαρ
2980 563 3204 633 ἕτερον,
3224 567 3320 618 καί
3346 567 3458 620 οὐκ

1877 651 2254 720 ἐμαχέσαντο
2280 650 2413 718 περί
2437 649 2624 704 αὐτοῦ
2642 666 2655 679 ·
2679 648 2776 702 καί
2802 649 3155 717 ἐπωνόμασε
3186 649 3252 702 τὸ
3274 649 3460 718 ὄνομα

1879 733 2096 797 αὑτοῦ,
2137 733 2518 801 Εὐρυχωρία,
2548 731 2762 801 λέγων,
2810 731 2966 784 Διότι
3005 729 3124 784 νῦν
3161 729 3461 785 ἐπλάτυνο

1882 817 2094 883 Κύριος
2129 815 2306 883 ἡμῖν,
2342 814 2441 868 καί
2468 815 2742 882 ηὔξησεν
2771 814 2930 883 ἡμᾶς
2960 813 3059 867 ἐπί
3083 812 3192 880 τῆς
3218 813 3352 882 γῆς.

1950 907 2020 967 γ’.
2042 900 2187 970 Ὅρα
2215 897 2636 968 εὐγνωμοσύνην
2654 899 2748 951 τοῦ
2771 899 3003 952 δικαίου.
3050 897 3243 950 Ἦνίκα
3270 897 3366 967 μὲν
3393 896 3463 949 τά

1884 984 2124 1053 πρότερα
2151 983 2361 1052 φρέατα
2382 985 2578 1035 ἐκεῖνοι
2601 980 3060 1052 παρασπάσασθαι
3081 980 3462 1051 ἐπεχείρησαν,

1884 1067 1983 1118 οὐκ
2012 1064 2386 1137 ἐδυσχέρανεν,
2408 1065 2505 1117 οὐκ
2527 1065 2851 1125 ἀντέτεινεν,
2875 1062 3011 1116 ἀλλά
3036 1063 3192 1131 μόνον
3211 1065 3277 1132 τῇ
3296 1078 3466 1132 προσ-

1885 1147 2084 1219 ηγορίᾳ
2111 1147 2220 1200 τῶν
2266 1148 2517 1218 φρεάτων
2562 1147 2944 1213 ἀνεξάλειπτον
2985 1145 3084 1216 τὴν
3122 1147 3338 1215 μνήμην
3369 1145 3466 1213 τῆς

1888 1231 2111 1283 ἐκείνων
2139 1231 2335 1292 κακίας
2361 1229 2687 1283 ἐναπετίθει.
2719 1229 2982 1282 Ἐνταῦθα
3006 1229 3063 1280 δέ
3085 1226 3468 1295 πάλιν,ἐπειδὴ

1888 1312 2062 1376 οὐδεὶς
2079 1312 2327 1383 ἐμποδὼν
2352 1312 2594 1380 γέγονεν,
2619 1311 2756 1364 ἀλλά
2779 1310 2915 1382 μετά
2945 1310 3127 1372 ἀδείας
3155 1309 3334 1377 πάσης
3362 1307 3468 1360 τῶν

1891 1395 2104 1448 οἰκείων
2140 1395 2315 1448 πόνων
2339 1395 2604 1464 ἀπήλαυε,
2642 1395 2704 1448 τὸ
2746 1396 2855 1448 πᾶν
2894 1393 3181 1463 ἀνατίθησι
3227 1391 3304 1463 τῷ
3329 1390 3467 1460 Θεῷ.

1905 1479 2194 1532 Ἐκάλεσε
2225 1477 2332 1550 γὰρ
2361 1478 2507 1532 αὐτὸ
2527 1519 2541 1543 ,
2576 1479 2980 1547 Εὺρυχωρίαν.
3019 1471 3152 1529 Εἶτα
3182 1473 3471 1546 ἐρμηνεύει

1893 1562 2064 1631 αὐτὴν
2095 1560 2193 1630 τὴν
2221 1562 2620 1634 προσηγορίαν·
2655 1560 2743 1613 διὰ
2768 1559 2926 1613 τοῦτο
2947 1599 2962 1621 ,
2999 1559 3160 1630 φησιν
3181 1599 3195 1622 ,
3222 1557 3476 1628 Εὐρυχω-

1899 1643 2038 1714 ρίαν,
2070 1643 2227 1696 τοῦτο
2247 1643 2417 1704 καλῶ,
2457 1644 2579 1697 Ὅτι
2609 1643 2911 1697 ἐπλάτυνε
2940 1643 3153 1709 Κύριος
3181 1639 3345 1709 ἡμῖν,
3377 1639 3472 1691 καὶ

1893 1727 2168 1793 ηὔξησεν
2186 1724 2342 1794 ἡμᾶς
2369 1725 2467 1777 ἐπὶ
2491 1724 2601 1794 τῆς
2627 1724 2759 1795 γῆς.
2778 1721 2932 1788 Εἶδες
2954 1723 3180 1794 γνώμην
3209 1721 3475 1791 φιλόθεον,

1899 1808 2014 1871 πῶς
2041 1808 2148 1860 τῶν
2175 1810 2232 1860 ἐν
2271 1807 2422 1879 μέσῳ
2453 1807 2729 1879 δυσχερῶν
2777 1807 3034 1878 οὐδεμίαν
3070 1810 3288 1878 μνήμην
3323 1822 3478 1873 ποιη-

1844 1950 1847 1952 _
1900 1893 2156 1961 σάμενος,
2179 1892 2287 1944 τῶν
2318 1892 2572 1964 χρηστῶν
2601 1891 2760 1960 μόνον
2793 1891 3158 1962 μεμνημένος,
3177 1890 3316 1960 ὑπὲρ
3337 1887 3478 1947 ἐκείο

1899 1992 1990 2027 νου
2018 1974 2115 2043 τήν
2145 1975 2495 2048 εὐχαριστίαν
2527 1973 2809 2044 ἀναφέρει,
2827 1974 2920 2026 καί
2945 1989 3130 2043 φησιν,
3157 1971 3275 2023 Ὅτι
3297 1967 3478 2022 ἐπλά-

1899 2075 2042 2110 τυνε
2058 2059 2270 2125 Κύριος
2290 2057 2451 2126 ἡμῖν,
2482 2057 2578 2110 καὶ
2599 2057 2870 2124 ηὔξησεν
2893 2054 3050 2124 ἡμᾶς
3068 2055 3164 2108 ἐπὶ
3197 2052 3306 2122 τῆς
3334 2050 3479 2122 γῆςς

1903 2143 2068 2194 Οὐδέν
2091 2141 2199 2212 γὰρ
2229 2140 2400 2204 οὕτως
2423 2142 2451 2193 6
2471 2139 2602 2203 Θεὸς
2630 2139 2970 2210 ἀποδέχεται,
2992 2139 3066 2201 ώς
3085 2137 3262 2208 ψυχὴν
3289 2133 3482 2203 εὐγνώ-

1907 2243 2042 2296 μονα
2083 2225 2175 2277 καὶ
2208 2225 2556 2295 εὐχάριστον’
2591 2225 2683 2276 καί
2731 2223 2896 2293 μυρία
2928 2221 3047 2274 καθ’
3079 2222 3323 2290 ἐκάστην.
3346 2218 3485 2290 ἡμέ-

1907 2325 2005 2378 ραν
2045 2307 2289 2369 ἅπαντας
2319 2309 2349 2377 ή
2361 2307 2468 2376 μᾶς
2499 2305 2802 2376 εὐεργετῶν
2827 2305 2920 2359 καὶ
2952 2305 3175 2367 ἑκόντας
3209 2304 3300 2356 καὶ
3337 2303 3487 2357 ἄκον-

1904 2409 2032 2454 τας,
2066 2393 2158 2444 xal
2191 2391 2398 2453 εἰδότας
2427 2389 2519 2443 καὶ
2554 2387 2881 2456 ἀγνοοῦντας
2905 2428 2918 2451 ,
2952 2387 3102 2440 οὐδὲν
3138 2386 3324 2455 ἕτερον
3354 2385 3486 2456 παρ’

1905 2476 2062 2546 ήμῶν
2093 2474 2359 2544 ἐπιζητεῖ,
2392 2473 2424 2540 ἢ
2457 2472 2519 2524 τὸ
2545 2473 2774 2542 χάριτας
2804 2471 3002 2523 εἰδέναι
3027 2468 3173 2537 αὐτῷ
3198 2468 3338 2539 ὐπέρ
3379 2469 3489 2521 τῶν

1907 2564 1986 2622 είς
2022 2560 2170 2630 ἡμᾶς
2203 2555 2610 2625 γεγενημένων,
2647 2555 2730 2607 ἵνα
2780 2555 2872 2606 καὶ
2909 2553 3050 2624 ὑπὲρ
3090 2551 3280 2605 τούτου
3323 2550 3488 2603 αὐτοῦ

1911 2644 2070 2697 πάλιν
2097 2642 2314 2694 πλείονα
2351 2639 2449 2710 τὴν
2477 2639 2708 2708 ἀμοιϐὴν
2739 2639 2873 2707 ἡμῖν
2921 2636 3198 2708 παράσχῃ.
3241 2636 3350 2688 Kal
3404 2635 3489 2686 ἵνα

1912 2726 2089 2798 μάθῃς
2113 2766 2127 2786 ,
2156 2726 2256 2795 δρα
2281 2723 2371 2775 τὸν
2392 2722 2608 2774 ’δίκαιον
2634 2720 2820 2772 τοῦτον
2851 2718 2938 2772 διὰ
2968 2720 3066 2787 τὴν
3104 2718 3304 2789 πολλὴν
3325 2716 3490 2771 αὐτοῦ

1910 2808 2326 2877 εὐγνωμοσύνην
2363 2805 2522 2859 πάλιν
2554 2804 2651 2870 τῆς
2673 2801 2876 2855 ἄνωθεν
2897 2801 3214 2870 ἐπιφανείας
3239 2801 3490 2869 ἀΕιούμε·

1911 2910 2018 2945 νον.
2061 2890 2277 2960 Ἐπειδὴ
2308 2889 2414 2959 γάρ
2449 2886 2725 2958 ἀρκοῦσαν
2755 2885 2984 2955 βάσανον
3005 2886 3101 2954 τῆς
3131 2883 3339 2946 οἰκείας
3361 2883 3493 2954 ἀρε-

1909 2976 2010 3044 τῆς
2039 2972 2348 3037 ἐπεδείξατο
2380 2969 2469 3024 ἐπί
2500 2986 2558 3022 τε
2591 2968 2698 3021 τῶν
2746 2969 2802 3021 ἐν
2832 2968 3094 3039 Γεράροις
3115 3008 3128 3027 ,
3177 2968 3268 3020 ἐπί
3299 2984 3358 3020 τε
3399 2964 3493 3018 τοῦ

1915 3057 2179 3128 βασιλέως
2217 3053 2602 3122 ἀπωθουμένου
2631 3051 2814 3112 αὐτὸν,
2847 3051 2938 3103 ἐπί
2972 3068 3030 3103 τε
3073 3049 3180 3102 τῶν
3223 3048 3496 3117 ποιμένων

1915 3138 2328 3210 παρασπώντων
2350 3138 2416 3190 τὰ
2452 3135 2681 3205 φρέατα,
2715 3132 2904 3203 ὥσπερ
2938 3133 3206 3204 νευρῶσαι
3235 3131 3494 3200 βουλόμε-

1914 3241 2004 3287 νος
2034 3222 2199 3276 αὐτοῦ
2233 3222 2331 3292 τὴν
2375 3217 2682 3290 προθυμίαν
2724 3219 2752 3269 6
2787 3215 3167 3285 φιλάνθρωπος
3197 3215 3493 3285 Δεσπότης,

1917 3308 2010 3360 καὶ
2047 3306 2144 3374 τῆς
2179 3302 2474 3363 ἐπιεικείας
2512 3300 2673 3353 αὐτὸν
2711 3299 3103 3368 ἀποδεχόμενος
3143 3298 3243 3368 τῆς
3275 3298 3495 3368 πολλῆς,

1915 3389 2102 3459 ἐπειδὴ
2143 3386 2338 3452 Ἀνέϐη
2370 3383 2598 3438 ἐκεῖθεν
2626 3383 2652 3420 ι)
2693 3381 2789 3434 ἐπὶ
2825 3381 2890 3433 τὸ
2936 3381 3126 3448 Φρέαρ
3155 3379 3261 3434 τοῦ
3292 3380 3494 3448 ὅρκου,

1916 3477 2080 3544 ὤφθη
2111 3469 2270 3536 αὐτῷ
2285 3471 2498 3536 Κύριος
2521 3467 2590 3520 ἐν
2622 3465 2697 3533 τῇ
2723 3465 2892 3517 νυκτὶ
2934 3465 3133 3531 ἐκείνῃ
3161 3507 3175 3528 ,
3208 3463 3301 3517 καί
3332 3464 3494 3544 εἷπεέ

1929 3543 2070 3627 Ἐγώ
2095 3560 2210 3626 εἰμι
2242 3559 2274 3609 ό
2305 3553 2449 3616 Θεὸς
2503 3550 2754 3618 Ἀϐραὰμ
2792 3549 2898 3602 τοῦ
2953 3549 3177 3615 πατρός
3229 3564 3344 3602 σου
3370 3561 3383 3574 ·
3410 3543 3497 3616 μὴ

1918 3643 2138 3714 φοϐοῦ·
2166 3638 2316 3709 μετὰ
2347 3635 2463 3690 σοῦ
2498 3633 2606 3703 γάρ
2631 3636 2768 3703 ειμι,
2801 3631 2897 3686 καί
2919 3631 3238 3701 εὐλογήσω
3267 3647 3361 3692 σε,
3398 3631 3496 3714 καί

1919 3713 2206 3793 πληθυνώ
2237 3721 2302 3774 τὸ
2331 3719 2568 3788 σπέρμα
2597 3735 2714 3771 σου
2743 3716 2838 3769 διὰ
2872 3716 3117 3784 Ἀϐραὰμ
3143 3715 3251 3768 τὸν
3278 3713 3502 3782 πατέρα

1919 3826 2056 3864 σου.
2095 3808 2286 3873 Ὠφθη
2312 3800 2490 3866 αὐτῷ.
2523 3802 2705 3871 φησὶν,
2737 3801 2807 3852 ἐν
2833 3797 2903 3866 τῇ
2931 3799 3100 3851 νυκτὶ
3127 3798 3351 3865 ἐκείνη.
3377 3797 3505 3849 Σκό-

1919 3909 2010 3944 πει
2041 3887 2174 3942 Θεοῦ
2223 3883 2570 3958 κηδεμονίαν,
2605 3885 2721 3936 ’Ὶνα
2751 3883 2859 3950 γὰρ
2900 3880 3062 3934 αὐτὸν
3109 3881 3500 3950 ἀνακτήσητσι,

1921 3974 2016 4027 καὶ
2047 3972 2270 4043 θαρρεῖν
2321 3967 2714 4039 παρασκευάσῃ
2740 4005 2753 4028 ,
2793 3964 3138 4034 ἐπιφαίνεται
3189 3961 3368 4032 αὐτῷ,
3410 3962 3502 4014 καί

1922 4072 2086 4128 φησιν
2106 4070 2119 4083 ·
2152 4049 2292 4120 Ἐγώ
2319 4052 2433 4120 εἰμι
2465 4053 2496 4103 ὀ
2521 4049 2666 4116 Θεὸς
2709 4049 2954 4116 Ἀϐραὰμ
2983 4047 3090 4100 τοῦ
3116 4047 3338 4113 πατρός
3361 4063 3500 4104 σου,

1921 4143 1949 4193 6
1978 4140 2068 4191 τὸν
2090 4135 2298 4206 πατέρα
2319 4133 2408 4186 τὸν
2439 4131 2530 4184 σὸν
2557 4131 2798 4196 ἐπίδοξον
2825 4128 3162 4200 πεποιηκὼς,
3183 4130 3284 4196 καὶ
3297 4130 3354 4180 ἐν
3377 4145 3504 4180 τοσ-

1923 4223 2064 4293 αύτῃ
2116 4217 2438 4289 περιφανείᾳ
2481 4217 2850 4285 καταστήσας,
2890 4215 2983 4267 καὶ
3016 4213 3163 4279 ξένον
3193 4213 3320 4265 ὄντα
3351 4228 3504 4282 περι-

1924 4292 2256 4376 φανέστερον
2307 4300 2414 4353 τῶν
2457 4301 2734 4369 ἐγχωρίων
2784 4296 3237 4366 ἀπεργασάμενος
3273 4305 3320 4346 α.
3365 4292 3506 4359 Ἐγώ

1925 4375 2040 4458 εἰμι
2069 4389 2274 4446 ἐκεῖνος
2306 4385 2334 4436 6
2363 4385 2569 4436 ἐκεῖνον
2608 4381 2780 4443 οὕτως
2816 4379 3118 4450 αὐξηθῆναι
3156 4375 3505 4448 παρασκευά-

1929 4490 2025 4535 σας
2055 4512 2069 4535 ,
2107 4469 2202 4522 καὶ
2237 4466 2480 4537 μεγάλην
2514 4465 2600 4518 διά
2631 4466 2846 4518 πάντων
2889 4464 2986 4532 τὴν
3023 4463 3150 4532 περὶ
3182 4462 3342 4516 αὐτὸν
3373 4459 3504 4528 πρό-

1926 4567 2074 4603 νοιαν
2112 4545 2540 4615 ἐπιδειξάμενος.
2592 4543 2732 4609 Ἐγώ
2768 4544 2914 4611 εἰμι·
2945 4541 3040 4608 Μὴ
3081 4541 3258 4593 τοίνυν
3291 4537 3502 4608 φοϐοῦ.

1927 4629 1992 4682 Τί
2021 4631 2158 4689 ἐστι,
2192 4625 2286 4690 Μὴ
2316 4623 2541 4693 φυϐοῦ;
2565 4624 2654 4692 Μή
2692 4638 2752 4673 σε
2772 4621 2942 4673 ταῦτα
2972 4619 3242 4683 ξενιζέτω,
3267 4619 3326 4670 τὸ
3353 4615 3505 4686 παρά

1927 4707 2020 4761 τοῦ
2069 4703 2354 4774 Ἀὅιμέλεχ
2380 4701 2657 4770 ἐλαθῆναι,
2684 4701 2743 4753 τὸ
2771 4698 2921 4771 παρά
2952 4697 3059 4752 τῶν
3093 4697 3362 4768 ποιμένων
3389 4696 3506 4748 ἀδι·

1928 4788 2180 4858 κηθῆναι.
2207 4782 2381 4836 Πολλά
2408 4780 2630 4834 τοιαῦτα
2656 4781 2747 4832 καὶ
2779 4780 2807 4830 ὁ
2846 4780 3031 4858 πατὴρ
3059 4779 3093 4858 6-
3127 4774 3505 4858 σὸς-πέπονθε,

1928 4854 2024 4921 καὶ
2059 4854 2156 4917 ⁷διὰ
2195 4861 2398 4914 τούτων
2446 4859 2821 4929 λαμπρότερος
2860 4855 3160 4926 ἀνεδείχθη.
3191 4854 3282 4924 Μὴ
3326 4854 3507 4906 τοίνυν

1926 4945 2102 5000 ταῦτά
2141 4959 2198 4995 σε
2232 4940 2464 5010 φοϐείτω
2489 4955 2502 4969 ·
2543 4939 2704 4993 Μετὰ
2753 4937 2868 4991 σοῦ
2913 4937 3022 5006 γάρ
3057 4934 3206 5006 [510]
3240 4937 3372 5002 εἰμι.
3409 4931 3508 4985 Διά

1928 5025 2086 5080 τοῦτο
2112 5021 2286 5075 ταῦτα
2317 5017 2560 5088 γίνεσθαι
2594 5017 2860 5088 συγχωρῶ
2881 5056 2894 5078 ,
2937 5016 3071 5086 ὁμοῦ
3112 5015 3202 5068 καὶ
3235 5013 3293 5065 σέ
3324 5011 3505 5081 βουλό-

1933 5119 2092 5175 μενος
2120 5100 2208 5153 διὰ
2228 5102 2325 5170 τῆς
2353 5095 2652 5175 ἐπιεικείας
2678 5094 3012 5175 ἐνδείξασθαι
3038 5095 3134 5175 τὴν
3159 5090 3507 5175 οἰκείαν-ἀρε·

1929 5167 2048 5253 τὴν,
2081 5167 2350 5234 κάκείνων
2378 5177 2478 5246 τῆς
2507 5174 2734 5246 γνώμης
2763 5173 2858 5244 τὴν
2886 5171 3186 5244 μοχθηρίαν
3212 5167 3505 5253 κατάδηλον

1931 5244 2104 5316 ἀπασι
2131 5257 2404 5326 γενέσθαι,
2439 5244 2526 5308 ἵνα
2557 5244 2735 5307 σέίκαὶ
2764 5253 2905 5322 ὐπέρ
2928 5250 3128 5302 τούτων
3155 5244 3502 5326 στε-φανώσως

1932 5340 2088 5396 Μετὰ
2122 5322 2236 5390 σοῦ
2275 5334 2384 5404 γάρ
2407 5337 2542 5403 εἰμι.
2572 5333 2648 5385 Δι’
2701 5331 2728 5384 ὃ
2761 5331 2856 5384 καὶ
2899 5327 3191 5398 ἀχείρωτος
3225 5324 3322 5392 ἔσῃ
3347 5361 3361 5383 ,
3392 5322 3508 5404 Δκαὶ

1929 5421 2040 5474 τῶν
2075 5399 2866 5485 πολεμούντωννδυνατώτερος,
2897 5409 2991 5460 καὶ
3025 5404 3131 5485 τών
3173 5399 3506 5485 ἐπηρεαζόντ

1931 5481 2433 5567 τωνοίσχυρότερος.
2466 5493 2574 5546 Kal
2601 5493 2634 5562 ή
2679 5491 2775 5559 μὲν
2805 5487 2934 5556 παρ’
2976 5482 3109 5567 ἐμοῦ
3142 5481 3382 5567 Δπρόνοια
3417 5481 3509 5567 καί

1933 5559 2221 5647 ἐπίφθονόν
2263 5559 2337 5629 σε’
2373 5559 2697 5646 ἐργάσεται·
2738 5568 2898 5647 Μετὰ
2937 5564 3052 5647 σοῦ
3082 5562 3192 5647 γάρ
3223 5564 3338 5630 εἰμι
3360 5603 3373 5622 ,
3412 5559 3510 5647 καί

1932 5637 2247 5727 εὐλογήσω
2295 5637 2415 5718 σεξ
2439 5637 2534 5703 καί
2565 5645 2855 5716 πληθυνῶ
2894 5646 2957 5698 τὸ
2992 5643 3229 5710 σπέρμα
3261 5654 3376 5693 σου
3414 5637 3514 5692 διὰ

1949 5739 2201 5805 Ἀὁζοαὰμ
2232 5737 2338 5788 τὸν
2369 5730 2593 5796 πὰτέία
2633 5743 2770 5782 σου.

1981 5798 2178 5869 Σκόπει
2196 5813 2328 5866 Θεοῦ
2350 5809 2540 5879 φιλανθ
2550 5807 2776 5879 ρωπίαν.
2797 5803 3000 5864 Εἰπὼν,
3019 5800 3165 5870 Ἐγώ
3185 5801 3300 5869 ειμι
3317 5802 3349 5852 ό
3366 5798 3504 5864 Θεὸς

2002 5902 2193 5950 bSavil.
2222 5906 2274 5949 et
2310 5906 2411 5948 tres
2452 5911 2567 5946 mss.
2617 5895 2760 5951 ἀνέϐη
2802 5894 2977 5940 ἄνωθεν
3016 5889 3108 5938 ἐπί.

2002 5969 2022 5995 ε
2050 5949 2145 6015 39.x
2162 5949 2276 6010 mss.
2292 5963 2402 6009 ὄντα
2414 5963 2508 6008 τῶν
2529 5949 2768 6020 ἐγχωρίων
2779 5955 3098 6017 λαμπρότεραν
3115 5949 3436 6014 ἀπεργάσάιιεῖ
3449 5965 3518 6004 ος,
