  <div class='ocr_page' id='page_1' title='image "/cluster/home/n/w/nwhite01/storage/ocr_20150623/54:no.4:pt.2/coo.31924054869544/090.png"; bbox 0 0 3974 6404; ppageno 0'>
   <div class='ocr_carea' id='block_1_1' title="bbox 245 259 2503 328">
    <p class='ocr_par' dir='ltr' id='par_1_1' title="bbox 245 259 2503 328">
     <span class='ocr_line' id='line_1_1' title="bbox 245 259 2503 328; baseline -0.002 -4"><span class='ocrx_word' id='word_1_1' title='bbox 245 273 337 328; x_wconf 71' lang='lat' dir='ltr'><strong>s6!</strong></span> <span class='ocrx_word' id='word_1_2' title='bbox 1321 263 1382 316; x_wconf 70' lang='grc' dir='ltr'>ΙΝ</span> <span class='ocrx_word' id='word_1_3' title='bbox 1423 262 1574 318; x_wconf 63' lang='grc' dir='ltr'><strong>ΟΜ).</strong></span> <span class='ocrx_word' id='word_1_4' title='bbox 1617 261 1802 318; x_wconf 75' lang='lat' dir='ltr'><strong>XXVI.</strong></span> <span class='ocrx_word' id='word_1_5' title='bbox 1846 259 2083 318; x_wconf 80' lang='lat' dir='ltr'><strong>GENES.</strong></span> <span class='ocrx_word' id='word_1_6' title='bbox 2130 263 2356 320; x_wconf 73' lang='lat' dir='ltr'><strong>llOMlL.</strong></span> <span class='ocrx_word' id='word_1_7' title='bbox 2400 263 2503 320; x_wconf 79' lang='lat' dir='ltr'>LII.</span> 
     </span>
    </p>
   </div>
   <div class='ocr_carea' id='block_1_2' title="bbox 245 379 1836 456">
    <p class='ocr_par' dir='ltr' id='par_1_2' title="bbox 245 379 1836 456">
     <span class='ocr_line' id='line_1_2' title="bbox 245 379 1836 456; baseline -0.003 -18"><span class='ocrx_word' id='word_1_8' title='bbox 245 384 460 438; x_wconf 75' lang='lat' dir='ltr'><strong>Alu&#39;alta&#39;</strong></span> <span class='ocrx_word' id='word_1_9' title='bbox 483 383 643 452; x_wconf 77' lang='lat' dir='ltr'><strong>patris</strong></span> <span class='ocrx_word' id='word_1_10' title='bbox 667 383 762 448; x_wconf 88' lang='lat' dir='ltr'><strong>tui,</strong></span> <span class='ocrx_word' id='word_1_11' title='bbox 791 394 836 435; x_wconf 87' lang='lat' dir='ltr'><strong>cl</strong></span> <span class='ocrx_word' id='word_1_12' title='bbox 870 380 1098 456; x_wconf 82' lang='lat' dir='ltr'><strong>ostendit</strong></span> <span class='ocrx_word' id='word_1_13' title='bbox 1124 384 1389 448; x_wconf 76' lang='lat' dir='ltr'><strong>quomodo</strong></span> <span class='ocrx_word' id='word_1_14' title='bbox 1411 380 1508 433; x_wconf 86' lang='lat' dir='ltr'><strong>sibi</strong></span> <span class='ocrx_word' id='word_1_15' title='bbox 1534 379 1836 433; x_wconf 84' lang='lat' dir='ltr'><strong>vindicave—</strong></span> 
     </span>
    </p>
   </div>
   <div class='ocr_carea' id='block_1_3' title="bbox 248 471 1842 544">
    <p class='ocr_par' dir='ltr' id='par_1_3' title="bbox 248 471 1842 544">
     <span class='ocr_line' id='line_1_3' title="bbox 248 471 1842 544; baseline -0.003 -14"><span class='ocrx_word' id='word_1_16' title='bbox 248 478 338 538; x_wconf 86' lang='lat' dir='ltr'><strong>rit,</strong></span> <span class='ocrx_word' id='word_1_17' title='bbox 370 474 757 544; x_wconf 85' lang='lat' dir='ltr'><strong>propriumque</strong></span> <span class='ocrx_word' id='word_1_18' title='bbox 791 475 968 528; x_wconf 78' lang='lat' dir='ltr'><strong>fecerit</strong></span> <span class='ocrx_word' id='word_1_19' title='bbox 1004 471 1376 542; x_wconf 49' lang='lat' dir='ltr'><strong>patriarcham,</strong></span> <span class='ocrx_word' id='word_1_20' title='bbox 1407 474 1474 525; x_wconf 88' lang='lat' dir='ltr'><strong>ita</strong></span> <span class='ocrx_word' id='word_1_21' title='bbox 1509 481 1566 526; x_wconf 91' lang='lat' dir='ltr'><strong>ut</strong></span> <span class='ocrx_word' id='word_1_22' title='bbox 1595 472 1842 541; x_wconf 87' lang='lat' dir='ltr'><strong>dignatus</strong></span> 
     </span>
    </p>
   </div>
   <div class='ocr_carea' id='block_1_4' title="bbox 247 565 1842 635">
    <p class='ocr_par' dir='ltr' id='par_1_4' title="bbox 247 565 1842 635">
     <span class='ocr_line' id='line_1_4' title="bbox 247 565 1842 635; baseline -0.003 -15"><span class='ocrx_word' id='word_1_23' title='bbox 247 569 315 621; x_wconf 87' lang='lat' dir='ltr'><strong>sit</strong></span> <span class='ocrx_word' id='word_1_24' title='bbox 345 582 406 621; x_wconf 90' lang='lat' dir='ltr'><strong>se</strong></span> <span class='ocrx_word' id='word_1_25' title='bbox 437 581 632 620; x_wconf 86' lang='lat' dir='ltr'><strong>vocare</strong></span> <span class='ocrx_word' id='word_1_26' title='bbox 663 567 826 620; x_wconf 88' lang='lat' dir='ltr'><strong>Deum</strong></span> <span class='ocrx_word' id='word_1_27' title='bbox 857 566 1080 620; x_wconf 65' lang='lat' dir='ltr'><strong>Abrahae</strong></span> <span class='ocrx_word' id='word_1_28' title='bbox 1103 607 1116 630; x_wconf 88' lang='lat'><strong>,</strong></span> <span class='ocrx_word' id='word_1_29' title='bbox 1150 574 1307 635; x_wconf 69' lang='lat' dir='ltr'><strong>atque</strong></span> <span class='ocrx_word' id='word_1_30' title='bbox 1341 565 1592 619; x_wconf 83' lang='lat' dir='ltr'><strong>Dominus</strong></span> <span class='ocrx_word' id='word_1_31' title='bbox 1620 579 1682 618; x_wconf 89' lang='lat' dir='ltr'><strong>ac</strong></span> <span class='ocrx_word' id='word_1_32' title='bbox 1710 579 1842 618; x_wconf 88' lang='lat' dir='ltr'><strong>con-</strong></span> 
     </span>
    </p>
   </div>
   <div class='ocr_carea' id='block_1_5' title="bbox 244 655 1842 720">
    <p class='ocr_par' dir='ltr' id='par_1_5' title="bbox 244 655 1842 720">
     <span class='ocr_line' id='line_1_5' title="bbox 244 655 1842 720; baseline -0.002 -11"><span class='ocrx_word' id='word_1_33' title='bbox 244 659 391 711; x_wconf 72' lang='lat' dir='ltr'><strong>diior</strong></span> <span class='ocrx_word' id='word_1_34' title='bbox 419 658 589 717; x_wconf 85' lang='lat' dir='ltr'><strong>orbis,</strong></span> <span class='ocrx_word' id='word_1_35' title='bbox 617 657 773 712; x_wconf 88' lang='lat' dir='ltr'><strong>unius</strong></span> <span class='ocrx_word' id='word_1_36' title='bbox 801 656 1028 710; x_wconf 84' lang='lat' dir='ltr'><strong>hominis</strong></span> <span class='ocrx_word' id='word_1_37' title='bbox 1060 657 1220 710; x_wconf 88' lang='lat' dir='ltr'><strong>Deum</strong></span> <span class='ocrx_word' id='word_1_38' title='bbox 1253 671 1311 709; x_wconf 87' lang='lat' dir='ltr'><strong>se</strong></span> <span class='ocrx_word' id='word_1_39' title='bbox 1339 655 1552 720; x_wconf 75' lang='lat' dir='ltr'><strong>dixerit,</strong></span> <span class='ocrx_word' id='word_1_40' title='bbox 1579 672 1681 708; x_wconf 90' lang='lat' dir='ltr'><strong>non</strong></span> <span class='ocrx_word' id='word_1_41' title='bbox 1711 670 1842 709; x_wconf 88' lang='lat' dir='ltr'><strong>con-</strong></span> 
     </span>
    </p>
   </div>
   <div class='ocr_carea' id='block_1_6' title="bbox 239 747 1842 816">
    <p class='ocr_par' dir='ltr' id='par_1_6' title="bbox 239 747 1842 816">
     <span class='ocr_line' id='line_1_6' title="bbox 239 747 1842 816; baseline -0.004 -12"><span class='ocrx_word' id='word_1_42' title='bbox 239 751 474 804; x_wconf 83' lang='lat' dir='ltr'><strong>cludens</strong></span> <span class='ocrx_word' id='word_1_43' title='bbox 491 750 542 802; x_wconf 90' lang='lat' dir='ltr'><strong>in</strong></span> <span class='ocrx_word' id='word_1_44' title='bbox 559 765 662 802; x_wconf 75' lang='lat' dir='ltr'><strong>uno</strong></span> <span class='ocrx_word' id='word_1_45' title='bbox 683 747 975 816; x_wconf 68' lang='lat' dir='ltr'><strong>patriarcha</strong></span> <span class='ocrx_word' id='word_1_46' title='bbox 995 747 1281 802; x_wconf 73' lang='lat' dir='ltr'><strong>dominium</strong></span> <span class='ocrx_word' id='word_1_47' title='bbox 1300 763 1477 813; x_wconf 84' lang='lat' dir='ltr'><strong>suum,</strong></span> <span class='ocrx_word' id='word_1_48' title='bbox 1494 748 1582 802; x_wconf 83' lang='lat' dir='ltr'><strong>sed</strong></span> <span class='ocrx_word' id='word_1_49' title='bbox 1600 761 1842 816; x_wconf 83' lang='lat' dir='ltr'><strong>magnam</strong></span> 
     </span>
    </p>
   </div>
   <div class='ocr_carea' id='block_1_7' title="bbox 252 836 1840 904">
    <p class='ocr_par' dir='ltr' id='par_1_7' title="bbox 252 836 1840 904">
     <span class='ocr_line' id='line_1_7' title="bbox 252 836 1840 904; baseline -0.004 -11"><span class='ocrx_word' id='word_1_50' title='bbox 252 841 304 893; x_wconf 89' lang='lat' dir='ltr'><strong>in</strong></span> <span class='ocrx_word' id='word_1_51' title='bbox 335 840 486 894; x_wconf 88' lang='lat' dir='ltr'><strong>illum</strong></span> <span class='ocrx_word' id='word_1_52' title='bbox 518 854 668 892; x_wconf 89' lang='lat' dir='ltr'><strong>suam</strong></span> <span class='ocrx_word' id='word_1_53' title='bbox 698 838 1117 892; x_wconf 86' lang='lat' dir='ltr'><strong>benevolentiam</strong></span> <span class='ocrx_word' id='word_1_54' title='bbox 1149 845 1452 891; x_wconf 83' lang='lat' dir='ltr'><strong>monstrans</strong></span> <span class='ocrx_word' id='word_1_55' title='bbox 1486 854 1497 888; x_wconf 89' lang='lat'><strong>:</strong></span> <span class='ocrx_word' id='word_1_56' title='bbox 1530 837 1619 897; x_wconf 84' lang='lat' dir='ltr'><strong>ita.</strong></span> <span class='ocrx_word' id='word_1_57' title='bbox 1652 836 1840 904; x_wconf 92' lang='lat' dir='ltr'><strong>inquit,</strong></span> 
     </span>
    </p>
   </div>
   <div class='ocr_carea' id='block_1_8' title="bbox 240 928 1842 997">
    <p class='ocr_par' dir='ltr' id='par_1_8' title="bbox 240 928 1842 997">
     <span class='ocr_line' id='line_1_8' title="bbox 240 928 1842 997; baseline -0.001 -16"><span class='ocrx_word' id='word_1_58' title='bbox 240 945 366 982; x_wconf 88' lang='lat' dir='ltr'><strong>eum</strong></span> <span class='ocrx_word' id='word_1_59' title='bbox 407 929 534 984; x_wconf 90' lang='lat' dir='ltr'><strong>mihi</strong></span> <span class='ocrx_word' id='word_1_60' title='bbox 565 929 663 983; x_wconf 78' lang='lat' dir='ltr'><strong>feci</strong></span> <span class='ocrx_word' id='word_1_61' title='bbox 698 930 991 997; x_wconf 80' lang='lat' dir='ltr'><strong>preprium,</strong></span> <span class='ocrx_word' id='word_1_62' title='bbox 1023 937 1078 981; x_wconf 92' lang='lat' dir='ltr'><strong>ut</strong></span> <span class='ocrx_word' id='word_1_63' title='bbox 1105 928 1240 996; x_wconf 69' lang='lat' dir='ltr'><strong>apud</strong></span> <span class='ocrx_word' id='word_1_64' title='bbox 1267 944 1351 981; x_wconf 89' lang='lat' dir='ltr'><strong>me</strong></span> <span class='ocrx_word' id='word_1_65' title='bbox 1384 937 1651 996; x_wconf 88' lang='lat' dir='ltr'><strong>rcputctur</strong></span> <span class='ocrx_word' id='word_1_66' title='bbox 1681 928 1842 993; x_wconf 71' lang='lat' dir='ltr'><strong>tanti,</strong></span> 
     </span>
    </p>
   </div>
   <div class='ocr_carea' id='block_1_9' title="bbox 252 1019 1844 1089">
    <p class='ocr_par' dir='ltr' id='par_1_9' title="bbox 252 1019 1844 1089">
     <span class='ocr_line' id='line_1_9' title="bbox 252 1019 1844 1089; baseline -0.001 -15"><span class='ocrx_word' id='word_1_67' title='bbox 252 1022 435 1089; x_wconf 87' lang='lat' dir='ltr'><strong>quanti</strong></span> <span class='ocrx_word' id='word_1_68' title='bbox 467 1022 556 1076; x_wconf 82' lang='lat' dir='ltr'><strong>alii</strong></span> <span class='ocrx_word' id='word_1_69' title='bbox 587 1035 774 1075; x_wconf 85' lang='lat' dir='ltr'><strong>omnes</strong></span> <span class='ocrx_word' id='word_1_70' title='bbox 807 1037 820 1074; x_wconf 76' lang='grc' dir='ltr'>ε</span> <span class='ocrx_word' id='word_1_71' title='bbox 869 1020 988 1072; x_wconf 80' lang='lat' dir='ltr'><strong>ideo</strong></span> <span class='ocrx_word' id='word_1_72' title='bbox 1033 1019 1097 1072; x_wconf 80' lang='lat' dir='ltr'><strong>Et</strong></span> <span class='ocrx_word' id='word_1_73' title='bbox 1136 1019 1475 1088; x_wconf 76' lang='lat' dir='ltr'><strong>multiplicabo</strong></span> <span class='ocrx_word' id='word_1_74' title='bbox 1503 1037 1665 1073; x_wconf 77' lang='lat' dir='ltr'><strong>semen</strong></span> <span class='ocrx_word' id='word_1_75' title='bbox 1706 1028 1844 1072; x_wconf 87' lang='lat' dir='ltr'><strong>tuum</strong></span> 
     </span>
    </p>
   </div>
   <div class='ocr_carea' id='block_1_10' title="bbox 254 1110 1844 1181">
    <p class='ocr_par' dir='ltr' id='par_1_10' title="bbox 254 1110 1844 1181">
     <span class='ocr_line' id='line_1_10' title="bbox 254 1110 1844 1181; baseline -0.001 -15"><span class='ocrx_word' id='word_1_76' title='bbox 254 1123 465 1181; x_wconf 80' lang='lat' dir='ltr'><strong>prapter</strong></span> <span class='ocrx_word' id='word_1_77' title='bbox 492 1111 750 1164; x_wconf 78' lang='lat' dir='ltr'><strong>Abraham</strong></span> <span class='ocrx_word' id='word_1_78' title='bbox 778 1120 967 1180; x_wconf 76' lang='lat' dir='ltr'><strong>patrem</strong></span> <span class='ocrx_word' id='word_1_79' title='bbox 992 1119 1148 1162; x_wconf 62' lang='lat' dir='ltr'><strong>Mum.</strong></span> <span class='ocrx_word' id='word_1_80' title='bbox 1181 1110 1386 1169; x_wconf 74' lang='lat' dir='ltr'><strong>Multas.</strong></span> <span class='ocrx_word' id='word_1_81' title='bbox 1421 1110 1616 1176; x_wconf 75' lang='lat' dir='ltr'><strong>inquit,</strong></span> <span class='ocrx_word' id='word_1_82' title='bbox 1647 1111 1717 1162; x_wconf 86' lang='lat' dir='ltr'><strong>illi</strong></span> <span class='ocrx_word' id='word_1_83' title='bbox 1750 1110 1844 1164; x_wconf 81' lang='lat' dir='ltr'><strong>de—</strong></span> 
     </span>
    </p>
   </div>
   <div class='ocr_carea' id='block_1_11' title="bbox 256 1199 1846 1269">
    <p class='ocr_par' dir='ltr' id='par_1_11' title="bbox 256 1199 1846 1269">
     <span class='ocr_line' id='line_1_11' title="bbox 256 1199 1846 1269; baseline 0 -15"><span class='ocrx_word' id='word_1_84' title='bbox 256 1205 358 1256; x_wconf 88' lang='lat' dir='ltr'><strong>beo</strong></span> <span class='ocrx_word' id='word_1_85' title='bbox 385 1203 764 1255; x_wconf 73' lang='lat' dir='ltr'><strong>retributiones</strong></span> <span class='ocrx_word' id='word_1_86' title='bbox 793 1201 862 1253; x_wconf 94' lang='lat' dir='ltr'><strong>ob</strong></span> <span class='ocrx_word' id='word_1_87' title='bbox 893 1216 1040 1254; x_wconf 87' lang='lat' dir='ltr'><strong>suam</strong></span> <span class='ocrx_word' id='word_1_88' title='bbox 1073 1200 1122 1252; x_wconf 89' lang='lat' dir='ltr'><strong>in</strong></span> <span class='ocrx_word' id='word_1_89' title='bbox 1152 1215 1236 1254; x_wconf 89' lang='lat' dir='ltr'><strong>me</strong></span> <span class='ocrx_word' id='word_1_90' title='bbox 1261 1199 1615 1254; x_wconf 79' lang='lat' dir='ltr'><strong>obedientiam</strong></span> <span class='ocrx_word' id='word_1_91' title='bbox 1646 1217 1658 1253; x_wconf 93' lang='lat'><strong>:</strong></span> <span class='ocrx_word' id='word_1_92' title='bbox 1691 1201 1846 1269; x_wconf 83' lang='lat' dir='ltr'><strong>igitur</strong></span> 
     </span>
    </p>
   </div>
   <div class='ocr_carea' id='block_1_12' title="bbox 256 1291 1845 1364">
    <p class='ocr_par' dir='ltr' id='par_1_12' title="bbox 256 1291 1845 1364">
     <span class='ocr_line' id='line_1_12' title="bbox 256 1291 1845 1364; baseline -0.002 -16"><span class='ocrx_word' id='word_1_93' title='bbox 256 1305 476 1364; x_wconf 82' lang='lat' dir='ltr'><strong>prepter</strong></span> <span class='ocrx_word' id='word_1_94' title='bbox 503 1295 649 1348; x_wconf 72' lang='lat' dir='ltr'><strong>illum</strong></span> <span class='ocrx_word' id='word_1_95' title='bbox 679 1291 1030 1361; x_wconf 80' lang='lat' dir='ltr'><strong>Multiplicabo</strong></span> <span class='ocrx_word' id='word_1_96' title='bbox 1054 1307 1217 1346; x_wconf 88' lang='lat' dir='ltr'><strong>semen</strong></span> <span class='ocrx_word' id='word_1_97' title='bbox 1237 1301 1419 1353; x_wconf 87' lang='lat' dir='ltr'><strong>tuum;</strong></span> <span class='ocrx_word' id='word_1_98' title='bbox 1446 1292 1600 1345; x_wconf 87' lang='lat' dir='ltr'><strong>simul</strong></span> <span class='ocrx_word' id='word_1_99' title='bbox 1623 1299 1676 1345; x_wconf 91' lang='lat' dir='ltr'><strong>et</strong></span> <span class='ocrx_word' id='word_1_100' title='bbox 1701 1293 1845 1359; x_wconf 85' lang='lat' dir='ltr'><strong>justo</strong></span> 
     </span>
    </p>
   </div>
   <div class='ocr_carea' id='block_1_13' title="bbox 257 1383 1844 1452">
    <p class='ocr_par' dir='ltr' id='par_1_13' title="bbox 257 1383 1844 1452">
     <span class='ocr_line' id='line_1_13' title="bbox 257 1383 1844 1452; baseline -0.001 -15"><span class='ocrx_word' id='word_1_101' title='bbox 257 1386 506 1439; x_wconf 85' lang='lat' dir='ltr'><strong>liduciam</strong></span> <span class='ocrx_word' id='word_1_102' title='bbox 550 1385 777 1450; x_wconf 91' lang='lat' dir='ltr'><strong>indidit,</strong></span> <span class='ocrx_word' id='word_1_103' title='bbox 809 1393 862 1437; x_wconf 92' lang='lat' dir='ltr'><strong>et</strong></span> <span class='ocrx_word' id='word_1_104' title='bbox 896 1383 1029 1436; x_wconf 82' lang='lat' dir='ltr'><strong>facta</strong></span> <span class='ocrx_word' id='word_1_105' title='bbox 1062 1383 1223 1452; x_wconf 82' lang='lat' dir='ltr'><strong>patris</strong></span> <span class='ocrx_word' id='word_1_106' title='bbox 1249 1385 1517 1437; x_wconf 89' lang='lat' dir='ltr'><strong>mentione</strong></span> <span class='ocrx_word' id='word_1_107' title='bbox 1541 1424 1556 1448; x_wconf 92' lang='lat'><strong>,</strong></span> <span class='ocrx_word' id='word_1_108' title='bbox 1583 1383 1650 1438; x_wconf 86' lang='lat' dir='ltr'><strong>ad</strong></span> <span class='ocrx_word' id='word_1_109' title='bbox 1681 1399 1844 1436; x_wconf 72' lang='lat' dir='ltr'><strong>temu-</strong></span> 
     </span>
    </p>
   </div>
   <div class='ocr_carea' id='block_1_14' title="bbox 255 1476 1844 1546">
    <p class='ocr_par' dir='ltr' id='par_1_14' title="bbox 255 1476 1844 1546">
     <span class='ocr_line' id='line_1_14' title="bbox 255 1476 1844 1546; baseline -0.001 -15"><span class='ocrx_word' id='word_1_110' title='bbox 255 1477 470 1532; x_wconf 85' lang='lat' dir='ltr'><strong>landam</strong></span> <span class='ocrx_word' id='word_1_111' title='bbox 490 1488 758 1546; x_wconf 77' lang='lat' dir='ltr'><strong>paternam</strong></span> <span class='ocrx_word' id='word_1_112' title='bbox 774 1477 1016 1530; x_wconf 89' lang='lat' dir='ltr'><strong>virtutem</strong></span> <span class='ocrx_word' id='word_1_113' title='bbox 1034 1477 1352 1544; x_wconf 81' lang='lat' dir='ltr'><strong>provocavit.</strong></span> <span class='ocrx_word' id='word_1_114' title='bbox 1371 1476 1654 1545; x_wconf 79' lang='lat' dir='ltr'><strong>Postquam</strong></span> <span class='ocrx_word' id='word_1_115' title='bbox 1669 1484 1844 1530; x_wconf 70' lang='lat' dir='ltr'><strong>autem</strong></span> 
     </span>
    </p>
   </div>
   <div class='ocr_carea' id='block_1_15' title="bbox 256 1567 1841 1638">
    <p class='ocr_par' dir='ltr' id='par_1_15' title="bbox 256 1567 1841 1638">
     <span class='ocr_line' id='line_1_15' title="bbox 256 1567 1841 1638; baseline -0.001 -15"><span class='ocrx_word' id='word_1_116' title='bbox 256 1579 403 1624; x_wconf 82' lang='lat' dir='ltr'><strong>tanta</strong></span> <span class='ocrx_word' id='word_1_117' title='bbox 425 1571 472 1622; x_wconf 84' lang='lat' dir='ltr'><strong>ei</strong></span> <span class='ocrx_word' id='word_1_118' title='bbox 492 1570 626 1622; x_wconf 87' lang='lat' dir='ltr'><strong>bona</strong></span> <span class='ocrx_word' id='word_1_119' title='bbox 647 1569 906 1638; x_wconf 86' lang='lat' dir='ltr'><strong>promisit,</strong></span> <span class='ocrx_word' id='word_1_120' title='bbox 925 1569 1014 1623; x_wconf 73' lang='lat'><strong>25.</strong></span> <span class='ocrx_word' id='word_1_121' title='bbox 1031 1567 1350 1635; x_wconf 77' lang='lat' dir='ltr'><strong>AS&#39;di/icavit,</strong></span> <span class='ocrx_word' id='word_1_122' title='bbox 1375 1569 1561 1637; x_wconf 83' lang='lat' dir='ltr'><strong>inquit,</strong></span> <span class='ocrx_word' id='word_1_123' title='bbox 1582 1569 1648 1622; x_wconf 87' lang='lat' dir='ltr'><strong>ibi</strong></span> <span class='ocrx_word' id='word_1_124' title='bbox 1663 1570 1841 1634; x_wconf 85' lang='lat' dir='ltr'><strong>altare,</strong></span> 
     </span>
    </p>
   </div>
   <div class='ocr_carea' id='block_1_16' title="bbox 255 1659 1847 1727">
    <p class='ocr_par' dir='ltr' id='par_1_16' title="bbox 255 1659 1847 1727">
     <span class='ocr_line' id='line_1_16' title="bbox 255 1659 1847 1727; baseline 0 -13"><span class='ocrx_word' id='word_1_125' title='bbox 255 1670 303 1714; x_wconf 85' lang='lat' dir='ltr'><strong>et</strong></span> <span class='ocrx_word' id='word_1_126' title='bbox 345 1661 593 1727; x_wconf 73' lang='lat' dir='ltr'><strong>invocavit</strong></span> <span class='ocrx_word' id='word_1_127' title='bbox 621 1677 802 1713; x_wconf 81' lang='lat' dir='ltr'><strong>nomen</strong></span> <span class='ocrx_word' id='word_1_128' title='bbox 832 1659 1067 1722; x_wconf 82' lang='lat' dir='ltr'><strong>Domini,</strong></span> <span class='ocrx_word' id='word_1_129' title='bbox 1098 1669 1142 1712; x_wconf 89' lang='lat' dir='ltr'><strong>et</strong></span> <span class='ocrx_word' id='word_1_130' title='bbox 1183 1660 1292 1727; x_wconf 68' lang='lat' dir='ltr'><strong>ﬁxit</strong></span> <span class='ocrx_word' id='word_1_131' title='bbox 1331 1661 1436 1714; x_wconf 86' lang='lat' dir='ltr'><strong>illic</strong></span> <span class='ocrx_word' id='word_1_132' title='bbox 1473 1661 1847 1716; x_wconf 70' lang='lat' dir='ltr'><strong>tabernaculum</strong></span> 
     </span>
    </p>
   </div>
   <div class='ocr_carea' id='block_1_17' title="bbox 255 1750 1850 1819">
    <p class='ocr_par' dir='ltr' id='par_1_17' title="bbox 255 1750 1850 1819">
     <span class='ocr_line' id='line_1_17' title="bbox 255 1750 1850 1819; baseline 0.003 -17"><span class='ocrx_word' id='word_1_133' title='bbox 255 1768 429 1808; x_wconf 85' lang='lat' dir='ltr'><strong>suum.</strong></span> <span class='ocrx_word' id='word_1_134' title='bbox 450 1750 585 1818; x_wconf 86' lang='lat' dir='ltr'><strong>Quid</strong></span> <span class='ocrx_word' id='word_1_135' title='bbox 602 1760 705 1817; x_wconf 69' lang='lat' dir='ltr'><strong>est,</strong></span> <span class='ocrx_word' id='word_1_136' title='bbox 728 1750 1024 1819; x_wconf 61' lang='lat' dir='ltr'><strong>Aldi/icavit</strong></span> <span class='ocrx_word' id='word_1_137' title='bbox 1045 1752 1148 1805; x_wconf 85' lang='lat' dir='ltr'><strong>illic</strong></span> <span class='ocrx_word' id='word_1_138' title='bbox 1165 1751 1358 1806; x_wconf 83' lang='lat' dir='ltr'><strong>altare?</strong></span> <span class='ocrx_word' id='word_1_139' title='bbox 1374 1751 1672 1807; x_wconf 81' lang='lat' dir='ltr'><strong>Gratiarum</strong></span> <span class='ocrx_word' id='word_1_140' title='bbox 1693 1753 1850 1808; x_wconf 86' lang='lat' dir='ltr'><strong>actio-</strong></span> 
     </span>
    </p>
   </div>
   <div class='ocr_carea' id='block_1_18' title="bbox 255 1843 1850 1913">
    <p class='ocr_par' dir='ltr' id='par_1_18' title="bbox 255 1843 1850 1913">
     <span class='ocr_line' id='line_1_18' title="bbox 255 1843 1850 1913; baseline -0.001 -18"><span class='ocrx_word' id='word_1_141' title='bbox 255 1858 377 1907; x_wconf 84' lang='lat' dir='ltr'><strong>nes,</strong></span> <span class='ocrx_word' id='word_1_142' title='bbox 395 1843 584 1911; x_wconf 85' lang='lat' dir='ltr'><strong>inquit,</strong></span> <span class='ocrx_word' id='word_1_143' title='bbox 601 1843 706 1896; x_wconf 90' lang='lat' dir='ltr'><strong>illic</strong></span> <span class='ocrx_word' id='word_1_144' title='bbox 725 1843 946 1898; x_wconf 91' lang='lat' dir='ltr'><strong>Domino</strong></span> <span class='ocrx_word' id='word_1_145' title='bbox 963 1843 1166 1907; x_wconf 88' lang='lat' dir='ltr'><strong>obtulit,</strong></span> <span class='ocrx_word' id='word_1_146' title='bbox 1183 1844 1268 1911; x_wconf 87' lang='lat' dir='ltr'><strong>qui</strong></span> <span class='ocrx_word' id='word_1_147' title='bbox 1287 1852 1480 1896; x_wconf 86' lang='lat' dir='ltr'><strong>tantam</strong></span> <span class='ocrx_word' id='word_1_148' title='bbox 1498 1859 1590 1913; x_wconf 89' lang='lat' dir='ltr'><strong>pro</strong></span> <span class='ocrx_word' id='word_1_149' title='bbox 1603 1859 1660 1898; x_wconf 90' lang='lat' dir='ltr'><strong>se</strong></span> <span class='ocrx_word' id='word_1_150' title='bbox 1670 1860 1850 1913; x_wconf 67' lang='lat' dir='ltr'><strong>gesse-</strong></span> 
     </span>
    </p>
   </div>
   <div class='ocr_carea' id='block_1_19' title="bbox 257 1932 1844 2004">
    <p class='ocr_par' dir='ltr' id='par_1_19' title="bbox 257 1932 1844 2004">
     <span class='ocr_line' id='line_1_19' title="bbox 257 1932 1844 2004; baseline 0.003 -20"><span class='ocrx_word' id='word_1_151' title='bbox 257 1941 340 1984; x_wconf 88' lang='lat' dir='ltr'><strong>rat</strong></span> <span class='ocrx_word' id='word_1_152' title='bbox 358 1933 794 1987; x_wconf 89' lang='lat' dir='ltr'><strong>sollicitudinem.</strong></span> <span class='ocrx_word' id='word_1_153' title='bbox 822 1932 889 1985; x_wconf 83' lang='lat' dir='ltr'><strong>Et</strong></span> <span class='ocrx_word' id='word_1_154' title='bbox 910 1934 1145 2004; x_wconf 87' lang='lat' dir='ltr'><strong>foderunt</strong></span> <span class='ocrx_word' id='word_1_155' title='bbox 1167 1935 1270 1987; x_wconf 88' lang='lat' dir='ltr'><strong>illic</strong></span> <span class='ocrx_word' id='word_1_156' title='bbox 1285 1935 1427 2003; x_wconf 77' lang='lat' dir='ltr'><strong>pueri</strong></span> <span class='ocrx_word' id='word_1_157' title='bbox 1452 1934 1604 1988; x_wconf 86' lang='lat' dir='ltr'><strong>Isaac</strong></span> <span class='ocrx_word' id='word_1_158' title='bbox 1623 1946 1844 2004; x_wconf 83' lang='lat' dir='ltr'><strong>puteum.</strong></span> 
     </span>
    </p>
   </div>
   <div class='ocr_carea' id='block_1_20' title="bbox 263 2022 1847 2095">
    <p class='ocr_par' dir='ltr' id='par_1_20' title="bbox 263 2022 1847 2095">
     <span class='ocr_line' id='line_1_20' title="bbox 263 2022 1847 2095; baseline 0.003 -19"><span class='ocrx_word' id='word_1_159' title='bbox 263 2022 486 2077; x_wconf 87' lang='lat' dir='ltr'><strong>Detnum</strong></span> <span class='ocrx_word' id='word_1_160' title='bbox 528 2039 647 2076; x_wconf 90' lang='lat' dir='ltr'><strong>cum</strong></span> <span class='ocrx_word' id='word_1_161' title='bbox 682 2024 975 2078; x_wconf 87' lang='lat' dir='ltr'><strong>securitare</strong></span> <span class='ocrx_word' id='word_1_162' title='bbox 1005 2024 1150 2094; x_wconf 91' lang='lat' dir='ltr'><strong>degit</strong></span> <span class='ocrx_word' id='word_1_163' title='bbox 1173 2025 1350 2093; x_wconf 90' lang='lat' dir='ltr'><strong>justus</strong></span> <span class='ocrx_word' id='word_1_164' title='bbox 1384 2046 1397 2080; x_wconf 87' lang='lat'>:</span> <span class='ocrx_word' id='word_1_165' title='bbox 1431 2041 1551 2079; x_wconf 90' lang='lat' dir='ltr'><strong>nam</strong></span> <span class='ocrx_word' id='word_1_166' title='bbox 1580 2027 1666 2095; x_wconf 91' lang='lat' dir='ltr'><strong>qui</strong></span> <span class='ocrx_word' id='word_1_167' title='bbox 1697 2027 1847 2080; x_wconf 81' lang='lat' dir='ltr'><strong>dixe-</strong></span> 
     </span>
    </p>
   </div>
   <div class='ocr_carea' id='block_1_21' title="bbox 261 2114 1849 2185">
    <p class='ocr_par' dir='ltr' id='par_1_21' title="bbox 261 2114 1849 2185">
     <span class='ocr_line' id='line_1_21' title="bbox 261 2114 1849 2185; baseline 0.003 -19"><span class='ocrx_word' id='word_1_168' title='bbox 261 2125 337 2166; x_wconf 73' lang='lat' dir='ltr'><strong>rat</strong></span> <span class='ocrx_word' id='word_1_169' title='bbox 365 2155 378 2176; x_wconf 92' lang='lat'><strong>,</strong></span> <span class='ocrx_word' id='word_1_170' title='bbox 420 2114 528 2184; x_wconf 76' lang='lat' dir='ltr'><strong>Ego</strong></span> <span class='ocrx_word' id='word_1_171' title='bbox 559 2125 719 2168; x_wconf 79' lang='lat' dir='ltr'><strong>tecum</strong></span> <span class='ocrx_word' id='word_1_172' title='bbox 743 2131 886 2181; x_wconf 87' lang='lat' dir='ltr'><strong>sum,</strong></span> <span class='ocrx_word' id='word_1_173' title='bbox 920 2124 965 2167; x_wconf 87' lang='lat' dir='ltr'><strong>et</strong></span> <span class='ocrx_word' id='word_1_174' title='bbox 1005 2115 1290 2170; x_wconf 80' lang='lat' dir='ltr'><strong>bencdicam</strong></span> <span class='ocrx_word' id='word_1_175' title='bbox 1317 2125 1394 2183; x_wconf 81' lang='lat' dir='ltr'><strong>te,</strong></span> <span class='ocrx_word' id='word_1_176' title='bbox 1424 2126 1470 2170; x_wconf 89' lang='lat' dir='ltr'><strong>ct</strong></span> <span class='ocrx_word' id='word_1_177' title='bbox 1506 2118 1849 2185; x_wconf 82' lang='lat' dir='ltr'><strong>multiplicabo</strong></span> 
     </span>
    </p>
   </div>
   <div class='ocr_carea' id='block_1_22' title="bbox 256 2206 1850 2274">
    <p class='ocr_par' dir='ltr' id='par_1_22' title="bbox 256 2206 1850 2274">
     <span class='ocr_line' id='line_1_22' title="bbox 256 2206 1850 2274; baseline 0.004 -17"><span class='ocrx_word' id='word_1_178' title='bbox 256 2222 429 2258; x_wconf 76' lang='lat' dir='ltr'><strong>semen</strong></span> <span class='ocrx_word' id='word_1_179' title='bbox 453 2217 592 2258; x_wconf 87' lang='lat' dir='ltr'><strong>tuum</strong></span> <span class='ocrx_word' id='word_1_180' title='bbox 617 2223 636 2259; x_wconf 91' lang='lat'><strong><em>:</em></strong></span> <span class='ocrx_word' id='word_1_181' title='bbox 665 2207 776 2274; x_wconf 85' lang='lat' dir='ltr'><strong>ipse</strong></span> <span class='ocrx_word' id='word_1_182' title='bbox 802 2206 960 2260; x_wconf 86' lang='lat' dir='ltr'><strong>simul</strong></span> <span class='ocrx_word' id='word_1_183' title='bbox 981 2222 1099 2260; x_wconf 92' lang='lat' dir='ltr'><strong>eum</strong></span> <span class='ocrx_word' id='word_1_184' title='bbox 1124 2217 1176 2261; x_wconf 91' lang='lat' dir='ltr'><strong>et</strong></span> <span class='ocrx_word' id='word_1_185' title='bbox 1205 2208 1503 2273; x_wconf 80' lang='lat' dir='ltr'><strong>illustravit,</strong></span> <span class='ocrx_word' id='word_1_186' title='bbox 1531 2217 1586 2263; x_wconf 92' lang='lat' dir='ltr'><strong>et</strong></span> <span class='ocrx_word' id='word_1_187' title='bbox 1606 2211 1850 2264; x_wconf 90' lang='lat' dir='ltr'><strong>omnibus</strong></span> 
     </span>
    </p>
   </div>
   <div class='ocr_carea' id='block_1_23' title="bbox 261 2295 1847 2369">
    <p class='ocr_par' dir='ltr' id='par_1_23' title="bbox 261 2295 1847 2369">
     <span class='ocr_line' id='line_1_23' title="bbox 261 2295 1847 2369; baseline 0.003 -21"><span class='ocrx_word' id='word_1_188' title='bbox 261 2295 386 2350; x_wconf 73' lang='lat' dir='ltr'><strong>fecit</strong></span> <span class='ocrx_word' id='word_1_189' title='bbox 427 2297 792 2365; x_wconf 78' lang='lat' dir='ltr'><strong>spectabilem.</strong></span> <span class='ocrx_word' id='word_1_190' title='bbox 841 2297 1020 2365; x_wconf 79' lang='lat' dir='ltr'><strong>Itaque</strong></span> <span class='ocrx_word' id='word_1_191' title='bbox 1048 2297 1167 2351; x_wconf 84' lang='lat' dir='ltr'><strong>vide</strong></span> <span class='ocrx_word' id='word_1_192' title='bbox 1199 2298 1503 2353; x_wconf 75' lang='lat' dir='ltr'><strong>Abimclech</strong></span> <span class='ocrx_word' id='word_1_193' title='bbox 1539 2300 1685 2354; x_wconf 90' lang='lat' dir='ltr'><strong>illum</strong></span> <span class='ocrx_word' id='word_1_194' title='bbox 1716 2342 1728 2365; x_wconf 91' lang='lat'><strong>,</strong></span> <span class='ocrx_word' id='word_1_195' title='bbox 1759 2301 1847 2369; x_wconf 86' lang='lat' dir='ltr'><strong>qui</strong></span> 
     </span>
    </p>
   </div>
   <div class='ocr_carea' id='block_1_24' title="bbox 258 2388 1850 2458">
    <p class='ocr_par' dir='ltr' id='par_1_24' title="bbox 258 2388 1850 2458">
     <span class='ocr_line' id='line_1_24' title="bbox 258 2388 1850 2458; baseline 0.005 -20"><span class='ocrx_word' id='word_1_196' title='bbox 258 2388 480 2458; x_wconf 75' lang='lat' dir='ltr'><strong>abigere</strong></span> <span class='ocrx_word' id='word_1_197' title='bbox 506 2405 626 2442; x_wconf 91' lang='lat' dir='ltr'><strong>eum</strong></span> <span class='ocrx_word' id='word_1_198' title='bbox 654 2403 934 2458; x_wconf 80' lang='lat' dir='ltr'><strong>aggressus</strong></span> <span class='ocrx_word' id='word_1_199' title='bbox 965 2398 1067 2453; x_wconf 89' lang='lat' dir='ltr'><strong>est,</strong></span> <span class='ocrx_word' id='word_1_200' title='bbox 1093 2403 1154 2443; x_wconf 85' lang='lat' dir='ltr'><strong>ac</strong></span> <span class='ocrx_word' id='word_1_201' title='bbox 1179 2389 1332 2454; x_wconf 85' lang='lat' dir='ltr'><strong>dixit,</strong></span> <span class='ocrx_word' id='word_1_202' title='bbox 1360 2389 1454 2443; x_wconf 87' lang='lat' dir='ltr'><strong>Abi</strong></span> <span class='ocrx_word' id='word_1_203' title='bbox 1473 2407 1504 2443; x_wconf 93' lang='lat' dir='ltr'><strong>a</strong></span> <span class='ocrx_word' id='word_1_204' title='bbox 1527 2391 1684 2458; x_wconf 85' lang='lat' dir='ltr'><strong>nobis,</strong></span> <span class='ocrx_word' id='word_1_205' title='bbox 1711 2407 1850 2446; x_wconf 91' lang='lat' dir='ltr'><strong>nunc</strong></span> 
     </span>
    </p>
   </div>
   <div class='ocr_carea' id='block_1_25' title="bbox 256 2480 1848 2552">
    <p class='ocr_par' dir='ltr' id='par_1_25' title="bbox 256 2480 1848 2552">
     <span class='ocr_line' id='line_1_25' title="bbox 256 2480 1848 2552; baseline 0.001 -18"><span class='ocrx_word' id='word_1_206' title='bbox 256 2482 325 2534; x_wconf 87' lang='lat' dir='ltr'><strong>ad</strong></span> <span class='ocrx_word' id='word_1_207' title='bbox 354 2497 478 2541; x_wconf 86' lang='lat' dir='ltr'><strong>eum</strong></span> <span class='ocrx_word' id='word_1_208' title='bbox 511 2480 867 2536; x_wconf 85' lang='lat' dir='ltr'><strong>accedentem.</strong></span> <span class='ocrx_word' id='word_1_209' title='bbox 897 2481 986 2537; x_wconf 67' lang='lat'><strong>26.</strong></span> <span class='ocrx_word' id='word_1_210' title='bbox 1015 2480 1113 2534; x_wconf 87' lang='lat' dir='ltr'><strong>Ivit</strong></span> <span class='ocrx_word' id='word_1_211' title='bbox 1143 2483 1303 2548; x_wconf 91' lang='lat' dir='ltr'><strong>enim,</strong></span> <span class='ocrx_word' id='word_1_212' title='bbox 1330 2483 1514 2552; x_wconf 79' lang='lat' dir='ltr'><strong>inquit,</strong></span> <span class='ocrx_word' id='word_1_213' title='bbox 1541 2483 1848 2550; x_wconf 78' lang='lat' dir='ltr'><strong>Abimeleclt,</strong></span> 
     </span>
    </p>
   </div>
   <div class='ocr_carea' id='block_1_26' title="bbox 259 2572 1852 2642">
    <p class='ocr_par' dir='ltr' id='par_1_26' title="bbox 259 2572 1852 2642">
     <span class='ocr_line' id='line_1_26' title="bbox 259 2572 1852 2642; baseline 0.003 -19"><span class='ocrx_word' id='word_1_214' title='bbox 259 2583 308 2623; x_wconf 84' lang='lat' dir='ltr'><strong>et</strong></span> <span class='ocrx_word' id='word_1_215' title='bbox 339 2576 610 2641; x_wconf 79' lang='lat' dir='ltr'><strong>prtefectus</strong></span> <span class='ocrx_word' id='word_1_216' title='bbox 635 2573 857 2642; x_wconf 77' lang='lat' dir='ltr'><strong>gyncecei</strong></span> <span class='ocrx_word' id='word_1_217' title='bbox 883 2581 927 2625; x_wconf 91' lang='lat' dir='ltr'><strong>et</strong></span> <span class='ocrx_word' id='word_1_218' title='bbox 951 2572 1056 2626; x_wconf 78' lang='lat' dir='ltr'><strong>dux</strong></span> <span class='ocrx_word' id='word_1_219' title='bbox 1079 2573 1322 2625; x_wconf 75' lang='lat' dir='ltr'><strong>exercitus</strong></span> <span class='ocrx_word' id='word_1_220' title='bbox 1349 2574 1493 2642; x_wconf 83' lang='lat' dir='ltr'><strong>ejus;</strong></span> <span class='ocrx_word' id='word_1_221' title='bbox 1523 2572 1612 2629; x_wconf 78' lang='grc'><strong>28.</strong></span> <span class='ocrx_word' id='word_1_222' title='bbox 1646 2584 1691 2626; x_wconf 86' lang='lat' dir='ltr'><strong>et</strong></span> <span class='ocrx_word' id='word_1_223' title='bbox 1723 2574 1852 2627; x_wconf 78' lang='lat' dir='ltr'><strong>dixit</strong></span> 
     </span>
    </p>
   </div>
   <div class='ocr_carea' id='block_1_27' title="bbox 258 2662 1853 2726">
    <p class='ocr_par' dir='ltr' id='par_1_27' title="bbox 258 2662 1853 2726">
     <span class='ocr_line' id='line_1_27' title="bbox 258 2662 1853 2726; baseline 0.002 -12"><span class='ocrx_word' id='word_1_224' title='bbox 258 2664 332 2715; x_wconf 85' lang='lat' dir='ltr'><strong>eis</strong></span> <span class='ocrx_word' id='word_1_225' title='bbox 371 2662 524 2714; x_wconf 81' lang='lat' dir='ltr'><strong>Isaac</strong></span> <span class='ocrx_word' id='word_1_226' title='bbox 567 2678 584 2715; x_wconf 92' lang='lat'><em>:</em></span> <span class='ocrx_word' id='word_1_227' title='bbox 623 2664 794 2726; x_wconf 82' lang='lat' dir='ltr'><strong>Quare</strong></span> <span class='ocrx_word' id='word_1_228' title='bbox 831 2662 1031 2716; x_wconf 88' lang='lat' dir='ltr'><strong>venistis</strong></span> <span class='ocrx_word' id='word_1_229' title='bbox 1070 2663 1137 2714; x_wconf 88' lang='lat' dir='ltr'><strong>ad</strong></span> <span class='ocrx_word' id='word_1_230' title='bbox 1171 2663 1289 2715; x_wconf 85' lang='lat' dir='ltr'><strong>me?</strong></span> <span class='ocrx_word' id='word_1_231' title='bbox 1319 2678 1402 2716; x_wconf 85' lang='lat' dir='ltr'><strong>vos</strong></span> <span class='ocrx_word' id='word_1_232' title='bbox 1434 2674 1601 2716; x_wconf 88' lang='lat' dir='ltr'><strong>autem</strong></span> <span class='ocrx_word' id='word_1_233' title='bbox 1630 2665 1746 2716; x_wconf 85' lang='lat' dir='ltr'><strong>odio</strong></span> <span class='ocrx_word' id='word_1_234' title='bbox 1776 2680 1853 2717; x_wconf 91' lang='lat' dir='ltr'><strong>me</strong></span> 
     </span>
    </p>
   </div>
   <div class='ocr_carea' id='block_1_28' title="bbox 261 2752 1850 2824">
    <p class='ocr_par' dir='ltr' id='par_1_28' title="bbox 261 2752 1850 2824">
     <span class='ocr_line' id='line_1_28' title="bbox 261 2752 1850 2824; baseline 0.004 -21"><span class='ocrx_word' id='word_1_235' title='bbox 261 2752 533 2818; x_wconf 75' lang='lat' dir='ltr'><strong>habuistis,</strong></span> <span class='ocrx_word' id='word_1_236' title='bbox 566 2762 612 2806; x_wconf 84' lang='lat' dir='ltr'><strong>et</strong></span> <span class='ocrx_word' id='word_1_237' title='bbox 639 2752 902 2822; x_wconf 74' lang='lat' dir='ltr'><strong>expulistis</strong></span> <span class='ocrx_word' id='word_1_238' title='bbox 932 2770 962 2806; x_wconf 93' lang='lat' dir='ltr'><strong>a</strong></span> <span class='ocrx_word' id='word_1_239' title='bbox 989 2753 1142 2807; x_wconf 89' lang='lat' dir='ltr'><strong>vobis.</strong></span> <span class='ocrx_word' id='word_1_240' title='bbox 1180 2753 1338 2820; x_wconf 90' lang='lat' dir='ltr'><strong>Vide,</strong></span> <span class='ocrx_word' id='word_1_241' title='bbox 1369 2753 1593 2808; x_wconf 86' lang='lat' dir='ltr'><strong>obsecro</strong></span> <span class='ocrx_word' id='word_1_242' title='bbox 1613 2797 1625 2814; x_wconf 81' lang='lat'><strong>,</strong></span> <span class='ocrx_word' id='word_1_243' title='bbox 1656 2764 1850 2824; x_wconf 84' lang='lat' dir='ltr'><strong>quanta</strong></span> 
     </span>
    </p>
   </div>
   <div class='ocr_carea' id='block_1_29' title="bbox 259 2843 1849 2916">
    <p class='ocr_par' dir='ltr' id='par_1_29' title="bbox 259 2843 1849 2916">
     <span class='ocr_line' id='line_1_29' title="bbox 259 2843 1849 2916; baseline 0.001 -18"><span class='ocrx_word' id='word_1_244' title='bbox 259 2845 334 2898; x_wconf 86' lang='lat' dir='ltr'><strong>sit</strong></span> <span class='ocrx_word' id='word_1_245' title='bbox 354 2843 708 2899; x_wconf 84' lang='lat' dir='ltr'><strong>mansuetudo</strong></span> <span class='ocrx_word' id='word_1_246' title='bbox 727 2844 874 2913; x_wconf 88' lang='lat' dir='ltr'><strong>justi.</strong></span> <span class='ocrx_word' id='word_1_247' title='bbox 903 2845 1096 2900; x_wconf 88' lang='lat' dir='ltr'><strong>Videns</strong></span> <span class='ocrx_word' id='word_1_248' title='bbox 1117 2860 1208 2901; x_wconf 90' lang='lat' dir='ltr'><strong>eos</strong></span> <span class='ocrx_word' id='word_1_249' title='bbox 1228 2861 1258 2900; x_wconf 88' lang='lat' dir='ltr'><strong>a</strong></span> <span class='ocrx_word' id='word_1_250' title='bbox 1279 2847 1469 2915; x_wconf 89' lang='lat' dir='ltr'><strong>quibus</strong></span> <span class='ocrx_word' id='word_1_251' title='bbox 1488 2846 1698 2916; x_wconf 77' lang='lat' dir='ltr'><strong>fugatus</strong></span> <span class='ocrx_word' id='word_1_252' title='bbox 1715 2856 1849 2915; x_wconf 87' lang='lat' dir='ltr'><strong>erat,</strong></span> 
     </span>
    </p>
   </div>
   <div class='ocr_carea' id='block_1_30' title="bbox 259 2934 1849 3005">
    <p class='ocr_par' dir='ltr' id='par_1_30' title="bbox 259 2934 1849 3005">
     <span class='ocr_line' id='line_1_30' title="bbox 259 2934 1849 3005; baseline 0.003 -18"><span class='ocrx_word' id='word_1_253' title='bbox 259 2945 317 2988; x_wconf 88' lang='lat' dir='ltr'><strong>et</strong></span> <span class='ocrx_word' id='word_1_254' title='bbox 348 2934 440 3004; x_wconf 89' lang='lat' dir='ltr'><strong>qui</strong></span> <span class='ocrx_word' id='word_1_255' title='bbox 467 2945 612 2988; x_wconf 89' lang='lat' dir='ltr'><strong>tanto</strong></span> <span class='ocrx_word' id='word_1_256' title='bbox 637 2950 757 2988; x_wconf 91' lang='lat' dir='ltr'><strong>eum</strong></span> <span class='ocrx_word' id='word_1_257' title='bbox 781 2935 905 2989; x_wconf 90' lang='lat' dir='ltr'><strong>odio</strong></span> <span class='ocrx_word' id='word_1_258' title='bbox 931 2934 1139 2990; x_wconf 81' lang='lat' dir='ltr'><strong>fuerant</strong></span> <span class='ocrx_word' id='word_1_259' title='bbox 1168 2937 1496 3005; x_wconf 86' lang='lat' dir='ltr'><strong>prosequuti,</strong></span> <span class='ocrx_word' id='word_1_260' title='bbox 1521 2953 1660 2991; x_wconf 92' lang='lat' dir='ltr'><strong>nunc</strong></span> <span class='ocrx_word' id='word_1_261' title='bbox 1687 2937 1849 2992; x_wconf 88' lang='lat' dir='ltr'><strong>veluti</strong></span> 
     </span>
    </p>
   </div>
   <div class='ocr_carea' id='block_1_31' title="bbox 260 3025 1848 3096">
    <p class='ocr_par' dir='ltr' id='par_1_31' title="bbox 260 3025 1848 3096">
     <span class='ocr_line' id='line_1_31' title="bbox 260 3025 1848 3096; baseline 0.003 -18"><span class='ocrx_word' id='word_1_262' title='bbox 260 3025 536 3093; x_wconf 84' lang='lat' dir='ltr'><strong>supplices</strong></span> <span class='ocrx_word' id='word_1_263' title='bbox 561 3025 626 3079; x_wconf 89' lang='lat' dir='ltr'><strong>ad</strong></span> <span class='ocrx_word' id='word_1_264' title='bbox 655 3041 712 3080; x_wconf 90' lang='lat' dir='ltr'><strong>se</strong></span> <span class='ocrx_word' id='word_1_265' title='bbox 735 3026 935 3091; x_wconf 86' lang='lat' dir='ltr'><strong>venire,</strong></span> <span class='ocrx_word' id='word_1_266' title='bbox 963 3041 1063 3080; x_wconf 92' lang='lat' dir='ltr'><strong>non</strong></span> <span class='ocrx_word' id='word_1_267' title='bbox 1087 3026 1378 3096; x_wconf 84' lang='lat' dir='ltr'><strong>superbivit</strong></span> <span class='ocrx_word' id='word_1_268' title='bbox 1403 3038 1585 3082; x_wconf 90' lang='lat' dir='ltr'><strong>contra</strong></span> <span class='ocrx_word' id='word_1_269' title='bbox 1607 3044 1719 3090; x_wconf 86' lang='lat' dir='ltr'><strong>eos.</strong></span> <span class='ocrx_word' id='word_1_270' title='bbox 1746 3043 1848 3082; x_wconf 87' lang='lat' dir='ltr'><strong>non</strong></span> 
     </span>
    </p>
   </div>
   <div class='ocr_carea' id='block_1_32' title="bbox 259 3116 1852 3186">
    <p class='ocr_par' dir='ltr' id='par_1_32' title="bbox 259 3116 1852 3186">
     <span class='ocr_line' id='line_1_32' title="bbox 259 3116 1852 3186; baseline 0.003 -19"><span class='ocrx_word' id='word_1_271' title='bbox 259 3116 408 3169; x_wconf 82' lang='lat' dir='ltr'><strong>elato</strong></span> <span class='ocrx_word' id='word_1_272' title='bbox 438 3116 532 3169; x_wconf 79' lang='lat' dir='ltr'><strong>fuit</strong></span> <span class='ocrx_word' id='word_1_273' title='bbox 581 3117 780 3183; x_wconf 86' lang='lat' dir='ltr'><strong>animo,</strong></span> <span class='ocrx_word' id='word_1_274' title='bbox 838 3132 1042 3177; x_wconf 86' lang='lat' dir='ltr'><strong>memor</strong></span> <span class='ocrx_word' id='word_1_275' title='bbox 1096 3133 1280 3171; x_wconf 89' lang='lat' dir='ltr'><strong>eorum</strong></span> <span class='ocrx_word' id='word_1_276' title='bbox 1328 3135 1445 3186; x_wconf 83' lang='lat' dir='ltr'><strong>quae</strong></span> <span class='ocrx_word' id='word_1_277' title='bbox 1489 3119 1587 3172; x_wconf 91' lang='lat' dir='ltr'><strong>sibi</strong></span> <span class='ocrx_word' id='word_1_278' title='bbox 1617 3134 1644 3171; x_wconf 87' lang='lat' dir='ltr'><strong>a</strong></span> <span class='ocrx_word' id='word_1_279' title='bbox 1673 3119 1852 3173; x_wconf 90' lang='lat' dir='ltr'><strong>Domi-</strong></span> 
     </span>
    </p>
   </div>
   <div class='ocr_carea' id='block_1_33' title="bbox 259 3208 1853 3279">
    <p class='ocr_par' dir='ltr' id='par_1_33' title="bbox 259 3208 1853 3279">
     <span class='ocr_line' id='line_1_33' title="bbox 259 3208 1853 3279; baseline 0.001 -17"><span class='ocrx_word' id='word_1_280' title='bbox 259 3224 334 3262; x_wconf 82' lang='lat' dir='ltr'><strong>no</strong></span> <span class='ocrx_word' id='word_1_281' title='bbox 367 3209 506 3262; x_wconf 83' lang='lat' dir='ltr'><strong>dicta</strong></span> <span class='ocrx_word' id='word_1_282' title='bbox 548 3208 792 3273; x_wconf 81' lang='lat' dir='ltr'><strong>inerant,</strong></span> <span class='ocrx_word' id='word_1_283' title='bbox 824 3224 993 3279; x_wconf 88' lang='lat' dir='ltr'><strong>neque</strong></span> <span class='ocrx_word' id='word_1_284' title='bbox 1024 3209 1215 3262; x_wconf 87' lang='lat' dir='ltr'><strong>virtute</strong></span> <span class='ocrx_word' id='word_1_285' title='bbox 1245 3210 1448 3262; x_wconf 89' lang='lat' dir='ltr'><strong>Domini</strong></span> <span class='ocrx_word' id='word_1_286' title='bbox 1482 3209 1646 3263; x_wconf 83' lang='lat' dir='ltr'><strong>fretus</strong></span> <span class='ocrx_word' id='word_1_287' title='bbox 1680 3210 1853 3263; x_wconf 90' lang='lat' dir='ltr'><strong>insur-</strong></span> 
     </span>
    </p>
   </div>
   <div class='ocr_carea' id='block_1_34' title="bbox 263 3299 1853 3367">
    <p class='ocr_par' dir='ltr' id='par_1_34' title="bbox 263 3299 1853 3367">
     <span class='ocr_line' id='line_1_34' title="bbox 263 3299 1853 3367; baseline 0.004 -18"><span class='ocrx_word' id='word_1_288' title='bbox 263 3299 405 3350; x_wconf 75' lang='lat' dir='ltr'><strong>rexit</strong></span> <span class='ocrx_word' id='word_1_289' title='bbox 451 3307 632 3352; x_wconf 82' lang='lat' dir='ltr'><strong>contra</strong></span> <span class='ocrx_word' id='word_1_290' title='bbox 666 3315 843 3367; x_wconf 77' lang='lat' dir='ltr'><strong>regem</strong></span> <span class='ocrx_word' id='word_1_291' title='bbox 876 3317 888 3350; x_wconf 94' lang='lat'><strong>:</strong></span> <span class='ocrx_word' id='word_1_292' title='bbox 917 3299 1009 3354; x_wconf 88' lang='lat' dir='ltr'><strong>sed</strong></span> <span class='ocrx_word' id='word_1_293' title='bbox 1047 3301 1238 3354; x_wconf 82' lang='lat' dir='ltr'><strong>iterrm</strong></span> <span class='ocrx_word' id='word_1_294' title='bbox 1267 3309 1574 3354; x_wconf 79' lang='lat' dir='ltr'><strong>consuetam</strong></span> <span class='ocrx_word' id='word_1_295' title='bbox 1608 3316 1853 3355; x_wconf 89' lang='lat' dir='ltr'><strong>mansue-</strong></span> 
     </span>
    </p>
   </div>
   <div class='ocr_carea' id='block_1_35' title="bbox 264 3388 1850 3461">
    <p class='ocr_par' dir='ltr' id='par_1_35' title="bbox 264 3388 1850 3461">
     <span class='ocr_line' id='line_1_35' title="bbox 264 3388 1850 3461; baseline 0.004 -21"><span class='ocrx_word' id='word_1_296' title='bbox 264 3388 506 3442; x_wconf 86' lang='lat' dir='ltr'><strong>tudinem</strong></span> <span class='ocrx_word' id='word_1_297' title='bbox 535 3405 641 3457; x_wconf 59' lang='lat' dir='ltr'><strong>prtc</strong></span> <span class='ocrx_word' id='word_1_298' title='bbox 666 3404 724 3443; x_wconf 85' lang='lat' dir='ltr'><strong>Sc</strong></span> <span class='ocrx_word' id='word_1_299' title='bbox 753 3389 949 3456; x_wconf 80' lang='lat' dir='ltr'><strong>ferens,</strong></span> <span class='ocrx_word' id='word_1_300' title='bbox 974 3405 1091 3444; x_wconf 88' lang='lat' dir='ltr'><strong>cum</strong></span> <span class='ocrx_word' id='word_1_301' title='bbox 1123 3406 1308 3461; x_wconf 81' lang='lat' dir='ltr'><strong>magna</strong></span> <span class='ocrx_word' id='word_1_302' title='bbox 1331 3391 1548 3446; x_wconf 79' lang='lat' dir='ltr'><strong>lenitate</strong></span> <span class='ocrx_word' id='word_1_303' title='bbox 1569 3393 1850 3446; x_wconf 78' lang='lat' dir='ltr'><strong>verborum</strong></span> 
     </span>
    </p>
   </div>
   <div class='ocr_carea' id='block_1_36' title="bbox 261 3476 1855 3543">
    <p class='ocr_par' dir='ltr' id='par_1_36' title="bbox 261 3476 1855 3543">
     <span class='ocr_line' id='line_1_36' title="bbox 261 3476 1855 3543; baseline 0.003 -13"><span class='ocrx_word' id='word_1_304' title='bbox 261 3476 402 3530; x_wconf 77' lang='lat' dir='ltr'><strong>dixit</strong></span> <span class='ocrx_word' id='word_1_305' title='bbox 441 3478 520 3532; x_wconf 89' lang='lat' dir='ltr'><strong>eis</strong></span> <span class='ocrx_word' id='word_1_306' title='bbox 551 3497 565 3531; x_wconf 85' lang='lat'><strong>:</strong></span> <span class='ocrx_word' id='word_1_307' title='bbox 599 3477 768 3543; x_wconf 86' lang='lat' dir='ltr'><strong>Quare</strong></span> <span class='ocrx_word' id='word_1_308' title='bbox 803 3480 1003 3532; x_wconf 81' lang='lat' dir='ltr'><strong>venistis</strong></span> <span class='ocrx_word' id='word_1_309' title='bbox 1032 3480 1100 3532; x_wconf 86' lang='lat' dir='ltr'><strong>ad</strong></span> <span class='ocrx_word' id='word_1_310' title='bbox 1143 3496 1219 3532; x_wconf 87' lang='lat' dir='ltr'><strong>me</strong></span> <span class='ocrx_word' id='word_1_311' title='bbox 1251 3481 1276 3532; x_wconf 78' lang='grc'><em>7</em></span> <span class='ocrx_word' id='word_1_312' title='bbox 1304 3497 1388 3534; x_wconf 88' lang='lat' dir='ltr'><strong>vos</strong></span> <span class='ocrx_word' id='word_1_313' title='bbox 1418 3493 1584 3534; x_wconf 89' lang='lat' dir='ltr'><strong>autem</strong></span> <span class='ocrx_word' id='word_1_314' title='bbox 1622 3481 1739 3534; x_wconf 90' lang='lat' dir='ltr'><strong>odio</strong></span> <span class='ocrx_word' id='word_1_315' title='bbox 1777 3499 1855 3536; x_wconf 88' lang='lat' dir='ltr'><strong>me</strong></span> 
     </span>
    </p>
   </div>
   <div class='ocr_carea' id='block_1_37' title="bbox 261 3570 1850 3643">
    <p class='ocr_par' dir='ltr' id='par_1_37' title="bbox 261 3570 1850 3643">
     <span class='ocr_line' id='line_1_37' title="bbox 261 3570 1850 3643; baseline 0.006 -23"><span class='ocrx_word' id='word_1_316' title='bbox 261 3570 544 3633; x_wconf 77' lang='lat' dir='ltr'><strong>habuistis,</strong></span> <span class='ocrx_word' id='word_1_317' title='bbox 578 3581 623 3624; x_wconf 85' lang='lat' dir='ltr'><strong>et</strong></span> <span class='ocrx_word' id='word_1_318' title='bbox 650 3586 680 3624; x_wconf 91' lang='lat' dir='ltr'><strong>a</strong></span> <span class='ocrx_word' id='word_1_319' title='bbox 705 3572 840 3626; x_wconf 82' lang='lat' dir='ltr'><strong>vobis</strong></span> <span class='ocrx_word' id='word_1_320' title='bbox 859 3573 1137 3642; x_wconf 70' lang='lat' dir='ltr'><strong>expulistis.</strong></span> <span class='ocrx_word' id='word_1_321' title='bbox 1169 3572 1374 3637; x_wconf 88' lang='lat' dir='ltr'><strong>Quare,</strong></span> <span class='ocrx_word' id='word_1_322' title='bbox 1410 3575 1608 3643; x_wconf 91' lang='lat' dir='ltr'><strong>inquit,</strong></span> <span class='ocrx_word' id='word_1_323' title='bbox 1638 3576 1850 3629; x_wconf 88' lang='lat' dir='ltr'><strong>censui-</strong></span> 
     </span>
    </p>
   </div>
   <div class='ocr_carea' id='block_1_38' title="bbox 261 3662 1851 3731">
    <p class='ocr_par' dir='ltr' id='par_1_38' title="bbox 261 3662 1851 3731">
     <span class='ocr_line' id='line_1_38' title="bbox 261 3662 1851 3731; baseline 0.005 -19"><span class='ocrx_word' id='word_1_324' title='bbox 261 3662 364 3713; x_wconf 83' lang='lat' dir='ltr'><strong>stis</strong></span> <span class='ocrx_word' id='word_1_325' title='bbox 401 3670 460 3715; x_wconf 88' lang='lat' dir='ltr'><strong>ttt</strong></span> <span class='ocrx_word' id='word_1_326' title='bbox 490 3663 638 3715; x_wconf 83' lang='lat' dir='ltr'><strong>vobis</strong></span> <span class='ocrx_word' id='word_1_327' title='bbox 664 3663 980 3716; x_wconf 78' lang='lat' dir='ltr'><strong>veniendqu</strong></span> <span class='ocrx_word' id='word_1_328' title='bbox 1021 3664 1086 3717; x_wconf 90' lang='lat' dir='ltr'><strong>sit</strong></span> <span class='ocrx_word' id='word_1_329' title='bbox 1128 3665 1192 3718; x_wconf 86' lang='lat' dir='ltr'><strong>ad</strong></span> <span class='ocrx_word' id='word_1_330' title='bbox 1226 3681 1310 3718; x_wconf 90' lang='lat' dir='ltr'><strong>me</strong></span> <span class='ocrx_word' id='word_1_331' title='bbox 1339 3667 1614 3731; x_wconf 81' lang='lat' dir='ltr'><strong>expulsum</strong></span> <span class='ocrx_word' id='word_1_332' title='bbox 1648 3675 1700 3720; x_wconf 89' lang='lat' dir='ltr'><strong>et</strong></span> <span class='ocrx_word' id='word_1_333' title='bbox 1729 3667 1851 3720; x_wconf 88' lang='lat' dir='ltr'><strong>odio</strong></span> 
     </span>
    </p>
   </div>
   <div class='ocr_carea' id='block_1_39' title="bbox 263 3751 1853 3824">
    <p class='ocr_par' dir='ltr' id='par_1_39' title="bbox 263 3751 1853 3824">
     <span class='ocr_line' id='line_1_39' title="bbox 263 3751 1853 3824; baseline 0.005 -20"><span class='ocrx_word' id='word_1_334' title='bbox 263 3751 548 3805; x_wconf 85' lang='lat' dir='ltr'><strong>habitum?</strong></span> <span class='ocrx_word' id='word_1_335' title='bbox 573 3753 660 3808; x_wconf 74' lang='lat'><strong>‘28.</strong></span> <span class='ocrx_word' id='word_1_336' title='bbox 693 3753 759 3806; x_wconf 81' lang='lat' dir='ltr'><strong>Et</strong></span> <span class='ocrx_word' id='word_1_337' title='bbox 791 3754 1022 3808; x_wconf 74' lang='lat' dir='ltr'><strong>dixerunt</strong></span> <span class='ocrx_word' id='word_1_338' title='bbox 1051 3770 1069 3807; x_wconf 88' lang='lat'><strong><em>:</em></strong></span> <span class='ocrx_word' id='word_1_339' title='bbox 1106 3754 1334 3808; x_wconf 72' lang='lat' dir='ltr'><strong>Videntes</strong></span> <span class='ocrx_word' id='word_1_340' title='bbox 1366 3757 1577 3810; x_wconf 85' lang='lat' dir='ltr'><strong>vidimus</strong></span> <span class='ocrx_word' id='word_1_341' title='bbox 1603 3760 1719 3824; x_wconf 85' lang='lat' dir='ltr'><strong>quia</strong></span> <span class='ocrx_word' id='word_1_342' title='bbox 1747 3759 1853 3812; x_wconf 87' lang='lat' dir='ltr'><strong>Do-</strong></span> 
     </span>
    </p>
   </div>
   <div class='ocr_carea' id='block_1_40' title="bbox 259 3844 1853 3907">
    <p class='ocr_par' dir='ltr' id='par_1_40' title="bbox 259 3844 1853 3907">
     <span class='ocr_line' id='line_1_40' title="bbox 259 3844 1853 3907; baseline 0.005 -13"><span class='ocrx_word' id='word_1_343' title='bbox 259 3845 434 3894; x_wconf 81' lang='lat' dir='ltr'><strong>minus</strong></span> <span class='ocrx_word' id='word_1_344' title='bbox 480 3853 639 3896; x_wconf 81' lang='lat' dir='ltr'><strong>terum</strong></span> <span class='ocrx_word' id='word_1_345' title='bbox 660 3885 674 3907; x_wconf 95' lang='lat'><strong>,</strong></span> <span class='ocrx_word' id='word_1_346' title='bbox 708 3854 753 3897; x_wconf 91' lang='lat' dir='ltr'><strong>et</strong></span> <span class='ocrx_word' id='word_1_347' title='bbox 783 3845 999 3898; x_wconf 73' lang='lat' dir='ltr'><strong>diximus</strong></span> <span class='ocrx_word' id='word_1_348' title='bbox 1026 3861 1044 3899; x_wconf 89' lang='lat'><strong><em>:</em></strong></span> <span class='ocrx_word' id='word_1_349' title='bbox 1072 3844 1190 3898; x_wconf 83' lang='lat' dir='ltr'><strong>Fiat</strong></span> <span class='ocrx_word' id='word_1_350' title='bbox 1233 3848 1502 3900; x_wconf 69' lang='lat' dir='ltr'><strong>exsecratio</strong></span> <span class='ocrx_word' id='word_1_351' title='bbox 1532 3849 1659 3902; x_wconf 85' lang='lat' dir='ltr'><strong>inter</strong></span> <span class='ocrx_word' id='word_1_352' title='bbox 1689 3865 1779 3901; x_wconf 88' lang='lat' dir='ltr'><strong>nos</strong></span> <span class='ocrx_word' id='word_1_353' title='bbox 1806 3858 1853 3902; x_wconf 88' lang='lat' dir='ltr'><strong>et</strong></span> 
     </span>
    </p>
   </div>
   <div class='ocr_carea' id='block_1_41' title="bbox 260 3935 1854 4006">
    <p class='ocr_par' dir='ltr' id='par_1_41' title="bbox 260 3935 1854 4006">
     <span class='ocr_line' id='line_1_41' title="bbox 260 3935 1854 4006; baseline 0.005 -22"><span class='ocrx_word' id='word_1_354' title='bbox 260 3938 398 3985; x_wconf 83' lang='lat' dir='ltr'><strong>inter</strong></span> <span class='ocrx_word' id='word_1_355' title='bbox 425 3945 471 3985; x_wconf 91' lang='lat' dir='ltr'><strong>te</strong></span> <span class='ocrx_word' id='word_1_356' title='bbox 491 3975 504 3998; x_wconf 91' lang='lat'><strong>,</strong></span> <span class='ocrx_word' id='word_1_357' title='bbox 537 3944 583 3988; x_wconf 91' lang='lat' dir='ltr'><strong>et</strong></span> <span class='ocrx_word' id='word_1_358' title='bbox 611 3935 930 4003; x_wconf 83' lang='lat' dir='ltr'><strong>disponemus</strong></span> <span class='ocrx_word' id='word_1_359' title='bbox 962 3935 1124 4006; x_wconf 69' lang='lat' dir='ltr'><strong>foedus</strong></span> <span class='ocrx_word' id='word_1_360' title='bbox 1155 3946 1352 4003; x_wconf 89' lang='lat' dir='ltr'><strong>tecum,</strong></span> <span class='ocrx_word' id='word_1_361' title='bbox 1383 3937 1471 3991; x_wconf 75' lang='lat'><strong>’29.</strong></span> <span class='ocrx_word' id='word_1_362' title='bbox 1503 3949 1556 3990; x_wconf 87' lang='lat' dir='ltr'><strong>ut</strong></span> <span class='ocrx_word' id='word_1_363' title='bbox 1582 3955 1641 3991; x_wconf 88' lang='lat' dir='ltr'><strong>ne</strong></span> <span class='ocrx_word' id='word_1_364' title='bbox 1677 3939 1854 4006; x_wconf 79' lang='lat' dir='ltr'><strong>feceris</strong></span> 
     </span>
    </p>
   </div>
   <div class='ocr_carea' id='block_1_42' title="bbox 261 4024 1853 4095">
    <p class='ocr_par' dir='ltr' id='par_1_42' title="bbox 261 4024 1853 4095">
     <span class='ocr_line' id='line_1_42' title="bbox 261 4024 1853 4095; baseline 0.006 -20"><span class='ocrx_word' id='word_1_365' title='bbox 261 4024 385 4076; x_wconf 79' lang='lat' dir='ltr'><strong>nobi</strong></span> <span class='ocrx_word' id='word_1_366' title='bbox 413 4041 527 4076; x_wconf 87' lang='lat' dir='ltr'><strong>cum</strong></span> <span class='ocrx_word' id='word_1_367' title='bbox 554 4025 740 4077; x_wconf 85' lang='lat' dir='ltr'><strong>mulum</strong></span> <span class='ocrx_word' id='word_1_368' title='bbox 758 4069 772 4088; x_wconf 90' lang='lat'><strong>,</strong></span> <span class='ocrx_word' id='word_1_369' title='bbox 797 4027 925 4078; x_wconf 65' lang='lat' dir='ltr'><strong>sicut</strong></span> <span class='ocrx_word' id='word_1_370' title='bbox 956 4043 1044 4080; x_wconf 87' lang='lat' dir='ltr'><strong>nas</strong></span> <span class='ocrx_word' id='word_1_371' title='bbox 1073 4043 1173 4080; x_wconf 89' lang='lat' dir='ltr'><strong>non</strong></span> <span class='ocrx_word' id='word_1_372' title='bbox 1203 4029 1477 4081; x_wconf 82' lang='lat' dir='ltr'><strong>abominati</strong></span> <span class='ocrx_word' id='word_1_373' title='bbox 1501 4045 1671 4082; x_wconf 85' lang='lat' dir='ltr'><strong>sumus</strong></span> <span class='ocrx_word' id='word_1_374' title='bbox 1697 4039 1774 4095; x_wconf 89' lang='lat' dir='ltr'><strong>te,</strong></span> <span class='ocrx_word' id='word_1_375' title='bbox 1807 4041 1853 4084; x_wconf 89' lang='lat' dir='ltr'><strong>et</strong></span> 
     </span>
    </p>
   </div>
   <div class='ocr_carea' id='block_1_43' title="bbox 260 4120 1854 4190">
    <p class='ocr_par' dir='ltr' id='par_1_43' title="bbox 260 4120 1854 4190">
     <span class='ocr_line' id='line_1_43' title="bbox 260 4120 1854 4190; baseline 0.008 -20"><span class='ocrx_word' id='word_1_376' title='bbox 260 4120 516 4185; x_wconf 57' lang='lat' dir='ltr'><strong>quomodo</strong></span> <span class='ocrx_word' id='word_1_377' title='bbox 549 4132 708 4175; x_wconf 77' lang='lat' dir='ltr'><strong>tecu;n</strong></span> <span class='ocrx_word' id='word_1_378' title='bbox 751 4123 869 4176; x_wconf 89' lang='lat' dir='ltr'><strong>bene</strong></span> <span class='ocrx_word' id='word_1_379' title='bbox 905 4140 1076 4177; x_wconf 87' lang='lat' dir='ltr'><strong>sumus</strong></span> <span class='ocrx_word' id='word_1_380' title='bbox 1116 4127 1231 4190; x_wconf 86' lang='lat' dir='ltr'><strong>usi,</strong></span> <span class='ocrx_word' id='word_1_381' title='bbox 1261 4137 1305 4178; x_wconf 90' lang='lat' dir='ltr'><strong>et</strong></span> <span class='ocrx_word' id='word_1_382' title='bbox 1351 4128 1630 4182; x_wconf 84' lang='lat' dir='ltr'><strong>dimisimus</strong></span> <span class='ocrx_word' id='word_1_383' title='bbox 1660 4139 1705 4182; x_wconf 91' lang='lat' dir='ltr'><strong>te</strong></span> <span class='ocrx_word' id='word_1_384' title='bbox 1740 4147 1854 4183; x_wconf 86' lang='lat' dir='ltr'><strong>cum</strong></span> 
     </span>
    </p>
   </div>
   <div class='ocr_carea' id='block_1_44' title="bbox 264 4215 1368 4279">
    <p class='ocr_par' dir='ltr' id='par_1_44' title="bbox 264 4215 1368 4279">
     <span class='ocr_line' id='line_1_44' title="bbox 264 4215 1368 4279; baseline 0.008 -17"><span class='ocrx_word' id='word_1_385' title='bbox 264 4228 414 4279; x_wconf 79' lang='lat' dir='ltr'><strong>pare,</strong></span> <span class='ocrx_word' id='word_1_386' title='bbox 447 4222 493 4263; x_wconf 89' lang='lat' dir='ltr'><strong>et</strong></span> <span class='ocrx_word' id='word_1_387' title='bbox 520 4231 652 4266; x_wconf 89' lang='lat' dir='ltr'><strong>nunc</strong></span> <span class='ocrx_word' id='word_1_388' title='bbox 679 4215 961 4268; x_wconf 77' lang='lat' dir='ltr'><strong>benedictus</strong></span> <span class='ocrx_word' id='word_1_389' title='bbox 989 4227 1041 4269; x_wconf 89' lang='lat' dir='ltr'><strong>tu</strong></span> <span class='ocrx_word' id='word_1_390' title='bbox 1070 4233 1102 4270; x_wconf 88' lang='lat' dir='ltr'><strong>a</strong></span> <span class='ocrx_word' id='word_1_391' title='bbox 1133 4217 1368 4272; x_wconf 85' lang='lat' dir='ltr'><strong>Domino.</strong></span> 
     </span>
    </p>
   </div>
   <div class='ocr_carea' id='block_1_45' title="bbox 335 4303 1853 4384">
    <p class='ocr_par' dir='ltr' id='par_1_45' title="bbox 335 4303 1853 4384">
     <span class='ocr_line' id='line_1_45' title="bbox 335 4303 1853 4384; baseline 0.01 -29"><span class='ocrx_word' id='word_1_392' title='bbox 335 4304 394 4355; x_wconf 64' lang='lat'><strong>.4.</strong></span> <span class='ocrx_word' id='word_1_393' title='bbox 442 4303 569 4357; x_wconf 89' lang='lat' dir='ltr'><strong>Vide</strong></span> <span class='ocrx_word' id='word_1_394' title='bbox 597 4314 848 4373; x_wconf 86' lang='lat' dir='ltr'><strong>quantum</strong></span> <span class='ocrx_word' id='word_1_395' title='bbox 877 4310 1294 4364; x_wconf 89' lang='lat' dir='ltr'><strong>mansuetudinis</strong></span> <span class='ocrx_word' id='word_1_396' title='bbox 1324 4313 1520 4378; x_wconf 91' lang='lat' dir='ltr'><strong>robur,</strong></span> <span class='ocrx_word' id='word_1_397' title='bbox 1555 4326 1853 4384; x_wconf 86' lang='lat' dir='ltr'><strong>quantaque</strong></span> 
     </span>
    </p>
   </div>
   <div class='ocr_carea' id='block_1_46' title="bbox 263 4393 1853 4472">
    <p class='ocr_par' dir='ltr' id='par_1_46' title="bbox 263 4393 1853 4472">
     <span class='ocr_line' id='line_1_46' title="bbox 263 4393 1853 4472; baseline 0.011 -28"><span class='ocrx_word' id='word_1_398' title='bbox 263 4393 479 4448; x_wconf 66' lang='lat' dir='ltr'><strong>virtutis</strong></span> <span class='ocrx_word' id='word_1_399' title='bbox 523 4397 775 4462; x_wconf 87' lang='lat' dir='ltr'><strong>potentia.</strong></span> <span class='ocrx_word' id='word_1_400' title='bbox 822 4397 952 4452; x_wconf 71' lang='lat' dir='ltr'><strong>Nam</strong></span> <span class='ocrx_word' id='word_1_401' title='bbox 981 4399 1070 4468; x_wconf 89' lang='lat' dir='ltr'><strong>qui</strong></span> <span class='ocrx_word' id='word_1_402' title='bbox 1113 4401 1315 4468; x_wconf 86' lang='lat' dir='ltr'><strong>pridem</strong></span> <span class='ocrx_word' id='word_1_403' title='bbox 1359 4404 1682 4472; x_wconf 73' lang='lat' dir='ltr'><strong>abt&#39;gcrant,</strong></span> <span class='ocrx_word' id='word_1_404' title='bbox 1713 4422 1853 4461; x_wconf 89' lang='lat' dir='ltr'><strong>nunc</strong></span> 
     </span>
    </p>
   </div>
   <div class='ocr_carea' id='block_1_47' title="bbox 261 4479 1846 4558">
    <p class='ocr_par' dir='ltr' id='par_1_47' title="bbox 261 4479 1846 4558">
     <span class='ocr_line' id='line_1_47' title="bbox 261 4479 1846 4558; baseline 0.011 -30"><span class='ocrx_word' id='word_1_405' title='bbox 261 4480 487 4532; x_wconf 82' lang='lat' dir='ltr'><strong>veniunt</strong></span> <span class='ocrx_word' id='word_1_406' title='bbox 515 4479 579 4532; x_wconf 87' lang='lat' dir='ltr'><strong>:td</strong></span> <span class='ocrx_word' id='word_1_407' title='bbox 613 4483 981 4550; x_wconf 81' lang='lat' dir='ltr'><strong>peregrinum,</strong></span> <span class='ocrx_word' id='word_1_408' title='bbox 1009 4484 1074 4537; x_wconf 85' lang='lat' dir='ltr'><strong>ad</strong></span> <span class='ocrx_word' id='word_1_409' title='bbox 1107 4486 1272 4538; x_wconf 81' lang='lat' dir='ltr'><strong>virum</strong></span> <span class='ocrx_word' id='word_1_410' title='bbox 1302 4488 1511 4541; x_wconf 81' lang='lat' dir='ltr'><strong>civitate</strong></span> <span class='ocrx_word' id='word_1_411' title='bbox 1541 4502 1807 4545; x_wconf 87' lang='lat' dir='ltr'><strong>carentem</strong></span> <span class='ocrx_word' id='word_1_412' title='bbox 1831 4534 1846 4558; x_wconf 90' lang='lat'><strong>,</strong></span> 
     </span>
    </p>
   </div>
   <div class='ocr_carea' id='block_1_48' title="bbox 259 4569 1851 4638">
    <p class='ocr_par' dir='ltr' id='par_1_48' title="bbox 259 4569 1851 4638">
     <span class='ocr_line' id='line_1_48' title="bbox 259 4569 1851 4638; baseline 0.01 -18"><span class='ocrx_word' id='word_1_413' title='bbox 259 4569 326 4621; x_wconf 91' lang='lat' dir='ltr'><strong>ad</strong></span> <span class='ocrx_word' id='word_1_414' title='bbox 370 4585 617 4624; x_wconf 82' lang='lat' dir='ltr'><strong>erronem</strong></span> <span class='ocrx_word' id='word_1_415' title='bbox 649 4593 661 4626; x_wconf 91' lang='lat'>:</span> <span class='ocrx_word' id='word_1_416' title='bbox 691 4581 744 4625; x_wconf 89' lang='lat' dir='ltr'><strong>et</strong></span> <span class='ocrx_word' id='word_1_417' title='bbox 775 4588 878 4626; x_wconf 90' lang='lat' dir='ltr'><strong>non</strong></span> <span class='ocrx_word' id='word_1_418' title='bbox 906 4573 1076 4627; x_wconf 90' lang='lat' dir='ltr'><strong>solum</strong></span> <span class='ocrx_word' id='word_1_419' title='bbox 1101 4575 1467 4638; x_wconf 76' lang='lat' dir='ltr'><strong>satisfaciunt,</strong></span> <span class='ocrx_word' id='word_1_420' title='bbox 1502 4593 1564 4632; x_wconf 85' lang='lat' dir='ltr'><strong>ac</strong></span> <span class='ocrx_word' id='word_1_421' title='bbox 1596 4591 1851 4636; x_wconf 74' lang='lat' dir='ltr'><strong>excusant</strong></span> 
     </span>
    </p>
   </div>
   <div class='ocr_carea' id='block_1_49' title="bbox 259 4663 1849 4736">
    <p class='ocr_par' dir='ltr' id='par_1_49' title="bbox 259 4663 1849 4736">
     <span class='ocr_line' id='line_1_49' title="bbox 259 4663 1849 4736; baseline 0.008 -21"><span class='ocrx_word' id='word_1_422' title='bbox 259 4677 321 4716; x_wconf 86' lang='lat' dir='ltr'><strong>se</strong></span> <span class='ocrx_word' id='word_1_423' title='bbox 366 4663 435 4716; x_wconf 87' lang='lat' dir='ltr'><strong>de</strong></span> <span class='ocrx_word' id='word_1_424' title='bbox 482 4663 546 4717; x_wconf 89' lang='lat' dir='ltr'><strong>iis</strong></span> <span class='ocrx_word' id='word_1_425' title='bbox 582 4680 700 4733; x_wconf 62' lang='lat' dir='ltr'><strong>quae</strong></span> <span class='ocrx_word' id='word_1_426' title='bbox 741 4669 1150 4731; x_wconf 74' lang='lat' dir='ltr'><strong>commiserant,</strong></span> <span class='ocrx_word' id='word_1_427' title='bbox 1181 4678 1231 4721; x_wconf 86' lang='lat' dir='ltr'><strong>et</strong></span> <span class='ocrx_word' id='word_1_428' title='bbox 1273 4682 1605 4736; x_wconf 89' lang='lat' dir='ltr'><strong>peccatorum</strong></span> <span class='ocrx_word' id='word_1_429' title='bbox 1639 4673 1849 4728; x_wconf 82' lang='lat' dir='ltr'><strong>veniam</strong></span> 
     </span>
    </p>
   </div>
   <div class='ocr_carea' id='block_1_50' title="bbox 264 4757 1852 4833">
    <p class='ocr_par' dir='ltr' id='par_1_50' title="bbox 264 4757 1852 4833">
     <span class='ocr_line' id='line_1_50' title="bbox 264 4757 1852 4833; baseline 0.007 -25"><span class='ocrx_word' id='word_1_430' title='bbox 264 4763 475 4821; x_wconf 79' lang='lat' dir='ltr'><strong>petunt,</strong></span> <span class='ocrx_word' id='word_1_431' title='bbox 507 4757 600 4809; x_wconf 85' lang='lat' dir='ltr'><strong>sed</strong></span> <span class='ocrx_word' id='word_1_432' title='bbox 627 4767 678 4810; x_wconf 87' lang='lat' dir='ltr'><strong>et</strong></span> <span class='ocrx_word' id='word_1_433' title='bbox 713 4759 998 4826; x_wconf 64' lang='lat' dir='ltr'><strong>pricdicant</strong></span> <span class='ocrx_word' id='word_1_434' title='bbox 1021 4760 1242 4828; x_wconf 51' lang='lat' dir='ltr'><strong>justum,</strong></span> <span class='ocrx_word' id='word_1_435' title='bbox 1277 4763 1612 4833; x_wconf 87' lang='lat' dir='ltr'><strong>indicantque</strong></span> <span class='ocrx_word' id='word_1_436' title='bbox 1641 4767 1740 4819; x_wconf 86' lang='lat' dir='ltr'><strong>sibi</strong></span> <span class='ocrx_word' id='word_1_437' title='bbox 1771 4767 1852 4821; x_wconf 90' lang='lat' dir='ltr'><strong>iu-</strong></span> 
     </span>
    </p>
   </div>
   <div class='ocr_carea' id='block_1_51' title="bbox 260 4850 1852 4921">
    <p class='ocr_par' dir='ltr' id='par_1_51' title="bbox 260 4850 1852 4921">
     <span class='ocr_line' id='line_1_51' title="bbox 260 4850 1852 4921; baseline 0.009 -23"><span class='ocrx_word' id='word_1_438' title='bbox 260 4862 486 4899; x_wconf 72' lang='lat' dir='ltr'><strong>cussum</strong></span> <span class='ocrx_word' id='word_1_439' title='bbox 512 4859 730 4910; x_wconf 86' lang='lat' dir='ltr'><strong>metum,</strong></span> <span class='ocrx_word' id='word_1_440' title='bbox 763 4866 823 4906; x_wconf 86' lang='lat' dir='ltr'><strong>ac</strong></span> <span class='ocrx_word' id='word_1_441' title='bbox 849 4850 1168 4905; x_wconf 69' lang='lat' dir='ltr'><strong>coiiﬁtentur</strong></span> <span class='ocrx_word' id='word_1_442' title='bbox 1192 4869 1340 4905; x_wconf 83' lang='lat' dir='ltr'><strong>suam</strong></span> <span class='ocrx_word' id='word_1_443' title='bbox 1373 4854 1731 4909; x_wconf 75' lang='lat' dir='ltr'><strong>infirmitatem</strong></span> <span class='ocrx_word' id='word_1_444' title='bbox 1753 4899 1766 4921; x_wconf 92' lang='lat'><strong>,</strong></span> <span class='ocrx_word' id='word_1_445' title='bbox 1799 4867 1852 4912; x_wconf 92' lang='lat' dir='ltr'><strong>ct</strong></span> 
     </span>
    </p>
   </div>
   <div class='ocr_carea' id='block_1_52' title="bbox 255 4939 1852 5013">
    <p class='ocr_par' dir='ltr' id='par_1_52' title="bbox 255 4939 1852 5013">
     <span class='ocr_line' id='line_1_52' title="bbox 255 4939 1852 5013; baseline 0.009 -25"><span class='ocrx_word' id='word_1_446' title='bbox 255 4939 393 5005; x_wconf 83' lang='lat' dir='ltr'><strong>justi</strong></span> <span class='ocrx_word' id='word_1_447' title='bbox 419 4953 660 5009; x_wconf 82' lang='lat' dir='ltr'><strong>magnam</strong></span> <span class='ocrx_word' id='word_1_448' title='bbox 689 4950 949 4996; x_wconf 89' lang='lat' dir='ltr'><strong>testantur</strong></span> <span class='ocrx_word' id='word_1_449' title='bbox 970 4943 1238 4997; x_wconf 86' lang='lat' dir='ltr'><strong>virtutem.</strong></span> <span class='ocrx_word' id='word_1_450' title='bbox 1263 4943 1397 5013; x_wconf 87' lang='lat' dir='ltr'><strong>Quid</strong></span> <span class='ocrx_word' id='word_1_451' title='bbox 1422 4947 1560 4998; x_wconf 73' lang='lat' dir='ltr'><strong>enim</strong></span> <span class='ocrx_word' id='word_1_452' title='bbox 1586 4948 1852 5002; x_wconf 89' lang='lat' dir='ltr'><strong>robustius</strong></span> 
     </span>
    </p>
   </div>
   <div class='ocr_carea' id='block_1_53' title="bbox 258 5032 1851 5110">
    <p class='ocr_par' dir='ltr' id='par_1_53' title="bbox 258 5032 1851 5110">
     <span class='ocr_line' id='line_1_53' title="bbox 258 5032 1851 5110; baseline 0.006 -27"><span class='ocrx_word' id='word_1_453' title='bbox 258 5047 328 5083; x_wconf 91' lang='lat' dir='ltr'><strong>eo</strong></span> <span class='ocrx_word' id='word_1_454' title='bbox 379 5032 466 5098; x_wconf 92' lang='lat' dir='ltr'><strong>qui</strong></span> <span class='ocrx_word' id='word_1_455' title='bbox 508 5046 689 5086; x_wconf 88' lang='lat' dir='ltr'><strong>secum</strong></span> <span class='ocrx_word' id='word_1_456' title='bbox 735 5032 894 5087; x_wconf 86' lang='lat' dir='ltr'><strong>habet</strong></span> <span class='ocrx_word' id='word_1_457' title='bbox 933 5035 1131 5088; x_wconf 87' lang='lat' dir='ltr'><strong>Deum?</strong></span> <span class='ocrx_word' id='word_1_458' title='bbox 1185 5035 1450 5099; x_wconf 84' lang='lat' dir='ltr'><strong>Videntes,</strong></span> <span class='ocrx_word' id='word_1_459' title='bbox 1484 5039 1688 5107; x_wconf 89' lang='lat' dir='ltr'><strong>inquit,</strong></span> <span class='ocrx_word' id='word_1_460' title='bbox 1718 5042 1851 5110; x_wconf 84' lang='lat' dir='ltr'><strong>quod</strong></span> 
     </span>
    </p>
   </div>
   <div class='ocr_carea' id='block_1_54' title="bbox 266 5120 1847 5196">
    <p class='ocr_par' dir='ltr' id='par_1_54' title="bbox 266 5120 1847 5196">
     <span class='ocr_line' id='line_1_54' title="bbox 266 5120 1847 5196; baseline 0.008 -24"><span class='ocrx_word' id='word_1_461' title='bbox 266 5120 519 5174; x_wconf 81' lang='lat' dir='ltr'><strong>Dominus</strong></span> <span class='ocrx_word' id='word_1_462' title='bbox 541 5132 702 5176; x_wconf 80' lang='lat' dir='ltr'><strong>tecum</strong></span> <span class='ocrx_word' id='word_1_463' title='bbox 729 5135 822 5177; x_wconf 86' lang='lat' dir='ltr'><strong>est.</strong></span> <span class='ocrx_word' id='word_1_464' title='bbox 847 5124 998 5180; x_wconf 89' lang='lat' dir='ltr'><strong>Unde</strong></span> <span class='ocrx_word' id='word_1_465' title='bbox 1022 5126 1170 5179; x_wconf 89' lang='lat' dir='ltr'><strong>vobis</strong></span> <span class='ocrx_word' id='word_1_466' title='bbox 1195 5125 1275 5178; x_wconf 89' lang='lat' dir='ltr'><strong>illa</strong></span> <span class='ocrx_word' id='word_1_467' title='bbox 1305 5128 1561 5182; x_wconf 81' lang='lat' dir='ltr'><strong>scientia?</strong></span> <span class='ocrx_word' id='word_1_468' title='bbox 1587 5130 1847 5196; x_wconf 81' lang='lat' dir='ltr'><strong>Profecto,</strong></span> 
     </span>
    </p>
   </div>
   <div class='ocr_carea' id='block_1_55' title="bbox 258 5213 1850 5284">
    <p class='ocr_par' dir='ltr' id='par_1_55' title="bbox 258 5213 1850 5284">
     <span class='ocr_line' id='line_1_55' title="bbox 258 5213 1850 5284; baseline 0.009 -21"><span class='ocrx_word' id='word_1_469' title='bbox 258 5213 484 5276; x_wconf 88' lang='lat' dir='ltr'><strong>dicunt,</strong></span> <span class='ocrx_word' id='word_1_470' title='bbox 515 5228 602 5268; x_wconf 87' lang='lat' dir='ltr'><strong>res</strong></span> <span class='ocrx_word' id='word_1_471' title='bbox 634 5216 759 5284; x_wconf 66' lang='lat' dir='ltr'><strong>ipsa:</strong></span> <span class='ocrx_word' id='word_1_472' title='bbox 789 5232 885 5269; x_wconf 90' lang='lat' dir='ltr'><strong>uos</strong></span> <span class='ocrx_word' id='word_1_473' title='bbox 913 5217 1224 5272; x_wconf 89' lang='lat' dir='ltr'><strong>doctterunt.</strong></span> <span class='ocrx_word' id='word_1_474' title='bbox 1258 5219 1495 5273; x_wconf 82' lang='lat' dir='ltr'><strong>Vidimus</strong></span> <span class='ocrx_word' id='word_1_475' title='bbox 1527 5233 1576 5276; x_wconf 88' lang='lat' dir='ltr'><strong>te</strong></span> <span class='ocrx_word' id='word_1_476' title='bbox 1605 5223 1850 5278; x_wconf 88' lang='lat' dir='ltr'><strong>abactum</strong></span> 
     </span>
    </p>
   </div>
   <div class='ocr_carea' id='block_1_56' title="bbox 260 5303 1850 5373">
    <p class='ocr_par' dir='ltr' id='par_1_56' title="bbox 260 5303 1850 5373">
     <span class='ocr_line' id='line_1_56' title="bbox 260 5303 1850 5373; baseline 0.008 -19"><span class='ocrx_word' id='word_1_477' title='bbox 260 5303 602 5373; x_wconf 84' lang='lat' dir='ltr'><strong>abigentibas</strong></span> <span class='ocrx_word' id='word_1_478' title='bbox 629 5306 900 5360; x_wconf 72' lang='lat' dir='ltr'><strong>[tutiorem</strong></span> <span class='ocrx_word' id='word_1_479' title='bbox 933 5308 1125 5359; x_wconf 78' lang='lat' dir='ltr'><strong>iactant</strong></span> <span class='ocrx_word' id='word_1_480' title='bbox 1157 5322 1306 5372; x_wconf 88' lang='lat' dir='ltr'><strong>esse,</strong></span> <span class='ocrx_word' id='word_1_481' title='bbox 1339 5321 1393 5363; x_wconf 86' lang='lat' dir='ltr'><strong>et</strong></span> <span class='ocrx_word' id='word_1_482' title='bbox 1422 5322 1666 5364; x_wconf 77' lang='lat' dir='ltr'><strong>vexatum</strong></span> <span class='ocrx_word' id='word_1_483' title='bbox 1699 5329 1790 5366; x_wconf 85' lang='lat' dir='ltr'><strong>eos</strong></span> <span class='ocrx_word' id='word_1_484' title='bbox 1821 5329 1850 5366; x_wconf 91' lang='lat' dir='ltr'><strong>a</strong></span> 
     </span>
    </p>
   </div>
   <div class='ocr_carea' id='block_1_57' title="bbox 262 5395 1842 5465">
    <p class='ocr_par' dir='ltr' id='par_1_57' title="bbox 262 5395 1842 5465">
     <span class='ocr_line' id='line_1_57' title="bbox 262 5395 1842 5465; baseline 0.006 -21"><span class='ocrx_word' id='word_1_485' title='bbox 262 5397 456 5462; x_wconf 75' lang='lat' dir='ltr'><strong>qtubus</strong></span> <span class='ocrx_word' id='word_1_486' title='bbox 497 5395 762 5449; x_wconf 79' lang='lat' dir='ltr'><strong>vexahare</strong></span> <span class='ocrx_word' id='word_1_487' title='bbox 791 5411 1070 5465; x_wconf 65' lang='lat' dir='ltr'><strong>superasse</strong></span> <span class='ocrx_word' id='word_1_488' title='bbox 1096 5437 1109 5459; x_wconf 90' lang='lat'><strong>,</strong></span> <span class='ocrx_word' id='word_1_489' title='bbox 1143 5405 1195 5451; x_wconf 88' lang='lat' dir='ltr'><strong>ct</strong></span> <span class='ocrx_word' id='word_1_490' title='bbox 1225 5413 1285 5451; x_wconf 78' lang='lat' dir='ltr'><strong>ex</strong></span> <span class='ocrx_word' id='word_1_491' title='bbox 1319 5415 1492 5453; x_wconf 82' lang='lat' dir='ltr'><strong>rerum</strong></span> <span class='ocrx_word' id='word_1_492' title='bbox 1525 5402 1662 5455; x_wconf 88' lang='lat' dir='ltr'><strong>serie</strong></span> <span class='ocrx_word' id='word_1_493' title='bbox 1694 5403 1842 5457; x_wconf 80' lang='lat' dir='ltr'><strong>inte!-</strong></span> 
     </span>
    </p>
   </div>
   <div class='ocr_carea' id='block_1_58' title="bbox 263 5487 1852 5555">
    <p class='ocr_par' dir='ltr' id='par_1_58' title="bbox 263 5487 1852 5555">
     <span class='ocr_line' id='line_1_58' title="bbox 263 5487 1852 5555; baseline 0.007 -17"><span class='ocrx_word' id='word_1_494' title='bbox 263 5487 492 5540; x_wconf 72' lang='lat' dir='ltr'><strong>leximus</strong></span> <span class='ocrx_word' id='word_1_495' title='bbox 540 5496 592 5540; x_wconf 90' lang='lat' dir='ltr'><strong>te</strong></span> <span class='ocrx_word' id='word_1_496' title='bbox 639 5502 870 5555; x_wconf 57' lang='lat' dir='ltr'><strong>superno</strong></span> <span class='ocrx_word' id='word_1_497' title='bbox 907 5488 1002 5542; x_wconf 81' lang='lat' dir='ltr'><strong>frui</strong></span> <span class='ocrx_word' id='word_1_498' title='bbox 1045 5488 1259 5542; x_wconf 78' lang='lat' dir='ltr'><strong>auxilio.</strong></span> <span class='ocrx_word' id='word_1_499' title='bbox 1311 5490 1422 5545; x_wconf 89' lang='lat' dir='ltr'><strong>Hoc</strong></span> <span class='ocrx_word' id='word_1_500' title='bbox 1457 5501 1632 5547; x_wconf 87' lang='lat' dir='ltr'><strong>autem</strong></span> <span class='ocrx_word' id='word_1_501' title='bbox 1661 5495 1852 5550; x_wconf 76' lang='lat' dir='ltr'><strong>divina:</strong></span> 
     </span>
    </p>
   </div>
   <div class='ocr_carea' id='block_1_59' title="bbox 261 5579 1851 5655">
    <p class='ocr_par' dir='ltr' id='par_1_59' title="bbox 261 5579 1851 5655">
     <span class='ocr_line' id='line_1_59' title="bbox 261 5579 1851 5655; baseline 0.007 -25"><span class='ocrx_word' id='word_1_502' title='bbox 261 5579 312 5632; x_wconf 90' lang='lat' dir='ltr'><strong>di</strong></span> <span class='ocrx_word' id='word_1_503' title='bbox 348 5579 681 5648; x_wconf 71' lang='lat' dir='ltr'><strong>pettsatiottis</strong></span> <span class='ocrx_word' id='word_1_504' title='bbox 707 5593 840 5647; x_wconf 88' lang='lat' dir='ltr'><strong>opus</strong></span> <span class='ocrx_word' id='word_1_505' title='bbox 868 5589 949 5632; x_wconf 85' lang='lat' dir='ltr'><strong>est</strong></span> <span class='ocrx_word' id='word_1_506' title='bbox 971 5621 983 5642; x_wconf 92' lang='lat'><strong>,</strong></span> <span class='ocrx_word' id='word_1_507' title='bbox 1011 5579 1149 5649; x_wconf 89' lang='lat' dir='ltr'><strong>quod</strong></span> <span class='ocrx_word' id='word_1_508' title='bbox 1183 5595 1330 5635; x_wconf 80' lang='lat' dir='ltr'><strong>mens</strong></span> <span class='ocrx_word' id='word_1_509' title='bbox 1358 5596 1540 5636; x_wconf 89' lang='lat' dir='ltr'><strong>eorum</strong></span> <span class='ocrx_word' id='word_1_510' title='bbox 1567 5585 1851 5655; x_wconf 75' lang='lat' dir='ltr'><strong>Obstupue-</strong></span> 
     </span>
    </p>
   </div>
   <div class='ocr_carea' id='block_1_60' title="bbox 263 5671 1845 5748">
    <p class='ocr_par' dir='ltr' id='par_1_60' title="bbox 263 5671 1845 5748">
     <span class='ocr_line' id='line_1_60' title="bbox 263 5671 1845 5748; baseline 0.007 -25"><span class='ocrx_word' id='word_1_511' title='bbox 263 5684 327 5725; x_wconf 84' lang='lat' dir='ltr'><strong>nt</strong></span> <span class='ocrx_word' id='word_1_512' title='bbox 355 5673 586 5741; x_wconf 77' lang='lat' dir='ltr'><strong>justum,</strong></span> <span class='ocrx_word' id='word_1_513' title='bbox 621 5679 674 5725; x_wconf 90' lang='lat' dir='ltr'><strong>et</strong></span> <span class='ocrx_word' id='word_1_514' title='bbox 700 5672 838 5741; x_wconf 85' lang='lat' dir='ltr'><strong>quod</strong></span> <span class='ocrx_word' id='word_1_515' title='bbox 867 5671 965 5728; x_wconf 90' lang='lat' dir='ltr'><strong>hoc</strong></span> <span class='ocrx_word' id='word_1_516' title='bbox 989 5673 1352 5743; x_wconf 81' lang='lat' dir='ltr'><strong>cognoverint.</strong></span> <span class='ocrx_word' id='word_1_517' title='bbox 1383 5675 1638 5741; x_wconf 86' lang='lat' dir='ltr'><strong>Quoniam</strong></span> <span class='ocrx_word' id='word_1_518' title='bbox 1668 5677 1845 5748; x_wconf 79' lang='lat' dir='ltr'><strong>igitur,</strong></span> 
     </span>
    </p>
   </div>
   <div class='ocr_carea' id='block_1_61' title="bbox 3434 267 3538 324">
    <p class='ocr_par' dir='ltr' id='par_1_61' title="bbox 3434 267 3538 324">
     <span class='ocr_line' id='line_1_61' title="bbox 3434 267 3538 324; baseline -0.038 1"><span class='ocrx_word' id='word_1_519' title='bbox 3434 267 3538 324; x_wconf 57' lang='grc' dir='ltr'><strong>’.ϐξ</strong></span> 
     </span>
    </p>
   </div>
   <div class='ocr_carea' id='block_1_62' title="bbox 1951 376 3532 447">
    <p class='ocr_par' dir='ltr' id='par_1_62' title="bbox 1951 376 3532 447">
     <span class='ocr_line' id='line_1_62' title="bbox 1951 376 3532 447; baseline 0.004 -17"><span class='ocrx_word' id='word_1_520' title='bbox 1951 377 2136 447; x_wconf 88' lang='lat' dir='ltr'><strong>inquit.</strong></span> <span class='ocrx_word' id='word_1_521' title='bbox 2169 379 2423 434; x_wconf 90' lang='lat' dir='ltr'><strong>Dominus</strong></span> <span class='ocrx_word' id='word_1_522' title='bbox 2451 389 2647 446; x_wconf 89' lang='lat' dir='ltr'><strong>tecum,</strong></span> <span class='ocrx_word' id='word_1_523' title='bbox 2678 376 2796 433; x_wconf 83' lang='lat' dir='ltr'><strong>Fiat</strong></span> <span class='ocrx_word' id='word_1_524' title='bbox 2815 379 3087 433; x_wconf 74' lang='lat' dir='ltr'><strong>exsecratio</strong></span> <span class='ocrx_word' id='word_1_525' title='bbox 3113 379 3240 434; x_wconf 87' lang='lat' dir='ltr'><strong>inter</strong></span> <span class='ocrx_word' id='word_1_526' title='bbox 3260 397 3368 435; x_wconf 83' lang='lat' dir='ltr'><strong>nos.</strong></span> <span class='ocrx_word' id='word_1_527' title='bbox 3399 383 3532 438; x_wconf 80' lang='lat' dir='ltr'><strong>Vide</strong></span> 
     </span>
    </p>
   </div>
   <div class='ocr_carea' id='block_1_63' title="bbox 1946 468 3536 541">
    <p class='ocr_par' dir='ltr' id='par_1_63' title="bbox 1946 468 3536 541">
     <span class='ocr_line' id='line_1_63' title="bbox 1946 468 3536 541; baseline 0.004 -21"><span class='ocrx_word' id='word_1_528' title='bbox 1946 468 2213 536; x_wconf 85' lang='lat' dir='ltr'><strong>quomodo</strong></span> <span class='ocrx_word' id='word_1_529' title='bbox 2236 469 2540 538; x_wconf 84' lang='lat' dir='ltr'><strong>impellente</strong></span> <span class='ocrx_word' id='word_1_530' title='bbox 2561 469 2882 524; x_wconf 84' lang='lat' dir='ltr'><strong>conscientia</strong></span> <span class='ocrx_word' id='word_1_531' title='bbox 2907 471 3224 540; x_wconf 89' lang='lat' dir='ltr'><strong>semetipsos</strong></span> <span class='ocrx_word' id='word_1_532' title='bbox 3247 473 3536 541; x_wconf 75' lang='lat' dir='ltr'><strong>reprehen-</strong></span> 
     </span>
    </p>
   </div>
   <div class='ocr_carea' id='block_1_64' title="bbox 1947 559 3526 630">
    <p class='ocr_par' dir='ltr' id='par_1_64' title="bbox 1947 559 3526 630">
     <span class='ocr_line' id='line_1_64' title="bbox 1947 559 3526 630; baseline 0.003 -18"><span class='ocrx_word' id='word_1_533' title='bbox 1947 559 2074 613; x_wconf 86' lang='lat' dir='ltr'><strong>dere</strong></span> <span class='ocrx_word' id='word_1_534' title='bbox 2107 559 2376 624; x_wconf 65' lang='lat' dir='ltr'><strong>festinant,</strong></span> <span class='ocrx_word' id='word_1_535' title='bbox 2409 577 2527 614; x_wconf 92' lang='lat' dir='ltr'><strong>cum</strong></span> <span class='ocrx_word' id='word_1_536' title='bbox 2561 562 2735 615; x_wconf 91' lang='lat' dir='ltr'><strong>nullus</strong></span> <span class='ocrx_word' id='word_1_537' title='bbox 2758 561 2894 614; x_wconf 88' lang='lat' dir='ltr'><strong>alius</strong></span> <span class='ocrx_word' id='word_1_538' title='bbox 2919 572 3092 630; x_wconf 84' lang='lat' dir='ltr'><strong>cogat.</strong></span> <span class='ocrx_word' id='word_1_539' title='bbox 3123 562 3204 616; x_wconf 90' lang='lat' dir='ltr'><strong>vel</strong></span> <span class='ocrx_word' id='word_1_540' title='bbox 3235 561 3367 615; x_wconf 80' lang='lat' dir='ltr'><strong>facta</strong></span> <span class='ocrx_word' id='word_1_541' title='bbox 3393 562 3526 628; x_wconf 79' lang='lat' dir='ltr'><strong>obji-</strong></span> 
     </span>
    </p>
   </div>
   <div class='ocr_carea' id='block_1_65' title="bbox 1949 650 3528 722">
    <p class='ocr_par' dir='ltr' id='par_1_65' title="bbox 1949 650 3528 722">
     <span class='ocr_line' id='line_1_65' title="bbox 1949 650 3528 722; baseline 0.003 -20"><span class='ocrx_word' id='word_1_542' title='bbox 1949 650 2070 702; x_wconf 89' lang='lat' dir='ltr'><strong>ciat.</strong></span> <span class='ocrx_word' id='word_1_543' title='bbox 2101 650 2229 703; x_wconf 79' lang='lat' dir='ltr'><strong>Nam</strong></span> <span class='ocrx_word' id='word_1_544' title='bbox 2261 652 2358 704; x_wconf 87' lang='lat' dir='ltr'><strong>nisi</strong></span> <span class='ocrx_word' id='word_1_545' title='bbox 2390 651 2631 719; x_wconf 88' lang='lat' dir='ltr'><strong>injuriam</strong></span> <span class='ocrx_word' id='word_1_546' title='bbox 2659 651 2935 714; x_wconf 78' lang='lat' dir='ltr'><strong>fecissetis,</strong></span> <span class='ocrx_word' id='word_1_547' title='bbox 2955 668 3117 721; x_wconf 86' lang='lat' dir='ltr'><strong>quare</strong></span> <span class='ocrx_word' id='word_1_548' title='bbox 3137 655 3328 720; x_wconf 85' lang='lat' dir='ltr'><strong>ajusto</strong></span> <span class='ocrx_word' id='word_1_549' title='bbox 3351 654 3528 722; x_wconf 87' lang='lat' dir='ltr'><strong>petitis</strong></span> 
     </span>
    </p>
   </div>
   <div class='ocr_carea' id='block_1_66' title="bbox 1950 739 3531 820">
    <p class='ocr_par' dir='ltr' id='par_1_66' title="bbox 1950 739 3531 820">
     <span class='ocr_line' id='line_1_66' title="bbox 1950 739 3531 820; baseline 0.004 -30"><span class='ocrx_word' id='word_1_550' title='bbox 1950 747 2004 791; x_wconf 92' lang='lat' dir='ltr'><strong>ut</strong></span> <span class='ocrx_word' id='word_1_551' title='bbox 2036 739 2242 793; x_wconf 88' lang='lat' dir='ltr'><strong>ineatur</strong></span> <span class='ocrx_word' id='word_1_552' title='bbox 2283 739 2489 794; x_wconf 76' lang='lat' dir='ltr'><strong>fmdus?</strong></span> <span class='ocrx_word' id='word_1_553' title='bbox 2518 741 2622 795; x_wconf 88' lang='lat' dir='ltr'><strong>Sed</strong></span> <span class='ocrx_word' id='word_1_554' title='bbox 2653 743 2722 794; x_wconf 87' lang='lat' dir='ltr'><strong>ita</strong></span> <span class='ocrx_word' id='word_1_555' title='bbox 2743 757 2811 796; x_wconf 81' lang='lat' dir='ltr'><strong>se</strong></span> <span class='ocrx_word' id='word_1_556' title='bbox 2841 741 2996 795; x_wconf 87' lang='lat' dir='ltr'><strong>habet</strong></span> <span class='ocrx_word' id='word_1_557' title='bbox 3029 743 3282 820; x_wconf 79' lang='lat' dir='ltr'><strong>injustitia</strong></span> <span class='ocrx_word' id='word_1_558' title='bbox 3312 761 3323 795; x_wconf 92' lang='lat'><strong>:</strong></span> <span class='ocrx_word' id='word_1_559' title='bbox 3354 745 3531 814; x_wconf 89' lang='lat' dir='ltr'><strong>quoti-</strong></span> 
     </span>
    </p>
   </div>
   <div class='ocr_carea' id='block_1_67' title="bbox 1949 827 3530 902">
    <p class='ocr_par' dir='ltr' id='par_1_67' title="bbox 1949 827 3530 902">
     <span class='ocr_line' id='line_1_67' title="bbox 1949 827 3530 902; baseline 0.005 -23"><span class='ocrx_word' id='word_1_560' title='bbox 1949 827 2035 881; x_wconf 90' lang='lat' dir='ltr'><strong>die</strong></span> <span class='ocrx_word' id='word_1_561' title='bbox 2063 831 2385 884; x_wconf 86' lang='lat' dir='ltr'><strong>conscientia</strong></span> <span class='ocrx_word' id='word_1_562' title='bbox 2413 830 2638 895; x_wconf 86' lang='lat' dir='ltr'><strong>mordet,</strong></span> <span class='ocrx_word' id='word_1_563' title='bbox 2672 839 2723 885; x_wconf 87' lang='lat' dir='ltr'><strong>et</strong></span> <span class='ocrx_word' id='word_1_564' title='bbox 2753 831 2939 886; x_wconf 87' lang='lat' dir='ltr'><strong>silente</strong></span> <span class='ocrx_word' id='word_1_565' title='bbox 2968 847 3032 886; x_wconf 91' lang='lat' dir='ltr'><strong>eo</strong></span> <span class='ocrx_word' id='word_1_566' title='bbox 3055 833 3142 902; x_wconf 90' lang='lat' dir='ltr'><strong>qui</strong></span> <span class='ocrx_word' id='word_1_567' title='bbox 3167 833 3404 892; x_wconf 72' lang='lat' dir='ltr'><strong>offensus</strong></span> <span class='ocrx_word' id='word_1_568' title='bbox 3425 843 3530 898; x_wconf 75' lang='lat' dir='ltr'><strong>est,</strong></span> 
     </span>
    </p>
   </div>
   <div class='ocr_carea' id='block_1_68' title="bbox 1952 921 3531 993">
    <p class='ocr_par' dir='ltr' id='par_1_68' title="bbox 1952 921 3531 993">
     <span class='ocr_line' id='line_1_68' title="bbox 1952 921 3531 993; baseline 0.007 -26"><span class='ocrx_word' id='word_1_569' title='bbox 1952 934 2159 987; x_wconf 57' lang='lat' dir='ltr'><strong>pugnam</strong></span> <span class='ocrx_word' id='word_1_570' title='bbox 2193 931 2348 989; x_wconf 86' lang='lat' dir='ltr'><strong>atque</strong></span> <span class='ocrx_word' id='word_1_571' title='bbox 2393 922 2647 975; x_wconf 88' lang='lat' dir='ltr'><strong>rationem</strong></span> <span class='ocrx_word' id='word_1_572' title='bbox 2689 921 2827 991; x_wconf 59' lang='lat' dir='ltr'><strong>exigi</strong></span> <span class='ocrx_word' id='word_1_573' title='bbox 2875 931 3062 992; x_wconf 86' lang='lat' dir='ltr'><strong>putant</strong></span> <span class='ocrx_word' id='word_1_574' title='bbox 3098 925 3186 993; x_wconf 92' lang='lat' dir='ltr'><strong>qui</strong></span> <span class='ocrx_word' id='word_1_575' title='bbox 3219 925 3531 992; x_wconf 85' lang='lat' dir='ltr'><strong>injustitiam</strong></span> 
     </span>
    </p>
   </div>
   <div class='ocr_carea' id='block_1_69' title="bbox 1950 1015 3536 1088">
    <p class='ocr_par' dir='ltr' id='par_1_69' title="bbox 1950 1015 3536 1088">
     <span class='ocr_line' id='line_1_69' title="bbox 1950 1015 3536 1088; baseline 0.005 -22"><span class='ocrx_word' id='word_1_576' title='bbox 1950 1022 2074 1067; x_wconf 91' lang='lat' dir='ltr'><strong>sunt</strong></span> <span class='ocrx_word' id='word_1_577' title='bbox 2101 1015 2304 1081; x_wconf 84' lang='lat' dir='ltr'><strong>operati</strong></span> <span class='ocrx_word' id='word_1_578' title='bbox 2336 1033 2346 1066; x_wconf 94' lang='lat'>:</span> <span class='ocrx_word' id='word_1_579' title='bbox 2371 1015 2608 1084; x_wconf 89' lang='lat' dir='ltr'><strong>quotidie</strong></span> <span class='ocrx_word' id='word_1_580' title='bbox 2636 1027 2918 1084; x_wconf 82' lang='lat' dir='ltr'><strong>anguntur,</strong></span> <span class='ocrx_word' id='word_1_581' title='bbox 2942 1025 2993 1070; x_wconf 89' lang='lat' dir='ltr'><strong>et</strong></span> <span class='ocrx_word' id='word_1_582' title='bbox 3021 1019 3167 1086; x_wconf 87' lang='lat' dir='ltr'><strong>quasi</strong></span> <span class='ocrx_word' id='word_1_583' title='bbox 3193 1019 3536 1088; x_wconf 71' lang='lat' dir='ltr'><strong>sibimetipsis</strong></span> 
     </span>
    </p>
   </div>
   <div class='ocr_carea' id='block_1_70' title="bbox 1955 1106 3534 1173">
    <p class='ocr_par' dir='ltr' id='par_1_70' title="bbox 1955 1106 3534 1173">
     <span class='ocr_line' id='line_1_70' title="bbox 1955 1106 3534 1173; baseline 0.005 -18"><span class='ocrx_word' id='word_1_584' title='bbox 1955 1106 2306 1172; x_wconf 69' lang='lat' dir='ltr'><strong>prmseribnnt</strong></span> <span class='ocrx_word' id='word_1_585' title='bbox 2338 1117 2676 1173; x_wconf 83' lang='lat' dir='ltr'><strong>peccatorum</strong></span> <span class='ocrx_word' id='word_1_586' title='bbox 2704 1123 2919 1160; x_wconf 88' lang='lat' dir='ltr'><strong>suorum</strong></span> <span class='ocrx_word' id='word_1_587' title='bbox 2949 1108 3220 1162; x_wconf 81' lang='lat' dir='ltr'><strong>ultioaem.</strong></span> <span class='ocrx_word' id='word_1_588' title='bbox 3253 1109 3304 1162; x_wconf 90' lang='lat' dir='ltr'><strong>Id</strong></span> <span class='ocrx_word' id='word_1_589' title='bbox 3332 1124 3450 1163; x_wconf 89' lang='lat' dir='ltr'><strong>eum</strong></span> <span class='ocrx_word' id='word_1_590' title='bbox 3479 1119 3534 1163; x_wconf 84' lang='lat' dir='ltr'><strong>et</strong></span> 
     </span>
    </p>
   </div>
   <div class='ocr_carea' id='block_1_71' title="bbox 1953 1195 3534 1264">
    <p class='ocr_par' dir='ltr' id='par_1_71' title="bbox 1953 1195 3534 1264">
     <span class='ocr_line' id='line_1_71' title="bbox 1953 1195 3534 1264; baseline 0.004 -18"><span class='ocrx_word' id='word_1_591' title='bbox 1953 1195 2023 1246; x_wconf 91' lang='lat' dir='ltr'><strong>illi</strong></span> <span class='ocrx_word' id='word_1_592' title='bbox 2051 1195 2363 1249; x_wconf 83' lang='lat' dir='ltr'><strong>didicissent</strong></span> <span class='ocrx_word' id='word_1_593' title='bbox 2385 1237 2397 1254; x_wconf 91' lang='lat'><strong>.</strong></span> <span class='ocrx_word' id='word_1_594' title='bbox 2433 1197 2552 1262; x_wconf 90' lang='lat' dir='ltr'><strong>Sit,</strong></span> <span class='ocrx_word' id='word_1_595' title='bbox 2586 1196 2860 1264; x_wconf 86' lang='lat' dir='ltr'><strong>inquiunt,</strong></span> <span class='ocrx_word' id='word_1_596' title='bbox 2891 1199 3166 1251; x_wconf 71' lang='lat' dir='ltr'><strong>exsecratio</strong></span> <span class='ocrx_word' id='word_1_597' title='bbox 3204 1200 3332 1252; x_wconf 88' lang='lat' dir='ltr'><strong>inter</strong></span> <span class='ocrx_word' id='word_1_598' title='bbox 3373 1216 3463 1253; x_wconf 88' lang='lat' dir='ltr'><strong>nos</strong></span> <span class='ocrx_word' id='word_1_599' title='bbox 3489 1209 3534 1252; x_wconf 87' lang='lat' dir='ltr'><strong>et</strong></span> 
     </span>
    </p>
   </div>
   <div class='ocr_carea' id='block_1_72' title="bbox 1948 1285 3530 1355">
    <p class='ocr_par' dir='ltr' id='par_1_72' title="bbox 1948 1285 3530 1355">
     <span class='ocr_line' id='line_1_72' title="bbox 1948 1285 3530 1355; baseline 0.004 -18"><span class='ocrx_word' id='word_1_600' title='bbox 1948 1285 2079 1337; x_wconf 88' lang='lat' dir='ltr'><strong>inter</strong></span> <span class='ocrx_word' id='word_1_601' title='bbox 2123 1295 2187 1337; x_wconf 88' lang='lat' dir='ltr'><strong>te.</strong></span> <span class='ocrx_word' id='word_1_602' title='bbox 2243 1285 2439 1340; x_wconf 85' lang='lat' dir='ltr'><strong>Deinde</strong></span> <span class='ocrx_word' id='word_1_603' title='bbox 2482 1286 2662 1340; x_wconf 90' lang='lat' dir='ltr'><strong>dicunt</strong></span> <span class='ocrx_word' id='word_1_604' title='bbox 2709 1287 2914 1355; x_wconf 86' lang='lat' dir='ltr'><strong>qualem</strong></span> <span class='ocrx_word' id='word_1_605' title='bbox 2955 1289 3370 1342; x_wconf 83' lang='lat' dir='ltr'><strong>exsecrationem</strong></span> <span class='ocrx_word' id='word_1_606' title='bbox 3419 1289 3530 1344; x_wconf 76' lang='lat' dir='ltr'><strong>fieri</strong></span> 
     </span>
    </p>
   </div>
   <div class='ocr_carea' id='block_1_73' title="bbox 1951 1375 3533 1448">
    <p class='ocr_par' dir='ltr' id='par_1_73' title="bbox 1951 1375 3533 1448">
     <span class='ocr_line' id='line_1_73' title="bbox 1951 1375 3533 1448; baseline 0.003 -20"><span class='ocrx_word' id='word_1_607' title='bbox 1951 1377 2133 1430; x_wconf 81' lang='lat' dir='ltr'><strong>velint.</strong></span> <span class='ocrx_word' id='word_1_608' title='bbox 2168 1375 2235 1428; x_wconf 88' lang='lat' dir='ltr'><strong>Et</strong></span> <span class='ocrx_word' id='word_1_609' title='bbox 2275 1378 2510 1431; x_wconf 87' lang='lat' dir='ltr'><strong>inibimus</strong></span> <span class='ocrx_word' id='word_1_610' title='bbox 2553 1378 2718 1448; x_wconf 74' lang='lat' dir='ltr'><strong>fazdus</strong></span> <span class='ocrx_word' id='word_1_611' title='bbox 2746 1390 2942 1443; x_wconf 87' lang='lat' dir='ltr'><strong>tecum,</strong></span> <span class='ocrx_word' id='word_1_612' title='bbox 2976 1389 3029 1430; x_wconf 86' lang='lat' dir='ltr'><strong>ut</strong></span> <span class='ocrx_word' id='word_1_613' title='bbox 3068 1396 3131 1433; x_wconf 88' lang='lat' dir='ltr'><strong>ne</strong></span> <span class='ocrx_word' id='word_1_614' title='bbox 3173 1380 3350 1447; x_wconf 88' lang='lat' dir='ltr'><strong>feceris</strong></span> <span class='ocrx_word' id='word_1_615' title='bbox 3393 1381 3533 1433; x_wconf 86' lang='lat' dir='ltr'><strong>nobis</strong></span> 
     </span>
    </p>
   </div>
   <div class='ocr_carea' id='block_1_74' title="bbox 1951 1471 3532 1540">
    <p class='ocr_par' dir='ltr' id='par_1_74' title="bbox 1951 1471 3532 1540">
     <span class='ocr_line' id='line_1_74' title="bbox 1951 1471 3532 1540; baseline 0.001 -19"><span class='ocrx_word' id='word_1_616' title='bbox 1951 1471 2140 1522; x_wconf 87' lang='lat' dir='ltr'><strong>malum</strong></span> <span class='ocrx_word' id='word_1_617' title='bbox 2165 1512 2178 1532; x_wconf 90' lang='lat'><strong>,</strong></span> <span class='ocrx_word' id='word_1_618' title='bbox 2209 1471 2336 1523; x_wconf 89' lang='lat' dir='ltr'><strong>sicut</strong></span> <span class='ocrx_word' id='word_1_619' title='bbox 2375 1488 2464 1523; x_wconf 82' lang='lat' dir='ltr'><strong>nos</strong></span> <span class='ocrx_word' id='word_1_620' title='bbox 2504 1487 2602 1523; x_wconf 87' lang='lat' dir='ltr'><strong>non</strong></span> <span class='ocrx_word' id='word_1_621' title='bbox 2636 1487 2809 1524; x_wconf 87' lang='lat' dir='ltr'><strong>sumus</strong></span> <span class='ocrx_word' id='word_1_622' title='bbox 2841 1481 2886 1524; x_wconf 86' lang='lat' dir='ltr'><strong>te</strong></span> <span class='ocrx_word' id='word_1_623' title='bbox 2911 1471 3205 1524; x_wconf 84' lang='lat' dir='ltr'><strong>abominati.</strong></span> <span class='ocrx_word' id='word_1_624' title='bbox 3241 1472 3368 1526; x_wconf 85' lang='lat' dir='ltr'><strong>Vide</strong></span> <span class='ocrx_word' id='word_1_625' title='bbox 3397 1488 3532 1540; x_wconf 85' lang='lat' dir='ltr'><strong>quo-</strong></span> 
     </span>
    </p>
   </div>
   <div class='ocr_carea' id='block_1_75' title="bbox 1952 1560 3535 1631">
    <p class='ocr_par' dir='ltr' id='par_1_75' title="bbox 1952 1560 3535 1631">
     <span class='ocr_line' id='line_1_75' title="bbox 1952 1560 3535 1631; baseline 0.001 -19"><span class='ocrx_word' id='word_1_626' title='bbox 1952 1560 2108 1612; x_wconf 89' lang='lat' dir='ltr'><strong>modo</strong></span> <span class='ocrx_word' id='word_1_627' title='bbox 2137 1561 2415 1629; x_wconf 78' lang='lat' dir='ltr'><strong>pugnantia</strong></span> <span class='ocrx_word' id='word_1_628' title='bbox 2448 1560 2583 1616; x_wconf 84' lang='lat' dir='ltr'><strong>inter</strong></span> <span class='ocrx_word' id='word_1_629' title='bbox 2613 1576 2670 1615; x_wconf 91' lang='lat' dir='ltr'><strong>se</strong></span> <span class='ocrx_word' id='word_1_630' title='bbox 2698 1577 2806 1631; x_wconf 78' lang='lat' dir='ltr'><strong>pra:</strong></span> <span class='ocrx_word' id='word_1_631' title='bbox 2840 1562 3031 1616; x_wconf 84' lang='lat' dir='ltr'><strong>utentis</strong></span> <span class='ocrx_word' id='word_1_632' title='bbox 3061 1577 3254 1631; x_wconf 82' lang='lat' dir='ltr'><strong>angore</strong></span> <span class='ocrx_word' id='word_1_633' title='bbox 3277 1572 3328 1614; x_wconf 91' lang='lat' dir='ltr'><strong>et</strong></span> <span class='ocrx_word' id='word_1_634' title='bbox 3358 1563 3535 1616; x_wconf 85' lang='lat' dir='ltr'><strong>turba-</strong></span> 
     </span>
    </p>
   </div>
   <div class='ocr_carea' id='block_1_76' title="bbox 1955 1650 3535 1718">
    <p class='ocr_par' dir='ltr' id='par_1_76' title="bbox 1955 1650 3535 1718">
     <span class='ocr_line' id='line_1_76' title="bbox 1955 1650 3535 1718; baseline 0.001 -17"><span class='ocrx_word' id='word_1_635' title='bbox 1955 1650 2094 1702; x_wconf 88' lang='lat' dir='ltr'><strong>tione</strong></span> <span class='ocrx_word' id='word_1_636' title='bbox 2120 1651 2405 1718; x_wconf 90' lang='lat' dir='ltr'><strong>loquuntur</strong></span> <span class='ocrx_word' id='word_1_637' title='bbox 2435 1667 2450 1704; x_wconf 86' lang='lat'><strong>:</strong></span> <span class='ocrx_word' id='word_1_638' title='bbox 2484 1650 2563 1704; x_wconf 84' lang='lat' dir='ltr'><strong>Nc</strong></span> <span class='ocrx_word' id='word_1_639' title='bbox 2592 1651 2781 1718; x_wconf 77' lang='lat' dir='ltr'><strong>feceris</strong></span> <span class='ocrx_word' id='word_1_640' title='bbox 2808 1651 2950 1708; x_wconf 80' lang='lat' dir='ltr'><strong>nobis</strong></span> <span class='ocrx_word' id='word_1_641' title='bbox 2993 1651 3202 1703; x_wconf 86' lang='lat' dir='ltr'><strong>malum.</strong></span> <span class='ocrx_word' id='word_1_642' title='bbox 3247 1650 3419 1717; x_wconf 84' lang='lat' dir='ltr'><strong>Quare</strong></span> <span class='ocrx_word' id='word_1_643' title='bbox 3458 1652 3535 1703; x_wconf 80' lang='lat' dir='ltr'><strong>sic</strong></span> 
     </span>
    </p>
   </div>
   <div class='ocr_carea' id='block_1_77' title="bbox 1958 1743 3536 1815">
    <p class='ocr_par' dir='ltr' id='par_1_77' title="bbox 1958 1743 3536 1815">
     <span class='ocr_line' id='line_1_77' title="bbox 1958 1743 3536 1815; baseline 0.003 -20"><span class='ocrx_word' id='word_1_644' title='bbox 1958 1743 2204 1796; x_wconf 88' lang='lat' dir='ltr'><strong>timuistis</strong></span> <span class='ocrx_word' id='word_1_645' title='bbox 2240 1745 2438 1812; x_wconf 91' lang='lat' dir='ltr'><strong>justum</strong></span> <span class='ocrx_word' id='word_1_646' title='bbox 2465 1785 2478 1808; x_wconf 90' lang='lat'><strong>,</strong></span> <span class='ocrx_word' id='word_1_647' title='bbox 2512 1744 2752 1798; x_wconf 88' lang='lat' dir='ltr'><strong>videntes</strong></span> <span class='ocrx_word' id='word_1_648' title='bbox 2790 1760 2910 1798; x_wconf 89' lang='lat' dir='ltr'><strong>eum</strong></span> <span class='ocrx_word' id='word_1_649' title='bbox 2943 1752 3138 1798; x_wconf 86' lang='lat' dir='ltr'><strong>tantam</strong></span> <span class='ocrx_word' id='word_1_650' title='bbox 3170 1761 3278 1815; x_wconf 63' lang='lat' dir='ltr'><strong>pra:</strong></span> <span class='ocrx_word' id='word_1_651' title='bbox 3307 1760 3366 1799; x_wconf 89' lang='lat' dir='ltr'><strong>se</strong></span> <span class='ocrx_word' id='word_1_652' title='bbox 3397 1746 3536 1800; x_wconf 84' lang='lat' dir='ltr'><strong>ferre</strong></span> 
     </span>
    </p>
   </div>
   <div class='ocr_carea' id='block_1_78' title="bbox 1952 1833 3538 1901">
    <p class='ocr_par' dir='ltr' id='par_1_78' title="bbox 1952 1833 3538 1901">
     <span class='ocr_line' id='line_1_78' title="bbox 1952 1833 3538 1901; baseline 0.003 -17"><span class='ocrx_word' id='word_1_653' title='bbox 1952 1833 2412 1886; x_wconf 87' lang='lat' dir='ltr'><strong>mansuetudinem</strong></span> <span class='ocrx_word' id='word_1_654' title='bbox 2441 1847 2562 1901; x_wconf 82' lang='lat' dir='ltr'><strong>erga</strong></span> <span class='ocrx_word' id='word_1_655' title='bbox 2595 1847 2688 1887; x_wconf 89' lang='lat' dir='ltr'><strong>eos</strong></span> <span class='ocrx_word' id='word_1_656' title='bbox 2717 1833 2803 1901; x_wconf 87' lang='lat' dir='ltr'><strong>qui</strong></span> <span class='ocrx_word' id='word_1_657' title='bbox 2837 1833 3199 1887; x_wconf 76' lang='lat' dir='ltr'><strong>lacessebant?</strong></span> <span class='ocrx_word' id='word_1_658' title='bbox 3229 1833 3332 1888; x_wconf 86' lang='lat' dir='ltr'><strong>Sed</strong></span> <span class='ocrx_word' id='word_1_659' title='bbox 3364 1835 3538 1888; x_wconf 87' lang='lat' dir='ltr'><strong>incor-</strong></span> 
     </span>
    </p>
   </div>
   <div class='ocr_carea' id='block_1_79' title="bbox 1954 1924 3532 1993">
    <p class='ocr_par' dir='ltr' id='par_1_79' title="bbox 1954 1924 3532 1993">
     <span class='ocr_line' id='line_1_79' title="bbox 1954 1924 3532 1993; baseline 0.003 -17"><span class='ocrx_word' id='word_1_660' title='bbox 1954 1936 2136 1992; x_wconf 90' lang='lat' dir='ltr'><strong>ruptus</strong></span> <span class='ocrx_word' id='word_1_661' title='bbox 2157 1924 2316 1993; x_wconf 82' lang='lat' dir='ltr'><strong>judex</strong></span> <span class='ocrx_word' id='word_1_662' title='bbox 2343 1966 2356 1990; x_wconf 95' lang='lat'><strong>,</strong></span> <span class='ocrx_word' id='word_1_663' title='bbox 2386 1925 2706 1979; x_wconf 87' lang='lat' dir='ltr'><strong>conscientia</strong></span> <span class='ocrx_word' id='word_1_664' title='bbox 2727 1967 2743 1992; x_wconf 95' lang='lat'><strong>,</strong></span> <span class='ocrx_word' id='word_1_665' title='bbox 2775 1940 2868 1980; x_wconf 88' lang='lat' dir='ltr'><strong>eos</strong></span> <span class='ocrx_word' id='word_1_666' title='bbox 2896 1925 3179 1990; x_wconf 78' lang='lat' dir='ltr'><strong>excitavit,</strong></span> <span class='ocrx_word' id='word_1_667' title='bbox 3212 1936 3263 1979; x_wconf 91' lang='lat' dir='ltr'><strong>et</strong></span> <span class='ocrx_word' id='word_1_668' title='bbox 3293 1926 3532 1980; x_wconf 84' lang='lat' dir='ltr'><strong>animad-</strong></span> 
     </span>
    </p>
   </div>
   <div class='ocr_carea' id='block_1_80' title="bbox 1953 2015 3533 2086">
    <p class='ocr_par' dir='ltr' id='par_1_80' title="bbox 1953 2015 3533 2086">
     <span class='ocr_line' id='line_1_80' title="bbox 1953 2015 3533 2086; baseline 0.003 -20"><span class='ocrx_word' id='word_1_669' title='bbox 1953 2024 2218 2068; x_wconf 82' lang='lat' dir='ltr'><strong>verterunt</strong></span> <span class='ocrx_word' id='word_1_670' title='bbox 2249 2025 2502 2084; x_wconf 91' lang='lat' dir='ltr'><strong>quantum</strong></span> <span class='ocrx_word' id='word_1_671' title='bbox 2535 2031 2656 2086; x_wconf 86' lang='lat' dir='ltr'><strong>erga</strong></span> <span class='ocrx_word' id='word_1_672' title='bbox 2685 2016 2883 2084; x_wconf 89' lang='lat' dir='ltr'><strong>justum</strong></span> <span class='ocrx_word' id='word_1_673' title='bbox 2915 2017 3104 2086; x_wconf 83' lang='lat' dir='ltr'><strong>ingrati</strong></span> <span class='ocrx_word' id='word_1_674' title='bbox 3138 2015 3329 2071; x_wconf 80' lang='lat' dir='ltr'><strong>fuerint</strong></span> <span class='ocrx_word' id='word_1_675' title='bbox 3359 2034 3373 2070; x_wconf 89' lang='lat'><strong>:</strong></span> <span class='ocrx_word' id='word_1_676' title='bbox 3407 2033 3533 2086; x_wconf 85' lang='lat' dir='ltr'><strong>pro-</strong></span> 
     </span>
    </p>
   </div>
   <div class='ocr_carea' id='block_1_81' title="bbox 1955 2106 3538 2175">
    <p class='ocr_par' dir='ltr' id='par_1_81' title="bbox 1955 2106 3538 2175">
     <span class='ocr_line' id='line_1_81' title="bbox 1955 2106 3538 2175; baseline 0.003 -18"><span class='ocrx_word' id='word_1_677' title='bbox 1955 2115 2136 2174; x_wconf 85' lang='lat' dir='ltr'><strong>pterea</strong></span> <span class='ocrx_word' id='word_1_678' title='bbox 2175 2121 2281 2174; x_wconf 71' lang='lat' dir='ltr'><strong>prie</strong></span> <span class='ocrx_word' id='word_1_679' title='bbox 2313 2106 2500 2160; x_wconf 90' lang='lat' dir='ltr'><strong>timore</strong></span> <span class='ocrx_word' id='word_1_680' title='bbox 2529 2119 2686 2175; x_wconf 86' lang='lat' dir='ltr'><strong>atque</strong></span> <span class='ocrx_word' id='word_1_681' title='bbox 2713 2106 2996 2162; x_wconf 86' lang='lat' dir='ltr'><strong>formidine</strong></span> <span class='ocrx_word' id='word_1_682' title='bbox 3037 2123 3138 2161; x_wconf 89' lang='lat' dir='ltr'><strong>non</strong></span> <span class='ocrx_word' id='word_1_683' title='bbox 3175 2107 3450 2162; x_wconf 87' lang='lat' dir='ltr'><strong>attendunt</strong></span> <span class='ocrx_word' id='word_1_684' title='bbox 3478 2123 3538 2162; x_wconf 87' lang='lat' dir='ltr'><strong>se</strong></span> 
     </span>
    </p>
   </div>
   <div class='ocr_carea' id='block_1_82' title="bbox 1953 2196 3536 2268">
    <p class='ocr_par' dir='ltr' id='par_1_82' title="bbox 1953 2196 3536 2268">
     <span class='ocr_line' id='line_1_82' title="bbox 1953 2196 3536 2268; baseline 0.003 -21"><span class='ocrx_word' id='word_1_685' title='bbox 1953 2196 2159 2251; x_wconf 88' lang='lat' dir='ltr'><strong>diversa</strong></span> <span class='ocrx_word' id='word_1_686' title='bbox 2189 2206 2240 2250; x_wconf 92' lang='lat' dir='ltr'><strong>et</strong></span> <span class='ocrx_word' id='word_1_687' title='bbox 2265 2197 2546 2266; x_wconf 86' lang='lat' dir='ltr'><strong>pugnantia</strong></span> <span class='ocrx_word' id='word_1_688' title='bbox 2573 2198 2734 2267; x_wconf 90' lang='lat' dir='ltr'><strong>loqui.</strong></span> <span class='ocrx_word' id='word_1_689' title='bbox 2769 2196 2849 2250; x_wconf 86' lang='lat' dir='ltr'><strong>Ne</strong></span> <span class='ocrx_word' id='word_1_690' title='bbox 2875 2200 3050 2266; x_wconf 79' lang='lat' dir='ltr'><strong>feceris</strong></span> <span class='ocrx_word' id='word_1_691' title='bbox 3069 2240 3084 2264; x_wconf 92' lang='lat'><strong>,</strong></span> <span class='ocrx_word' id='word_1_692' title='bbox 3115 2200 3316 2268; x_wconf 89' lang='lat' dir='ltr'><strong>inquit,</strong></span> <span class='ocrx_word' id='word_1_693' title='bbox 3346 2201 3536 2253; x_wconf 88' lang='lat' dir='ltr'><strong>malum</strong></span> 
     </span>
    </p>
   </div>
   <div class='ocr_carea' id='block_1_83' title="bbox 1954 2286 3537 2358">
    <p class='ocr_par' dir='ltr' id='par_1_83' title="bbox 1954 2286 3537 2358">
     <span class='ocr_line' id='line_1_83' title="bbox 1954 2286 3537 2358; baseline 0.004 -20"><span class='ocrx_word' id='word_1_694' title='bbox 1954 2286 2208 2340; x_wconf 88' lang='lat' dir='ltr'><strong>nobiscum</strong></span> <span class='ocrx_word' id='word_1_695' title='bbox 2233 2327 2248 2350; x_wconf 94' lang='lat'><strong>,</strong></span> <span class='ocrx_word' id='word_1_696' title='bbox 2281 2287 2410 2340; x_wconf 84' lang='lat' dir='ltr'><strong>sicut</strong></span> <span class='ocrx_word' id='word_1_697' title='bbox 2456 2305 2544 2340; x_wconf 89' lang='lat' dir='ltr'><strong>nos</strong></span> <span class='ocrx_word' id='word_1_698' title='bbox 2577 2300 2624 2341; x_wconf 87' lang='lat' dir='ltr'><strong>te</strong></span> <span class='ocrx_word' id='word_1_699' title='bbox 2667 2305 2766 2341; x_wconf 89' lang='lat' dir='ltr'><strong>non</strong></span> <span class='ocrx_word' id='word_1_700' title='bbox 2806 2287 3079 2343; x_wconf 83' lang='lat' dir='ltr'><strong>abominati</strong></span> <span class='ocrx_word' id='word_1_701' title='bbox 3121 2306 3313 2344; x_wconf 86' lang='lat' dir='ltr'><strong>sumus.</strong></span> <span class='ocrx_word' id='word_1_702' title='bbox 3362 2291 3537 2358; x_wconf 88' lang='lat' dir='ltr'><strong>Quare</strong></span> 
     </span>
    </p>
   </div>
   <div class='ocr_carea' id='block_1_84' title="bbox 1956 2379 3530 2450">
    <p class='ocr_par' dir='ltr' id='par_1_84' title="bbox 1956 2379 3530 2450">
     <span class='ocr_line' id='line_1_84' title="bbox 1956 2379 3530 2450; baseline 0.004 -21"><span class='ocrx_word' id='word_1_703' title='bbox 1956 2379 2113 2446; x_wconf 84' lang='lat' dir='ltr'><strong>igitur</strong></span> <span class='ocrx_word' id='word_1_704' title='bbox 2137 2380 2426 2449; x_wconf 81' lang='lat' dir='ltr'><strong>abegistis?</strong></span> <span class='ocrx_word' id='word_1_705' title='bbox 2471 2381 2661 2434; x_wconf 88' lang='lat' dir='ltr'><strong>Verum</strong></span> <span class='ocrx_word' id='word_1_706' title='bbox 2702 2381 2876 2450; x_wconf 66' lang='lat' dir='ltr'><strong>ju:tus</strong></span> <span class='ocrx_word' id='word_1_707' title='bbox 2921 2397 3023 2434; x_wconf 90' lang='lat' dir='ltr'><strong>non</strong></span> <span class='ocrx_word' id='word_1_708' title='bbox 3069 2383 3196 2450; x_wconf 87' lang='lat' dir='ltr'><strong>petit</strong></span> <span class='ocrx_word' id='word_1_709' title='bbox 3235 2383 3530 2445; x_wconf 85' lang='lat' dir='ltr'><strong>rationem,</strong></span> 
     </span>
    </p>
   </div>
   <div class='ocr_carea' id='block_1_85' title="bbox 1955 2471 3530 2543">
    <p class='ocr_par' dir='ltr' id='par_1_85' title="bbox 1955 2471 3530 2543">
     <span class='ocr_line' id='line_1_85' title="bbox 1955 2471 3530 2543; baseline 0.003 -21"><span class='ocrx_word' id='word_1_710' title='bbox 1955 2485 2125 2537; x_wconf 89' lang='lat' dir='ltr'><strong>neque</strong></span> <span class='ocrx_word' id='word_1_711' title='bbox 2156 2472 2452 2538; x_wconf 62' lang='lat' dir='ltr'><strong>elpostulat</strong></span> <span class='ocrx_word' id='word_1_712' title='bbox 2471 2511 2485 2534; x_wconf 95' lang='lat'><strong>,</strong></span> <span class='ocrx_word' id='word_1_713' title='bbox 2521 2487 2690 2539; x_wconf 82' lang='lat' dir='ltr'><strong>neque</strong></span> <span class='ocrx_word' id='word_1_714' title='bbox 2715 2486 2896 2526; x_wconf 88' lang='lat' dir='ltr'><strong>eorum</strong></span> <span class='ocrx_word' id='word_1_715' title='bbox 2922 2471 3063 2526; x_wconf 88' lang='lat' dir='ltr'><strong>dicta</strong></span> <span class='ocrx_word' id='word_1_716' title='bbox 3089 2473 3277 2542; x_wconf 82' lang='lat' dir='ltr'><strong>arguit.</strong></span> <span class='ocrx_word' id='word_1_717' title='bbox 3306 2472 3374 2525; x_wconf 85' lang='lat' dir='ltr'><strong>Et</strong></span> <span class='ocrx_word' id='word_1_718' title='bbox 3403 2491 3530 2543; x_wconf 88' lang='lat' dir='ltr'><strong>quo-</strong></span> 
     </span>
    </p>
   </div>
   <div class='ocr_carea' id='block_1_86' title="bbox 1955 2563 3536 2630">
    <p class='ocr_par' dir='ltr' id='par_1_86' title="bbox 1955 2563 3536 2630">
     <span class='ocr_line' id='line_1_86' title="bbox 1955 2563 3536 2630; baseline 0.005 -20"><span class='ocrx_word' id='word_1_719' title='bbox 1955 2563 2104 2613; x_wconf 58' lang='lat' dir='ltr'><strong>modo</strong></span> <span class='ocrx_word' id='word_1_720' title='bbox 2127 2603 2139 2623; x_wconf 93' lang='lat'><strong>,</strong></span> <span class='ocrx_word' id='word_1_721' title='bbox 2172 2563 2337 2630; x_wconf 90' lang='lat' dir='ltr'><strong>inquit</strong></span> <span class='ocrx_word' id='word_1_722' title='bbox 2357 2563 2524 2624; x_wconf 80' lang='lat' dir='ltr'><strong>,-bene</strong></span> <span class='ocrx_word' id='word_1_723' title='bbox 2550 2571 2596 2614; x_wconf 89' lang='lat' dir='ltr'><strong>te</strong></span> <span class='ocrx_word' id='word_1_724' title='bbox 2622 2563 2698 2614; x_wconf 87' lang='lat' dir='ltr'><strong>usi</strong></span> <span class='ocrx_word' id='word_1_725' title='bbox 2725 2579 2898 2615; x_wconf 85' lang='lat' dir='ltr'><strong>sumus</strong></span> <span class='ocrx_word' id='word_1_726' title='bbox 2922 2603 2934 2626; x_wconf 89' lang='lat'><strong>,</strong></span> <span class='ocrx_word' id='word_1_727' title='bbox 2964 2571 3006 2616; x_wconf 89' lang='lat' dir='ltr'><strong>et</strong></span> <span class='ocrx_word' id='word_1_728' title='bbox 3037 2564 3318 2617; x_wconf 88' lang='lat' dir='ltr'><strong>dimisimus</strong></span> <span class='ocrx_word' id='word_1_729' title='bbox 3347 2574 3393 2618; x_wconf 88' lang='lat' dir='ltr'><strong>te</strong></span> <span class='ocrx_word' id='word_1_730' title='bbox 3421 2582 3536 2618; x_wconf 76' lang='lat' dir='ltr'><strong>cum</strong></span> 
     </span>
    </p>
   </div>
   <div class='ocr_carea' id='block_1_87' title="bbox 1958 2652 3537 2718">
    <p class='ocr_par' dir='ltr' id='par_1_87' title="bbox 1958 2652 3537 2718">
     <span class='ocr_line' id='line_1_87' title="bbox 1958 2652 3537 2718; baseline 0.005 -16"><span class='ocrx_word' id='word_1_731' title='bbox 1958 2667 2080 2718; x_wconf 82' lang='lat' dir='ltr'><strong>pace</strong></span> <span class='ocrx_word' id='word_1_732' title='bbox 2102 2692 2116 2715; x_wconf 93' lang='lat'><strong>,</strong></span> <span class='ocrx_word' id='word_1_733' title='bbox 2165 2662 2209 2704; x_wconf 83' lang='lat' dir='ltr'><strong>et</strong></span> <span class='ocrx_word' id='word_1_734' title='bbox 2240 2669 2371 2705; x_wconf 88' lang='lat' dir='ltr'><strong>nunc</strong></span> <span class='ocrx_word' id='word_1_735' title='bbox 2401 2663 2455 2705; x_wconf 86' lang='lat' dir='ltr'><strong>tu</strong></span> <span class='ocrx_word' id='word_1_736' title='bbox 2481 2652 2764 2707; x_wconf 85' lang='lat' dir='ltr'><strong>benedictus</strong></span> <span class='ocrx_word' id='word_1_737' title='bbox 2793 2671 2824 2707; x_wconf 91' lang='lat' dir='ltr'><strong>a</strong></span> <span class='ocrx_word' id='word_1_738' title='bbox 2863 2654 3100 2708; x_wconf 88' lang='lat' dir='ltr'><strong>Domino.</strong></span> <span class='ocrx_word' id='word_1_739' title='bbox 3133 2655 3290 2709; x_wconf 82' lang='lat' dir='ltr'><strong>Vides</strong></span> <span class='ocrx_word' id='word_1_740' title='bbox 3329 2672 3422 2710; x_wconf 91' lang='lat' dir='ltr'><strong>eos</strong></span> <span class='ocrx_word' id='word_1_741' title='bbox 3447 2671 3537 2710; x_wconf 91' lang='lat' dir='ltr'><strong>su-</strong></span> 
     </span>
    </p>
   </div>
   <div class='ocr_carea' id='block_1_88' title="bbox 1957 2745 3538 2817">
    <p class='ocr_par' dir='ltr' id='par_1_88' title="bbox 1957 2745 3538 2817">
     <span class='ocr_line' id='line_1_88' title="bbox 1957 2745 3538 2817; baseline 0.007 -23"><span class='ocrx_word' id='word_1_742' title='bbox 1957 2759 2172 2812; x_wconf 82' lang='lat' dir='ltr'><strong>pernam</strong></span> <span class='ocrx_word' id='word_1_743' title='bbox 2215 2745 2495 2799; x_wconf 89' lang='lat' dir='ltr'><strong>vindictam</strong></span> <span class='ocrx_word' id='word_1_744' title='bbox 2536 2747 2790 2800; x_wconf 67' lang='lat' dir='ltr'><strong>timuisse.</strong></span> <span class='ocrx_word' id='word_1_745' title='bbox 2835 2747 3034 2802; x_wconf 79' lang='lat' dir='ltr'><strong>Norant</strong></span> <span class='ocrx_word' id='word_1_746' title='bbox 3070 2749 3209 2802; x_wconf 84' lang='lat' dir='ltr'><strong>enim</strong></span> <span class='ocrx_word' id='word_1_747' title='bbox 3240 2749 3378 2817; x_wconf 89' lang='lat' dir='ltr'><strong>quod</strong></span> <span class='ocrx_word' id='word_1_748' title='bbox 3415 2750 3538 2805; x_wconf 89' lang='lat' dir='ltr'><strong>licet</strong></span> 
     </span>
    </p>
   </div>
   <div class='ocr_carea' id='block_1_89' title="bbox 1958 2836 3536 2910">
    <p class='ocr_par' dir='ltr' id='par_1_89' title="bbox 1958 2836 3536 2910">
     <span class='ocr_line' id='line_1_89' title="bbox 1958 2836 3536 2910; baseline 0.004 -23"><span class='ocrx_word' id='word_1_749' title='bbox 1958 2836 2070 2902; x_wconf 85' lang='lat' dir='ltr'><strong>ipse</strong></span> <span class='ocrx_word' id='word_1_750' title='bbox 2096 2844 2308 2904; x_wconf 76' lang='lat' dir='ltr'><strong>propter</strong></span> <span class='ocrx_word' id='word_1_751' title='bbox 2335 2837 2712 2890; x_wconf 87' lang='lat' dir='ltr'><strong>humanitatem</strong></span> <span class='ocrx_word' id='word_1_752' title='bbox 2743 2854 2889 2892; x_wconf 85' lang='lat' dir='ltr'><strong>suam</strong></span> <span class='ocrx_word' id='word_1_753' title='bbox 2921 2854 3022 2894; x_wconf 92' lang='lat' dir='ltr'><strong>non</strong></span> <span class='ocrx_word' id='word_1_754' title='bbox 3047 2839 3398 2894; x_wconf 83' lang='lat' dir='ltr'><strong>ulcisceretur</strong></span> <span class='ocrx_word' id='word_1_755' title='bbox 3417 2858 3536 2910; x_wconf 78' lang='lat' dir='ltr'><strong>qua:</strong></span> 
     </span>
    </p>
   </div>
   <div class='ocr_carea' id='block_1_90' title="bbox 1957 2923 3537 2998">
    <p class='ocr_par' dir='ltr' id='par_1_90' title="bbox 1957 2923 3537 2998">
     <span class='ocr_line' id='line_1_90' title="bbox 1957 2923 3537 2998; baseline 0.005 -21"><span class='ocrx_word' id='word_1_756' title='bbox 1957 2923 2190 2978; x_wconf 76' lang='lat' dir='ltr'><strong>iecerant</strong></span> <span class='ocrx_word' id='word_1_757' title='bbox 2214 2967 2228 2991; x_wconf 94' lang='lat'><strong>,</strong></span> <span class='ocrx_word' id='word_1_758' title='bbox 2259 2943 2377 2981; x_wconf 86' lang='lat' dir='ltr'><strong>eum</strong></span> <span class='ocrx_word' id='word_1_759' title='bbox 2423 2937 2567 2982; x_wconf 86' lang='lat' dir='ltr'><strong>certe</strong></span> <span class='ocrx_word' id='word_1_760' title='bbox 2595 2927 2684 2996; x_wconf 89' lang='lat' dir='ltr'><strong>qui</strong></span> <span class='ocrx_word' id='word_1_761' title='bbox 2734 2938 2929 2982; x_wconf 88' lang='lat' dir='ltr'><strong>tantam</strong></span> <span class='ocrx_word' id='word_1_762' title='bbox 2957 2929 3070 2995; x_wconf 79' lang='lat' dir='ltr'><strong>ejus</strong></span> <span class='ocrx_word' id='word_1_763' title='bbox 3098 2944 3277 2982; x_wconf 90' lang='lat' dir='ltr'><strong>curam</strong></span> <span class='ocrx_word' id='word_1_764' title='bbox 3307 2932 3498 2998; x_wconf 85' lang='lat' dir='ltr'><strong>agebat</strong></span> <span class='ocrx_word' id='word_1_765' title='bbox 3521 2972 3537 2992; x_wconf 88' lang='lat'><strong>,</strong></span> 
     </span>
    </p>
   </div>
   <div class='ocr_carea' id='block_1_91' title="bbox 1958 3018 3534 3089">
    <p class='ocr_par' dir='ltr' id='par_1_91' title="bbox 1958 3018 3534 3089">
     <span class='ocr_line' id='line_1_91' title="bbox 1958 3018 3534 3089; baseline 0.003 -18"><span class='ocrx_word' id='word_1_766' title='bbox 1958 3018 2302 3086; x_wconf 82' lang='lat' dir='ltr'><strong>repetiturum</strong></span> <span class='ocrx_word' id='word_1_767' title='bbox 2333 3034 2451 3072; x_wconf 83' lang='lat' dir='ltr'><strong>esse</strong></span> <span class='ocrx_word' id='word_1_768' title='bbox 2478 3019 2736 3073; x_wconf 90' lang='lat' dir='ltr'><strong>rationem</strong></span> <span class='ocrx_word' id='word_1_769' title='bbox 2766 3035 2945 3073; x_wconf 89' lang='lat' dir='ltr'><strong>eorum</strong></span> <span class='ocrx_word' id='word_1_770' title='bbox 2970 3036 3084 3089; x_wconf 78' lang='lat' dir='ltr'><strong>qua:</strong></span> <span class='ocrx_word' id='word_1_771' title='bbox 3112 3019 3378 3088; x_wconf 83' lang='lat' dir='ltr'><strong>iujustuni</strong></span> <span class='ocrx_word' id='word_1_772' title='bbox 3403 3023 3534 3075; x_wconf 84' lang='lat' dir='ltr'><strong>facta</strong></span> 
     </span>
    </p>
   </div>
   <div class='ocr_carea' id='block_1_92' title="bbox 1957 3109 3536 3181">
    <p class='ocr_par' dir='ltr' id='par_1_92' title="bbox 1957 3109 3536 3181">
     <span class='ocr_line' id='line_1_92' title="bbox 1957 3109 3536 3181; baseline 0.003 -18"><span class='ocrx_word' id='word_1_773' title='bbox 1957 3109 2167 3165; x_wconf 72' lang='lat' dir='ltr'><strong>fuerant</strong></span> <span class='ocrx_word' id='word_1_774' title='bbox 2198 3128 2210 3163; x_wconf 90' lang='lat'><strong>:</strong></span> <span class='ocrx_word' id='word_1_775' title='bbox 2243 3121 2524 3180; x_wconf 68' lang='lat' dir='ltr'><strong>eaprolstcr</strong></span> <span class='ocrx_word' id='word_1_776' title='bbox 2547 3111 2748 3180; x_wconf 89' lang='lat' dir='ltr'><strong>justum</strong></span> <span class='ocrx_word' id='word_1_777' title='bbox 2794 3111 3040 3181; x_wconf 86' lang='lat' dir='ltr'><strong>placant,</strong></span> <span class='ocrx_word' id='word_1_778' title='bbox 3085 3121 3138 3165; x_wconf 90' lang='lat' dir='ltr'><strong>et</strong></span> <span class='ocrx_word' id='word_1_779' title='bbox 3167 3123 3373 3181; x_wconf 83' lang='lat' dir='ltr'><strong>pactum</strong></span> <span class='ocrx_word' id='word_1_780' title='bbox 3405 3115 3536 3168; x_wconf 89' lang='lat' dir='ltr'><strong>inire</strong></span> 
     </span>
    </p>
   </div>
   <div class='ocr_carea' id='block_1_93' title="bbox 1957 3202 3539 3273">
    <p class='ocr_par' dir='ltr' id='par_1_93' title="bbox 1957 3202 3539 3273">
     <span class='ocr_line' id='line_1_93' title="bbox 1957 3202 3539 3273; baseline 0.004 -20"><span class='ocrx_word' id='word_1_781' title='bbox 1957 3215 2076 3254; x_wconf 82' lang='lat' dir='ltr'><strong>cum</strong></span> <span class='ocrx_word' id='word_1_782' title='bbox 2119 3217 2182 3254; x_wconf 89' lang='lat' dir='ltr'><strong>co</strong></span> <span class='ocrx_word' id='word_1_783' title='bbox 2224 3202 2475 3263; x_wconf 84' lang='lat' dir='ltr'><strong>student,</strong></span> <span class='ocrx_word' id='word_1_784' title='bbox 2509 3203 2666 3257; x_wconf 88' lang='lat' dir='ltr'><strong>simul</strong></span> <span class='ocrx_word' id='word_1_785' title='bbox 2707 3212 2758 3257; x_wconf 84' lang='lat' dir='ltr'><strong>et</strong></span> <span class='ocrx_word' id='word_1_786' title='bbox 2799 3218 2894 3273; x_wconf 89' lang='lat' dir='ltr'><strong>pro</strong></span> <span class='ocrx_word' id='word_1_787' title='bbox 2942 3204 3003 3256; x_wconf 82' lang='lat' dir='ltr'><strong>iis</strong></span> <span class='ocrx_word' id='word_1_788' title='bbox 3045 3220 3162 3272; x_wconf 76' lang='lat' dir='ltr'><strong>qua:</strong></span> <span class='ocrx_word' id='word_1_789' title='bbox 3211 3204 3342 3258; x_wconf 65' lang='lat' dir='ltr'><strong>ﬁcta</strong></span> <span class='ocrx_word' id='word_1_790' title='bbox 3384 3214 3539 3260; x_wconf 87' lang='lat' dir='ltr'><strong>erant</strong></span> 
     </span>
    </p>
   </div>
   <div class='ocr_carea' id='block_1_94' title="bbox 1958 3291 3536 3357">
    <p class='ocr_par' dir='ltr' id='par_1_94' title="bbox 1958 3291 3536 3357">
     <span class='ocr_line' id='line_1_94' title="bbox 1958 3291 3536 3357; baseline 0.003 -13"><span class='ocrx_word' id='word_1_791' title='bbox 1958 3291 2214 3344; x_wconf 86' lang='lat' dir='ltr'><strong>rationem</strong></span> <span class='ocrx_word' id='word_1_792' title='bbox 2259 3293 2541 3346; x_wconf 88' lang='lat' dir='ltr'><strong>reddeutcs</strong></span> <span class='ocrx_word' id='word_1_793' title='bbox 2565 3333 2580 3357; x_wconf 96' lang='lat'><strong>,</strong></span> <span class='ocrx_word' id='word_1_794' title='bbox 2614 3302 2667 3347; x_wconf 90' lang='lat' dir='ltr'><strong>et</strong></span> <span class='ocrx_word' id='word_1_795' title='bbox 2711 3294 2762 3347; x_wconf 92' lang='lat' dir='ltr'><strong>in</strong></span> <span class='ocrx_word' id='word_1_796' title='bbox 2806 3293 3036 3356; x_wconf 84' lang='lat' dir='ltr'><strong>futurum</strong></span> <span class='ocrx_word' id='word_1_797' title='bbox 3068 3295 3403 3348; x_wconf 77' lang='lat' dir='ltr'><strong>securitatem</strong></span> <span class='ocrx_word' id='word_1_798' title='bbox 3437 3297 3536 3349; x_wconf 91' lang='lat' dir='ltr'><strong>sibi</strong></span> 
     </span>
    </p>
   </div>
   <div class='ocr_carea' id='block_1_95' title="bbox 1957 3383 3537 3454">
    <p class='ocr_par' dir='ltr' id='par_1_95' title="bbox 1957 3383 3537 3454">
     <span class='ocr_line' id='line_1_95' title="bbox 1957 3383 3537 3454; baseline 0.001 -18"><span class='ocrx_word' id='word_1_799' title='bbox 1957 3383 2320 3437; x_wconf 74' lang='lat' dir='ltr'><strong>coinciliantes.</strong></span> <span class='ocrx_word' id='word_1_800' title='bbox 2367 3385 2455 3439; x_wconf 78' lang='lat'><strong>50.</strong></span> <span class='ocrx_word' id='word_1_801' title='bbox 2486 3383 2550 3436; x_wconf 81' lang='lat' dir='ltr'><strong>Et</strong></span> <span class='ocrx_word' id='word_1_802' title='bbox 2591 3385 2706 3454; x_wconf 79' lang='lat' dir='ltr'><strong>fecit</strong></span> <span class='ocrx_word' id='word_1_803' title='bbox 2743 3384 2816 3437; x_wconf 89' lang='lat' dir='ltr'><strong>eis</strong></span> <span class='ocrx_word' id='word_1_804' title='bbox 2843 3425 2857 3448; x_wconf 93' lang='lat'><strong>,</strong></span> <span class='ocrx_word' id='word_1_805' title='bbox 2903 3384 3104 3453; x_wconf 92' lang='lat' dir='ltr'><strong>inquit,</strong></span> <span class='ocrx_word' id='word_1_806' title='bbox 3148 3386 3460 3448; x_wconf 81' lang='lat' dir='ltr'><strong>convivium,</strong></span> <span class='ocrx_word' id='word_1_807' title='bbox 3492 3395 3537 3439; x_wconf 86' lang='lat' dir='ltr'><strong>et</strong></span> 
     </span>
    </p>
   </div>
   <div class='ocr_carea' id='block_1_96' title="bbox 1957 3475 3534 3544">
    <p class='ocr_par' dir='ltr' id='par_1_96' title="bbox 1957 3475 3534 3544">
     <span class='ocr_line' id='line_1_96' title="bbox 1957 3475 3534 3544; baseline 0.002 -16"><span class='ocrx_word' id='word_1_808' title='bbox 1957 3477 2273 3528; x_wconf 70' lang='lat' dir='ltr'><strong>comederunt</strong></span> <span class='ocrx_word' id='word_1_809' title='bbox 2299 3487 2343 3528; x_wconf 90' lang='lat' dir='ltr'><strong>et</strong></span> <span class='ocrx_word' id='word_1_810' title='bbox 2368 3475 2593 3530; x_wconf 85' lang='lat' dir='ltr'><strong>biberunt</strong></span> <span class='ocrx_word' id='word_1_811' title='bbox 2621 3477 2748 3530; x_wconf 80' lang='lat'><strong>:51.</strong></span> <span class='ocrx_word' id='word_1_812' title='bbox 2779 3486 2823 3530; x_wconf 90' lang='lat' dir='ltr'><strong>et</strong></span> <span class='ocrx_word' id='word_1_813' title='bbox 2855 3494 2965 3530; x_wconf 91' lang='lat' dir='ltr'><strong>cum</strong></span> <span class='ocrx_word' id='word_1_814' title='bbox 2993 3478 3322 3531; x_wconf 72' lang='lat' dir='ltr'><strong>surrexissent</strong></span> <span class='ocrx_word' id='word_1_815' title='bbox 3353 3495 3496 3531; x_wconf 81' lang='lat' dir='ltr'><strong>utane</strong></span> <span class='ocrx_word' id='word_1_816' title='bbox 3518 3520 3534 3544; x_wconf 92' lang='lat'><strong>,</strong></span> 
     </span>
    </p>
   </div>
   <div class='ocr_carea' id='block_1_97' title="bbox 1948 3568 3534 3639">
    <p class='ocr_par' dir='ltr' id='par_1_97' title="bbox 1948 3568 3534 3639">
     <span class='ocr_line' id='line_1_97' title="bbox 1948 3568 3534 3639; baseline 0.001 -19"><span class='ocrx_word' id='word_1_817' title='bbox 1948 3569 2142 3638; x_wconf 88' lang='lat' dir='ltr'><strong>juravit</strong></span> <span class='ocrx_word' id='word_1_818' title='bbox 2166 3569 2506 3639; x_wconf 82' lang='lat' dir='ltr'><strong>unusquisque</strong></span> <span class='ocrx_word' id='word_1_819' title='bbox 2535 3569 2762 3637; x_wconf 74' lang='lat' dir='ltr'><strong>proximo</strong></span> <span class='ocrx_word' id='word_1_820' title='bbox 2792 3586 2882 3622; x_wconf 88' lang='lat' dir='ltr'><strong>suo</strong></span> <span class='ocrx_word' id='word_1_821' title='bbox 2908 3611 2922 3632; x_wconf 96' lang='lat'><strong>,</strong></span> <span class='ocrx_word' id='word_1_822' title='bbox 2951 3579 2995 3622; x_wconf 90' lang='lat' dir='ltr'><strong>et</strong></span> <span class='ocrx_word' id='word_1_823' title='bbox 3021 3568 3209 3622; x_wconf 76' lang='lat' dir='ltr'><strong>dimisit</strong></span> <span class='ocrx_word' id='word_1_824' title='bbox 3236 3585 3317 3623; x_wconf 89' lang='lat' dir='ltr'><strong>eos</strong></span> <span class='ocrx_word' id='word_1_825' title='bbox 3344 3569 3496 3622; x_wconf 83' lang='lat' dir='ltr'><strong>Isaac</strong></span> <span class='ocrx_word' id='word_1_826' title='bbox 3519 3611 3534 3634; x_wconf 85' lang='lat'><strong>,</strong></span> 
     </span>
    </p>
   </div>
   <div class='ocr_carea' id='block_1_98' title="bbox 1957 3660 3536 3731">
    <p class='ocr_par' dir='ltr' id='par_1_98' title="bbox 1957 3660 3536 3731">
     <span class='ocr_line' id='line_1_98' title="bbox 1957 3660 3536 3731; baseline 0.001 -18"><span class='ocrx_word' id='word_1_827' title='bbox 1957 3673 2002 3713; x_wconf 89' lang='lat' dir='ltr'><strong>et</strong></span> <span class='ocrx_word' id='word_1_828' title='bbox 2033 3661 2363 3715; x_wconf 84' lang='lat' dir='ltr'><strong>discesserunt</strong></span> <span class='ocrx_word' id='word_1_829' title='bbox 2390 3662 2452 3713; x_wconf 88' lang='lat' dir='ltr'><strong>ab</strong></span> <span class='ocrx_word' id='word_1_830' title='bbox 2478 3678 2535 3714; x_wconf 88' lang='lat' dir='ltr'><strong>eo</strong></span> <span class='ocrx_word' id='word_1_831' title='bbox 2563 3678 2675 3714; x_wconf 89' lang='lat' dir='ltr'><strong>cum</strong></span> <span class='ocrx_word' id='word_1_832' title='bbox 2704 3662 2884 3716; x_wconf 85' lang='lat' dir='ltr'><strong>salute.</strong></span> <span class='ocrx_word' id='word_1_833' title='bbox 2917 3660 3044 3716; x_wconf 85' lang='lat' dir='ltr'><strong>Vide</strong></span> <span class='ocrx_word' id='word_1_834' title='bbox 3083 3661 3209 3730; x_wconf 91' lang='lat' dir='ltr'><strong>justi</strong></span> <span class='ocrx_word' id='word_1_835' title='bbox 3240 3662 3536 3731; x_wconf 80' lang='lat' dir='ltr'><strong>benignita-</strong></span> 
     </span>
    </p>
   </div>
   <div class='ocr_carea' id='block_1_99' title="bbox 1960 3754 3536 3823">
    <p class='ocr_par' dir='ltr' id='par_1_99' title="bbox 1960 3754 3536 3823">
     <span class='ocr_line' id='line_1_99' title="bbox 1960 3754 3536 3823; baseline 0.001 -17"><span class='ocrx_word' id='word_1_836' title='bbox 1960 3763 2062 3816; x_wconf 84' lang='lat' dir='ltr'><strong>tem</strong></span> <span class='ocrx_word' id='word_1_837' title='bbox 2091 3795 2104 3816; x_wconf 86' lang='lat'><strong>,</strong></span> <span class='ocrx_word' id='word_1_838' title='bbox 2137 3755 2404 3822; x_wconf 91' lang='lat' dir='ltr'><strong>quomodo</strong></span> <span class='ocrx_word' id='word_1_839' title='bbox 2429 3769 2548 3808; x_wconf 91' lang='lat' dir='ltr'><strong>cum</strong></span> <span class='ocrx_word' id='word_1_840' title='bbox 2582 3755 2658 3808; x_wconf 89' lang='lat' dir='ltr'><strong>eis</strong></span> <span class='ocrx_word' id='word_1_841' title='bbox 2687 3755 2886 3823; x_wconf 88' lang='lat' dir='ltr'><strong>absque</strong></span> <span class='ocrx_word' id='word_1_842' title='bbox 2922 3754 3219 3808; x_wconf 86' lang='lat' dir='ltr'><strong>vindicandi</strong></span> <span class='ocrx_word' id='word_1_843' title='bbox 3251 3755 3536 3823; x_wconf 81' lang='lat' dir='ltr'><strong>cupiditate</strong></span> 
     </span>
    </p>
   </div>
   <div class='ocr_carea' id='block_1_100' title="bbox 1960 3844 3540 3914">
    <p class='ocr_par' dir='ltr' id='par_1_100' title="bbox 1960 3844 3540 3914">
     <span class='ocr_line' id='line_1_100' title="bbox 1960 3844 3540 3914; baseline 0.003 -18"><span class='ocrx_word' id='word_1_844' title='bbox 1960 3844 2190 3912; x_wconf 87' lang='lat' dir='ltr'><strong>loquitur</strong></span> <span class='ocrx_word' id='word_1_845' title='bbox 2221 3863 2232 3898; x_wconf 93' lang='lat'>:</span> <span class='ocrx_word' id='word_1_846' title='bbox 2264 3855 2314 3898; x_wconf 90' lang='lat' dir='ltr'><strong>et</strong></span> <span class='ocrx_word' id='word_1_847' title='bbox 2345 3858 2449 3898; x_wconf 92' lang='lat' dir='ltr'><strong>non</strong></span> <span class='ocrx_word' id='word_1_848' title='bbox 2486 3846 2653 3898; x_wconf 60' lang='lat' dir='ltr'><strong>solum</strong></span> <span class='ocrx_word' id='word_1_849' title='bbox 2685 3845 3012 3899; x_wconf 73' lang='lat' dir='ltr'><strong>obliviscitur</strong></span> <span class='ocrx_word' id='word_1_850' title='bbox 3042 3861 3224 3899; x_wconf 89' lang='lat' dir='ltr'><strong>eorum</strong></span> <span class='ocrx_word' id='word_1_851' title='bbox 3255 3862 3372 3914; x_wconf 63' lang='lat' dir='ltr'><strong>quae</strong></span> <span class='ocrx_word' id='word_1_852' title='bbox 3400 3846 3450 3898; x_wconf 90' lang='lat' dir='ltr'><strong>in</strong></span> <span class='ocrx_word' id='word_1_853' title='bbox 3480 3859 3540 3900; x_wconf 87' lang='lat' dir='ltr'><strong>se</strong></span> 
     </span>
    </p>
   </div>
   <div class='ocr_carea' id='block_1_101' title="bbox 1961 3937 3538 4006">
    <p class='ocr_par' dir='ltr' id='par_1_101' title="bbox 1961 3937 3538 4006">
     <span class='ocr_line' id='line_1_101' title="bbox 1961 3937 3538 4006; baseline 0.001 -17"><span class='ocrx_word' id='word_1_854' title='bbox 1961 3937 2115 3997; x_wconf 78' lang='lat' dir='ltr'><strong>facta,</strong></span> <span class='ocrx_word' id='word_1_855' title='bbox 2138 3937 2228 3990; x_wconf 91' lang='lat' dir='ltr'><strong>sed</strong></span> <span class='ocrx_word' id='word_1_856' title='bbox 2259 3953 2444 4006; x_wconf 87' lang='lat' dir='ltr'><strong>magna</strong></span> <span class='ocrx_word' id='word_1_857' title='bbox 2470 3937 2826 4006; x_wconf 87' lang='lat' dir='ltr'><strong>hospitalitate</strong></span> <span class='ocrx_word' id='word_1_858' title='bbox 2856 3938 2970 3989; x_wconf 86' lang='lat' dir='ltr'><strong>illos</strong></span> <span class='ocrx_word' id='word_1_859' title='bbox 2994 3938 3205 4006; x_wconf 82' lang='lat' dir='ltr'><strong>excipit.</strong></span> <span class='ocrx_word' id='word_1_860' title='bbox 3237 3937 3374 3990; x_wconf 78' lang='lat' dir='ltr'><strong>Fecit</strong></span> <span class='ocrx_word' id='word_1_861' title='bbox 3397 3940 3538 3991; x_wconf 60' lang='lat' dir='ltr'><strong>enim</strong></span> 
     </span>
    </p>
   </div>
   <div class='ocr_carea' id='block_1_102' title="bbox 1957 4029 3538 4094">
    <p class='ocr_par' dir='ltr' id='par_1_102' title="bbox 1957 4029 3538 4094">
     <span class='ocr_line' id='line_1_102' title="bbox 1957 4029 3538 4094; baseline 0 -12"><span class='ocrx_word' id='word_1_862' title='bbox 1957 4030 2026 4082; x_wconf 87' lang='lat' dir='ltr'><strong>eis</strong></span> <span class='ocrx_word' id='word_1_863' title='bbox 2042 4029 2339 4094; x_wconf 87' lang='lat' dir='ltr'><strong>convivium,</strong></span> <span class='ocrx_word' id='word_1_864' title='bbox 2361 4038 2407 4081; x_wconf 86' lang='lat' dir='ltr'><strong>et</strong></span> <span class='ocrx_word' id='word_1_865' title='bbox 2435 4029 2750 4082; x_wconf 87' lang='lat' dir='ltr'><strong>comederunt</strong></span> <span class='ocrx_word' id='word_1_866' title='bbox 2778 4039 2823 4082; x_wconf 90' lang='lat' dir='ltr'><strong>et</strong></span> <span class='ocrx_word' id='word_1_867' title='bbox 2854 4029 3093 4082; x_wconf 85' lang='lat' dir='ltr'><strong>biberunt.</strong></span> <span class='ocrx_word' id='word_1_868' title='bbox 3126 4029 3380 4083; x_wconf 79' lang='lat' dir='ltr'><strong>Convivia</strong></span> <span class='ocrx_word' id='word_1_869' title='bbox 3409 4032 3538 4083; x_wconf 85' lang='lat' dir='ltr'><strong>satis</strong></span> 
     </span>
    </p>
   </div>
   <div class='ocr_carea' id='block_1_103' title="bbox 1958 4119 3537 4188">
    <p class='ocr_par' dir='ltr' id='par_1_103' title="bbox 1958 4119 3537 4188">
     <span class='ocr_line' id='line_1_103' title="bbox 1958 4119 3537 4188; baseline 0 -15"><span class='ocrx_word' id='word_1_870' title='bbox 1958 4130 2102 4174; x_wconf 87' lang='lat' dir='ltr'><strong>certa</strong></span> <span class='ocrx_word' id='word_1_871' title='bbox 2142 4119 2231 4172; x_wconf 87' lang='lat' dir='ltr'><strong>dat</strong></span> <span class='ocrx_word' id='word_1_872' title='bbox 2265 4129 2570 4188; x_wconf 75' lang='lat' dir='ltr'><strong>argumenta</strong></span> <span class='ocrx_word' id='word_1_873' title='bbox 2596 4161 2609 4180; x_wconf 83' lang='lat'><strong>,</strong></span> <span class='ocrx_word' id='word_1_874' title='bbox 2640 4135 2698 4172; x_wconf 87' lang='lat' dir='ltr'><strong>se</strong></span> <span class='ocrx_word' id='word_1_875' title='bbox 2738 4135 2842 4172; x_wconf 91' lang='lat' dir='ltr'><strong>non</strong></span> <span class='ocrx_word' id='word_1_876' title='bbox 2885 4120 2997 4173; x_wconf 82' lang='lat' dir='ltr'><strong>fore</strong></span> <span class='ocrx_word' id='word_1_877' title='bbox 3037 4136 3324 4175; x_wconf 73' lang='lat' dir='ltr'><strong>Ineunt-em</strong></span> <span class='ocrx_word' id='word_1_878' title='bbox 3353 4136 3537 4174; x_wconf 84' lang='lat' dir='ltr'><strong>eorum</strong></span> 
     </span>
    </p>
   </div>
   <div class='ocr_carea' id='block_1_104' title="bbox 1958 4210 3538 4282">
    <p class='ocr_par' dir='ltr' id='par_1_104' title="bbox 1958 4210 3538 4282">
     <span class='ocr_line' id='line_1_104' title="bbox 1958 4210 3538 4282; baseline 0.002 -19"><span class='ocrx_word' id='word_1_879' title='bbox 1958 4227 2077 4280; x_wconf 75' lang='lat' dir='ltr'><strong>qua:</strong></span> <span class='ocrx_word' id='word_1_880' title='bbox 2103 4212 2154 4264; x_wconf 91' lang='lat' dir='ltr'><strong>in</strong></span> <span class='ocrx_word' id='word_1_881' title='bbox 2182 4226 2237 4265; x_wconf 89' lang='lat' dir='ltr'><strong>se</strong></span> <span class='ocrx_word' id='word_1_882' title='bbox 2267 4211 2662 4264; x_wconf 85' lang='lat' dir='ltr'><strong>commiserant.</strong></span> <span class='ocrx_word' id='word_1_883' title='bbox 2691 4210 2756 4263; x_wconf 84' lang='lat' dir='ltr'><strong>Et</strong></span> <span class='ocrx_word' id='word_1_884' title='bbox 2776 4211 2961 4264; x_wconf 79' lang='lat' dir='ltr'><strong>dimisit</strong></span> <span class='ocrx_word' id='word_1_885' title='bbox 2988 4228 3087 4277; x_wconf 87' lang='lat' dir='ltr'><strong>eos,</strong></span> <span class='ocrx_word' id='word_1_886' title='bbox 3121 4213 3306 4282; x_wconf 74' lang='lat' dir='ltr'><strong>inquit,</strong></span> <span class='ocrx_word' id='word_1_887' title='bbox 3330 4222 3373 4265; x_wconf 85' lang='lat' dir='ltr'><strong>et</strong></span> <span class='ocrx_word' id='word_1_888' title='bbox 3399 4213 3538 4266; x_wconf 83' lang='lat' dir='ltr'><strong>abie-</strong></span> 
     </span>
    </p>
   </div>
   <div class='ocr_carea' id='block_1_105' title="bbox 1956 4303 3534 4373">
    <p class='ocr_par' dir='ltr' id='par_1_105' title="bbox 1956 4303 3534 4373">
     <span class='ocr_line' id='line_1_105' title="bbox 1956 4303 3534 4373; baseline 0.001 -17"><span class='ocrx_word' id='word_1_889' title='bbox 1956 4315 2073 4356; x_wconf 86' lang='lat' dir='ltr'><strong>runt</strong></span> <span class='ocrx_word' id='word_1_890' title='bbox 2097 4321 2209 4356; x_wconf 88' lang='lat' dir='ltr'><strong>cum</strong></span> <span class='ocrx_word' id='word_1_891' title='bbox 2235 4305 2414 4358; x_wconf 83' lang='lat' dir='ltr'><strong>salute.</strong></span> <span class='ocrx_word' id='word_1_892' title='bbox 2444 4303 2768 4373; x_wconf 76' lang='lat' dir='ltr'><strong>Significavit</strong></span> <span class='ocrx_word' id='word_1_893' title='bbox 2790 4320 2884 4372; x_wconf 87' lang='lat' dir='ltr'><strong>per</strong></span> <span class='ocrx_word' id='word_1_894' title='bbox 2911 4305 3011 4358; x_wconf 90' lang='lat' dir='ltr'><strong>hoc</strong></span> <span class='ocrx_word' id='word_1_895' title='bbox 3036 4305 3209 4357; x_wconf 85' lang='lat' dir='ltr'><strong>divina</strong></span> <span class='ocrx_word' id='word_1_896' title='bbox 3238 4306 3534 4373; x_wconf 74' lang='lat' dir='ltr'><strong>Scriptum,</strong></span> 
     </span>
    </p>
   </div>
   <div class='ocr_carea' id='block_1_106' title="bbox 1956 4397 3524 4466">
    <p class='ocr_par' dir='ltr' id='par_1_106' title="bbox 1956 4397 3524 4466">
     <span class='ocr_line' id='line_1_106' title="bbox 1956 4397 3524 4466; baseline -0.001 -17"><span class='ocrx_word' id='word_1_897' title='bbox 1956 4410 2050 4450; x_wconf 87' lang='lat' dir='ltr'><strong>eos</strong></span> <span class='ocrx_word' id='word_1_898' title='bbox 2082 4411 2272 4466; x_wconf 84' lang='lat' dir='ltr'><strong>magno</strong></span> <span class='ocrx_word' id='word_1_899' title='bbox 2310 4413 2427 4450; x_wconf 83' lang='lat' dir='ltr'><strong>cum</strong></span> <span class='ocrx_word' id='word_1_900' title='bbox 2470 4398 2657 4450; x_wconf 90' lang='lat' dir='ltr'><strong>timore</strong></span> <span class='ocrx_word' id='word_1_901' title='bbox 2689 4397 2998 4461; x_wconf 71' lang='lat' dir='ltr'><strong>advenisse,</strong></span> <span class='ocrx_word' id='word_1_902' title='bbox 3033 4399 3324 4463; x_wconf 74' lang='lat' dir='ltr'><strong>periculum</strong></span> <span class='ocrx_word' id='word_1_903' title='bbox 3351 4413 3524 4464; x_wconf 72' lang='lat' dir='ltr'><strong>exsuc-</strong></span> 
     </span>
    </p>
   </div>
   <div class='ocr_carea' id='block_1_107' title="bbox 1957 4487 3536 4553">
    <p class='ocr_par' dir='ltr' id='par_1_107' title="bbox 1957 4487 3536 4553">
     <span class='ocr_line' id='line_1_107' title="bbox 1957 4487 3536 4553; baseline 0.001 -14"><span class='ocrx_word' id='word_1_904' title='bbox 1957 4493 2160 4540; x_wconf 54' lang='lat' dir='ltr'><strong>ctantes</strong></span> <span class='ocrx_word' id='word_1_905' title='bbox 2187 4529 2200 4548; x_wconf 86' lang='lat'><strong>,</strong></span> <span class='ocrx_word' id='word_1_906' title='bbox 2231 4496 2282 4540; x_wconf 92' lang='lat' dir='ltr'><strong>et</strong></span> <span class='ocrx_word' id='word_1_907' title='bbox 2309 4487 2373 4540; x_wconf 89' lang='lat' dir='ltr'><strong>de</strong></span> <span class='ocrx_word' id='word_1_908' title='bbox 2400 4503 2576 4541; x_wconf 86' lang='lat' dir='ltr'><strong>rerum</strong></span> <span class='ocrx_word' id='word_1_909' title='bbox 2602 4503 2806 4541; x_wconf 89' lang='lat' dir='ltr'><strong>summa</strong></span> <span class='ocrx_word' id='word_1_910' title='bbox 2830 4529 2844 4552; x_wconf 95' lang='lat'><strong>,</strong></span> <span class='ocrx_word' id='word_1_911' title='bbox 2878 4497 2935 4542; x_wconf 91' lang='lat' dir='ltr'><strong>ut</strong></span> <span class='ocrx_word' id='word_1_912' title='bbox 2968 4490 3032 4542; x_wconf 88' lang='lat' dir='ltr'><strong>ita</strong></span> <span class='ocrx_word' id='word_1_913' title='bbox 3061 4490 3230 4544; x_wconf 87' lang='lat' dir='ltr'><strong>dicam</strong></span> <span class='ocrx_word' id='word_1_914' title='bbox 3257 4531 3272 4553; x_wconf 95' lang='lat'><strong>,</strong></span> <span class='ocrx_word' id='word_1_915' title='bbox 3305 4490 3496 4542; x_wconf 76' lang='lat' dir='ltr'><strong>anxios</strong></span> <span class='ocrx_word' id='word_1_916' title='bbox 3521 4529 3536 4552; x_wconf 89' lang='lat'><strong>,</strong></span> 
     </span>
    </p>
   </div>
   <div class='ocr_carea' id='block_1_108' title="bbox 1957 4580 3540 4648">
    <p class='ocr_par' dir='ltr' id='par_1_108' title="bbox 1957 4580 3540 4648">
     <span class='ocr_line' id='line_1_108' title="bbox 1957 4580 3540 4648; baseline 0.002 -15"><span class='ocrx_word' id='word_1_917' title='bbox 1957 4588 2016 4633; x_wconf 92' lang='lat' dir='ltr'><strong>ut</strong></span> <span class='ocrx_word' id='word_1_918' title='bbox 2068 4590 2382 4633; x_wconf 77' lang='lat' dir='ltr'><strong>excusarent</strong></span> <span class='ocrx_word' id='word_1_919' title='bbox 2427 4595 2524 4643; x_wconf 77' lang='lat' dir='ltr'><strong>Su,</strong></span> <span class='ocrx_word' id='word_1_920' title='bbox 2573 4580 2636 4632; x_wconf 90' lang='lat' dir='ltr'><strong>ad</strong></span> <span class='ocrx_word' id='word_1_921' title='bbox 2685 4581 2884 4648; x_wconf 84' lang='lat' dir='ltr'><strong>justum</strong></span> <span class='ocrx_word' id='word_1_922' title='bbox 2929 4582 3302 4635; x_wconf 61' lang='lat' dir='ltr'><strong>cotteudisse-</strong></span> <span class='ocrx_word' id='word_1_923' title='bbox 3352 4581 3540 4640; x_wconf 84' lang='lat' dir='ltr'><strong>Vidisti</strong></span> 
     </span>
    </p>
   </div>
   <div class='ocr_carea' id='block_1_109' title="bbox 1957 4671 3545 4741">
    <p class='ocr_par' dir='ltr' id='par_1_109' title="bbox 1957 4671 3545 4741">
     <span class='ocr_line' id='line_1_109' title="bbox 1957 4671 3545 4741; baseline 0.003 -17"><span class='ocrx_word' id='word_1_924' title='bbox 1957 4673 2224 4741; x_wconf 87' lang='lat' dir='ltr'><strong>quomodo</strong></span> <span class='ocrx_word' id='word_1_925' title='bbox 2253 4672 2378 4724; x_wconf 85' lang='lat' dir='ltr'><strong>nihil</strong></span> <span class='ocrx_word' id='word_1_926' title='bbox 2407 4672 2627 4725; x_wconf 87' lang='lat' dir='ltr'><strong>validius</strong></span> <span class='ocrx_word' id='word_1_927' title='bbox 2655 4671 2884 4725; x_wconf 87' lang='lat' dir='ltr'><strong>virtute?</strong></span> <span class='ocrx_word' id='word_1_928' title='bbox 2913 4671 3041 4724; x_wconf 87' lang='lat' dir='ltr'><strong>nihil</strong></span> <span class='ocrx_word' id='word_1_929' title='bbox 3071 4673 3333 4739; x_wconf 87' lang='lat' dir='ltr'><strong>potentius</strong></span> <span class='ocrx_word' id='word_1_930' title='bbox 3355 4689 3545 4741; x_wconf 70' lang='lat' dir='ltr'><strong>supero.</strong></span> 
     </span>
    </p>
   </div>
   <div class='ocr_carea' id='block_1_110' title="bbox 1957 4761 3542 4820">
    <p class='ocr_par' dir='ltr' id='par_1_110' title="bbox 1957 4761 3542 4820">
     <span class='ocr_line' id='line_1_110' title="bbox 1957 4761 3542 4820; baseline 0.002 -4"><span class='ocrx_word' id='word_1_931' title='bbox 1957 4763 2039 4817; x_wconf 89' lang='lat' dir='ltr'><strong>nis</strong></span> <span class='ocrx_word' id='word_1_932' title='bbox 2065 4764 2274 4816; x_wconf 83' lang='lat' dir='ltr'><strong>auxiliis</strong></span> <span class='ocrx_word' id='word_1_933' title='bbox 2299 4761 2471 4816; x_wconf 82' lang='lat' dir='ltr'><strong>freto?</strong></span> <span class='ocrx_word' id='word_1_934' title='bbox 2496 4763 2684 4816; x_wconf 77' lang='lat' dir='ltr'><strong>Postea</strong></span> <span class='ocrx_word' id='word_1_935' title='bbox 2707 4762 2832 4816; x_wconf 88' lang='lat' dir='ltr'><strong>dicit</strong></span> <span class='ocrx_word' id='word_1_936' title='bbox 2858 4781 2870 4814; x_wconf 93' lang='lat'><strong>:</strong></span> <span class='ocrx_word' id='word_1_937' title='bbox 2899 4762 2984 4817; x_wconf 69' lang='lat'><strong>52.</strong></span> <span class='ocrx_word' id='word_1_938' title='bbox 3011 4761 3073 4814; x_wconf 93' lang='lat' dir='ltr'><strong>ln</strong></span> <span class='ocrx_word' id='word_1_939' title='bbox 3096 4764 3176 4817; x_wconf 85' lang='lat' dir='ltr'><strong>die</strong></span> <span class='ocrx_word' id='word_1_940' title='bbox 3201 4763 3287 4816; x_wconf 87' lang='lat' dir='ltr'><strong>illo</strong></span> <span class='ocrx_word' id='word_1_941' title='bbox 3315 4765 3542 4820; x_wconf 84' lang='lat' dir='ltr'><strong>abierunt</strong></span> 
     </span>
    </p>
   </div>
   <div class='ocr_carea' id='block_1_111' title="bbox 1957 4851 3540 4923">
    <p class='ocr_par' dir='ltr' id='par_1_111' title="bbox 1957 4851 3540 4923">
     <span class='ocr_line' id='line_1_111' title="bbox 1957 4851 3540 4923; baseline 0.001 -17"><span class='ocrx_word' id='word_1_942' title='bbox 1957 4855 2094 4923; x_wconf 85' lang='lat' dir='ltr'><strong>pueri</strong></span> <span class='ocrx_word' id='word_1_943' title='bbox 2131 4851 2280 4906; x_wconf 83' lang='lat' dir='ltr'><strong>Isaac</strong></span> <span class='ocrx_word' id='word_1_944' title='bbox 2299 4895 2312 4917; x_wconf 88' lang='lat'><strong>,</strong></span> <span class='ocrx_word' id='word_1_945' title='bbox 2345 4861 2391 4906; x_wconf 88' lang='lat' dir='ltr'><strong>et</strong></span> <span class='ocrx_word' id='word_1_946' title='bbox 2416 4854 2651 4921; x_wconf 87' lang='lat' dir='ltr'><strong>foderunt</strong></span> <span class='ocrx_word' id='word_1_947' title='bbox 2677 4861 2900 4920; x_wconf 85' lang='lat' dir='ltr'><strong>puteum,</strong></span> <span class='ocrx_word' id='word_1_948' title='bbox 2928 4864 2974 4906; x_wconf 80' lang='lat' dir='ltr'><strong>et</strong></span> <span class='ocrx_word' id='word_1_949' title='bbox 3001 4854 3234 4912; x_wconf 73' lang='lat' dir='ltr'><strong>dixerunt</strong></span> <span class='ocrx_word' id='word_1_950' title='bbox 3266 4871 3284 4906; x_wconf 91' lang='lat'><strong><em>:</em></strong></span> <span class='ocrx_word' id='word_1_951' title='bbox 3319 4855 3432 4909; x_wconf 72' lang='lat' dir='ltr'><strong>Non</strong></span> <span class='ocrx_word' id='word_1_952' title='bbox 3459 4858 3540 4910; x_wconf 86' lang='lat' dir='ltr'><strong>in-</strong></span> 
     </span>
    </p>
   </div>
   <div class='ocr_carea' id='block_1_112' title="bbox 1955 4942 3574 5016">
    <p class='ocr_par' dir='ltr' id='par_1_112' title="bbox 1955 4942 3574 5016">
     <span class='ocr_line' id='line_1_112' title="bbox 1955 4942 3574 5016; baseline -0.003 -17"><span class='ocrx_word' id='word_1_953' title='bbox 1955 4947 2173 4999; x_wconf 78' lang='lat' dir='ltr'><strong>venimus</strong></span> <span class='ocrx_word' id='word_1_954' title='bbox 2215 4962 2417 5016; x_wconf 84' lang='lat' dir='ltr'><strong>aquatn.</strong></span> <span class='ocrx_word' id='word_1_955' title='bbox 2449 4946 2534 5000; x_wconf 82' lang='grc'><strong>55.</strong></span> <span class='ocrx_word' id='word_1_956' title='bbox 2565 4943 2630 4996; x_wconf 83' lang='lat' dir='ltr'><strong>Et</strong></span> <span class='ocrx_word' id='word_1_957' title='bbox 2667 4946 2856 4998; x_wconf 86' lang='lat' dir='ltr'><strong>vocavit</strong></span> <span class='ocrx_word' id='word_1_958' title='bbox 2890 4961 3003 4998; x_wconf 87' lang='lat' dir='ltr'><strong>eum</strong></span> <span class='ocrx_word' id='word_1_959' title='bbox 3025 4987 3038 5008; x_wconf 93' lang='lat'><strong>,</strong></span> <span class='ocrx_word' id='word_1_960' title='bbox 3066 4945 3440 5004; x_wconf 82' lang='lat' dir='ltr'><strong>Jurantentum.</strong></span> <span class='ocrx_word' id='word_1_961' title='bbox 3476 4942 3539 4996; x_wconf 81' lang='lat' dir='ltr'><strong>Et</strong></span> <span class='ocrx_word' id='word_1_962' title='bbox 3565 4990 3574 4994; x_wconf 54' lang='grc' dir='ltr'>η</span> 
     </span>
    </p>
   </div>
   <div class='ocr_carea' id='block_1_113' title="bbox 1953 5036 3540 5106">
    <p class='ocr_par' dir='ltr' id='par_1_113' title="bbox 1953 5036 3540 5106">
     <span class='ocr_line' id='line_1_113' title="bbox 1953 5036 3540 5106; baseline -0.003 -14"><span class='ocrx_word' id='word_1_963' title='bbox 1953 5039 2140 5092; x_wconf 87' lang='lat' dir='ltr'><strong>idcirco</strong></span> <span class='ocrx_word' id='word_1_964' title='bbox 2164 5038 2358 5092; x_wconf 80' lang='lat' dir='ltr'><strong>vocavit</strong></span> <span class='ocrx_word' id='word_1_965' title='bbox 2385 5053 2562 5090; x_wconf 85' lang='lat' dir='ltr'><strong>nomen</strong></span> <span class='ocrx_word' id='word_1_966' title='bbox 2588 5037 2776 5090; x_wconf 87' lang='lat' dir='ltr'><strong>civitati</strong></span> <span class='ocrx_word' id='word_1_967' title='bbox 2797 5079 2810 5103; x_wconf 90' lang='lat'><strong>,</strong></span> <span class='ocrx_word' id='word_1_968' title='bbox 2843 5036 3034 5094; x_wconf 84' lang='lat' dir='ltr'><strong>Puteus</strong></span> <span class='ocrx_word' id='word_1_969' title='bbox 3059 5039 3329 5106; x_wconf 71' lang='lat' dir='ltr'><strong>iui-amenti</strong></span> <span class='ocrx_word' id='word_1_970' title='bbox 3347 5077 3361 5099; x_wconf 93' lang='lat'><strong>,</strong></span> <span class='ocrx_word' id='word_1_971' title='bbox 3388 5051 3540 5102; x_wconf 80' lang='lat' dir='ltr'><strong>usque</strong></span> 
     </span>
    </p>
   </div>
   <div class='ocr_carea' id='block_1_114' title="bbox 1953 5128 3536 5201">
    <p class='ocr_par' dir='ltr' id='par_1_114' title="bbox 1953 5128 3536 5201">
     <span class='ocr_line' id='line_1_114' title="bbox 1953 5128 3536 5201; baseline -0.003 -19"><span class='ocrx_word' id='word_1_972' title='bbox 1953 5132 2004 5184; x_wconf 87' lang='lat' dir='ltr'><strong>in</strong></span> <span class='ocrx_word' id='word_1_973' title='bbox 2038 5129 2334 5183; x_wconf 82' lang='lat' dir='ltr'><strong>hodiernum</strong></span> <span class='ocrx_word' id='word_1_974' title='bbox 2362 5129 2516 5184; x_wconf 87' lang='lat' dir='ltr'><strong>diem.</strong></span> <span class='ocrx_word' id='word_1_975' title='bbox 2547 5129 2677 5190; x_wconf 85' lang='lat' dir='ltr'><strong>Vide</strong></span> <span class='ocrx_word' id='word_1_976' title='bbox 2701 5139 2754 5183; x_wconf 87' lang='lat' dir='ltr'><strong>et</strong></span> <span class='ocrx_word' id='word_1_977' title='bbox 2780 5129 2882 5191; x_wconf 87' lang='lat' dir='ltr'><strong>hic,</strong></span> <span class='ocrx_word' id='word_1_978' title='bbox 2907 5147 2971 5183; x_wconf 82' lang='lat' dir='ltr'><strong>ex</strong></span> <span class='ocrx_word' id='word_1_979' title='bbox 2998 5129 3061 5182; x_wconf 85' lang='lat' dir='ltr'><strong>iis</strong></span> <span class='ocrx_word' id='word_1_980' title='bbox 3081 5145 3198 5201; x_wconf 64' lang='lat' dir='ltr'><strong>quae</strong></span> <span class='ocrx_word' id='word_1_981' title='bbox 3225 5128 3359 5182; x_wconf 79' lang='lat' dir='ltr'><strong>facta</strong></span> <span class='ocrx_word' id='word_1_982' title='bbox 3378 5135 3496 5178; x_wconf 88' lang='lat' dir='ltr'><strong>sunt</strong></span> <span class='ocrx_word' id='word_1_983' title='bbox 3520 5166 3536 5189; x_wconf 86' lang='lat'><strong>,</strong></span> 
     </span>
    </p>
   </div>
   <div class='ocr_carea' id='block_1_115' title="bbox 1955 5218 3536 5293">
    <p class='ocr_par' dir='ltr' id='par_1_115' title="bbox 1955 5218 3536 5293">
     <span class='ocr_line' id='line_1_115' title="bbox 1955 5218 3536 5293; baseline -0.003 -17"><span class='ocrx_word' id='word_1_984' title='bbox 1955 5223 2073 5278; x_wconf 87' lang='lat' dir='ltr'><strong>loco</strong></span> <span class='ocrx_word' id='word_1_985' title='bbox 2104 5240 2294 5284; x_wconf 87' lang='lat' dir='ltr'><strong>nomen</strong></span> <span class='ocrx_word' id='word_1_986' title='bbox 2338 5223 2662 5293; x_wconf 83' lang='lat' dir='ltr'><strong>impositum.</strong></span> <span class='ocrx_word' id='word_1_987' title='bbox 2694 5223 2823 5276; x_wconf 88' lang='lat' dir='ltr'><strong>Nam</strong></span> <span class='ocrx_word' id='word_1_988' title='bbox 2853 5223 2972 5292; x_wconf 84' lang='lat' dir='ltr'><strong>quia</strong></span> <span class='ocrx_word' id='word_1_989' title='bbox 3001 5221 3196 5276; x_wconf 77' lang='lat' dir='ltr'><strong>eﬂ&#39;osso</strong></span> <span class='ocrx_word' id='word_1_990' title='bbox 3226 5232 3381 5288; x_wconf 88' lang='lat' dir='ltr'><strong>puteo</strong></span> <span class='ocrx_word' id='word_1_991' title='bbox 3409 5218 3536 5273; x_wconf 84' lang='lat' dir='ltr'><strong>nihil</strong></span> 
     </span>
    </p>
   </div>
   <div class='ocr_carea' id='block_1_116' title="bbox 1955 5308 3534 5382">
    <p class='ocr_par' dir='ltr' id='par_1_116' title="bbox 1955 5308 3534 5382">
     <span class='ocr_line' id='line_1_116' title="bbox 1955 5308 3534 5382; baseline -0.001 -17"><span class='ocrx_word' id='word_1_992' title='bbox 1955 5316 2269 5367; x_wconf 87' lang='lat' dir='ltr'><strong>invenerunt</strong></span> <span class='ocrx_word' id='word_1_993' title='bbox 2292 5314 2342 5366; x_wconf 93' lang='lat' dir='ltr'><strong>in</strong></span> <span class='ocrx_word' id='word_1_994' title='bbox 2367 5314 2453 5367; x_wconf 88' lang='lat' dir='ltr'><strong>die</strong></span> <span class='ocrx_word' id='word_1_995' title='bbox 2475 5313 2563 5367; x_wconf 89' lang='lat' dir='ltr'><strong>illo</strong></span> <span class='ocrx_word' id='word_1_996' title='bbox 2585 5327 2688 5382; x_wconf 91' lang='lat' dir='ltr'><strong>quo</strong></span> <span class='ocrx_word' id='word_1_997' title='bbox 2704 5313 3003 5381; x_wconf 89' lang='lat' dir='ltr'><strong>juramenta</strong></span> <span class='ocrx_word' id='word_1_998' title='bbox 3031 5312 3166 5364; x_wconf 88' lang='lat' dir='ltr'><strong>inter</strong></span> <span class='ocrx_word' id='word_1_999' title='bbox 3191 5324 3248 5362; x_wconf 90' lang='lat' dir='ltr'><strong>se</strong></span> <span class='ocrx_word' id='word_1_1000' title='bbox 3275 5308 3534 5374; x_wconf 82' lang='lat' dir='ltr'><strong>fecerunt,</strong></span> 
     </span>
    </p>
   </div>
   <div class='ocr_carea' id='block_1_117' title="bbox 1888 5397 3535 5477">
    <p class='ocr_par' dir='ltr' id='par_1_117' title="bbox 1888 5397 3535 5477">
     <span class='ocr_line' id='line_1_117' title="bbox 1888 5397 3535 5477; baseline -0.004 -21"><span class='ocrx_word' id='word_1_1001' title='bbox 1888 5472 1898 5477; x_wconf 85' lang='lat'><strong><em>_</em></strong></span> <span class='ocrx_word' id='word_1_1002' title='bbox 1955 5402 2176 5456; x_wconf 83' lang='lat' dir='ltr'><strong>Puteum</strong></span> <span class='ocrx_word' id='word_1_1003' title='bbox 2220 5403 2506 5472; x_wconf 89' lang='lat' dir='ltr'><strong>jurameuti</strong></span> <span class='ocrx_word' id='word_1_1004' title='bbox 2549 5401 2755 5455; x_wconf 86' lang='lat' dir='ltr'><strong>vocavit</strong></span> <span class='ocrx_word' id='word_1_1005' title='bbox 2794 5415 2983 5453; x_wconf 89' lang='lat' dir='ltr'><strong>nomen</strong></span> <span class='ocrx_word' id='word_1_1006' title='bbox 3011 5399 3150 5461; x_wconf 85' lang='lat' dir='ltr'><strong>loci,</strong></span> <span class='ocrx_word' id='word_1_1007' title='bbox 3183 5408 3239 5451; x_wconf 92' lang='lat' dir='ltr'><strong>ut</strong></span> <span class='ocrx_word' id='word_1_1008' title='bbox 3277 5397 3535 5450; x_wconf 78' lang='lat' dir='ltr'><strong>factorum</strong></span> 
     </span>
    </p>
   </div>
   <div class='ocr_carea' id='block_1_118' title="bbox 1957 5488 3536 5560">
    <p class='ocr_par' dir='ltr' id='par_1_118' title="bbox 1957 5488 3536 5560">
     <span class='ocr_line' id='line_1_118' title="bbox 1957 5488 3536 5560; baseline -0.003 -13"><span class='ocrx_word' id='word_1_1009' title='bbox 1957 5493 2174 5548; x_wconf 87' lang='lat' dir='ltr'><strong>duraret</strong></span> <span class='ocrx_word' id='word_1_1010' title='bbox 2221 5494 2495 5548; x_wconf 87' lang='lat' dir='ltr'><strong>memoria.</strong></span> <span class='ocrx_word' id='word_1_1011' title='bbox 2549 5492 2731 5546; x_wconf 85' lang='lat' dir='ltr'><strong>Vidisti</strong></span> <span class='ocrx_word' id='word_1_1012' title='bbox 2777 5491 3044 5560; x_wconf 83' lang='lat' dir='ltr'><strong>quomodo</strong></span> <span class='ocrx_word' id='word_1_1013' title='bbox 3087 5490 3261 5559; x_wconf 79' lang='lat' dir='ltr'><strong>jusms</strong></span> <span class='ocrx_word' id='word_1_1014' title='bbox 3294 5489 3414 5553; x_wconf 89' lang='lat' dir='ltr'><strong>ille,</strong></span> <span class='ocrx_word' id='word_1_1015' title='bbox 3446 5488 3536 5559; x_wconf 89' lang='lat' dir='ltr'><strong>qui</strong></span> 
     </span>
    </p>
   </div>
   <div class='ocr_carea' id='block_1_119' title="bbox 1954 5583 3534 5657">
    <p class='ocr_par' dir='ltr' id='par_1_119' title="bbox 1954 5583 3534 5657">
     <span class='ocr_line' id='line_1_119' title="bbox 1954 5583 3534 5657; baseline -0.004 -15"><span class='ocrx_word' id='word_1_1016' title='bbox 1954 5604 2126 5657; x_wconf 87' lang='lat' dir='ltr'><strong>neque</strong></span> <span class='ocrx_word' id='word_1_1017' title='bbox 2153 5603 2180 5640; x_wconf 84' lang='lat' dir='ltr'><strong>a</strong></span> <span class='ocrx_word' id='word_1_1018' title='bbox 2210 5589 2325 5657; x_wconf 85' lang='lat' dir='ltr'><strong>lege</strong></span> <span class='ocrx_word' id='word_1_1019' title='bbox 2349 5587 2588 5640; x_wconf 86' lang='lat' dir='ltr'><strong>eruditus</strong></span> <span class='ocrx_word' id='word_1_1020' title='bbox 2627 5584 2720 5636; x_wconf 78' lang='lat' dir='ltr'><strong>fuit</strong></span> <span class='ocrx_word' id='word_1_1021' title='bbox 2742 5625 2757 5650; x_wconf 95' lang='lat'><strong>,</strong></span> <span class='ocrx_word' id='word_1_1022' title='bbox 2788 5600 2958 5652; x_wconf 88' lang='lat' dir='ltr'><strong>neque</strong></span> <span class='ocrx_word' id='word_1_1023' title='bbox 2985 5583 3049 5637; x_wconf 90' lang='lat' dir='ltr'><strong>ad</strong></span> <span class='ocrx_word' id='word_1_1024' title='bbox 3080 5585 3312 5654; x_wconf 88' lang='lat' dir='ltr'><strong>aliquem</strong></span> <span class='ocrx_word' id='word_1_1025' title='bbox 3341 5583 3534 5635; x_wconf 82' lang='lat' dir='ltr'><strong>virtute</strong></span> 
     </span>
    </p>
   </div>
   <div class='ocr_carea' id='block_1_120' title="bbox 1961 5673 3535 5751">
    <p class='ocr_par' dir='ltr' id='par_1_120' title="bbox 1961 5673 3535 5751">
     <span class='ocr_line' id='line_1_120' title="bbox 1961 5673 3535 5751; baseline -0.006 -17"><span class='ocrx_word' id='word_1_1026' title='bbox 1961 5680 2237 5751; x_wconf 75' lang='lat' dir='ltr'><strong>prtcd&#39;num</strong></span> <span class='ocrx_word' id='word_1_1027' title='bbox 2268 5679 2528 5749; x_wconf 80' lang='lat' dir='ltr'><strong>rcSpieerc</strong></span> <span class='ocrx_word' id='word_1_1028' title='bbox 2560 5675 2747 5746; x_wconf 84' lang='lat' dir='ltr'><strong>potuit,</strong></span> <span class='ocrx_word' id='word_1_1029' title='bbox 2779 5676 2870 5730; x_wconf 87' lang='lat' dir='ltr'><strong>sed</strong></span> <span class='ocrx_word' id='word_1_1030' title='bbox 2904 5680 3066 5747; x_wconf 72' lang='lat' dir='ltr'><strong>patr‘s</strong></span> <span class='ocrx_word' id='word_1_1031' title='bbox 3093 5673 3311 5746; x_wconf 73' lang='lat' dir='ltr'><strong>vestigia</strong></span> <span class='ocrx_word' id='word_1_1032' title='bbox 3343 5688 3535 5744; x_wconf 81' lang='lat' dir='ltr'><strong>sequu-</strong></span> 
     </span>
    </p>
   </div>
  </div>
