3974 6464
414 277 518 331 465

413 399 520 458 tus,
543 399 597 444 et
619 388 812 444 ductus
835 403 865 442 a
894 389 1218 445 conscientia
1239 389 1489 461 magistra
1521 389 1768 444 humanae
1793 396 1997 442 natura:

413 480 606 546 insita,
635 489 834 535 tantam
866 476 1107 535 exhibuit
1146 478 1572 550 philosophiam?
1613 481 1744 548 Qnte
1767 479 1909 533 enim
1941 478 2009 532 ab

414 585 484 626 eo
511 569 650 625 facta
690 580 850 636 sunt,
883 584 988 624 non
1015 568 1186 624 solum
1216 570 1677 626 mansuetudinem
1707 570 2010 624 indicabant

413 653 570 732 justi,
598 662 691 717 sed
719 671 772 717 et
801 671 1062 732 praecepta
1088 661 1286 718 Christi
1314 663 1424 717 suis
1455 663 1605 717 illum
1632 662 1884 731 operibus
1913 662 2011 716 im-
2048 737 2056 740 ﬁ

421 753 571 826 plere
612 753 982 808 ostendebant.
1025 752 1157 809 Nam
1189 755 1239 809 id
1276 755 1418 824 quod
1458 753 1704 810 Christus
1736 754 2010 824 discipulis
2033 743 2047 752 ’

421 843 532 899 suis
566 845 881 916 praicipieus
914 853 969 899 et
1007 844 1302 901 admonens
1329 846 1579 911 dicebat,
1615 863 1680 900 ne
1705 846 1854 901 solos
1890 845 1982 899 dili

415 944 600 1005 gentes
628 933 949 1004 diligerent,
979 936 1073 990 sed
1101 947 1156 992 et
1182 953 1306 1008 erga
1339 938 1582 993 inimicos
1613 939 1888 992 caritatem
1914 953 2010 991 ex-

421 1025 663 1080 hiberent
697 1025 929 1096 (Matth.
963 1027 1016 1082 5.
1043 1027 1152 1099 44)
1184 1046 1197 1082 :
1228 1027 1330 1084 hoc
1358 1029 1447 1084 ille
1488 1044 1628 1084 nunc
1656 1029 1822 1083 multo
1856 1037 2010 1083 antea

421 1114 717 1186 implebat,
766 1127 820 1171 et
874 1128 1015 1172 tanta
1071 1117 1431 1190 hospitalitate
1478 1122 1738 1175 tractabat
1783 1134 1878 1175 eos
1919 1118 2010 1190 qui

421 1221 616 1277 magno
659 1207 832 1279 ipsum
874 1209 998 1265 odio
1043 1213 1346 1283 proseqnnti
1391 1213 1645 1267 fuerant:
1688 1225 2010 1282 omnemque

420 1297 666 1354 vindictae
691 1300 1030 1371 cupiditatem
1055 1304 1236 1358 animo
1262 1318 1359 1358 suo
1383 1304 1716 1359 cxcludebat.

490 1391 548 1446 5.
588 1391 809 1448 Herulis
836 1393 1088 1464 epilogus.
1122 1424 1194 1434 —
1235 1396 1349 1462 Qua
1377 1395 1534 1466 igitur
1562 1410 1658 1449 nos
1689 1395 1837 1450 venia
1865 1393 2008 1463 digni

419 1480 624 1538 erimus
644 1523 662 1550 ,
691 1484 781 1554 qui
823 1493 943 1553 post
971 1484 1195 1554 gratiam
1215 1526 1231 1551 ,
1263 1496 1380 1555 post
1408 1495 1606 1540 tantam
1635 1486 1929 1541 doctrinam
1957 1493 2012 1538 et

349 1607 353 1612 ι
419 1569 713 1629 Salvatoris
741 1583 1000 1644 princepta
1027 1615 1043 1640 ,
1072 1591 1246 1646 neque
1270 1576 1337 1630 ad
1365 1577 1522 1647 hujus
1551 1577 1677 1647 justi
1706 1591 2010 1632 mensuram

423 1665 706 1734 pervenire
731 1666 1012 1720 valemus?
1038 1667 1107 1722 Et
1129 1668 1256 1738 quid
1279 1668 1420 1734 dico,
1443 1669 1508 1724 ad
1531 1668 1646 1738 ejus
1667 1667 2012 1724 mensuram?

425 1756 607 1826 Neque
654 1773 820 1827 prope
861 1759 1072 1815 adstare
1121 1775 1421 1829 possumus.
1470 1763 1636 1817 Tanta
1679 1764 1820 1818 enim
1871 1777 2012 1817 nunc

425 1847 639 1901 malitia:
682 1847 1000 1903 abundantia
1043 1851 1263 1906 obduxit
1303 1853 1480 1906 omnia
1507 1894 1521 1916 ,
1555 1863 1612 1908 ut
1644 1862 1698 1908 et
1730 1854 2011 1924 diligentes

422 1937 641 2008 diligere
666 1953 751 1994 res
779 1940 1062 1995 admodum
1094 1958 1209 1997 rara
1238 1944 1328 1998 sit.
1364 1944 1514 2000 Unde
1557 1947 1716 2017 igitur
1742 1946 1895 2001 nobis
1925 1961 2011 2000 sa-

423 2030 548 2084 lutis
589 2046 750 2100 spes,
792 2033 836 2086 si
869 2035 1165 2102 publicanis
1206 2036 1500 2091 deteriores
1540 2038 1832 2093 fuerimus?
1877 2039 2014 2092 sicut

424 2120 554 2176 dicit
581 2121 843 2177 Christus.
879 2123 940 2178 Si
978 2125 1187 2195 diligitis
1212 2127 1474 2197 diligentes
1504 2144 1619 2193 vos,
1648 2129 1771 2198 quid
1795 2130 2015 2200 amplius

422 2213 632 2279 facitis?
659 2230 824 2268 nonne
851 2224 896 2270 et
924 2217 1179 2286 publicani
1221 2219 1314 2272 hoc
1340 2222 1534 2290 faciunt
1562 2223 1582 2291 (
1613 2221 1751 2275 Ibid.
1780 2239 1827 2276 υ.
1853 2222 1923 2278 46
1952 2223 2012 2292 )?

429 2303 495 2357 Et
530 2303 774 2360 Christus
812 2308 1026 2376 quidem
1067 2309 1248 2365 volens
1283 2326 1379 2365 nos
1412 2311 1478 2366 ad
1508 2327 1773 2368 summum
1803 2314 2014 2369 virtutis

425 2393 610 2449 venire
646 2395 907 2466 fastigium
931 2440 946 2464 ,
981 2398 1084 2454 illis
1122 2402 1429 2469 superiores
1457 2404 1570 2458 vult
1598 2419 1718 2460 esse
1751 2424 1764 2460 :
1793 2421 1892 2459 nos
1920 2420 2015 2459 au-

426 2494 532 2540 tem
559 2486 837 2543 inferiores
863 2505 983 2546 esse
1009 2491 1304 2548 studemus.
1338 2495 1401 2548 Et
1429 2495 1553 2565 quid
1581 2496 1741 2563 dico,
1773 2497 2016 2568 publica-

424 2577 543 2631 nis?
590 2579 890 2636 Detcriores
929 2591 983 2635 et
1024 2583 1348 2650 latronibus,
1380 2596 1433 2640 et
1465 2587 1830 2656 sepulcrorum
1871 2589 2015 2643 dire-

428 2669 684 2736 ptoribus,
713 2681 768 2725 et
793 2671 1095 2728 homicidis.
1127 2675 1333 2730 Etenim
1367 2675 1417 2730 hi
1450 2693 1638 2734 omnes
1666 2679 1892 2750 diligunt
1921 2697 2014 2737 cos

427 2763 516 2832 qui
555 2777 681 2832 erga
707 2779 765 2818 se
795 2764 932 2820 bene
970 2765 1146 2821 affecti
1185 2778 1346 2835 sunt,
1373 2779 1428 2823 et
1457 2785 1823 2839 saepenumero
1853 2773 2012 2828 etiam

427 2867 527 2922 pro
572 2853 780 2909 dilectis
826 2855 1212 2924 periclitantur.
1268 2860 1404 2926 Quid
1456 2861 1615 2930 igitur
1657 2861 1816 2917 fuerit
1858 2863 2014 2917 nobis

429 2942 819 3010 miserabilius,
865 2945 954 3016 qui
1005 2954 1204 3004 tantam
1245 2965 1274 3003 a
1321 2950 1547 3006 Domino
1593 2953 2013 3009 misericordiam

428 3038 568 3093 nacti
595 3050 802 3104 sumus,
828 3047 882 3094 et
911 3039 1191 3098 innumera
1223 3044 1361 3098 mala
1388 3045 1698 3100 facientibus
1721 3046 2015 3102 deteriores

429 3124 766 3183 invenimur?
809 3130 1044 3187 Obsecro
1087 3133 1285 3203 igitur,
1331 3139 1625 3205 cogitemus
1673 3147 1726 3191 et
1770 3138 2012 3207 supplicii

428 3219 840 3289 magnitudinem
864 3264 880 3289 ,
916 3233 970 3280 et
1026 3225 1353 3282 confusionis
1391 3245 1510 3297 qua:
1547 3228 1672 3283 alibi
1719 3228 1893 3284 futura
1933 3239 2016 3285 est

426 3312 734 3378 gravitatem
754 3355 769 3379 ,
801 3328 866 3369 ac
889 3315 973 3370 vel
1003 3318 1192 3372 saltem
1223 3335 1362 3374 nunc
1397 3327 1631 3374 nostrant
1658 3335 2013 3391 agnoscamus

426 3404 876 3472 generositatem,
917 3417 971 3462 et
1014 3409 1444 3479 obtemperemus
1481 3411 1738 3467 doctrinae
1781 3413 2012 3481 Christi,

427 3507 494 3550 ac
520 3509 626 3551 non
656 3497 827 3552 solum
861 3514 958 3552 nos
982 3499 1261 3570 diligentes
1290 3502 1498 3557 sincere
1525 3504 1804 3574 diligamus
1825 3545 1840 3569 ,
1869 3505 2015 3560 omni

427 3585 555 3639 olio
578 3596 631 3640 et
656 3588 851 3642 invidia
876 3589 945 3644 ab
969 3592 1247 3648 animabus
1273 3593 1468 3648 nostris
1494 3594 1780 3650 eliminatis
1803 3613 1816 3650 :
1841 3597 1934 3651 sed
1962 3605 2019 3652 et

431 3691 526 3732 eos
551 3680 641 3748 qui
672 3679 937 3735 hostiliter
966 3699 1062 3736 nos
1093 3693 1484 3755 persequuntur
1503 3729 1519 3753 ,
1550 3687 1772 3758 diligere
1799 3689 2015 3745 studea-

429 3781 582 3820 inus:
614 3783 786 3839 neque
812 3771 953 3824 enim
979 3773 1133 3828 aliter
1175 3774 1399 3830 salutem
1429 3778 1681 3848 consequi
1713 3795 1810 3834 nos
1848 3781 2021 3850 possi-

429 3857 534 3914 bile
559 3861 678 3925 erit,
713 3863 813 3917 nisi
846 3863 941 3916 hac
972 3865 1279 3923 incedamus
1308 3868 1390 3922 via
1417 3885 1432 3923 :
1455 3878 1510 3925 et
1538 3871 1706 3940 magis
1730 3888 1891 3943 quam
1919 3888 2017 3928 eos

429 3952 520 4021 qui
554 3968 651 4007 nos
679 3953 928 4026 diligunt,
959 3958 1079 4012 illos
1108 3959 1328 4031 diligere
1358 3961 1684 4031 studeamus,
1714 3975 1898 4034 utpote
1927 3968 2014 4037 qui

435 4043 589 4099 nobis
615 4045 1012 4103 innumerorum
1044 4049 1300 4105 b0ltO.‘tlm
1329 4053 1435 4108 sint
1458 4065 1724 4111 auctores.
1761 4056 1851 4111 Sic
1873 4056 2016 4112 enim

433 4144 489 4189 et
527 4145 863 4205 peccatorum
907 4149 1212 4196 nostrorum
1251 4143 1620 4200 remissionem
1659 4147 1936 4212 invenire,
1965 4159 2019 4204 et

435 4227 706 4284 liumiliata
740 4242 918 4288 mente
941 4244 996 4288 et
1024 4235 1250 4289 contrita
1288 4238 1464 4291 anima
1495 4238 1660 4293 Deum
1688 4241 1893 4310 precari
1918 4255 2016 4311 po-

434 4320 677 4378 terimus.
705 4323 838 4390 Quia
865 4338 986 4379 cum
1014 4325 1189 4381 anima
1226 4327 1294 4381 ab
1320 4329 1462 4382 omni
1490 4329 1613 4384 odio
1647 4330 1812 4386 libera
1841 4342 2019 4388 mente

433 4415 715 4485 tranquilla
737 4425 854 4480 est,
886 4416 1166 4472 Dominum
1195 4419 1381 4474 sedulo
1407 4421 1653 4488 invocat,
1687 4423 2020 4494 multumque

433 4503 536 4560 sibi
562 4520 792 4576 superne
819 4508 1072 4564 auxilium
1101 4511 1349 4565 conciliat
1377 4527 1393 4570 :
1419 4512 1558 4582 quod
1589 4513 1744 4569 nobis
1771 4507 2019 4572 omnibus

434 4599 758 4656 concedatur
779 4644 793 4666 ,
822 4604 987 4670 gratia
1021 4612 1074 4657 et
1105 4601 1426 4675 benignitate
1464 4605 1671 4661 Domini
1699 4609 1866 4663 nostri
1893 4608 2019 4663 Jesu

435 4686 664 4754 Christi,
690 4692 774 4745 cui
801 4691 967 4761 gloria
995 4708 1117 4748 cum
1147 4693 1304 4750 Patre
1329 4705 1383 4751 et
1410 4706 1594 4752 sancto
1619 4698 1849 4768 Spiritu,
1879 4714 2022 4755 nunc

437 4787 488 4833 et
515 4791 746 4849 semper,
774 4791 827 4836 et
851 4783 902 4836 in
927 4785 1120 4839 sacula
1149 4787 1483 4841 szeculornm.
1517 4790 1708 4845 Amen.

1004 4874 1284 4931 HOMILIA
1323 4877 1452 4932 Llll.

441 4960 568 5015 Erat
595 4969 760 5016 autem
786 4959 927 5018 Esat't
949 4981 1198 5019 annorum
1223 4969 1577 5038 quadraginta,
1601 4981 1645 5026 et
1672 4973 1817 5027 duxit
1839 4973 2021 5029 Iudith

509 5053 673 5122 ﬁliam
715 5051 836 5109 Beel
867 5053 945 5127 (a)
983 5051 1214 5121 Chettaai,
1265 5067 1312 5110 et
1357 5059 1627 5114 Basemath
1669 5064 1828 5130 ﬁliam
1873 5063 2024 5118 Elom

509 5144 671 5211 Evtei,
698 5155 746 5199 et
767 5146 1133 5217 exasperabant
1158 5145 1310 5201 Isaac
1348 5157 1395 5203 et
1442 5148 1719 5205 Rebeccam
1751 5153 1901 5226 (Gen.
1929 5155 2020 5212 26.

511 5237 600 5293 at.
629 5237 746 5310 55).

515 5355 568 5408 l.
594 5355 705 5426 Age
731 5365 785 5410 et
814 5355 971 5412 hodie
999 5356 1043 5411 si
1076 5356 1246 5426 placet
1276 5358 1646 5428 aggrediamur
1671 5376 1732 5416 ea
1760 5378 1877 5432 qua:
1905 5363 2020 5418 heri

505 5472 578 5534 (a)
609 5474 870 5525 Hebraicus
892 5482 1060 5527 textus
1079 5475 1228 5524 nm.
1271 5469 1471 5532 Vulgata
1515 5479 1654 5521 recte
1695 5472 1849 5522 neri.
1897 5481 2024 5523 voce

441 5535 774 5596 autemtatina
803 5537 925 5594 Beel,
951 5546 1175 5588 accurate
1201 5541 1548 5596 interpretatur
1563 5535 1726 5596 versio
1741 5541 1898 5584 Greca
1917 5548 2021 5594 ato.

440 5600 587 5642 Pnrro
609 5594 713 5643 htee
735 5598 894 5646 versio
915 5607 1075 5648 crteca
1099 5602 1308 5649 maxime
1331 5594 1545 5646 omnium
1564 5595 1621 5644 ad
1648 5596 1926 5645 Hebraicam
1951 5597 2024 5646 le-

441 5653 652 5721 ctionem
663 5657 862 5721 accedit.
882 5666 992 5707 Nam
1016 5661 1141 5721 quod
1169 5675 1257 5720 suo
1275 5661 1464 5721 legatur
1489 5672 1576 5721 pro
1603 5668 1739 5717 ὃθεν,
1757 5668 1840 5708 aut
1866 5659 2022 5714 Bceri,
2062 5686 2064 5688 τ

444 5712 498 5759 id
531 5712 653 5762 haud
685 5716 834 5766 dubie
862 5712 1104 5770 ortunt'ex
1135 5712 1532 5772 transmutatione
1558 5712 2019 5772 literarumHebraié

1163 277 1220 332 S.
1258 274 1536 332 JOANNIS
1574 272 2046 331 CllRYSOSTOill
2088 274 2408 332 ARCHIEP.
2450 275 2981 333 CONSTANTINOP.

3249 347 3266 378 Ι
3591 279 3688 334 ιω

2111 387 2252 444 dicta
2295 400 2608 460 sequuntur,
2631 400 2683 446 et
2720 392 2948 461 singula,
2975 400 3230 462 quantum
3261 391 3417 448 nobis
3446 392 3699 447 concedi-

2109 488 2215 548 tur,
2241 481 2567 550 aperiamus,
2593 491 2648 536 ut
2677 481 2895 537 domum
2922 497 3044 536 cum
3072 482 3295 538 utilitate
3323 481 3505 552 aliqua
3530 482 3705 539 redire

2110 570 2398 640 possimus.
2429 571 2713 626 Videamus
2749 572 2929 642 igitur,
2958 587 3079 642 qua:
3106 573 3332 641 primum
3375 572 3513 626 lecta
3559 583 3702 630 sunt.

2111 663 2198 717 54.
2227 661 2352 715 Erat
2379 671 2546 716 autem
2577 662 2735 730 Esau,
2761 663 2949 733 inquit,
2993 679 3241 717 annorum
3269 663 3636 734 quadraginta,
3661 677 3708 720 et

2114 754 2311 823 accepit
2335 751 2519 806 Judith
2545 755 2706 822 filiam
2745 752 2866 808 Beel
2892 753 3124 818 Chetttei,
3151 763 3199 807 et
3231 752 3508 808 Basemath
3546 756 3707 823 ﬁliam

2117 842 2264 896 Elom
2291 843 2434 896 Eucti
2459 859 2479 897 :
2514 844 2604 899 55.
2639 855 2684 898 et
2722 844 3090 914 exasperabant
3126 842 3280 897 Isaac
3320 854 3368 898 et
3403 843 3705 897 Rebeccam.

2117 935 2248 990 Vide
2263 945 2457 1006 quanta
2476 952 2540 991 ex
2559 937 2741 1006 paucis
2761 935 2845 991 his
2863 935 3039 990 verbis
3061 934 3260 989 addisci
3278 935 3710 1006 possunt.Quare

2114 1027 2256 1082 enim
2287 1028 2441 1084 nobis
2468 1045 2750 1085 numerum
2795 1044 3058 1084 annorum
3108 1028 3251 1083 Esau
3294 1029 3567 1098 signavit?
3593 1027 3709 1084 Non

2113 1119 2316 1188 absque
2352 1135 2544 1185 causa,
2586 1119 2680 1175 sed
2735 1131 2788 1174 ut
2843 1127 3172 1175 senectutem
3211 1118 3483 1173 discamus
3532 1118 3704 1185 Isaac,

2114 1224 2341 1279 eumque
2360 1209 2469 1278 jam
2495 1220 2804 1280 provectum
2833 1209 2995 1264 fuisse
3017 1218 3193 1263 tetate.
3222 1207 3352 1263 Nam
3375 1209 3420 1261 si
3441 1222 3711 1263 memores

2115 1299 2370 1354 fuerimus
2391 1316 2574 1356 eorum
2602 1317 2720 1371 qum.
2747 1310 2900 1354 antea
2924 1300 3062 1354 dicta
3091 1308 3234 1364 sunt,
3255 1309 3305 1353 et
3333 1315 3479 1363 eum,
3496 1299 3710 1368 quando

2118 1392 2318 1462 accepit
2333 1391 3006 1463 Rebeccam,quadraginta
3025 1407 3286 1446 annorum
3308 1391 3712 1461 fuisse,qnando

2116 1491 2293 1536 autem
2326 1484 2434 1537 nati
2461 1492 2586 1538 sunt
2613 1483 2662 1538 ei
2693 1483 2807 1552 lilii,
2843 1499 3104 1538 annorum
3135 1483 3443 1553 sexaginta:
3478 1484 3711 1538 sciemus

2117 1591 2239 1631 cum
2273 1591 2414 1631 nunc
2440 1578 2804 1632 centenarium
2835 1591 2978 1643 esse,
3007 1587 3062 1631 et
3088 1577 3140 1631 in
3171 1575 3592 1646 profundissima
3629 1591 3712 1630 se-

2119 1679 2353 1726 neczute.
2382 1671 2644 1738 Quoniam
2674 1671 2818 1726 enim
2860 1669 3081 1740 posthac
3114 1679 3424 1724 narraturus
3449 1677 3556 1731 est,
3581 1684 3712 1738 quo-

2118 1764 2280 1818 modo
2307 1779 2416 1834 pra:
2457 1766 2609 1818 senio
2639 1762 2920 1818 hebetatos
2943 1763 3128 1817 oculos
3154 1761 3420 1827 habuerit,
3451 1760 3575 1816 ideo
3615 1775 3713 1814 nu-

2120 1870 2326 1910 merum
2349 1869 2613 1909 annorum
2645 1854 2786 1908 Esau
2812 1857 3067 1923 assignat,
3090 1863 3147 1908 ut
3178 1853 3300 1908 inde
3327 1863 3539 1922 tempus
3567 1851 3714 1906 Isaae

2119 1957 2269 2002 certo
2306 1947 2444 2002 scire
2493 1947 2783 2016 possimus.
2825 1945 3116 2016 Propterea
3155 1944 3316 2010 dicit,
3361 1945 3489 1998 Erat
3528 1953 3700 1998 autent

2121 2039 2263 2094 Esas't
2291 2055 2538 2093 annorum
2585 2039 2942 2109 quadraginta.
2994 2037 3196 2092 Deinde
3241 2046 3290 2090 ut
3341 2036 3576 2091 sciamus
3621 2035 3714 2090 lilii

2119 2133 2237 2202 ejus
2279 2131 2655 2196 temeritatem,
2687 2130 2776 2199 qni
2809 2142 3002 2184 uxores
3042 2127 3271 2182 ducebat
3311 2142 3342 2182 a
3385 2127 3657 2198 gentibus,
3682 2140 3712 2179 a

2121 2225 2313 2294 quibus
2339 2238 2444 2277 non
2475 2222 2774 2292 oportebat,
2804 2220 3096 2275 declaravit
3125 2219 3300 2286 nobis,
3336 2235 3498 2274 unam
3548 2219 3712 2274 fuisse

2120 2331 2183 2371 ex
2212 2330 2409 2386 genere
2426 2313 2808 2380 Chettaeorum,
2825 2313 2981 2366 aliam
3007 2321 3182 2367 autem
3211 2327 3276 2366 ex
3299 2327 3497 2383 genere
3524 2311 3710 2365 Evsce-

2121 2423 2276 2473 rum;
2308 2406 2552 2476 quamvis
2594 2403 2728 2458 nihil
2765 2404 2871 2459 tale
2918 2418 3038 2458 eum
3087 2417 3246 2472 agere
3293 2402 3596 2473 Oportebat,
3623 2401 3714 2472 qui

2122 2499 2397 2555 didicisset
2415 2507 2664 2569 quantam
2684 2495 3008 2568 diligentiam
3037 2493 3338 2566 patriarcha
3360 2493 3708 2558 adhibuisset,

2121 2591 2435 2660 prrecipiens
2463 2602 2620 2642 servo
2645 2601 2764 2650 suo,
2795 2596 2849 2640 ut
2877 2584 2944 2639 de
2964 2585 3282 2655 cognatione
3301 2600 3396 2640 sua
3431 2584 3543 2638 filio
3564 2584 3713 2638 Isaac

2117 2680 2474 2735 adduceretur
2501 2692 2664 2732 uxor:
2682 2677 2802 2747 quia
2824 2676 2984 2731 etiam
3016 2681 3188 2730 mater
3211 2675 3446 2746 ipsorum
3468 2673 3710 2729 Rebecca

2119 2786 2186 2826 ex
2211 2769 2448 2825 Cliarran
2483 2776 2719 2824 venerat.
2749 2766 2942 2820 Verum
2974 2777 3034 2820 ut
3078 2765 3260 2820 statim
3287 2765 3357 2818 ab
3397 2765 3550 2819 initio
3587 2779 3710 2818 suos

2122 2865 2450 2919 inordinatos
2503 2876 2681 2918 mores
2733 2859 3011 2925 indicaret,
3044 2859 3360 2913 inconsultis
3407 2857 3710 2927 parentibus

2123 2956 2243 3010 illas
2271 2954 2441 3008 duxit.
2474 2954 2539 3008 Et
2565 2961 2622 3006 ut
2648 2952 2878 3006 sciamus
2907 2965 3065 3019 quam
3103 2949 3242 3003 male
3269 2957 3488 3002 moratze
3518 2947 3708 3001 mulie-

2123 3060 2209 3100 res
2253 3044 2466 3109 fuerint,
2496 3043 2626 3097 dicit
2671 3041 2946 3110 Scriptura
2986 3055 3000 3092 :
3055 3037 3124 3092 Et
3168 3047 3311 3093 erant
3357 3047 3710 3108 exasperantes

2121 3137 2273 3193 Isaac
2309 3147 2356 3191 et
2404 3136 2702 3190 Rebeccam.
2758 3135 2822 3188 Et
2858 3131 2985 3203 quid
3024 3143 3108 3187 est
3146 3131 3245 3186 hac
3295 3131 3492 3184 malitia
3536 3131 3706 3200 pejus,

2122 3228 2336 3298 quando
2365 3227 2467 3280 illm
2493 3241 2614 3296 qua:
2640 3238 2852 3279 omnem
2894 3221 3155 3277 honorem
3202 3221 3512 3290 impendere
3555 3221 3710 3276 debe-

2123 3321 2270 3386 bant,
2292 3334 2396 3373 non
2420 3318 2592 3373 solum
2615 3317 2716 3371 hoc
2743 3331 2847 3370 non
2866 3315 3111 3386 agebant,
3127 3313 3219 3368 sed
3248 3324 3302 3369 et
3327 3313 3393 3369 ad
3408 3315 3709 3368 contentio-

2124 3429 2244 3467 nem
2296 3420 2491 3482 paratae
2535 3409 2726 3464 erant?
2775 3407 2900 3462 llaec
2943 3417 3120 3462 autem
3150 3407 3328 3460 omnia
3375 3421 3480 3460 non
3511 3407 3710 3476 absque

2123 3519 2279 3558 causa
2317 3501 2536 3555 historia
2578 3501 2734 3554 nobis
2782 3497 3077 3568 significat;
3127 3496 3221 3551 sed
3268 3506 3325 3550 ut
3355 3505 3562 3566 postea,
3593 3510 3708 3550 cum

2127 3596 2325 3650 videris
2337 3593 2635 3648 Rebeccam
2655 3591 2819 3646 Jacob
2840 3590 3026 3659 majori
3050 3588 3417 3644 benevolentia
3442 3588 3706 3658 prosequi,

2123 3688 2300 3744 discas
2328 3699 2445 3740 eam
2482 3698 2584 3738 non
2626 3682 2816 3752 iniuria
2844 3697 2958 3736 rem
3001 3696 3120 3736 eam
3149 3680 3361 3735 fecisse.
3387 3678 3502 3734 Jain
3535 3689 3706 3732 autem

2125 3793 2192 3833 ne
2230 3777 2423 3833 seriem
2463 3782 2746 3830 contextus
2785 3772 3191 3842 prmveuiamus,
3235 3771 3430 3840 scripta
3473 3770 3585 3838 ipsa
3624 3783 3709 3823 se-

2124 3881 2372 3938 quamur.
2411 3867 2459 3920 I.
2495 3863 2710 3918 Factum
2738 3873 2808 3918 est
2834 3873 2998 3916 autem
3035 3871 3298 3932 postquam
3345 3860 3506 3914 senuit
3536 3857 3707 3926 Isaac,

2123 3972 2169 4018 et
2191 3960 2402 4016 hebetati
2427 3967 2543 4014 sunt
2566 3957 2699 4012 oculi
2725 3957 2834 4028 ejus
2855 3955 2922 4008 ad
2945 3955 3212 4008 videndum
3233 3952 3389 4027 (Cap.
3429 3952 3538 4024 27)
3561 3971 3574 4006 :
3604 3953 3709 4022 jam

2125 4056 2290 4119 enim,
2309 4051 2501 4121 inquit,
2523 4064 2630 4119 pra:
2652 4049 2805 4102 senio
2834 4046 3015 4100 videre
3045 4061 3149 4099 non
3173 4052 3411 4114 poterat:
3445 4054 3492 4096 et
3522 4044 3710 4097 vocavit

2129 4146 2268 4202 Esait
2287 4144 2448 4209 lilium
2476 4157 2625 4196 suum
2650 4149 2771 4193 natu
2797 4139 3062 4208 majorem,
3080 4145 3126 4188 et
3152 4136 3277 4188 dixit
3298 4135 3378 4188 ei:
3405 4133 3462 4187 2.
3491 4133 3598 4187 Fili
3623 4133 3704 4198 nti,

2127 4253 2238 4292 ecce
2268 4235 2435 4298 senui,
2470 4242 2516 4286 et
2547 4231 2712 4286 nescio
2741 4230 2874 4282 diem
2902 4229 3076 4282 mortis
3098 4243 3239 4280 mete.
3274 4228 3324 4282 5.
3378 4225 3532 4279 Nunc
3561 4227 3711 4297 igitur

2125 4343 2270 4381 sume
2309 4335 2454 4377 arma
2497 4331 2604 4387 tua,
2646 4319 2933 4391 pharetram
2979 4326 3026 4370 et
3067 4333 3260 4382 arcum,
3292 4325 3338 4369 et
3381 4315 3618 4386 egredere
3659 4315 3711 4368 in

2127 4432 2384 4486 campum,
2427 4423 2474 4469 et
2517 4428 2698 4467 venare
2740 4409 2865 4462 mihi
2905 4407 3247 4472 cenationem,
3280 4407 3334 4462 4.
3376 4415 3423 4460 et
3461 4411 3545 4476 [ac
3591 4407 3711 4460 mihi

2128 4510 2317 4574 edulia,
2359 4508 2489 4562 sicut
2520 4522 2611 4576 ego
2663 4518 2800 4569 amo,
2842 4510 2888 4554 et
2917 4499 3048 4567 affer
3086 4499 3232 4565 mihi,
3272 4508 3327 4551 ut
3355 4499 3634 4564 comedam,
3662 4506 3712 4550 ut

2129 4599 2385 4655 benedicat
2425 4605 2472 4649 te
2512 4595 2684 4648 anima
2727 4608 2858 4659 mea,
2901 4591 3192 4662 priusquam
3227 4605 3318 4660 ego
3363 4589 3575 4642 moriar.
3621 4587 3713 4642 llic

2127 4692 2372 4755 obsecro,
2391 4688 2603 4750 dilecte,
2635 4681 3004 4738 animadverte
3032 4680 3347 4735 immensam
3381 4677 3474 4734 Dei
3505 4679 3712 4748 sapien-

2131 4785 2278 4849 tiam,
2308 4789 2364 4836 et
2407 4776 2678 4850 quomodo
2728 4784 2881 4846 pater
2921 4773 3134 4843 quidem
3176 4772 3456 4842 genuinam
3505 4786 3618 4840 prae
3658 4784 3713 4824 se

2131 4877 2310 4930 ferens
2359 4870 2730 4934 dilectionem,
2781 4867 2899 4922 haec
2949 4865 3232 4936 imperavit
3282 4865 3456 4930 Esau;
3501 4864 3713 4933 sapiens

2130 4976 2307 5021 autem
2334 4973 2388 5019 et
2411 4963 2752 5031 omnipotens
2782 4959 3040 5013 Dominus
3067 4973 3162 5028 per
3189 4957 3488 5012 Rebeccam
3525 4956 3713 5026 prtcdi-

2131 5059 2362 5113 ctionem
2411 5069 2561 5110 suam
2610 5050 2820 5121 impleri
2862 5057 3032 5114 curat,
3061 5048 3260 5103 docens
3307 5063 3423 5114 nos,
3457 5061 3709 5118 quantum

2130 5149 2342 5204 valeant
2365 5146 2530 5200 virtus
2556 5151 2611 5199 et
2630 5156 2838 5197 morum
2861 5142 3113 5195 suavitas.
3144 5139 3238 5194 llle
3263 5142 3405 5194 enim
3433 5150 3487 5194 et
3514 5141 3584 5196 ob
3611 5141 3714 5210 pri-

2133 5239 2550 5310 mogenituram,
2584 5243 2638 5290 et
2668 5234 2738 5288 ob
2783 5231 2948 5302 patris
2990 5247 3115 5302 erga
3143 5246 3201 5285 se
3235 5230 3573 5287 alfectionem
3606 5231 3708 5301 pri-

2133 5342 2334 5389 matum
2377 5345 2436 5385 se
2477 5327 2674 5383 habere
2717 5333 2928 5396 putans,
2959 5325 3115 5380 simul
3149 5324 3435 5380 destitutus
3465 5327 3709 5381 omnibus

2132 5431 2378 5484 inventus
2399 5434 2501 5490 est,
2527 5423 2647 5494 quia
2673 5437 2793 5492 qua:
2823 5422 2874 5476 in
2901 5435 2960 5475 se
2985 5427 3157 5487 erant,
3180 5418 3370 5472 aliene
3399 5418 3601 5473 noluit:
3630 5417 3710 5472 hic
3810 5412 3817 5420 ’

2131 5529 2334 5585 autem,
2357 5514 2478 5586 quia
2515 5513 2807 5569 domestica
2829 5520 2943 5567 erat
2973 5510 3168 5565 virtute
3196 5507 3466 5579 pricditus,
3497 5519 3552 5564 et
3591 5524 3708 5578 gra-

2129 5671 2310 5714 carnm,
2335 5665 2444 5716 qua:
2469 5651 2754 5716 {retinenter
2777 5649 2945 5700 accidit
2983 5651 3033 5700 in
3057 5648 3232 5709 Bibliis,
3257 5657 3309 5699 ut
3332 5645 3709 5712 inI’rolegome-

2135 5723 2208 5768 nis
2229 5710 2520 5776 ad'ttexapla
2539 5710 2853 5761 ostendimus.
