3974 6396
243 317 340 370 ’463

235 423 358 464 nam
384 425 672 480 supernam
703 411 885 466 habuit
909 415 1297 484 subsidiariam,
1329 422 1487 476 etiam
1523 426 1688 478 invito
1713 441 1806 494 pa-

245 512 319 555 tre
346 502 488 554 illius
517 502 938 559 benedictionem
976 507 1187 577 abripit.
1221 510 1360 564 Nihil
1404 514 1544 568 enim
1588 516 1844 569 validius’

242 609 302 648 eo
331 594 418 661 qui
465 592 650 646 dextra
693 595 778 648 illa
823 597 1122 665 adjuvatur.
1147 599 1280 654 Vide
1327 603 1485 670 igitur
1528 604 1810 674 diligenter

239 685 430 748 omnia,
461 693 517 737 ut
537 683 708 740 discas
734 686 1140 756 dispensationis
1161 693 1528 747 excellentiam
1555 711 1569 759 ;
1601 703 1654 748 et
1678 712 1810 764 quo-

238 772 390 826 modo
411 773 496 826 hic
516 773 725 841 quidem
753 775 837 828 illa
863 779 1030 846 gratia
1063 779 1246 844 fretus,
1275 797 1522 852 magnum
1551 784 1604 837 in
1633 786 1807 839 omni-

186 915 190 917 ,
239 863 328 914 bus
373 863 624 916 auxilium
673 874 726 919 et
769 870 1199 936 cooperationcm
1254 873 1583 942 adipiscitur,
1631 876 1700 929 ita
1753 886 1810 931 ut

238 952 392 1017 patris
437 952 487 1004 in
525 969 652 1006 eum
708 958 1058 1012 transferatur
1105 961 1405 1017 benedictio
1441 984 1453 1018 :
1488 966 1577 1019 ille
1628 981 1806 1023 autem

237 1042 400 1092 omnia
448 1044 660 1111 amittit,
691 1047 921 1114 perdens
951 1054 1291 1121 semetipsum
1340 1066 1556 1124 propter
1597 1072 1806 1114 morum

236 1131 573 1199 iniquitatem.
599 1136 651 1189 5.
692 1135 916 1191 Rebecca
945 1151 1130 1204 autem,
1165 1144 1352 1213 inquit,
1382 1147 1570 1198 audi-vit
1596 1149 1804 1216 loquen-

233 1227 321 1273 tem
341 1221 490 1275 Isaac
518 1240 630 1276 cum
663 1224 803 1279 Esau
823 1229 932 1295 ﬁlio
958 1247 1070 1283 suo.
1102 1230 1202 1285 Ivit
1231 1245 1398 1287 autent
1424 1235 1565 1290 Esau
1586 1238 1636 1290 in
1662 1255 1804 1290 cam-

234 1329 363 1380 pum,
393 1324 444 1365 ut
471 1327 737 1369 venaretur
780 1321 1005 1388 prcedam
1035 1325 1168 1390 patri
1209 1342 1318 1378 suo.
1362 1326 1413 1379 6.
1460 1327 1599 1380 Dixit
1639 1340 1804 1382 autem

233 1401 446 1456 Rebecca
475 1405 544 1456 ad
586 1407 751 1472 ﬁlium
775 1426 924 1462 suum
953 1412 1231 1481 juniorcm.
1260 1417 1433 1480 Quare
1459 1419 1671 1487 adjecit,
1705 1420 1805 1474 Ju-

232 1493 451 1546 niorem?
496 1495 632 1559 Quia
678 1500 922 1566 superi-us
965 1503 1190 1568 dixerat,
1234 1505 1435 1560 Vocavit
1461 1508 1611 1563 Isaac
1640 1512 1802 1579 ﬁlium

224 1599 362 1635 suum
392 1595 510 1638 natu
556 1590 821 1656 majorem,
854 1599 909 1645 ut
949 1593 1215 1650 discamus
1240 1599 1324 1652 cui
1371 1615 1512 1655 nunc
1555 1603 1803 1672 loquatur

229 1673 476 1745 Rebecca,
511 1679 702 1749 inquit,
728 1683 808 1735 Ad
822 1685 1101 1754 juniorem,
1129 1689 1228 1744 hoc
1249 1699 1349 1758 est,
1379 1693 1562 1748 Jacob.
1594 1695 1796 1765 Audivi,

229 1765 403 1835 inquit,
428 1779 622 1836 patrem
650 1782 791 1824 tuum
817 1777 1096 1844 loquentem
1133 1795 1248 1832 cum
1277 1781 1416 1837 Esau
1442 1790 1598 1855 fratre
1621 1796 1726 1854 tuo,
1753 1799 1800 1842 et

217 1855 452 1910 dicentem
474 1874 493 1911 :
519 1860 573 1912 7.
596 1861 741 1927 A/fer
765 1865 888 1916 mihi
917 1868 1248 1937 venationem,
1273 1882 1318 1924 et
1346 1878 1429 1944 [ac
1455 1877 1578 1928 milii
1604 1878 1794 1942 edulia,

225 1956 276 1998 ut
298 1964 405 2000 cum
434 1950 720 2020 comedero,
764 1954 1052 2010 benedicam
1081 1969 1126 2012 te
1151 1977 1320 2016 coram
1363 1964 1600 2033 Domino,
1632 1969 1798 2036 prius-

224 2055 360 2104 quam
384 2043 590 2094 moriar
618 2061 729 2113 ego.
771 2047 894 2102 "(BC
934 2051 1145 2119 quidem
1173 2055 1347 2108 audivi
1399 2067 1599 2125 patrem
1651 2070 1795 2115 tuum

225 2129 360 2184 fratri
391 2147 479 2186 tuo
503 2133 652 2189 Esau
681 2137 1005 2206 loquentem.
1051 2143 1106 2198 8.
1151 2143 1306 2199 Nunc
1344 2148 1516 2216 igitur,
1542 2151 1637 2218 ﬁli,
1672 2153 1796 2204 audi

224 2235 294 2272 me
311 2222 432 2274 sicut
457 2240 547 2293 ego
574 2226 664 2278 tibi
687 2229 944 2298 prwcipio,
975 2232 1027 2286 9.
1057 2242 1102 2286 et
1137 2237 1262 2290 vade
1286 2238 1352 2289 ad
1379 2255 1511 2305 oves,
1541 2251 1585 2294 et
1609 2245 1794 2297 sumito

224 2312 334 2364 mihi
356 2314 470 2367 inde
498 2315 632 2369 duos
656 2319 828 2373 [aedos
853 2330 1049 2377 teneros
1075 2333 1122 2378 et
1151 2328 1324 2394 bonos,
1361 2338 1406 2382 et
1427 2332 1614 2400 faciam
1638 2349 1700 2386 ex
1723 2336 1795 2389 eis

223 2403 376 2456 edulia
396 2408 526 2473 patri
544 2418 654 2474 tuo,
672 2419 724 2461 ut
740 2423 908 2466 amat:
930 2414 1016 2469 10.
1036 2425 1082 2469 et
1108 2418 1293 2487 inferes
1318 2423 1454 2490 patri
1469 2433 1554 2476 tuo
1583 2433 1630 2477 et
1662 2441 1794 2479 com-

212 2495 340 2562 edet,
359 2507 411 2549 ut
432 2499 694 2555 benedicat
725 2513 771 2556 te
792 2515 933 2573 pater
959 2517 1072 2562 tuus
1097 2512 1386 2581 priusquam
1397 2518 1642 2570 moriatur
1660 2519 1784 2589 ipse.

280 2587 330 2638 2.
371 2587 601 2643 Rebecca
627 2593 681 2646 in
707 2594 854 2649 rebus
881 2614 991 2667 qua:
1016 2601 1082 2653 ad
1106 2601 1499 2659 benedictionem
1524 2587 1705 2664 Jacobi
1726 2615 1790 2667 ab

217 2674 388 2731 lsaaco
425 2691 676 2750 spectant,
713 2695 761 2739 et
793 2704 886 2740 suo
929 2693 1093 2745 amori
1125 2703 1169 2746 et
1213 2696 1310 2762 ipsi
1354 2697 1451 2751 Dei
1492 2701 1790 2757 ministravit

210 2770 407 2822 oraculo
418 2788 438 2837 ;
461 2775 731 2843 cooperai-i
748 2795 840 2833 nos
867 2782 973 2834 vult
999 2785 1192 2839 auxilio
1223 2804 1314 2841 suo
1347 2789 1517 2857 Deus;
1559 2811 1658 2848 non
1698 2813 1788 2850 co-

219 2871 438 2925 uperatur
469 2866 756 2922 mendacio.
780 2898 854 2910 -—
876 2872 1006 2929 Vide
1036 2891 1282 2946 magnum
1316 2883 1500 2936 matris
1526 2899 1785 2954 amorem,

219 2949 314 3004 imo
354 2955 807 3023 dispensationem
840 2963 952 3018 Dei.
998 2964 1113 3035 ipse
1138 2971 1278 3023 enim
1313 2983 1435 3028 erat
1463 2978 1551 3043 qui
1594 2979 1642 3031 ei
1686 2981 1788 3035 hoe

209 3046 477 3101 consilium
509 3050 683 3118 dedit,
717 3063 768 3108 et
795 3057 972 3110 omnia
1007 3058 1143 3114 bene
1163 3076 1320 3131 agere
1347 3068 1566 3120 curavit.
1595 3069 1803 3125 Vidisti

219 3138 385 3192 matris
417 3142 678 3209 optimum
706 3146 1028 3202 consilium?
1051 3150 1200 3205 Vide
1229 3161 1282 3206 et
1308 3153 1473 3210 Jacob
1499 3159 1784 3225 providen-

209 3225 365 3282 tiam:
391 3239 444 3284 et
479 3235 755 3301 quomodo
781 3239 1131 3307 respondens,
1155 3257 1370 3299 suorum
1402 3263 1608 3303 morum
1651 3251 1786 3305 indi-

215 3325 291 3369 cat
331 3324 816 3380 mansuetudinem.
865 3331 952 3384 11.
1002 3331 1148 3387 Dixit
1192 3337 1353 3403 enim,
1402 3339 1588 3410 inquit,
1639 3347 1785 3398 matri

212 3420 309 3461 sate
335 3425 354 3462 :
382 3411 470 3466 Est
505 3415 674 3484 frater
702 3434 840 3472 meus
879 3422 955 3474 vir
982 3424 1231 3494 hispidus,
1269 3445 1359 3498 ego
1396 3441 1560 3485 autem
1593 3435 1666 3486 vir
1692 3436 1785 3489 la:-

209 3498 279 3550 zvis
297 3515 315 3551 :
341 3500 424 3555 12.
451 3521 514 3556 ne
540 3509 675 3576 forte
698 3520 965 3566 contrectet
1000 3531 1080 3568 me
1115 3528 1261 3585 pater
1286 3537 1442 3587 meus,
1480 3534 1526 3575 et
1553 3541 1636 3577 ero
1670 3537 1787 3580 ante

215 3601 314 3642 eum
348 3596 485 3660 quasi
517 3608 864 3668 contemnens,
905 3613 952 3654 et
981 3604 1216 3660 inducam
1262 3610 1386 3663 mihi
1428 3612 1526 3681 ipsi
1568 3617 1784 3670 maledi-

206 3683 429 3754 .ctionem,
458 3707 560 3744 non
601 3691 1012 3752 benedictionem.
1042 3699 1224 3770 Magna
1257 3704 1400 3771 pueri
1431 3706 1702 3771 honestas,
1732 3718 1786 3762 et

215 3772 261 3827 in
285 3789 476 3847 patrem
512 3788 838 3840 reverentia.
878 3789 1086 3858 Timeo,
1119 3794 1305 3862 inquit,
1339 3813 1405 3850 ne
1431 3797 1482 3850 in
1514 3798 1782 3854 diversum

207 3869 442 3925 eveniant
471 3874 648 3928 studia
671 3893 811 3944 mea,
844 3894 910 3934 ne
949 3881 1130 3936 videar
1158 3885 1425 3940 adversari
1469 3891 1634 3958 patris
1663 3906 1784 3945 sen-

208 3960 392 4028 tentiar,
423 3971 476 4018 et
502 3980 606 4033 pro
651 3965 1022 4027 benedictione
1069 3976 1495 4032 maledictionem
1527 3981 1654 4035 mihi
1684 3983 1782 4036 ad-

213 4045 404 4104 ducam.
428 4056 565 4120 Quid
596 4057 752 4127 igitur
772 4059 1033 4130 Rebecca,
1052 4065 1386 4122 admirabilis
1413 4069 1500 4124 illa
1526 4081 1575 4125 et
1598 4088 1783 4128 amans

215 4136 332 4193 lilii?
358 4143 484 4208 Quia
512 4162 624 4201 non
652 4164 715 4203 ex
752 4165 845 4204 sua
885 4161 1085 4207 tantum
1113 4160 1375 4213 sententia
1411 4161 1656 4230 faciebat,
1688 4165 1782 4218 sed

212 4235 261 4279 et
301 4229 476 4289 divino
506 4238 848 4294 ministrabat
874 4247 1112 4311 oraculo,
1146 4247 1266 4302 ideo
1304 4252 1446 4305 omni
1486 4254 1663 4307 studio
1693 4270 1785 4309 co-

213 4326 352 4399 natur
391 4326 633 4382 exfinere
677 4345 843 4397 puero
871 4327 1092 4400 Enetum,
1119 4346 1174 4391 et
1214 4339 1412 4394 addere
1454 4344 1683 4411 animos,
1726 4355 1784 4400 ut

204 4414 470 4471 consilium
500 4420 742 4488 perliciat
773 4440 787 4476 :
824 4440 922 4479 nec
947 4429 1211 4495 promittit
1239 4432 1286 4484 ei
1315 4433 1453 4500 quod
1497 4437 1665 4501 possit
1689 4436 1783 4490 de-

207 4496 376 4558 ludere
398 4517 629 4575 patrem,
653 4522 706 4566 et
738 4514 905 4569 latere
931 4534 943 4569 :
975 4518 1067 4570 scd
1097 4520 1260 4587 quid?
1290 4496 1373 4576 l3.
1400 4521 1464 4575 In
1489 4496 1565 4576 me
1589 4527 1782 4580 recidat

210 4594 476 4651 maledictio
517 4605 648 4668 ha'c,
694 4605 772 4672 ﬁli
811 4607 882 4659 mi
915 4623 935 4660 :
978 4619 1172 4663 tantum
1223 4613 1367 4668 obedi
1403 4617 1511 4668 voci
1552 4634 1696 4681 mece,
1735 4631 1780 4673 et

203 4682 378 4738 vadens
423 4687 553 4754 a/fer
581 4693 724 4746 milii.
773 4695 840 4748 Et
883 4697 927 4750 si
978 4698 1135 4752 fuerit
1178 4702 1375 4771 aliquid
1417 4705 1539 4771 tale,
1587 4706 1776 4776 inquit,

210 4772 326 4828 nihil
359 4779 449 4832 tibi
494 4783 726 4838 nocebit.
760 4785 838 4840 Ne
883 4788 1040 4858 igitur
1069 4791 1274 4860 timeas,
1317 4795 1408 4849 sed
1439 4797 1575 4852 bene
1611 4772 1779 4854 ﬁdens

205 4861 352 4919 'Obetti
372 4873 477 4924 voci
507 4890 651 4940 mem,
681 4885 733 4930 et
761 4877 842 4933 fac
863 4895 982 4948 quae
1000 4881 1091 4935 tibi
1119 4885 1486 4942 consuluntur.
1512 4887 1636 4944 Huic
1657 4905 1779 4945 vere

209 4965 426 5012 materna
459 4962 678 5019 dilectio
714 4979 815 5032 est,
851 4981 906 5023 ut
947 4987 1040 5040 pro
1072 4990 1236 5042 puero
1263 4964 1443 5045 parata
1489 4981 1556 5033 sit
1600 4983 1777 5037 omnia

201 5039 350 5098 ferre.
391 5049 486 5103 llis
510 5053 666 5108 dictis
712 5056 876 5113 ﬁlium
922 5039 959 5114 ab
1003 5039 1191 5118 timore
1238 5039 1500 5122 liberavit.
1537 5071 1622 5124 M.
1652 5071 1778 5125 Cum

204 5133 345 5202 igitur
385 5145 634 5209 abiisset,.
652 5153 868 5219 sumpsit
911 5165 958 5206 et
985 5159 1150 5210 attulit
1182 5161 1329 5214 matri
1377 5178 1484 5216 sum
1529 5203 1541 5217 .
1594 5175 1640 5217 et
1659 5168 1778 5233 fecit

204 5230 380 5297 edulia,
405 5239 532 5291 sicut
561 5243 763 5296 amabat
802 5257 944 5314 pater
972 5251 1098 5318 ejus.
1125 5252 1210 5304 15.
1242 5251 1309 5305 Et
1347 5264 1400 5306 ut
1435 5258 1644 5326 sumpsit
1659 5230 1774 5311 ’Βε-

203 5318 358 5388 becca,
395 5329 586 5396 inquit,
609 5335 789 5388 stolam
828 5339 924 5405 ﬁlii
962 5340 1040 5391 sui
1077 5343 1288 5396 senioris
1313 5345 1600 5412 pulchram,
1623 5365 1773 5416 quant

207 5412 399 5471 habebat
430 5424 570 5489 apud
613 5442 664 5477 se
690 5427 844 5494 domi,
883 5432 1043 5483 induit
1090 5433 1247 5486 Jacob
1289 5437 1450 5496 ﬁlium
1498 5455 1644 5492 suum
1681 5441 1777 5509 ju-

204 5502 402 5567 niorem.
438 5511 525 5564 16.
558 5522 604 5564 et
633 5516 842 5582 pellibus
872 5519 1131 5574 [mulorum
1159 5524 1362 5577 brachia
1382 5527 1534 5595 ejus:
1565 5538 1610 5580 et
1638 5502 1774 5581 nuda

204 5593 312 5645 colli
331 5599 436 5666 ejus
466 5602 815 5671 circumdedit,
837 5610 918 5662 17.
943 5620 987 5664 et
1008 5612 1146 5665 dedit
1171 5614 1361 5680 edulia,
1383 5593 1428 5668 et
1460 5634 1612 5684 panes
1650 5635 1773 5684 quos

207 5680 378 5747 fecerat
424 5691 474 5744 in
526 5687 704 5750 manus
745 5699 904 5754 Iacob
931 5703 1027 5770 ﬁlii
1056 5705 1156 5774 sui,
1185 5716 1230 5760 et
1271 5705 1450 5761 obtulit
1495 5710 1629 5778 patri
1659 5728 1766 5766 suo.

1140 301 1150 305 ’
1220 304 1283 358 IN
1320 306 1468 365 CAP.
1513 312 1723 368 XXVII.
1767 313 2003 369 GENES.
2047 314 2276 370 IlOMlL.
2319 315 2446 370 Llll.

3401 333 3506 386 406

1918 423 2073 490 Vide,
2121 427 2366 492 obsecro,
2402 429 2486 483 hic
2537 428 2790 486 Rebecca:
2829 447 2950 488 cum
2991 452 3179 508 magna
3222 440 3506 498 diluetione

1916 516 2252 583 conjunctam
2307 535 2481 573 raram
2529 523 3038 590 sapientiam..Nam
3086 530 3208 599 quia
3257 534 3504 602 superius

1916 605 2069 670 dixit,
2091 608 2234 661 illttm
2265 611 2476 678 quidem
2506 612 2769 682 hispidum
2797 631 2936 684 esse,
2965 618 3105 675 hunc
3132 637 3258 676 vero
3281 624 3498 689 laevom;

1915 698 2071 762 stola,
2093 698 2279 768 inquit,
2307 703 2445 756 Esau
2468 704 2636 758 induit
2657 722 2797 769 eum,
2821 717 2873 761 et
2896 710 3121 777 pellibus
3149 714 3500 770 circumdedit

1915 799 2060 850 eum,
2089 797 2140 840 et
2171 803 2291 842 cum
2325 791 2556 860 undique
2582 810 2700 847 eum
2729 795 2794 849 ad
2817 797 3182 869 deceptionem
3215 804 3501 860 instruxis-

1915 885 2015 938 set,
2049 875 2183 930 datis
2211 878 2400 934 eduliis
2431 891 2484 934 et
2506 883 2728 951 panibus
2753 886 2804 938 in
2839 903 3044 955 manus,
3074 890 3249 946 effecit
3277 905 3330 947 ut
3361 897 3498 966 patri

1913 963 2148 1019 afferret.
2179 967 2470 1024 Considera
2516 973 2602 1026 hic
2625 989 2855 1039 rursum,
2888 981 3151 1047 quomodo
3187 985 3366 1038 omnia
3405 1000 3501 1039 sua

1912 1069 2075 1122 perna
2105 1061 2268 1128 gratia
2298 1065 2594 1118 evenerint.
2620 1066 2751 1121 Nam
2775 1071 2986 1137 quando
3008 1074 3147 1140 quod
3178 1091 3206 1128 a
3238 1078 3390 1131 uoltis
3412 1089 3498 1134 est

1913 1146 2204 1217 olferimns,
2241 1153 2457 1223 largiter
2491 1155 2725 1212 divinam
2754 1165 3184 1230 cooperationcm
3210 1173 3496 1240 consequi-

1911 1252 2050 1291 mur.
2087 1240 2220 1295 Nam
2246 1252 2303 1296 ut
2333 1260 2400 1299 ne
2431 1245 2641 1304 desides
2678 1259 2732 1304 et
2757 1254 2932 1320 supini
2960 1255 3148 1320 simus,
3195 1260 3304 1312 vult
3332 1263 3496 1316 etiam

1911 1343 2007 1381 nos
2029 1330 2224 1400 aliquid
2255 1335 2518 1403 conferre,
2546 1355 2651 1408 quo
2679 1343 2755 1397 sic
2783 1343 2868 1397 illa
2895 1360 2989 1400 sua
3015 1348 3281 1416 exhibeat,
3307 1361 3364 1405 et
3387 1368 3495 1408 non

1909 1425 2076 1472 totum
2103 1423 2172 1475 sit
2201 1427 2417 1493 superni
2448 1430 2654 1497 auxilii,
2687 1431 2781 1486 sed
2808 1444 3051 1502 oporteat
3085 1439 3245 1493 etiam
3276 1457 3372 1494 nos
3398 1443 3494 1496 ali-

1908 1510 2032 1577 quid
2056 1511 2211 1567 simul
2236 1516 2458 1582 aﬁ'erre;
2492 1535 2665 1590 neque
2681 1538 2709 1574 a
2731 1524 2882 1577 nobis
2905 1526 3098 1581 iterum
3117 1530 3278 1598 exigit
3300 1540 3489 1598 totum,

1906 1600 2082 1655 sciens
2110 1603 2431 1662 inﬁrmitatis
2459 1619 2655 1665 nostra:
2687 1615 3132 1679 magnitudinem:
3155 1619 3246 1672 sed
3275 1637 3370 1690 pro
3396 1639 3490 1676 sua

1906 1690 2253 1761 benignitate,
2285 1707 2338 1751 et
2362 1700 2546 1754 volens
2585 1705 2921 1759 occasionem
2970 1707 3197 1776 aliquam
3223 1715 3489 1780 accipere,

1907 1790 1962 1833 ut
1985 1796 2133 1836 suam
2156 1784 2394 1841 declaret
2420 1789 2810 1852 liberalitatem,
2831 1805 3109 1864 ex3pectat
3135 1807 3190 1851 ιιι
3208 1800 3494 1857 aderamus

1902 1884 2020 1937 qua:
2059 1887 2086 1925 τι
2131 1874 2282 1928 nobis
2312 1887 2436 1930 sunt
2461 1896 2473 1930 :
2502 1878 2553 1932 id
2583 1881 2722 1950 quod
2750 1892 2804 1935 et
2831 1899 2971 1938 nunc
2999 1885 3194 1940 factum
3222 1899 3323 1942 est.
3358 1890 3489 1944 Nam

1901 1961 2022 2028 quia
2072 1963 2237 2019 Jacob
2275 1975 2330 2020 et
2378 1968 2616 2024 Rebecca
2669 1972 2906 2027 fecerunt
2944 1990 3004 2027 ea
3043 1991 3162 2045 qua:
3202 1993 3230 2031 a
3271 1994 3327 2033 se
3376 1981 3489 2034 ﬁeri

1901 2051 2220 2117 oportebat:
2255 2063 2309 2109 et
2356 2057 2442 2111 ille
2491 2061 2703 2128 quidem
2735 2063 2967 2118 obedivit
3009 2067 3233 2120 consilio
3279 2071 3486 2133 matris,

1902 2137 2017 2193 hac
2071 2152 2248 2196 autem
2277 2147 2456 2200 omnia
2486 2165 2606 2217 qua:
2657 2151 2723 2204 ad
2769 2168 2826 2208 se
2875 2156 3172 2210 attinebant
3215 2159 3486 2227 implevit:

1902 2237 2027 2284 tunc
2072 2233 2206 2286 ultra
2261 2235 2431 2294 Inuus
2479 2239 2732 2295 Dominus
2778 2259 2966 2313 magna
3012 2247 3259 2302 facilitate
3306 2240 3515 2317 perﬁci

1898 2323 2103 2376 curavit
2148 2325 2288 2392 quod
2315 2329 2551 2383 omnium
2599 2342 2714 2386 erat
2744 2333 3134 2403 difﬁcillimum,
3168 2355 3234 2392 ne
3285 2340 3486 2395 fraudis

1899 2409 2057 2479 hujus
2087 2412 2258 2468 fabula
2284 2426 2407 2470 nota
2439 2431 2583 2474 esset
2608 2421 2810 2478 lsaaco.
2841 2425 2971 2478 Nam
3005 2438 3283 2497 postquam
3307 2433 3485 2488 attulit

1897 2499 2072 2555 edulia
2122 2506 2277 2571 patri,
2309 2507 2395 2560 i9.
2428 2508 2572 2562 Dixit
2613 2513 2680 2564 ad
2721 2531 2833 2567 eum
2856 2532 2874 2568 :
2907 2516 3029 2581 Quis
3071 2529 3124 2571 tu
3153 2537 3224 2585 es,
3257 2522 3331 2589 [ili
3355 2523 3381 2575 .9
3411 2523 3478 2576 Et

1896 2590 2026 2644 dixit
2069 2592 2230 2647 Jacob
2257 2598 2323 2648 ad
2368 2609 2556 2666 patrem
2589 2620 2734 2656 suum
2767 2621 2784 2657 :
2829 2605 2940 2676 Ego
2979 2625 3090 2662 sum
3123 2609 3258 2663 Esau
3288 2613 3483 2682 primo-

1895 2684 2090 2751 genita:
2133 2695 2292 2740 tuus:
2327 2690 2424 2757 feci
2468 2691 2556 2744 tibi
2598 2695 2726 2747 sicut
2775 2697 3005 2766 loquutus
3048 2701 3170 2753 mihi
3199 2719 3268 2756 es.
3317 2703 3483 2774 Surge

1883 2789 2034 2844 (ergo,
2053 2777 2187 2845 sede,
2214 2787 2260 2831 et
2278 2784 2484 2835 comede
2513 2784 2575 2837 de
2603 2788 2863 2840 uenatione
2887 2806 3013 2854 mea,
3041 2804 3092 2844 ut
3119 2793 3374 2848 benedicat
3403 2813 3482 2850 me

1891 2867 2064 2920 anima
2087 2877 2196 2924 tua.
2217 2872 2506 2928 Considera
2532 2876 2633 2942 hic,
2668 2878 2912 2947 obsecro,
2933 2893 3125 2951 quanta
3149 2901 3270 2939 cum
3296 2887 3481 2942 anxie-

1896 2963 2002 3012 tate
2021 2959 2182 3014 verba
2211 2961 2326 3043 hrec
2356 2963 2603 3034 loquutus
2628 2968 2698 3021 sit
2721 2969 2905 3024 Jacob.
2929 2973 3029 3040 Qui
3054 2977 3192 3029 enim
3217 2977 3480 3048 principio

1892 3045 2096 3102 dixerat
2121 3054 2281 3106 matri
2303 3037 2321 3106 ἐ
2354 3055 2541 3110 Timeo
2572 3072 2639 3112 ne
2666 3059 2912 3120 inducam
2948 3077 3108 3132 Super
3137 3082 3223 3120 me
3259 3068 3482 3124 maledi-

1885 3137 2140 3204 ctionem,
2181 3150 2235 3195 et
2286 3160 2389 3198 non
2450 3146 2912 3206 benedictionem:
2961 3169 3101 3209 nunc
3144 3158 3385 3226 expende
3426 3160 3480 3215 in

1891 3237 2090 3294 quanto
2114 3230 2303 3285 timore
2324 3236 2647 3291 constitutus
2677 3239 2855 3306 fuerit,
2880 3243 2968 3310 qui
3002 3253 3200 3298 lautam
3248 3247 3477 3304 fabulam

1889 3317 2110 3384 ageret?
2139 3318 2329 3373 Verum
2364 3324 2487 3390 quia
2539 3326 2674 3381 Deus
2705 3338 2819 3382 erat
2848 3331 2934 3398 qui
2981 3335 3370 3401 conparabatur
3414 3338 3479 3390 iis

1889 3423 2008 3476 qure
2039 3409 2256 3478 ﬁebant,
2285 3417 2462 3469 omnia
2490 3432 2652 3486 opere
2687 3430 2812 3474 sunt
2850 3422 3084 3492 impleta.
3117 3426 3253 3492 Quid
3294 3428 3474 3496 igitur,

1889 3499 2033 3555 dicet
2074 3503 2284 3572 aliquis,
2317 3519 2704 3576 cooperatusne
2735 3512 2873 3566 Deus
2903 3521 2987 3567 est
3026 3516 3342 3571 mendacio?
3388 3519 3478 3572 Di-

1889 3591 2043 3660 leete,
2077 3611 2144 3649 ue
2171 3597 2388 3667 indages
2432 3609 2638 3656 tantum
2664 3605 2802 3673 quod
2831 3606 2903 3672 ﬁt,
2935 3607 3026 3660 sed
3074 3610 3290 3665 attende
3316 3612 3475 3665 etiam

1889 3698 2128 3752 scopum,
2162 3697 2215 3741 et
2245 3690 2385 3758 quod
2436 3692 2486 3743 id
2518 3709 2623 3746 non
2667 3693 2866 3749 factum
2896 3698 2965 3750 sit
2997 3700 3300 3767 temporalis
3326 3715 3478 3755 coru-

1888 3774 2030 3828 modi
2053 3777 2135 3830 vel
2163 3781 2397 3833 avaritia:
2423 3797 2603 3850 causa,
2635 3784 2728 3837 sed
2751 3787 2889 3854 quod
2933 3788 3018 3842 ille
3046 3791 3209 3857 patris
3254 3791 3478 3846 benedi-

1888 3867 2119 3923 ctionem
2149 3871 2247 3925 sibi
2279 3887 2590 3941 comparare
2620 3877 2857 3932 studeret
2889 3896 2904 3933 :
2945 3881 3143 3950 alioqui
3175 3883 3216 3936 si
3250 3884 3319 3936 ita
3349 3885 3477 3938 sim-

1890 3957 2096 4026 pliciter
2130 3977 2248 4030 quae
2301 3963 2432 4017 ﬁunt
2476 3969 2874 4023 examinaturus
2919 3987 2998 4035 es,
3048 3988 3220 4043 neque
3263 3991 3477 4046 semper

1889 4062 2106 4118 seopum
2138 4053 2387 4122 exquiras
2413 4096 2426 4117 ,
2475 4055 2594 4111 vide
2623 4073 2690 4112 ne
2721 4069 2773 4113 et
2803 4062 3159 4130 patriarcham
3191 4065 3282 4118 ﬁlii
3312 4067 3480 4121 inter-‘

1889 4140 2166 4209 fectorem,
2198 4153 2252 4198 et
2277 4144 2534 4202 Phineem
2573 4148 2893 4205 homicidam
2923 4153 3123 4208 dicas‘.
3155 4147 3350 4210 Verum
3378 4173 3469 4212 ne-

1880 4247 1992 4302 que
2022 4234 2288 4289 Abraham
2333 4238 2430 4292 ﬁlii
2477 4239 2738 4294 homicida
2782 4241 2898 4310 fuit,
2928 4244 3020 4298 sed
3051 4253 3103 4298 et
3129 4245 3283 4300 valde
3309 4246 3358 4300 ei
3397 4249 3474 4301 af-

1882 4322 2057 4377 fectus
2082 4335 2228 4390 erat,
2260 4328 2303 4381 si
2335 4329 2453 4397 quis
2491 4330 2627 4385 alius
2654 4349 2667 4384 :
2712 4348 2885 4401 neque
2913 4334 3140 4389 Phinees
3185 4335 3469 4399 homicida,

1886 4415 1980 4468 sed
2009 4418 2126 4469 zelo
2156 4419 2364 4486 plenus.
2395 4420 2626 4490 Uterque
2655 4424 2796 4476 enim
2824 4425 3102 4495 quod‘Deo
3125 4426 3468 4494 probabatur,

1887 4504 2132 4560 faciebat.
2163 4508 2518 4574 Quamobrem
2549 4513 2640 4566 ille
2674 4528 2768 4580 per
2787 4515 3162 4579 obedientiam,
3187 4517 3409 4570 multam
3441 4535 3470 4572 ιι

1890 4597 1998 4650 Deo
2042 4601 2522 4655 remunerationem
2582 4606 2900 4670 promeruit;
2954 4604 3037 4656 hic
3082 4622 3210 4659 vero
3251 4619 3470 4677 propter

1886 4691 2054 4746 mlum
2099 4693 2430 4760 pracdicntur.
2487 4695 2686 4748 Dicitur
2723 4697 2865 4748 enim
2898 4716 2909 4749 :
2942 4697 3086 4752 Stetit
3140 4699 3380 4765 Pliinees,
3426 4713 3472 4756 et

1886 4783 2101 4850 placavit
2128 4783 2297 4846 (Psal.
2333 4785 2454 4838 105.
2488 4786 2598 4855 50).
2645 4785 2699 4839 Si
2728 4785 2887 4855 igitur
2919 4789 3259 4845 homicidium
3287 4803 3342 4846 et
3372 4794 3470 4848 ﬁlii

1885 4873 2059 4926 ca‘des
2107 4873 2438 4941 placuerunt.
2487 4876 2610 4946 quia
2659 4877 2953 4931 secundum
3008 4880 3098 4934 Dei
3149 4885 3469 4938 sententiam

1887 4962 2110 5028 ﬁebant,
2158 4979 2260 5018 nec
2312 4959 2635 5020 attendimus
2675 4967 2742 5021 ad
2781 4967 2948 5033 facta,
2996 4972 3086 5024 sed
3136 4973 3200 5025 ad
3252 4988 3470 5042 scopum

1880 5068 2068 5108 eorum
2092 5071 2214 5124 qua:
2243 5057 2584 5131 gerebantur,
2619 5067 2672 5113 et
2697 5059 2764 5113 ad
2792 5060 3124 5114 voluntatem
3164 5075 3346 5116 eorum
3376 5064 3467 5131 qui

1884 5143 2168 5200 fecerunt:
2217 5125 2386 5202 multo
2414 5151 2584 5220 magis
2611 5159 2666 5206 et
2714 5150 2800 5207 hic
2847 5153 3280 5222 perpendendum
3325 5152 3464 5207 istud

1885 5238 2061 5293 fuerit.

1953 5331 2006 5384 5.
2037 5331 2112 5386 Ne
2141 5332 2298 5402 igitur
2335 5334 2436 5390 hoc
2457 5337 2739 5392 considera
2759 5378 2776 5402 ,
2816 5336 2958 5403 quod
3003 5335 3130 5388 falsa
3175 5335 3368 5391 fuerint
3399 5354 3460 5392 ea

1881 5435 1998 5489 quae
2024 5420 2333 5478 dicebantur
2357 5440 2387 5479 a
2415 5425 2631 5491 Jacobo,
2663 5425 2756 5480 sed
2787 5425 2910 5478 illud
2947 5426 3116 5494 cogita
3138 5467 3152 5493 ,
3195 5427 3461 5482 volentem

1945 5604 1961 5634 ί
1998 5608 2137 5652 Juxta
2161 5601 2326 5673 Morel:
2373 5607 2431 5673 et
2454 5599 2591 5673 Savil.
2638 5598 3000 5673 siciegendum
3019 5608 3135 5673 lost,
3263 5610 3461 5673 scopum

1879 5664 2123 5725 exquiras,
2138 5663 2258 5730 jam,
2270 5661 2648 5730 tiblidicendum.
2661 5661 2750 5730 erit
2798 5663 3123 5722 patriaac/tam
3158 5678 3258 5715 esse
3271 5661 3362 5727 lilii
3383 5664 3460 5714 in-

1883 5722 2197 5787 terfectorem,
2215 5729 2259 5772 et
2286 5732 2304 5770 ι
2323 5723 2506 5771 hineem
2525 5722 2826 5771 homicidium.
