3974 6418
493 324 595 377 86⁸7

497 439 673 492 Demn-
690 438 1086 508 pra-dictionem
1118 435 1320 506 impleri
1341 477 1358 501 ,
1386 438 1560 490 omnia
1577 445 1629 490 ut
1647 437 1723 490 sic
1743 436 1930 491 tierent
1954 435 2066 490 dis-

484 529 818 594 .pensavisse.
845 528 909 582 Et
931 537 985 580 ut
1016 529 1153 581 scias
1173 527 1336 580 Deum
1367 527 1546 581 omnia
1567 525 1736 580 facilia
1754 525 2066 590 reddidisse,

488 619 650 671 etiam
673 633 733 672 ea
755 633 872 686 quia
891 617 1118 671 difficilia
1145 625 1329 672 erant:
1350 616 1470 670 vide
1488 616 1753 686 quomodo
1768 616 1943 685 justus
1964 631 2067 669 non

497 712 728 776 potuerit
759 710 1013 778 suspicari
1056 708 1292 762 fraudem
1315 750 1329 772 ,
1377 708 1471 762 sed
1513 722 1794 776 persuasus
1823 707 1890 762 sit
1914 706 2070 761 dictis

492 801 657 854 Jacob
674 840 688 864 ,
719 810 772 854 et
788 815 906 853 cum
928 799 1102 854 edulia
1127 801 1224 852 ista
1245 799 1584 866 comedisset,
1611 797 2066 854 benedictionibus

492 905 613 942 eum
658 898 980 943 remuneret.
1052 888 1121 942 Et
1167 903 1273 942 non
1321 887 1465 957 prius
1513 903 1543 942 a
1588 888 1868 942 venatione
1910 886 2070 941 rediit

494 979 669 1042 Esau,
711 993 868 1048 quam
921 978 1097 1032 omnia
1147 987 1326 1032 essent
1374 977 1588 1046 impleta
1617 995 1630 1030 :
1659 986 1718 1032 ut
1759 992 1853 1047 per
1889 976 2066 1031 omnia

484 1059 744 1135 sciamus,
783 1070 1054 1124 voluntate
1096 1071 1184 1124 Dei
1236 1070 1347 1125 hinc
1385 1080 1531 1139 gesta
1570 1071 1752 1125 fuisse.
1790 1069 1875 1123 20.
1925 1067 2068 1121 Dixit

486 1168 677 1225 autem,
708 1160 905 1228 inquit,
948 1159 1100 1214 Isaac
1123 1176 1142 1215 :
1170 1161 1306 1227 Quid
1335 1163 1458 1226 hoc,
1499 1162 1633 1230 quod
1661 1170 1762 1212 tam
1792 1160 1889 1212 cito
1926 1161 2064 1212 inve-

486 1250 644 1316 nisti,
673 1250 794 1319 ﬁli?
829 1251 930 1305 Ille
961 1262 1129 1306 autem
1169 1254 1296 1308 dixit
1330 1268 1348 1306 :
1379 1253 1528 1320 Quod
1569 1253 1774 1305 tradidit
1823 1251 2068 1306 Dominus

491 1340 628 1395 Deus
653 1355 766 1396 tuus
792 1359 962 1397 coram
990 1361 1086 1398 me.
1112 1343 1299 1398 Adhuc
1325 1345 1376 1399 in
1407 1346 1659 1412 angustiis
1682 1343 1856 1397 stabat
1881 1342 2065 1407 Jacob,

489 1432 886 1501 augebaturque
903 1433 1188 1502 plurimum
1212 1435 1374 1488 timor
1390 1435 1504 1503 ejus
1524 1452 1538 1487 :
1557 1450 1739 1489 verum
1762 1433 1874 1487 huic
1889 1434 2066 1486 omnia

491 1533 776 1591 propterea
807 1523 940 1576 facta
970 1533 1122 1590 sunt,
1157 1533 1216 1578 ut
1249 1525 1512 1580 discamus
1539 1525 1700 1580 rebus
1729 1524 1856 1592 ipsis
1885 1524 2067 1577 Domi-

492 1626 622 1664 num
667 1627 770 1664 non
801 1612 1111 1682 simpliciter
1154 1628 1303 1668 suam
1347 1613 1621 1668 declarare
1661 1611 2066 1667 sollicitudinem

490 1709 547 1753 et
594 1700 976 1768 providentiam
1003 1744 1016 1767 ,
1061 1703 1160 1757 nisi
1203 1702 1390 1758 viderit
1435 1713 1489 1757 et
1528 1710 1765 1757 nostrum
1815 1699 2068 1755 accedere

490 1789 774 1844 fervorem.
821 1791 900 1846 Ne
937 1793 1079 1846 enim
1124 1801 1408 1861 prtetereas
1439 1792 1612 1846 obiter
1639 1793 1777 1847 hunc
1806 1806 2026 1860 agonem
2047 1831 2064 1856 ,

476 1879 711 1944 dilecte,
742 1879 836 1934 sed
863 1881 1166 1936 consideres
1195 1885 1262 1936 de
1289 1897 1464 1936 rerum
1496 1896 1698 1937 summa
1733 1881 1893 1935 fuisse
1923 1879 2065 1950 peri-

489 1967 668 2022 culum
694 1987 707 2023 :
730 1984 958 2040 eumque
986 1973 1174 2026 timore
1201 1986 1264 2027 ac
1290 1980 1523 2027 tremore
1550 1973 1761 2041 plenum
1793 1971 1975 2038 fuisse,
2001 1985 2068 2025 ne

490 2067 709 2126 prepter
753 2059 1178 2116 benedictionem
1222 2062 1372 2116 fieret
1400 2063 1544 2117 omni
1587 2061 1939 2116 maledictioni
1964 2060 2066 2114 ob-

493 2150 704 2205 noxius.
747 2150 950 2205 Deinde
976 2152 1183 2220 inquit,
1210 2151 1302 2205 2|.
1329 2151 1471 2205 Dixit
1501 2151 1650 2206 Isaac
1667 2151 2068 2221 tAppropinqua

490 2241 636 2306 mihi,
676 2250 726 2295 et
753 2243 1065 2296 contrectabo
1105 2253 1182 2311 te,
1221 2245 1328 2312 ﬁli,
1369 2261 1436 2298 an
1480 2245 1549 2299 sis
1576 2244 1714 2312 fih'us
1740 2260 1878 2298 meus
1901 2242 2063 2310 Esau,

491 2329 570 2384 rel
592 2346 712 2384 non.
745 2330 954 2385 Etenim
976 2332 1047 2387 ob
1067 2348 1250 2389 vocem
1273 2335 1542 2403 paululum
1564 2335 1837 2390 dubitabat
1855 2333 2026 2402 justus
2050 2352 2064 2388 :

492 2420 586 2473 sed
607 2421 726 2488 quia
745 2421 1068 2490 dispensatio
1090 2423 1356 2492 implenda
1380 2434 1514 2489 erat,
1541 2439 1645 2479 non
1669 2424 1908 2494 permisit
1929 2424 2067 2479 Deus

493 2519 553 2564 ut
597 2510 751 2567 dolus
793 2513 1097 2571 sentiretur.
1150 2515 1241 2568 2‘2.
1293 2515 1723 2585 Appropinquauit
1766 2525 1969 2582 autem,
2021 2523 2067 2567 et

491 2603 813 2655 contrectauit
835 2620 970 2670 eum,
1002 2613 1047 2657 et
1077 2604 1241 2658 dixit:
1271 2603 1381 2659 Vox
1407 2605 1606 2674 quidem
1629 2621 1726 2658 vox
1746 2603 1928 2670 Iacob,
1956 2619 2067 2656 rna-

491 2707 586 2745 nus
609 2702 772 2746 autem
795 2709 970 2746 manus
996 2687 1136 2747 Esaii
1160 2710 1177 2748 :
1197 2704 1242 2747 et
1267 2711 1367 2749 non
1394 2695 1594 2764 agnovit
1622 2710 1753 2747 eum.
1781 2692 1914 2748 Vide
1938 2707 2070 2762 quo-

488 2782 654 2836 modo
693 2783 938 2837 ostendat
983 2795 1149 2839 totum
1193 2800 1222 2838 a
1269 2786 1362 2840 Dei
1411 2787 1579 2854 gratia
1633 2799 1920 2841 manasse:
1949 2800 2066 2854 qum

473 2871 760 2926 .t-fticiebat
781 2912 797 2936 ,
837 2880 896 2926 ut
925 2873 1036 2942 ipse
1067 2873 1196 2927 nihil
1223 2872 1411 2928 borum
1437 2882 1779 2944 agnosceret,
1814 2884 1868 2930 et
1903 2874 2068 2930 Jacob

490 2970 711 3029 paterna
743 2961 1005 3017 frueretur
1041 2964 1428 3019 benedictione.
1462 2965 1525 3018 Et
1557 2981 1655 3040 non
1684 2965 1887 3035 agnovit
1915 2981 2059 3028 eum,

491 3051 688 3119 inquit;
725 3063 866 3106 erant
891 3055 1024 3106 enim
1061 3071 1240 3112 uulnus
1269 3055 1374 3124 ejus
1417 3056 1542 3108 sicut
1571 3072 1748 3109 manus
1791 3053 1948 3109 Esnii.
1972 3055 2061 3110 24.

483 3139 561 3192 .Et
590 3141 734 3207 dixit,
769 3141 906 3197 Tune
928 3159 981 3198 es
1009 3145 1148 3217 ﬁlius
1175 3162 1314 3199 meus
1335 3144 1509 3200 Esau?
1529 3145 1656 3200 Vide
1686 3145 1896 3210 iterum,
1927 3161 2064 3216 quo-

470 3263 474 3270 ι
491 3232 654 3286 modo
667 3234 894 3289 ostendit
911 3235 1086 3291 divina
1099 3236 1387 3306 Scriptura,
1408 3237 1547 3307 quod
1569 3237 2061 3308 dubitassetjustus.

488 3320 636 3375 Dixit
661 3325 800 3378 cnim
820 3366 836 3390 ,
884 3327 1083 3395 inquit,
1118 3327 1258 3381 Num
1285 3336 1340 3381 tu
1375 3343 1427 3382 es
1455 3328 1607 3398 “ﬁlius
1635 3345 1773 3382 meus
1805 3328 1980 3382 Esau?
2007 3337 2066 3384 ut

481 3427 553 3466 ex
578 3427 644 3467 eo
667 3428 876 3484 quoque
901 3417 1129 3472 sciamus
1150 3457 1166 3480 ,
1210 3426 1415 3486 patrem
1441 3418 1636 3474 victum
1669 3419 1896 3473 naturali
1930 3419 2062 3474 atl'e-

477 3503 661 3558 ctione
686 3508 862 3558 omnia
884 3505 1109 3562 fecisse:
1136 3508 1305 3562 Deum
1333 3517 1531 3573 autem,
1553 3510 1642 3579 qui
1671 3509 1845 3563 futura
1873 3508 2063 3578 praevi-

488 3591 611 3656 det,
657 3603 711 3646 et
758 3593 1009 3648 virtutum
1045 3604 1166 3650 nota
1207 3612 1394 3652 servos
1433 3613 1559 3652 suos
1596 3598 1849 3667 insignire
1890 3598 2060 3667 solet,

474 3681 664 3734 domnia
691 3681 832 3736 hunc
857 3683 910 3738 in
937 3685 1152 3739 modum
1178 3686 1590 3756 dispensavisse.
1615 3688 1683 3742 Et
1709 3688 1843 3742 dixit
1868 3687 2059 3743 Jacob:

479 3768 624 3838 Ego.
654 3771 948 3842 Postquam
995 3776 1134 3829 enim
1180 3777 1340 3844 dixit,
1379 3776 1520 3830 Num
1563 3787 1614 3831 tu
1656 3794 1708 3832 es
1753 3776 1890 3833 Esau
1927 3780 2064 3848 ﬁlius

487 3861 663 3914 meus?
686 3870 740 3916 et
760 3862 909 3927 dixit,
936 3861 1081 3934 Ego:
1099 3865 1250 3932 dixit,
1279 3867 1367 3921 25.
1395 3866 1538 3934 AITer
1563 3868 1706 3930 milii,
1735 3878 1782 3923 et
1805 3869 2065 3924 comedam

481 3951 550 4004 de
590 3954 845 4008 venatione
875 3964 958 4008 tua
979 3997 996 4023 ,
1040 3957 1138 4026 ﬁli,
1169 3966 1222 4011 ut
1255 3958 1512 4013 benedicat
1539 3969 1587 4014 te
1609 3962 1780 4014 anima
1804 3978 1914 4014 mea
1938 3977 1955 4014 :
1976 3962 2062 4018 vix

484 4042 696 4097 tandem
721 4059 750 4097 a
776 4061 899 4100 cura
928 4047 1152 4103 solvitur
1173 4049 1369 4117 Jacob,
1408 4061 1454 4106 et
1495 4053 1664 4106 attulit
1693 4055 1822 4124 potri
1853 4055 2022 4108 edulia
2040 4093 2061 4123 ,

481 4134 748 4204 attulitq'ue
773 4137 939 4190 vinum
959 4179 975 4206 ,
1016 4149 1061 4193 et
1105 4140 1243 4196 bibit.
1274 4141 1363 4196 26.
1389 4143 1460 4195 Et
1501 4144 1632 4198 dixit
1656 4145 1701 4196 ei
1731 4160 1750 4198 :
1778 4145 1969 4198 Accede
1994 4146 2063 4198 ad

484 4238 594 4288 me,
621 4233 667 4276 et
695 4224 924 4279 osculare
951 4245 1029 4281 me
1049 4269 1062 4292 ,
1098 4230 1194 4297 ﬁli.
1233 4231 1324 4285 27.
1355 4231 1417 4284 Ει
1441 4233 1680 4286 accedens
1705 4235 1958 4288 osculatus
1989 4244 2062 4290 est

481 4330 632 4380 eum;
679 4324 724 4369 et
771 4317 1011 4373 odoratus
1049 4329 1121 4374 est
1163 4321 1367 4375 odorem
1411 4323 1811 4386 uestimentorum
1840 4326 1979 4392 eius,
2012 4334 2062 4380 et

475 4403 730 4459 benedixit
756 4422 870 4460 eum
886 4449 901 4473 ,
929 4425 990 4461 ac
1015 4410 1163 4463 dixit.
1194 4410 1324 4465 Vide
1349 4412 1540 4466 divina:
1565 4412 1848 4482 Scriptura:
1877 4414 2062 4470 obser-

479 4496 767 4558 vationem.
799 4495 1082 4568 Postquam
1113 4500 1489 4570 interrogavit,
1523 4501 1576 4555 Ν
1581 4518 1664 4556 um
1706 4511 1759 4556 tu
1799 4521 1851 4558 es
1877 4503 2060 4558 Esau?

479 4593 532 4638 et
557 4584 710 4648 dixit,
735 4585 852 4658 Ego
873 4603 892 4641 :
913 4588 1105 4644 iterum
1133 4593 1482 4647 contrectarit
1504 4607 1648 4660 eum,
1675 4605 1728 4648 et
1753 4593 2060 4648 subdubita-

477 4671 590 4738 bat,
619 4689 739 4730 cum
767 4692 831 4731 ex
858 4693 988 4734 voce
1009 4695 1145 4748 pene
1164 4681 1556 4740 simulationem
1584 4683 2055 4752 deprehendisset:

377 4758 380 4761 ’
476 4770 531 4814 et
560 4762 752 4818 iterum
797 4765 1171 4838 interrogavit,
1215 4771 1357 4828 Num
1384 4781 1437 4826 tu
1463 4789 1515 4828 es
1543 4774 1681 4842 filius
1709 4790 1845 4829 meus
1881 4773 2060 4829 Esau?

479 4860 535 4906 ct
559 4852 713 4918 dixit,
739 4853 885 4924 Ego:
904 4868 957 4912 et
985 4869 1166 4928 postea
1206 4862 1382 4920 attulit
1408 4861 1492 4930 ei,
1523 4871 1578 4919 et
1605 4863 1836 4928 comedit
1859 4883 1874 4919 :
1897 4874 2053 4931 tunc,

471 4943 682 5014 inquit,
733 4943 1002 5010 Osculatus
1043 4960 1118 5005 est
1153 4961 1363 5014 canna
1412 4953 1657 5010 benedixit
1700 4972 1834 5010 eum.
1875 4955 1944 5012 Ut
1988 4970 2056 5010 ne

474 5034 598 5103 quis
623 5035 872 5104 opinetur
892 5052 1013 5093 eum
1044 5040 1096 5094 in
1128 5054 1409 5110 personam
1437 5043 1589 5102 .Esait
1627 5045 2053 5103 benedictionem

469 5125 696 5195 fecisse,
727 5128 822 5191 sed
867 5127 921 5184 in
965 5131 1116 5204 illum
1145 5148 1306 5202 quem
1333 5135 1610 5198 osculatus
1632 5144 1714 5197 est
1737 5154 1751 5192 :
1773 5145 2050 5206 propterea

469 5229 858 5274 commemorat
876 5220 1053 5276 divina
1082 5222 1370 5295 Scriptura,
1404 5227 1546 5296 quod
1574 5227 1844 5282 osculatus
1868 5237 1968 5292 est,
1998 5236 2054 5286 et

468 5306 740 5367 benedixit
785 5311 968 5382 illum,
1012 5329 1172 5386 quem
1213 5317 1491 5380 osculatus
1535 5325 1637 5372 est.
1685 5315 1938 5379 adoratus
1979 5326 2053 5372 est

468 5399 600 5450 enim
625 5401 830 5464 odorem
866 5403 1269 5461 uestimentorum
1311 5409 1420 5478 ejus
1462 5416 1508 5461 et
1549 5406 1798 5460 benedixit
1829 5422 1944 5460 eum
1961 5447 1977 5471 ,
2003 5415 2052 5462 et

463 5488 542 5540 dia
553 5489 590 5539 it
619 5505 638 5541 :
667 5487 796 5542 Ecce
822 5493 948 5545 odor
971 5495 1066 5561 ﬁlii
1089 5497 1184 5548 mei
1205 5537 1220 5561 ,
1264 5497 1383 5550 sicut
1419 5496 1546 5550 odor
1571 5497 1684 5567 agri
1712 5496 1878 5564 pleni,
1905 5511 2051 5564 quem

434 5590 440 5595 ν
466 5578 1012 5637 benedixitDominus.
1033 5585 1124 5640 28.
1153 5587 1222 5641 Et
1276 5587 1388 5643 'abit
1407 5588 1495 5642 tibi
1526 5588 1660 5642 Deus
1683 5590 1746 5642 de
1775 5603 1890 5642 rore
1913 5588 2046 5654 cteli,

441 5675 512 5717 νει
540 5666 602 5720 de
623 5668 923 5739 pinguedine
949 5683 1115 5743 terrm,
1142 5685 1189 5732 et
1212 5689 1266 5739 tu
1299 5676 1580 5735 (tm
1595 5677 1836 5749 {retinenti
1855 5686 1903 5734 et
1923 5677 2042 5734 vini.

1213 322 1268 380 S.
1295 322 1582 379 'JOANNIS
1615 319 2084 379 CRBVSOSTOMI
2123 321 2438 377 ARCHIEP.
2480 315 3012 384 CONSTANTINOP.

3651 333 3752 389 168

2183 434 2314 499 Det,
2346 435 2549 504 inquit,
2583 437 2838 493 Dominus
2860 439 2999 494 Deus
3026 439 3117 492 tibi
3141 479 3156 504 ,
3182 440 3270 509 qui
3297 439 3474 495 edulia
3503 444 3752 511 attulisti,

2177 525 2262 592 qui
2305 541 2336 579 a
2384 542 2470 582 me
2500 529 2739 582 osculum
2787 530 3161 598 accepisti:Et
3203 532 3421 584 serviant
3455 533 3546 586 tibi
3569 549 3754 604 gentes.

2181 614 2313 669 Vide
2353 618 2622 686 quomodo
2669 621 3088 674 necessariorum
3130 622 3337 690 copiam
3369 624 3470 692 ipsi
3519 636 3757 694 precatus

2180 707 2285 771 sit,
2313 707 2506 762 deinde
2535 711 2882 779 principatum
2908 713 3142 780 gentium
3166 752 3182 778 ,
3218 714 3517 781 pra-dicens
3545 725 3599 770 et
3619 716 3752 770 {utu-

2174 814 2286 852 ram
2315 800 2429 869 ejus
2456 804 2859 872 prosperitatem
2880 812 2934 857 et
2955 819 3138 857 eorum
3165 805 3251 872 qui
3282 805 3349 858 ab
3379 821 3445 859 eo
3469 817 3756 864 nascuntur

2176 888 2577 944 incrementum.
2611 890 2677 944 Et
2702 893 2912 946 adorent
2952 902 3000 946 te
3035 895 3303 963 principes.
3347 894 3465 949 Non
3513 894 3686 950 solum
3709 900 3756 952 ei

2175 988 2492 1046 apprecatur
2518 984 2752 1050 gentium
2790 983 3170 1050 subjectionem
3193 1025 3206 1046 ,
3239 984 3332 1039 sed
3371 986 3532 1040 etiam
3560 987 3754 1055 princi-

2177 1083 2321 1136 pum.
2357 1068 2420 1121 Et
2446 1071 2517 1124 sis
2541 1073 2772 1126 dominus
2803 1073 2978 1140 fratris
3008 1074 3098 1125 tui.
3129 1072 3262 1127 Vide
3299 1075 3570 1142 quomodo
3593 1079 3758 1130 servit

2169 1159 2364 1227 justus,
2393 1162 2552 1215 etiam
2596 1163 2880 1232 ignorans,
2933 1164 3024 1216 Dei
3065 1163 3346 1218 voluntati.
3387 1164 3579 1222 Omnia
3617 1169 3755 1221 enim

2177 1249 2289 1303 lucc
2316 1259 2533 1319 propter
2560 1251 2661 1307 hoc
2686 1253 3133 1321 dispensabantur
3155 1295 3170 1315 ,
3199 1262 3257 1306 ut
3285 1253 3372 1308 hic
3397 1264 3620 1322 prepter
3647 1257 3754 1310 vir-

2175 1348 2339 1393 tutem
2369 1341 2560 1410 dignus
2580 1381 2595 1407 ,
2627 1343 2845 1410 recipiat
2884 1342 3328 1397 benedictionem.
3376 1344 3441 1397 Et
3475 1345 3756 1399 adorabunt

2173 1439 2221 1484 te
2261 1432 2354 1498 ﬁlii
2397 1435 2554 1501 patris
2593 1436 2683 1486 tm'.
2726 1435 2890 1489 Filios
2930 1436 3204 1488 consuevit
3251 1435 3525 1504 Scriptura
3565 1452 3760 1492 vocare

2171 1535 2386 1575 omnem
2416 1525 2812 1591 generationem
2839 1540 2852 1575 :
2877 1524 3013 1577 sicut
3037 1534 3091 1578 et
3117 1523 3203 1578 hic
3226 1566 3240 1586 ,
3288 1525 3424 1578 ﬁlios
3449 1527 3615 1594 patris
3642 1528 3756 1582 tui:

2171 1623 2236 1664 ac
2261 1612 2306 1664 si
2335 1613 2455 1680 quis
2475 1611 2677 1667 diceret
2696 1629 2788 1667 eos
2810 1615 2898 1683 qui
2919 1630 2984 1668 ex
3006 1615 3210 1669 semine
3240 1615 3381 1670 Esau
3400 1615 3558 1670 futuri
3580 1627 3757 1671 erant.

2173 1698 2290 1753 Non
2317 1701 2458 1754 enim
2487 1700 2620 1755 alios
2661 1702 2798 1755 ﬁlios
2831 1701 3016 1755 habuit
3061 1703 3238 1767 lsaac,
3275 1718 3431 1772 quam
3477 1705 3576 1759 bos
3618 1706 3760 1760 duos

2171 1789 2342 1844 solos.
2368 1789 2468 1856 Qui
2510 1791 2763 1844 maledicit
2801 1801 2879 1857 te,
2918 1793 2982 1846 sit
3017 1793 3351 1847 maledictus:
3379 1796 3469 1863 qui
3510 1797 3760 1849 benedicit

2173 1886 2239 1942 te,
2272 1878 2335 1932 sit
2362 1877 2664 1933 benedictus.
2688 1880 2835 1936 Ecce
2859 1882 3166 1936 coronidem
3194 1881 3598 1949 benedictionis,
3626 1901 3760 1940 ecce

2172 1980 2434 2022 summam
2464 1971 2698 2025 omnium
2722 1971 3002 2038 bonorum,
3034 1987 3154 2027 esse
3181 1973 3535 2029 benedictum.
3566 1976 3758 2031 Vidisti

2177 2058 2268 2113 Dei
2297 2059 2672 2115 clementiam?
2697 2061 2809 2129 .Qui
2840 2062 3086 2116 timuerat
3114 2077 3181 2117 ne
3206 2064 3632 2120 maledictionem
3664 2082 3763 2121 ac-

2172 2147 2374 2217 ciperet
2397 2165 2496 2219 pro
2519 2150 2907 2217 benedictione,
2937 2168 3042 2208 non
3070 2153 3243 2206 solum
3268 2168 3386 2208 cum
3413 2164 3556 2210 tanta
3589 2157 3760 2225 largi-

2174 2245 2282 2292 tate
2302 2237 2698 2296 benedictiones
2716 2255 2746 2294 a
2770 2252 2915 2308 patre
2937 2250 3173 2309 reportat
3196 2259 3208 2294 :
3228 2241 3323 2298 sed
3343 2252 3398 2297 et
3423 2243 3496 2298 illi
3526 2244 3757 2298 maledi-

2171 2336 2384 2392 cuntur,
2405 2329 2494 2396 qui
2515 2337 2778 2386 attentaut
2802 2346 2922 2385 eum
2949 2331 3286 2386 maledicere.
3301 2331 3442 2387 Hinc
3463 2333 3759 2400 discamus,

2170 2416 2312 2485 quod
2339 2418 2551 2487 quando
2575 2421 2696 2490 quis
2730 2419 3024 2474 secundum
3051 2421 3375 2476 voluntatem
3402 2424 3492 2477 Dei
3513 2440 3604 2479 sua
3631 2426 3757 2480 dis—

2173 2521 2397 2576 pensare
2438 2509 2580 2573 vult,
2629 2519 2775 2566 tanto
2804 2525 3036 2580 superno
3095 2510 3334 2566 subsidio
3355 2512 3664 2582 adjuvatur,
3699 2527 3761 2570 ut

2173 2596 2276 2654 hoc
2308 2598 2464 2666 plane
2495 2601 2670 2670 reipsa
2697 2602 3021 2671 experiatur.
3039 2601 3183 2668 .Quis
3209 2603 3352 2656 enim
3377 2618 3488 2657 non
3513 2604 3759 2660 admire-

2173 2693 2266 2754 tur.
2299 2695 2354 2741 et
2392 2687 2732 2758 Obstupescat
2762 2691 2866 2746 Dei
2913 2691 3230 2752 ineffabilem
3279 2691 3760 2764 dispensationem,

2171 2777 2311 2845 quod
2349 2792 2454 2834 non
2494 2779 2641 2847 prius
2671 2781 2816 2836 Esau
2843 2784 2912 2839 de
2942 2784 3221 2837 venatione
3254 2783 3560 2850 advenerit,
3591 2801 3759 2856 quam

2169 2867 2469 2928 solveretur
2493 2869 2685 2926 fabulae
2716 2873 2856 2927 illius
2881 2883 3251 2942 argumentum
3274 2916 3288 2940 ,
3331 2885 3384 2930 et
3423 2877 3631 2945 quando
3663 2877 3761 2932 ille

2169 2968 2383 3028 accepta
2408 2960 2776 3018 benedictione
2805 2979 2833 3016 a
2863 2974 3010 3032 patre
3034 2965 3317 3021 discessit?
3342 2967 3452 3023 lluc
3477 2967 3618 3020 enim
3651 2983 3758 3022 nos

2169 3046 2364 3103 docere
2383 3051 2570 3106 volens
2595 3051 2783 3107 beatus
2809 3053 2982 3121 Moses
3013 3055 3228 3126 adjicit:
3250 3058 3338 3112 30.
3365 3057 3435 3111 Et
3463 3062 3650 3128 factum
3679 3069 3757 3112 est

2170 3148 2434 3208 postquam
2458 3143 2664 3196 cessavit
2697 3141 2844 3196 Isaac
2872 3143 3161 3201 benedicere
3181 3146 3341 3202 Jucob
3371 3148 3532 3215 ﬁlium
3559 3164 3710 3201 suam
3735 3164 3755 3201 :

2168 3240 2215 3284 et
2246 3231 2435 3300 factum
2473 3243 2544 3288 est
2583 3235 2788 3303 quando
2815 3237 2962 3290 exivit
2988 3235 3146 3292 Jacob
3188 3255 3220 3291 a
3259 3239 3388 3308 facie
3413 3237 3562 3293 Isaac
3589 3238 3753 3309 patris

2168 3320 2266 3385 sui,
2297 3337 2409 3374 ecce
2433 3320 2574 3377 Esau
2601 3327 2760 3393 frater
2781 3341 2906 3378 suus
2933 3329 3065 3380 venit
3087 3328 3150 3384 de
3169 3329 3444 3383 venatione.

2238 3409 2294 3462 4.
2325 3409 2578 3477 Quidquid
2608 3422 2866 3480 peractum
2893 3415 2990 3480 sit,
3019 3426 3128 3485 post
3155 3417 3421 3472 aduentum
3445 3417 3603 3483 Esau,
3627 3434 3754 3471 nar-

2167 3507 2246 3551 rat
2302 3503 2684 3557 commentando
2739 3504 3153 3575 Chrysostomus;
3200 3509 3554 3566 benedictionis
3578 3494 3755 3565 ~Esaia

2165 3589 2434 3658 explicatio
2480 3608 2741 3648 numerum
2782 3597 2990 3650 claudit.
3023 3629 3096 3639 —
3134 3599 3265 3657 Vide
3311 3601 3578 3670 quomodo
3629 3611 3753 3670 post

2167 3679 2310 3734 illius
2343 3682 2548 3736 exitum
2586 3684 2719 3739 alter
2755 3688 2932 3741 statim
2971 3688 3208 3746 advenit.
3252 3689 3367 3746 Non
3409 3692 3510 3746 hoc
3547 3691 3752 3761 absque

2167 3777 2325 3819 causa
2351 3765 2431 3820 vel
2475 3776 2672 3824 temere
2711 3770 2924 3835 factum,
2949 3772 3042 3827 scd
3073 3783 3129 3828 ut
3158 3775 3407 3845 ignorans
3443 3775 3659 3830 all‘erret
3696 3787 3752 3830 et

2168 3853 2283 3924 ipse
2304 3855 2498 3924 edulia,
2527 3868 2579 3914 et
2604 3875 2632 3914 a
2665 3871 2812 3931 patre
2841 3863 3138 3920 addisceret
3179 3881 3291 3920 rem
3332 3875 3496 3920 totam
3535 3875 3596 3922 ut
3628 3877 3748 3921 acta

2169 3956 2304 4001 erat.
2336 3948 2468 4002 Nam
2496 3950 2538 4004 si
2567 3950 2617 4004 in
2651 3953 2866 4008 fratrem
2895 3954 3185 4020 incidisset,
3224 3955 3439 4011 forsitan
3477 3966 3531 4010 et
3574 3957 3747 4024 ipsum

2167 4036 2542 4105 interemisset,
2575 4041 2744 4096 victus
2773 4043 2846 4096 ira
2877 4060 2890 4096 :
2920 4044 3010 4114 qui
3040 4045 3181 4100 enim
3211 4045 3311 4100 hoc
3332 4055 3516 4114 postea
3545 4044 3751 4102 delibe-

2166 4129 2322 4196 ravit,
2349 4132 2516 4185 multo
2541 4134 2706 4203 magis
2734 4133 2860 4188 dum
2887 4146 3134 4206 ageretur
3162 4138 3453 4206 negotium,
3484 4136 3535 4191 id
3564 4147 3745 4191 atten-

2168 4228 2352 4275 tasset.
2377 4221 2483 4276 Sed
2513 4237 2703 4278 manus
2744 4225 2836 4278 Dei
2877 4235 3011 4292 erat,
3049 4242 3167 4297 qua:
3198 4241 3419 4295 puerum
3451 4227 3698 4288 servabat
3729 4245 3743 4280 :

2165 4318 2220 4374 et
2267 4310 2406 4365 hunc
2455 4312 2669 4381 quidem
2724 4313 2938 4384 dignum
2986 4315 3356 4371 benedictione
3407 4316 3620 4381 ell'ecit,
3675 4317 3746 4372 il-

2165 4401 2274 4455 lum
2327 4412 2503 4458 autem
2522 4417 2577 4462 et
2604 4407 2976 4464 benedictione
2993 4407 3225 4478 privavit
3241 4419 3296 4464 et
3311 4408 3766 4478 primogenitum"

2165 4493 2255 4548 51.
2304 4493 2372 4548 Ut
2419 4505 2584 4551 autem
2629 4497 2847 4561 aduenit,
2897 4499 3087 4570 inquit,
3135 4500 3250 4571 fecit
3297 4509 3344 4554 et
3393 4500 3504 4570 ipse
3547 4500 3743 4566 edulia,

2163 4593 2213 4636 et
2251 4585 2418 4637 attulit
2455 4588 2588 4651 patri
2627 4603 2740 4654 suo,
2782 4597 2828 4642 et
2867 4589 3040 4642 dixit:
3066 4591 3258 4660 Surget
3297 4599 3442 4659 pater
3477 4606 3653 4656 meus,
3697 4600 3748 4646 et

2163 4675 2388 4727 comedat
2421 4677 2483 4729 de
2523 4679 2784 4738 venatione
2805 4681 2903 4747 ﬁlii
2937 4681 3034 4745 sui,
3069 4690 3122 4733 ut
3161 4680 3419 4734 benedice!
3457 4697 3537 4733 me
3573 4682 3746 4748 anima

2165 4777 2268 4820 tua.
2290 4767 2447 4833 .Vide,
2463 4769 2707 4836 obsecro,
2731 4769 2919 4832 iterum
2934 4769 3135 4839 justum
3156 4769 3474 4841 perturbari,
3493 4780 3546 4824 et
3565 4780 3746 4838 mente

2162 4859 2406 4916 cruciari.
2449 4859 2582 4922 Nam
2625 4870 2684 4915 ut
2721 4861 2941 4927 audivit,
2966 4862 3052 4917 52.
3085 4861 3229 4915 Dixit
3259 4879 3273 4914 :
3302 4862 3426 4928 Quis
3447 4879 3497 4915 es
3523 4863 3617 4915 tu?
3644 4860 3748 4915 Ille

2161 4960 2328 5003 autent
2367 4950 2494 5003 dixit
2523 4966 2542 5004 :
2571 4949 2682 5020 Ego
2710 4967 2822 5006 sum
2861 4952 3000 5020 [ilius
3033 4961 3149 5006 tuus
3185 4953 3547 5022 primogenitus
3576 4949 3739 5004 Esaia

2163 5039 2293 5096 Vide
2315 5040 2582 5116 quomodo
2610 5041 2838 5116 superbe
2865 5055 2924 5095 se
2951 5048 3100 5111 gerat
3126 5041 3177 5095 in
3203 5055 3263 5095 re
3292 5041 3540 5110 praesenti
3580 5057 3595 5095 :
3636 5053 3741 5102 non

2157 5130 2289 5186 satis
2309 5113 2406 5199 ipsi
2441 5127 2537 5183 fuit
2561 5113 2761 5195 dicere,
2786 5129 2898 5201 Ego
2923 5147 3036 5185 sum
3060 5129 3200 5185 Esau
3218 5145 3241 5186 :
3259 5131 3352 5186 sed
3370 5128 3590 5191 addidit,
3622 5127 3745 5181 Pri-

2159 5222 2458 5292 mogenitus.
2506 5221 2595 5281 55.
2645 5220 2913 5292 Obstupuit
2949 5231 3119 5276 autem
3153 5221 3302 5277 Isaac
3343 5231 3549 5290 stupore
3591 5221 3745 5274 velte.

2157 5311 2334 5375 menti,
2355 5320 2404 5364 et
2429 5310 2557 5363 dixit
2579 5325 2598 5364 :
2618 5309 2742 5376 Quis
2768 5311 2922 5381 igitur
2949 5319 3154 5364 venatus
3173 5321 3246 5365 est
3265 5310 3390 5364 mihi
3410 5309 3739 5387 venationem,

2155 5410 2205 5456 et
2229 5399 2399 5454 attulit
2425 5399 2570 5465 mihi,
2598 5409 2644 5453 et
2668 5401 2862 5454 comedi
2887 5400 2950 5454 de
2979 5400 3208 5453 omnibus
3235 5410 3503 5469 antequam
3523 5408 3578 5450 tu
3598 5398 3741 5452 ceni-

2154 5509 2236 5548 res
2265 5510 2280 5547 :
2307 5501 2354 5546 et
2375 5491 2611 5554 benedixi
2639 5509 2773 5558 eum,
2800 5503 2849 5546 et
2873 5494 2937 5546 sit
2957 5492 3280 5546 benedictus?
3308 5491 3441 5548 Vide
3469 5489 3743 5559 quomodo

2156 5586 2210 5642 in
2238 5585 2585 5657 perplexitate
2619 5585 2938 5640 constitutus
2970 5586 3166 5652 justus,
3189 5592 3244 5638 et
3269 5597 3489 5637 narrans
3512 5580 3741 5644 factum,

2160 5676 2361 5733 addidit
2401 5685 2574 5732 tamen
2614 5676 2842 5747 graviter
2880 5676 3020 5730 illius
3059 5675 3291 5730 animum
3318 5672 3641 5730 vulnerans:
3672 5668 3742 5724 Et
