3974 6402
209 417 318 475 667

217 528 395 590 ὁΘεὸς
419 546 441 580 ε
459 528 509 591 ίς
525 527 689 597 ἔργον
703 530 799 600 τὴν
818 531 1125 603 πρόρρησιν
1143 533 1309 586 αὐτοῦ
1328 535 1578 601 ἀγαγεῖν,
1598 537 1813 593 ἅπαντα

218 613 392 674 οὕτως
418 611 749 690 ᾠῌκονόμησε
780 614 1058 682 γενέσθαι.
1081 616 1190 669 Καὶ
1221 616 1309 669 ἵνα
1342 617 1520 688 μάθῃς
1550 619 1700 690 1517]
1731 619 1811 671 ὅτι

227 698 256 746 6
287 694 426 755 Θεὸς
452 687 525 762 ἦν
551 694 581 746 6
606 695 784 748 πάντα
807 695 1202 769 ἐξευμαρίζων,
1237 700 1332 750 xal
1356 698 1425 751 τά
1447 687 1699 752 δύσκολα*
1722 699 1815 752 εῦ-

222 777 359 829 κολα
388 774 587 840 ποιῶν,
612 777 714 847 ὅρα
738 775 857 840 πῶς
894 780 922 830 6
948 777 1155 842 δίκαιος
1183 780 1285 833 οὐκ
1317 780 1558 852 ἠδυνήθη
1585 783 1814 835 συνιδεῖν

219 861 320 928 τὴν
343 857 590 927 ἀπάτην,
614 858 753 912 ἀλλά
771 860 864 912 καὶ
893 859 1139 912 πείθεται
1167 864 1280 924 τοῖς
1314 862 1465 933 παρά
1488 863 1581 916 τοῦ
1621 863 1816 917 Ἰακὼϐ

221 939 459 1011 ῥηθεῖσι,
509 940 605 992 καὶ
641 941 957 1004 ἀπολαύσας
1013 942 1122 995 τῶν
1169 944 1482 1013 ἐδεσμάτων
1518 946 1811 1015 ἀμείϐεται

221 1022 388 1074 αὐτὸν
414 1025 534 1085 ταῖς
577 1023 870 1091 εὐλογίαις.
902 1026 1012 1078 Καὶ
1050 1026 1111 1078 οὐ
1146 1025 1412 1097 πρότερον
1452 1029 1814 1098 παραγίνεται

219 1107 332 1158 ἀπὸ
355 1106 455 1175 τῆς
475 1105 646 1176 θήρας
677 1107 705 1158 6
746 1105 938 1170 Ἡσαῦ,
967 1107 1161 1176 μέχρις
1190 1109 1278 1160 ὅτε
1309 1110 1485 1163 πάντα
1513 1111 1662 1173 τέλος
1690 1111 1816 1164 ἐλα-

221 1186 342 1250 ϐεν,
377 1187 466 1239 ἵνα
492 1185 579 1238 διὰ
616 1189 836 1240 πάντων
874 1189 1088 1259 γνῶμεν
1122 1191 1205 1243 ὅτι
1237 1191 1378 1244 κατὰ
1412 1191 1547 1244 Θεοῦ
1587 1191 1813 1262 γνώμην

219 1268 284 1354 τδ
311 1270 603 1354 γινόμενον
623 1265 711 1338 ἦν.
727 1267 895 1354 -Εἷπε
914 1271 1002 1336 δὲ,
1035 1273 1198 1342 φησὶν
1213 1314 1228 1337 ,
1245 1271 1463 1354 ,Ἰσαάκ
1481 1291 1496 1303 ⁸
1533 1276 1593 1330 Τί
1612 1276 1810 1354 τρῦτο,

221 1350 314 1404 ὅτι
331 1352 484 1418 ταχὺ
496 1347 691 1418 εὗρες,
712 1348 758 1405 ὦ
776 1352 1019 1416 τέκνον;
1052 1355 1105 1406 '0
1127 1354 1195 1407 δὲ
1210 1351 1397 1409 εἶπενο
1425 1359 1488 1409 Ὃ
1508 1347 1812 1426 παρέδωκε

221 1435 444 1500 Κύριος
467 1437 499 1487 ό
522 1436 665 1498 Θεός
693 1451 810 1488 σου
837 1435 1114 1488 ἐναντίον
1152 1436 1316 1504 ἐμοῦ.
1359 1438 1480 1489 Ἔτι
1518 1438 1812 1506 ἐναγώνιος

221 1519 475 1586 εἱστήκει
504 1519 532 1570 6
580 1516 792 1582 Ἰακὼϐ,
836 1519 932 1571 καὶ
973 1517 1168 1588 ηὔξετο
1199 1519 1348 1590 αὐτῷ
1372 1519 1441 1572 τά
1483 1519 1578 1573 τοῦ
1619 1522 1807 1591 φόϐου,

223 1600 320 1650 καὶ
344 1598 521 1652 πάντα
544 1598 772 1664 ἐγίνετο,
801 1600 887 1652 ἵνα
917 1600 1178 1670 μάθωμεν
1207 1601 1275 1655 δι’
1305 1603 1486 1656 αὐτῶν
1516 1604 1597 1656 ὅτι
1625 1605 1655 1655 6
1685 1604 1809 1672 φιλ-

223 1681 515 1751 άνθρωπος
553 1682 830 1751 Δεσπότης
875 1684 973 1752 οὐχ
1022 1683 1208 1747 ἁπλῶς
1244 1684 1342 1754 τὴν
1372 1686 1578 1739 οἰκείαν
1605 1685 1808 1738 ἐπιδεί-

223 1780 423 1816 κνυται
440 1764 717 1832 πρόνοιαν,
739 1765 805 1816 ἂν
825 1765 900 1836 μὴ
929 1765 1129 1836 πολλὴν
1149 1765 1232 1837 ἴδη
1259 1767 1352 1819 καὶ
1376 1767 1475 1837 τὴν
1495 1767 1625 1838 παρ’
1647 1767 1808 1838 ἡμῶν

223 1845 550 1915 θερμότητα
572 1847 886 1917 γινομένην.
907 1847 999 1919 Μὴ
1022 1850 1130 1918 γάρ
1151 1866 1241 1918 μοι
1268 1850 1655 1920 παραδράμῃς,
1674 1851 1810 1918 ἀγα-

223 1929 394 1998 πητὲ,
425 1927 616 1979 τοῦτον
646 1927 741 1981 νῦν
783 1929 874 1980 τὸν
917 1929 1126 1997 ἀγῶνα,
1165 1929 1302 1982 ἀλλά
1335 1930 1527 1983 σκόπει
1568 1932 1650 1984 ὅτι
1683 1933 1810 2002 περὶ

220 2009 321 2062 τοῦ
371 2010 572 2072 παντὸς
612 2005 679 2079 ἦν
719 2010 870 2080 αὐτῷ
911 2013 939 2064 6
983 2011 1244 2074 κίνδυνος,
1278 2013 1370 2064 καὶ
1412 2012 1667 2066 ἐδεδοίκει
1715 2014 1809 2065 καὶ

221 2090 425 2160 ἔτρεμε
457 2094 530 2162 μὴ
560 2090 629 2143 δι’
670 2091 924 2160 εὐλογίαν
954 2092 1196 2163 κατάρας
1237 2093 1536 2157 ὑπεύθυνος
1563 2094 1807 2165 γένηται.

223 2168 364 2224 Εἶτά
398 2189 582 2241 φησιν,
630 2170 776 2226 Εἷπε
821 2174 890 2227 δὲ
943 2174 1178 2228 Ἰσαάκ·
1224 2176 1513 2243 Ἔγγισόν
1545 2193 1666 2242 μοι,
1711 2175 1808 2228 καὶ

221 2256 578 2324 ψηλαφήσω
607 2272 700 2319 σε,
725 2258 960 2322 τέκνον,
984 2259 1034 2309 εὶ
1059 2257 1140 2309 σὺ
1166 2252 1224 2310 εἷ
1244 2260 1276 2310 ό
1299 2260 1429 2323 υἱός
1443 2275 1562 2326 μου
1602 2257 1808 2323 Ἠσαῦ,

221 2339 263 2405 ἢ
307 2341 402 2393 οὔ.
449 2340 583 2392 Ἀπὸ
605 2341 714 2411 γάρ
740 2342 838 2411 τῆς
867 2343 1048 2409 φωνῆς
1085 2340 1265 2410 ἡρέμα
1298 2358 1414 2402 πως
1459 2333 1758 2405 ἐνεδοίαζεν
1783 2344 1812 2394 6

219 2420 461 2483 δίκαιος·
490 2421 605 2474 ἀλλ’
635 2422 823 2491 ἐπειδὴ
856 2423 1024 2494 ἐχρῆν
1051 2421 1148 2491 τὴν
1176 2422 1497 2492 οἰκονομίαν,
1531 2425 1610 2484 είς
1651 2422 1810 2492 ἔργον

218 2501 492 2568 ἐξελθεῖν,
521 2506 582 2556 οὐ
617 2507 971 2576 συνεχωρήθη
1011 2505 1242 2558 συνιδεῖν
1271 2505 1367 2574 τὴν
1402 2505 1641 2573 ἀπάτην.
1672 2507 1813 2573 "Hr-

220 2600 362 2652 τισε
383 2584 474 2651 δὲ,
492 2588 676 2656 φησὶν,
715 2586 933 2652 Ἰακὼϐ,
965 2592 1061 2641 καὶ
1079 2585 1686 2654 ἐψηλάφησεναύτὸν
1713 2587 1811 2639 καὶ

218 2664 422 2720 εἶπεν
461 2668 523 2721 Ἠ
550 2667 667 2736 μὲν
693 2670 888 2737 φωνὴ,
927 2668 1097 2738 φωνὴ
1141 2668 1340 2723 Ἰακώϐ
1357 2686 1368 2698 ·
1407 2671 1467 2722 al
1496 2669 1565 2721 δὲ
1591 2667 1808 2736 χεῖρες,

219 2748 426 2817 χεῖρες
475 2750 671 2805 Ἠσαῦ
693 2769 706 2782 ·
742 2753 839 2805 καὶ
870 2754 980 2805 οὐκ
1009 2751 1240 2820 ἐπέγνω
1280 2752 1486 2805 αὐτόν.
1514 2751 1654 2821 Ὅρα
1693 2751 1811 2814 πῶς

218 2830 501 2884 δείκνυται
526 2832 608 2884 ὃτι
647 2832 748 2902 τῆς
778 2833 873 2885 τοῦ
909 2834 1044 2886 Θεοῦ
1096 2836 1317 2904 χάριτος
1349 2829 1416 2902 ἦν
1454 2833 1514 2884 τὸ
1548 2836 1674 2898 πᾶν,
1714 2833 1810 2902 τῆς

220 2914 755 2984 παρασκευαζούσης
802 2916 897 2969 καὶ
936 2916 1099 2969 αὐτὸν
1140 2916 1308 2985 μηδὲν
1350 2915 1459 2968 τῶν
1510 2916 1810 2984 γινομένων

221 2993 482 3058 συνιδεῖν,
505 2997 598 3048 καὶ
620 2997 712 3049 τὸν
749 2997 941 3050 Ἰακὼϐ
960 2997 1268 3049 ἀπολαῦσαι
1287 2997 1387 3065 τῆς
1419 2997 1691 3067 πατρικῆς
1718 2997 1808 3047 εὑ-

219 3077 434 3145 λογίας.
467 3079 576 3133 Καὶ
601 3082 715 3133 οὐκ
747 3079 976 3148 ἐπέγνω
1005 3081 1212 3140 αὐτὸν,
1239 3080 1404 3149 φησίν
1423 3095 1437 3109 ο
1510 3074 1670 3145 ἦσαν
1703 3081 1809 3146 γὰρ

218 3162 283 3212 al
323 3159 518 3227 χεῖρες
548 3163 736 3214 αὐτοῦ
773 3162 854 3226 ὡς
880 3164 940 3214 αἱ
972 3161 1167 3230 χεῖρες
1212 3161 1418 3215 Ἡσαῦ.
1451 3160 1562 3214 Kal
1602 3155 1806 3212 εἶπενο

220 3244 296 3294 El
321 3241 404 3295 σὺ
433 3237 488 3295 εἴ
510 3246 542 3296 ό
564 3243 696 3308 υἱός
721 3261 840 3311 μου
894 3243 1078 3296 Ἠσαῦ
1105 3256 1168 3306 ιι;
1202 3244 1345 3312 Ὅρα
1375 3243 1538 3295 πάλιν
1568 3242 1684 3305 πῶς
1706 3241 1811 3293 δεί-

218 3340 418 3376 κνυσιν
451 3326 484 3393 η
524 3323 643 3376 θεία
686 3325 876 3395 Γραφὴ
917 3326 998 3378 ὅτι
1038 3325 1315 3390 ἐδίσταζεν
1344 3328 1372 3378 6
1407 3326 1631 3388 δίκαιος.
1661 3321 1810 3378 Εἶπε

218 3405 354 3475 γὰρ,
385 3409 458 3459 El
481 3406 562 3460 σὺ
587 3403 645 3460 εἷ
666 3411 698 3461 ό
725 3410 857 3472 υἱός
875 3424 997 3476 μου
1035 3407 1224 3462 Ἡσαῦ
1247 3424 1266 3471 ;
1293 3409 1377 3461 ἵνα
1402 3409 1496 3460 καὶ
1527 3409 1591 3460 ἐκ
1617 3407 1806 3459 τούτου

219 3488 390 3540 πάλιν
418 3489 656 3559 γνῶμεν,
701 3489 783 3542 ὅτι
814 3492 843 3542 6
876 3489 1059 3559 πατὴρ
1092 3491 1190 3560 μὲν
1218 3491 1473 3560 ἡττηθεὶς
1497 3493 1562 3560 τῇ
1604 3493 1806 3561 φυσικῇ

219 3570 587 3641 φιλοστοργίᾳ
609 3572 827 3626 ἅπαντα
845 3571 1198 3641 διεπράττετο
1216 3588 1230 3601 ο
1259 3573 1287 3624 6
1312 3572 1369 3624 δέ
1393 3572 1526 3635 Θεὸς
1548 3574 1577 3624 6
1597 3572 1667 3624 τά
1689 3572 1809 3642 μέλ-

222 3653 396 3706 λοντα
432 3654 704 3724 προορῶν,
731 3654 825 3707 καὶ
857 3653 966 3706 ἀπὸ
982 3653 1082 3722 τῆς
1104 3654 1211 3706 τῶν
1234 3654 1450 3725 τρόπων
1481 3654 1680 3724 ἀρετῆς
1708 3671 1807 3723 χα-

222 3735 583 3805 ρακτηρίζων
634 3735 727 3788 καὶ
785 3735 999 3798 δεικνὺς
1034 3736 1160 3797 τοὺς
1212 3733 1406 3788 ἐαυτοῦ
1444 3733 1805 3808 θεράποντας,

230 3817 414 3879 οὕτως
458 3816 674 3869 ἅπαντα
718 3819 1006 3886 οἰκονομεῖ.
1052 3814 1162 3868 Kal
1210 3814 1361 3883 εἷπε,
1393 3817 1592 3887 φησίνο
1647 3816 1805 3885 Ἐγώ.

235 3899 464 3970 Ἐπειδὴ
493 3900 602 3970 γάρ
634 3895 888 3965 εἷπεν,Εἱ
916 3899 999 3952 σὺ
1028 3894 1136 3952 εῖό
1161 3900 1292 3963 υἱός
1313 3916 1432 3968 μου
1463 3898 1655 3952 Ἠσαῦ
1671 3915 1690 3963 ;
1717 3898 1810 3951 καὶ

224 3979 410 4047 εἶπεν,
464 3979 637 4049 Ἐγώ·
675 3977 817 4044 εἷπε,
865 3979 1217 4049 Προσάγαγέ
1238 3998 1363 4050 μοι,
1405 3981 1505 4034 καὶ
1550 3981 1810 4050 φάγομαι

216 4066 346 4120 ἀπὸ
377 4062 488 4132 τῆς
529 4063 714 4133 θήρας
756 4081 896 4128 σου,
938 4063 1173 4126 τέκνον,
1198 4064 1299 4117 ἵνα
1330 4064 1638 4134 εὐλογήσῃ
1666 4078 1741 4116 σε
1769 4065 1808 4132 ἡ

217 4147 397 4219 ψυχή
415 4166 536 4217 μου
560 4163 574 4178 ⁶
600 4148 754 4218 μόλις
777 4147 906 4200 ποτέ
927 4146 1028 4216 τῆς
1043 4147 1284 4216 ἀγωνίας
1307 4147 1492 4200 λοιπὸν
1519 4147 1807 4217 ἀπηλλάγη

217 4234 252 4286 ὸ
285 4230 506 4295 Ἰακὼϐ,
534 4231 646 4285 Καὶ
679 4228 1060 4298 προσήνεγκε
1085 4227 1165 4293 τῷ
1193 4229 1369 4297 πατρί
1389 4229 1462 4283 τὰ
1489 4228 1806 4298 ἐδέσματα,

218 4314 325 4367 καί
348 4311 712 4379 εἰσήνεγκεν
733 4312 924 4375 οἶνον,
956 4311 1056 4364 καὶ
1090 4310 1242 4366 ἔπιε.
1277 4311 1390 4365 Kal
1417 4307 1587 4364 εἶπεν
1612 4310 1772 4375 αὐτῷ
1791 4328 1806 4340 ·

221 4394 519 4464 Ἕττισάν
534 4410 655 4464 μοι,
673 4394 771 4448 καὶ
790 4395 1060 4462 φίλησόν
1072 4409 1169 4462 με,
1187 4394 1422 4446 τέκνον.
1441 4392 1810 4460 Καίέγγίσας

214 4477 526 4546 ἐφίλησεν
553 4477 741 4528 αὐτόν
764 4492 778 4506 ·
821 4477 923 4529 καὶ
951 4473 1276 4543 ὼσφριίνθη
1311 4475 1426 4542 τὴν
1457 4475 1658 4544 ὀσμὴν
1691 4473 1812 4528 τῶν

218 4559 477 4628 ἱματίων
521 4557 732 4622 αὐτοῦ,
764 4557 865 4610 καὶ
889 4559 1231 4626 εὐλόγησεν
1251 4556 1458 4622 αὐτὸν,
1491 4556 1588 4610 καὶ
1617 4552 1816 4637 εἶπεν..

222 4643 370 4713 Ὅρα
397 4642 498 4711 τῆς
533 4640 683 4702 θείας
719 4640 758 4692 Γ
765 4640 945 4709 ραφῆς
981 4641 1082 4708 τὴν
1125 4640 1530 4709 παρατήρησιν.
1590 4639 1808 4710 Ἐπειδὴ

218 4724 535 4795 ἠρώτησεν,
552 4725 618 4776 El
641 4724 723 4776 σὺ
750 4719 806 4776 εἷ
841 4723 1046 4788 Ἠσαῦ;
1069 4723 1163 4774 καὶ
1193 4719 1368 4787 εἶπεν,
1402 4721 1564 4790 Ἐγὼ,
1589 4724 1683 4776 καὶ
1700 4723 1807 4776 πά-

221 4808 307 4860 λιν
357 4805 710 4875 ἐψηλάφησεν
758 4806 942 4867 αὐτὸν,
993 4804 1086 4858 καὶ
1117 4805 1302 4876 ἠρέμα
1348 4822 1466 4868 πως
1508 4805 1808 4867 ἐνεδοίαζεν

219 4891 332 4944 ὑπὸ
355 4889 456 4959 τῆς
484 4889 669 4959 φωνῆς
690 4889 769 4950 είς
794 4889 1048 4942 ὐπόνοιάν
1073 4906 1192 4942 τινα
1211 4889 1300 4940 καὶ
1328 4889 1609 4959 ὑκόκρισιν
1635 4891 1809 4959 ἐμπε-

219 4973 357 5035 σὼν,
376 4973 472 5025 καὶ
490 4970 651 5025 πάλιν
667 4970 970 5040 ἠρώτησεν,
992 4973 1061 5024 El
1076 4970 1157 5024 σὺ
1178 4966 1236 5023 εἷ
1258 4972 1560 5040 όυὶόςμου
1592 4971 1808 5035 Ἡσαῦ;

216 5057 322 5110 καὶ
356 5051 548 5118 εἶπεν,
585 5052 748 5122 Ἐγὼ,
775 5049 894 5105 εἶτα
910 5057 1282 5123 προσήνεγκεν
1310 5053 1588 5123 αὐτῷ,κα“ι
1617 5054 1804 5122 ἔφαγεο

215 5139 367 5203 τότε,
403 5137 591 5206 φησὶν,
637 5136 969 5205 Ἐεοίλησεν
988 5137 1194 5201 αὐτόν,
1223 5137 1320 5190 καὶ
1343 5137 1682 5203 εὐλόγησεν
1703 5139 1809 5189 αὐ-

221 5224 352 5276 τόν.
383 5219 502 5273 Ἵνα
541 5213 615 5289 μὴ
657 5218 855 5288 νομίσῃ
883 5235 966 5281 τις
989 5220 1070 5271 ὅτι
1099 5221 1180 5282 εἰς
1201 5218 1263 5271 τὸ
1297 5218 1390 5272 τοῦ
1425 5217 1599 5272 Ἡσαῦ
1647 5220 1807 5288 πρόσ-

214 5321 374 5360 ωπον
400 5304 500 5372 τὴν
535 5302 786 5370 εὐλογίαν
818 5301 968 5372 [518]
1001 5303 1314 5372 ἐποιήσατο,
1343 5301 1457 5358 ἀλλ’
1491 5305 1571 5367 είς
1605 5304 1809 5356 ἐκεῖνον

216 5388 314 5440 τὸν
337 5386 432 5439 ὐπ’
463 5384 630 5438 αὐτοῦ
664 5384 958 5453 φιληθέντα
983 5400 996 5412 ·
1035 5383 1125 5436 διά
1151 5383 1308 5438 τοῦτο
1336 5386 1740 5456 ἐμνημόνευσεν
1775 5387 1808 5456 ἡ

218 5469 349 5523 θεία
382 5468 596 5539 Γραφὴ,
637 5468 720 5519 ὅτι
749 5467 844 5520 καὶ
879 5465 1125 5537 ἐφίλησε,
1157 5467 1251 5520 καὶ
1279 5467 1578 5538 ηὐλόγησεν
1605 5471 1810 5522 ἐκεῖνον

215 5554 316 5608 τὸν
345 5552 438 5604 ὐπ’
469 5549 633 5603 αὐτοῦ
666 5548 982 5618 φιληθέντα.
1017 5547 1356 5617 Ὠσφράνθη
1377 5550 1464 5615 δὲ,
1489 5551 1674 5621 φησὶν,
1695 5551 1811 5619 τὴν

219 5635 433 5706 ὀσμὴν
459 5632 580 5686 τῶν
599 5634 844 5700 ἱματίων
877 5632 1084 5696 αὐτοῦ,
1119 5631 1217 5684 καὶ
1239 5633 1575 5701 εὐλόγησεν
1601 5635 1806 5700 αὐτὸν,

219 5719 324 5774 καὶ
342 5715 516 5771 εἶπεν
533 5732 546 5746 ⁸
583 5715 728 5769 Ἰδοὺ
747 5713 906 5783 ὀσμὴ
923 5713 1029 5767 τοῦ
1051 5715 1187 5767 υἱοῦ
1201 5733 1342 5783 μου,
1356 5717 1435 5781 ὡς
1453 5716 1610 5785 ὀσμὴ
1624 5719 1808 5786 ἀγροῦ

218 5800 527 5869 πλήρους,
549 5797 621 5852 ὃν
643 5799 956 5866 ηὐλόγησε
984 5799 1220 5861 Κύριος.
1243 5798 1352 5851 Kal
1371 5798 1548 5852 δώσει
1569 5815 1668 5853 σοι
1697 5805 1809 5854 Κύ-

291 5889 322 5917 ι
360 5885 451 5932 Hic
488 5881 711 5943 quadam
749 5879 1042 5943 excjderanl
1077 5886 1125 5929 In
1174 5879 1355 5943 Morel,
1394 5881 1455 5928 δι’
1507 5883 1805 5943 ὁμοιοτέ).ευ-

223 5966 333 6003 τον,
355 5959 468 6006 qua:
491 5939 539 5991 ii:
565 5941 717 5989 Sawil.
744 5949 796 5990 et
838 5939 886 5991 in
919 5947 1128 6003 quatuor
1147 5955 1262 5991 mss.
1283 5939 1601 5993 habculur'el
1627 5944 1684 5994 ab
1731 5948 1806 5995 iu-

223 6013 454 6070 lerprete
483 6006 610 6054 lecta
630 6009 760 6052 sunt.

1249 421 1317 476 IN
1357 422 1509 477 CAP.
1538 423 2008 482 XXVIIGENES'.
2049 427 2284 483 HOMIL.
2330 429 2462 506 LIII:

1910 557 2045 606 ριος
2086 541 2206 594 ἀπὸ
2245 541 2356 610 τῆς
2383 543 2608 610 δρόσου
2652 544 2758 598 τοῦ
2787 546 3070 612 οὐρανοῦ,
3107 549 3203 601 καὶ
3237 550 3355 603 ἀπὸ
3385 550 3499 621 τῆς

1917 626 2195 691 πιότητος
2211 624 2318 692 τῆς
2338 625 2470 694 γῆς,
2488 626 2588 678 καὶ
2607 627 2840 695 πλῆθος
2861 621 3037 684 σίτου
3063 631 3159 684 καὶ
3180 633 3373 686 οἴνου.
3393 636 3500 686 Δώ-

1920 707 2197 788 σει,φησὶ,
2219 707 2302 758 σοὶ
2327 706 2487 776 τῷτά
2507 708 2778 779 ἐδέσματα
2800 713 3243 780 προσενεγκόντι,
3271 715 3352 785 τῷ
3366 719 3496 788 παρ’

1915 787 2050 858 ἐμοῦ
2073 787 2372 858 φιληθέντι,
2404 791 2512 842 Καὶ
2531 789 3043 847 δο-υλευσὰτωσάν
3058 809 3159 848 σοι
3179 787 3499 868 Mar-"306.1

1917 871 2034 934 πῶς
2049 871 2146 940 τὴν
2159 870 2268 924 τῶν
2283 871 2594 938 ἀναγκαίων
2610 873 2869 942 ἀφθονίαν
2887 875 3038 946 αὐτῷ
3060 877 3360 947 ἐπηύξατο,
3377 873 3497 931 εἶτα

1916 955 2019 1023 τὴν
2043 955 2220 1026 ἀρχὴν
2238 955 2348 1009 τῶν
2374 955 2564 1020 ἐθνῶν,
2583 958 2915 1028 προμηνύων
2943 958 3042 1030 ἤδη
3065 960 3164 1030 τὴν
3195 961 3496 1030 μέλλουσαν

1914 1037 2062 1108 αὐτῷ
2083 1039 2302 1092 ἔσεσθαι
2323 1031 2751 1109 εὐημερίαν,καὶ
2771 1041 2878 1094 τῶν
2905 1041 2964 1105 ἐξ
2987 1041 3150 1094 αὐτοῦ
3162 1044 3498 1113 τικτομένων

1913 1119 2012 1190 τὴν
2027 1120 2287 1174 ἐπίδοσιν.
2305 1120 2414 1174 Καὶ
2435 1122 3039 1188 προσκυνησάτωσαν
3055 1138 3153 1177 σοι
3176 1125 3492 1192 ἄρχοντες.

1914 1201 1988 1253 Οὐ
2022 1201 2181 1276 μόνον
2203 1203 2304 1272 τὴν
2342 1201 2450 1254 τῶν
2485 1201 2655 1256 ἐθνῶν
2694 1205 2972 1275 ὑποταγὴν
3003 1205 3153 1277 αὐτῷ
3181 1206 3492 1277 ἐπεύχεται,

1911 1283 2048 1336 ἀλλά
2070 1284 2163 1336 καὶ
2189 1285 2298 1337 τῶν
2315 1285 2612 1355 ἀρχόντων.
2634 1286 2742 1340 Kal
2756 1289 2929 1355 γίνου
2947 1290 3152 1357 κύριος
3180 1289 3288 1343 τοῦ
3317 1290 3497 1345 ἀδελ-

1910 1365 2031 1434 φοῦ
2051 1381 2190 1420 σου.
2233 1368 2376 1438 Ὅρα
2400 1367 2518 1430 πῶς
2532 1369 2884 1440 ὐπηρετεῖται
2902 1373 2995 1423 καὶ
3021 1372 3232 1439 ἀγνοῶν
3246 1375 3273 1425 6
3289 1369 3524 1436 δίκαιοςί

1909 1452 1974 1519 τῇ
1991 1450 2086 1502 τοῦ
2108 1451 2244 1503 Θεοῦ
2273 1451 2487 1524 γνώμῃ.
2511 1454 2621 1505 Kal
2649 1454 2864 1507 ἅπαντα
2879 1457 3051 1509 ταῦτα
3071 1455 3158 1508 διὰ
3186 1457 3344 1509 τοῦτο
3361 1457 3498 1526 ᾠκο-

1910 1536 2145 1604 νομεῖτο,
2180 1535 2268 1589 ἵνα
2287 1530 2434 1599 οὗτος
2473 1538 2501 1587 6
2519 1537 2607 1590 διὰ
2624 1538 2724 1609 τὴν
2753 1539 2953 1609 ἀρετὴν
2976 1539 3144 1606 ἄξιος,
3171 1539 3333 1602 αὐτὸς
3353 1557 3495 1609 καρ-

1909 1617 2160 1688 πώσηται
2187 1619 2284 1689 τὴν
2313 1619 2585 1686 εὐλογίαν.
2614 1620 2725 1674 Kal
2758 1621 3270 1688 προσκυνήσουσί
3305 1639 3404 1675 σοι
3439 1624 3496 1674 οε

1906 1701 2022 1754 υίοὶ
2048 1701 2153 1753 τοῦ
2185 1704 2409 1767 πατρός
2430 1717 2568 1756 σου.
2606 1703 2768 1764 Υἱοὺς
2795 1703 2984 1756 εἴωθεν
3020 1706 3054 1774 ἡ
3091 1705 3282 1774 Γραφὴ
3310 1704 3497 1757 καλεῖν

1908 1783 2088 1837 πᾶσαν
2121 1783 2220 1853 τὴν
2248 1785 2566 1853 συγγένειαν
2587 1785 2637 1825 δ’
2666 1785 2742 1848 ὡς
2777 1788 2871 1839 καὶ
2904 1786 3158 1850 ἐνταῦθα,
3182 1788 3310 1848 τοὺς
3347 1787 3496 1849 υἱοὺς

1906 1863 2000 1916 τοῦ
2035 1865 2240 1935 πατρός
2270 1881 2382 1930 σου,
2416 1866 2586 1938 ώςάν
2619 1867 2760 1920 εἴποι
2792 1883 2896 1932 τις,
2923 1869 3049 1930 τοὺς
3093 1869 3157 1921 ἐκ
3194 1866 3289 1919 τοῦ
3325 1868 3494 1936 σπέρ⁸

1911 1963 2077 2015 ματος
2107 1947 2202 1998 τοῦ
2238 1948 2405 2000 Ἡσαῦ
2430 1949 2647 2003 ἔσεσθαι
2677 1950 2984 2020 μέλλοντας.
3017 1951 3150 2003 Οὐδὲ
3174 1951 3284 2021 γὰρ
3309 1950 3496 2020 ἕτερον

1908 2025 2073 2078 παῖδα
2116 2025 2273 2096 ἔσχεν
2317 2029 2346 2080 6
2403 2028 2618 2092 Ἰσαάκ,
2675 2029 2788 2082 ἀλλ’
2833 2029 3120 2100 ἦτούτους
3164 2030 3377 2098 μόνους.
3433 2030 3494 2080 '0

1908 2109 2318 2177 καταρώμενός
2341 2126 2435 2170 σε,
2466 2111 2912 2179 ἐπικατάρατος·
2946 2116 2978 2166 ό
3008 2112 3076 2164 δὲ
3104 2112 3372 2181 εὐλογῶν
3395 2127 3491 2170 σε.

1907 2187 2342 2258 εὐλογημένος.
2375 2192 2505 2244 Ἰδοὺ
2539 2194 2574 2262 ἡ
2608 2196 2837 2264 κορωνὶς
2858 2193 2956 2262 τῆς
2985 2194 3255 2261 εὐλογίας,
3299 2193 3404 2246 ἰδοὺ
3434 2195 3496 2245 τὸ

1909 2273 2200 2338 κεφάλαιον
2229 2273 2337 2325 τῶν
2370 2273 2592 2340 ἀγαθῶν
2623 2274 2899 2339 ἁπάντων,
2929 2276 2989 2327 τὸ
3025 2276 3218 2344 εὐλογη
3229 2275 3387 2343 μένον
3414 2271 3493 2327 εῖν

1907 2372 2013 2406 ναι.
2037 2352 2187 2418 Εἶδες
2230 2356 2364 2408 Θεοῦ
2396 2356 2838 2428 φιλανθρωπίαν;
2881 2358 2938 2409 '0
2966 2358 3213 2420 δεδοικὼς
3259 2359 3334 2427 μὴ
3360 2375 3494 2409 κατ-

1907 2439 2046 2507 άραν
2108 2440 2481 2508 ἐπισπάσηται
2519 2441 2639 2492 ἀντὶ
2701 2441 2967 2508 εὐλογίας,
3025 2443 3085 2494 οὐ
3146 2441 3304 2510 μόνον
3354 2441 3494 2509 μετά

1906 2519 2175 2590 τοσαύτης
2205 2520 2486 2588 δαψιλείας
2512 2521 2610 2584 τὰς
2637 2522 2886 2590 εὐλογίας
2913 2524 3194 2592 κομίζεται
3225 2525 3375 2592 παρὰ
3397 2525 3492 2574 τοῦ

1909 2601 2134 2671 πατρὸς,
2171 2602 2305 2655 ἀλλά
2345 2603 2438 2655 καὶ
2470 2604 2700 2663 ἐκείνοις
2731 2604 2931 2673 ἀρᾶται
2973 2608 3086 2666 τοῖς
3121 2605 3491 2674 ἐπιχειροῦσιν

1907 2684 2068 2736 αὐτὸν
2090 2684 2448 2754 καταρᾶσθαι.
2487 2685 2762 2738 Ἐντεῦθεν
2787 2686 3146 2756 μανθάνωμεν
3168 2688 3248 2739 ὅτι
3274 2689 3492 2741 ἐπειδάν

1907 2782 1989 2827 τις
2024 2765 2164 2818 κατά
2197 2767 2266 2818 τά
2293 2765 2369 2836 τῷ
2396 2765 2513 2836 Θεῷ
2544 2767 2801 2820 δοκοῦντα
2827 2769 2893 2821 τὰ
2916 2769 3034 2821 καθ’
3071 2770 3260 2822 ἑαυτὸν
3289 2773 3494 2824 οἰκονοέ

1911 2851 2030 2917 μεῖν
2061 2849 2337 2918 βούληται,
2359 2847 2627 2918 τοσαύτης
2654 2850 2916 2903 ἀπολαύει
2945 2851 3044 2920 τῆς
3071 2851 3278 2905 ἀνωθεν
3313 2869 3497 2920 συνερ-

1910 2933 2086 2998 γείας,
2112 2933 2186 2994 ὼς
2211 2933 2378 3003 αὐτῆς
2405 2932 2512 2985 τῶν
2542 2935 2883 3004 πραγμάτων
2905 2935 3004 3004 τῆς
3026 2936 3219 3005 πείρας
3242 2936 3495 3005 αἴσθησιν

1908 3017 2093 3070 λαϐεῖν
2145 3019 2239 3080 Τίς
2266 3018 2373 3088 γὰρ
2401 3019 2499 3070 οὐκ
2527 3018 2593 3071 ἀν
2616 3019 2914 3090 ἐκπλαγείη
2943 3021 3036 3073 καὶ
3062 3021 3363 3089 θαυμάσειε
3398 3021 3492 3072 τοῦ

1907 3100 2041 3151 Θεοῦ
2069 3101 2166 3171 τὴν
2189 3101 2394 3168 ἄφατον
2422 3102 2753 3171 οἰκονομίαν,
2774 3103 2855 3155 ὅτι
2882 3105 2942 3156 οὐ
2971 3104 3236 3174 πρότερον
3264 3107 3292 3156 6
3321 3103 3494 3156 Ἡσαῦ

1907 3182 2013 3234 ἀπὸ
2035 3183 2134 3250 τῆς
2163 3181 2336 3251 θήρας
2362 3185 2726 3252 παραγέγονε,
2762 3186 2952 3256 μέχρις
2983 3186 3073 3238 ὅτε
3105 3187 3277 3258 πέρας
3303 3187 3495 3239 ἐλαϐεν

1908 3266 1939 3334 ὴ
1961 3265 2055 3316 τοῦ
2086 3265 2362 3334 δράματος
2395 3267 2668 3332 ὑπόθεσις,
2692 3271 2941 3332 κάκεῖνος
2965 3270 3257 3339 δεξάμενος
3280 3272 3379 3333 τάς
3399 3272 3492 3322 εὐ-

1906 3349 2090 3416 λογίας
2121 3348 2272 3418 παρά
2300 3349 2394 3401 τοῦ
2418 3351 2621 3420 πατρὸς
2652 3353 2994 3422 ἀνεχώρησε;
3025 3355 3194 3406 Τοῦτο
3213 3355 3320 3425 γάρ
3347 3357 3496 3425 ἡμᾶς

1904 3431 2112 3496 διδάξαι
2134 3429 2457 3501 βουλόμενος
2482 3435 2510 3485 6
2539 3435 2805 3504 μακάριος
2824 3435 3066 3504 Μωΰσῆς
3088 3437 3360 3506 ἐπήγαγεο
3383 3434 3494 3488 Kal

1905 3512 2143 3581 ἐγένετο
2164 3513 2313 3582 μετὰ
2335 3513 2396 3567 τὸ
2431 3516 2775 3569 παύσασθαι
2803 3517 2910 3570 τὸν
2953 3519 3146 3573 Ἰσαὰκ
3180 3519 3496 3585 εὐλογοῦν-

1907 3611 1980 3648 τα
2012 3595 2210 3649 Ἰακὼϐ
2227 3597 2332 3650 τὸν
2353 3597 2489 3652 υἱὸν
2513 3599 2720 3662 αὐτοῦ,
2746 3599 2845 3653 καὶ
2865 3600 3100 3669 ἐγένετο
3130 3602 3211 3666 ὡς
3235 3601 3495 3668 ἐξῆλθεν
3604 3607 3613 3617 “

1906 3678 2024 3734 ἀπὸ
2044 3677 2368 3745 προσώπου
2396 3678 2591 3734 Ἰσαὰκ
2617 3681 2720 3735 τοῦ
2751 3683 2974 3749 πατρὸς
2992 3685 3200 3748 αὐτοῦ,
3230 3685 3323 3736 καὶ
3366 3684 3495 3737 ίδού

1918 3757 2108 3812 Ἡσαῦ
2143 3761 2174 3811 ό
2212 3757 2476 3825 ἁδελφὸς
2507 3759 2694 3813 αὐτοῦ
2725 3756 2912 3830 ἦλθεν
2932 3761 3050 3816 ἀπὸ
3075 3764 3184 3830 τῆς
3213 3763 3420 3830 θήρας.

1975 3844 2038 3894 6'.
2063 3843 2203 3912 Ὅρα
2228 3843 2344 3906 πῶς
2372 3842 2508 3913 μετά
2522 3845 2621 3914 τὴν
2638 3845 2825 3896 τούτου
2853 3845 3029 3908 ἔξοδον
3057 3848 3263 3909 ἐκεῖνος
3292 3845 3494 3908 εὐθέως

1907 3924 2259 3997 παρεγένετο,
2302 3925 2401 3994 οὐχ
2446 3924 2634 3988 ἁπλῶς
2673 3926 2794 3979 οὐδέ
2831 3929 2973 3997 εἰκῆ,
3014 3927 3127 3980 ἀλλ’
3163 3929 3250 3981 ἵνα
3285 3928 3493 3994 ἀγνοῶν

1907 4005 2233 4077 προσαγάγῃ
2277 4007 2372 4061 καὶ
2409 4008 2570 4070 αὐτὸς
2609 4009 2677 4061 τὰ
2729 4009 3019 4078 ἐδέσματα,
3067 4012 3160 4063 καὶ
3207 4010 3360 4081 παρὰ
3398 4012 3494 4062 τοῦ

1907 4090 2112 4158 πατρὸς
2153 4088 2301 4159 μάθῃ
2342 4089 2561 4143 ἅπασαν
2592 4091 2686 4143 τοῦ
2724 4092 3048 4161 πράγματος
3087 4092 3183 4162 τὴν
3215 4093 3490 4144 ὑπόθεσιν.

1907 4174 1969 4225 Εἰ
1996 4172 2106 4242 γάρ
2141 4171 2279 4244 ἔφθη
2326 4174 2653 4227 καταλαϐεῖν
2682 4175 2774 4228 τὸν
2802 4174 3048 4244 ἀδελφὸν,
3073 4177 3203 4239 ἴσως
3237 4179 3303 4230 ἂν
3333 4175 3496 4229 αὐτὸν

1909 4254 2006 4307 καὶ
2059 4254 2420 4325 διεχειρίσατο
2467 4255 2780 4326 ἡττώμενος
2818 4257 2922 4310 ὑπὸ
2962 4255 3056 4309 τοῦ
3098 4256 3293 4328 θυμοῖν
3328 4258 3356 4307 6
3385 4254 3496 4326 γάρ

1910 4337 2048 4405 μετὰ
2075 4337 2249 4390 ταῦτα
2291 4337 2452 4392 τοῦτο
2495 4338 2944 4408 βουλευσάμενος,
2978 4340 3157 4409 πολλῷ
3197 4340 3396 4410 μᾶλλον
3435 4339 3496 4391 ἐν

1905 4419 2057 4490 ἀκμῇ
2082 4419 2176 4472 τοῦ
2199 4420 2523 4490 πράγματος
2550 4421 2710 4474 τοῦτο
2731 4422 2797 4474 ἀν
2824 4423 3137 4492 εἰργάσατο.
3185 4421 3322 4474 Ἀλλ’
3343 4423 3374 4489 ή
3398 4421 3494 4472 τοῦ

1906 4496 2041 4550 Θεοῦ
2071 4498 2192 4569 χεὶρ
2227 4493 2296 4568 ἦν
2338 4501 2372 4568 ἡ
2404 4499 2496 4552 τὸν
2529 4499 2699 4552 παῖδα
2747 4499 3106 4564 διασώζουσα,
3160 4499 3253 4553 καὶ
3302 4498 3494 4550 τοῦτον

1910 4577 2008 4645 μέν
2056 4576 2202 4639 ἄξιον
2255 4577 2354 4646 τῆς
2399 4577 2648 4644 εὐλογίας
2698 4577 3149 4647 ἀπεργασαμένη,
3198 4578 3404 4628 ἐκεῖνον
3437 4575 3494 4630 δὲ

1907 4653 2057 4726 [519]
2072 4655 2496 4725 ἀποστερήσασα
2512 4655 2720 4725 καὶτῆς
2736 4655 2982 4722 εὐλογίας
2999 4654 3092 4706 καὶ
3106 4654 3213 4708 τῶν
3228 4671 3494 4725 πρωτοτό-

1906 4733 2060 4788 κίων.
2086 4736 2570 4804 Παραγενόμενος
2594 4733 2680 4798 δὲ,
2707 4734 2890 4804 φησὶν,
2917 4735 3166 4802 ἐποίησε
3188 4735 3283 4788 καὶ
3310 4735 3494 4802 αὐτὸς

1905 4811 2227 4880 ἐδέσματα,
2279 4812 2378 4866 καὶ
2415 4811 2794 4880 προσήνεγκε
2835 4811 2914 4878 τῷ
2943 4813 3118 4881 πατρὶ
3147 4815 3355 4880 αὑτοῦ,
3394 4813 3494 4866 καὶ

1905 4886 2093 4943 εἶπεν·
2138 4889 2468 4956 Ἀναστήτω
2509 4893 2540 4944 ό
2573 4891 2769 4958 πατήρ
2796 4907 2937 4959 μου,
2977 4891 3075 4944 καὶ
3113 4891 3344 4961 φαγέτω
3385 4891 3493 4960 τῆς

1907 4965 2092 5034 θήρας
2115 4968 2220 5022 τοῦ
2245 4967 2381 5021 υἱοῦ
2409 4970 2617 5032 αὑτοῦ,
2641 4970 2800 5034 ὅπως
2821 4970 3139 5040 εὐλογήσῃ-
3155 4989 3232 5040 με
3257 4973 3293 5038 ἠ
3321 4971 3491 5039 ψυχή

1907 5061 2044 5098 σου.
2070 5047 2207 5112 Ὅρα
2235 5064 2324 5117 μοι
2349 5046 2509 5100 πάλιν
2539 5045 2628 5099 τὸν
2649 5046 2856 5101 δίκαιον
2884 5050 2941 5101 ἐν
2966 5049 3179 5120 θορύϐῳ
3205 5051 3490 5118 γενόμενον

1910 5125 2004 5176 καὶ
2043 5124 2529 5195 διαταραττόμενον
2587 5125 2676 5178 τὸν
2725 5126 3004 5196 λογισμόν.
3045 5128 3306 5188 ’Δκούσας
3359 5127 3489 5196 γὰρ,

1910 5205 2094 5272 φησὶν,
2123 5201 2292 5257 Εἷπε·
2336 5204 2431 5270 Τίς
2457 5201 2516 5258 εἷ
2541 5205 2652 5268 σύ;
2702 5205 2764 5257 '0
2803 5203 2870 5258 δὲ
2899 5201 3086 5258 εἶπεν·
3131 5205 3275 5274 Ἐγώ
3311 5207 3427 5273 εἰμι
3458 5207 3490 5258 ό

1907 5284 2039 5348 υἱός
2071 5298 2186 5335 σου
2220 5285 2253 5335 ό
2291 5284 2662 5351 πρωτότοκος
2694 5282 2902 5336 Ἡσαῦ.
2944 5284 3081 5350 Ὅρα
3111 5282 3226 5344 πῶς
3257 5283 3491 5350 μεγαλοο

1910 5361 2120 5428 φρονῶν
2155 5359 2246 5411 ἐπὶ
2274 5358 2350 5429 τῷ
2384 5360 2670 5430 πράγματι
2703 5371 2748 5423 ο,
2783 5359 2882 5410 οὐκ
2909 5358 3151 5428 ἠρκέσθη
3186 5359 3264 5429 τῷ
3293 5361 3488 5422 εἰπεῖν,

1923 5433 2194 5505 Ἑγώείμι
2225 5439 2436 5500 ’ῙΙσαῦ,
2466 5439 2600 5491 ἀλλά
2632 5435 2985 5506 προσέθηκεν,
3013 5437 3076 5488 Ὅ
3098 5439 3488 5504 πρωτότοκος.

1921 5516 2174 5584 Ἕξέστη
2221 5517 2290 5568 δὲ
2333 5518 2536 5571 Ἰσαὰκ
2576 5517 2872 5587 ἔκστασιν
2914 5513 3190 5582 μεγάλην
3233 5515 3487 5584 σφόδρα,

1910 5596 2006 5647 xal
2039 5593 2187 5649 εἴπεο
2234 5596 2331 5662 Τίς
2355 5592 2467 5650 οὖν
2493 5597 2526 5647 ό
2551 5593 2848 5660 θηρεύσας
2866 5610 2967 5660 μοι
3001 5591 3212 5660 θήραν,
3237 5592 3489 5646 mle-:10-

1909 5673 2162 5741 ενέγκας
2188 5689 2312 5740 μοι,
2348 5672 2444 5724 καὶ
2477 5672 2704 5739 ἔφαγον
2729 5670 2847 5724 ἀπὸ
2869 5670 3112 5726 πάντων
3139 5672 3252 5738 πρὸ
3279 5671 3387 5726 τοῦ
3416 5672 3492 5726 σέ

1913 5749 2131 5815 ἐλθεῖν,
2181 5751 2278 5804 καὶ
2319 5752 2630 5818 εὐλόγησα
2677 5750 2883 5814 αὐτόν,
2930 5751 3028 5803 καὶ
3084 5752 3490 5821 εὐλογημένος

1913 5829 2102 5892 Eata);
2134 5831 2272 5899 Ὅρα
2301 5829 2416 5892 πῶς
2443 5831 2536 5882 καὶ
2561 5831 2641 5892 εἰς
2667 5830 2902 5902 ἀπορίαν
2929 5829 3168 5898 γεγονὼς
3201 5833 3230 5884 6
3260 5831 3486 5894 δίκαιος,

1917 5907 2007 5958 καὶ
2039 5907 2389 5978 διηγούμενος
2423 5908 2570 5978 αὐτῷ
2607 5908 2667 5962 τὸ
2700 5908 2933 5977 συμϐὰν,
2970 5910 3118 5979 ὅμως
3159 5909 3485 5981 προσέθηκε,

1980 6002 2006 6041 1)
2028 6001 2126 6054 δελ
2151 6019 2267 6056 mss.
2291 6007 2372 6064 τήν
2396 6005 2568 6067 γενεάν.
2641 6009 2660 6036 ε
2687 6004 2825 6056 Cois].
2855 6005 3200 6069 προστάγματι.
