3974 6410
259 371 365 432 489

254 487 486 543 benedixi
512 503 645 554 eum,
678 495 724 542 et
753 486 818 541 sit
839 485 1139 541 benedictus.
1172 482 1284 539 lloc
1305 494 1481 538 autem
1514 484 1739 541 faciebat
1760 486 1845 556 ju-

248 589 391 645 stus,
423 579 684 649 sapientia
731 578 822 633 Dei
862 578 1001 633 illius
1048 579 1275 647 linguam
1314 580 1607 649 dirigente.
1639 587 1696 632 ut
1723 594 1845 633 cum

256 670 348 724 ilic
377 670 560 723 omnia
590 669 871 739 diligenter
893 669 1203 732 didicisset,
1246 670 1385 724 scire
1436 679 1613 738 posset
1642 668 1772 722 nihil
1798 668 1845 722 ei

254 758 471 827 profore
499 759 584 813 vel
617 757 1107 827 primogenituram,
1134 759 1218 811 vel
1241 759 1594 812 venationem.
1623 758 1711 812 5i.
1743 757 1848 810 An-

249 849 376 905 dtis
410 850 726 904 sermonibus
760 849 938 919 patris,
972 849 1112 903 Esaii
1153 850 1386 904 clamavit
1429 865 1544 903 voce
1578 867 1765 920 magna
1803 858 1849 903 et

251 941 455 994 acerba.
497 939 634 1007 Quid
666 951 749 993 est
775 980 791 1005 ,
840 938 967 993 Voce
992 956 1175 1009 magna
1203 950 1249 992 et
1275 940 1493 993 acerba?
1526 940 1847 1008 Indignatio-

255 1046 379 1085 nem
428 1029 749 1100 signiﬁcavit
793 1045 889 1099 per
928 1031 1169 1095 verbum,
1197 1038 1253 1084 et
1293 1032 1422 1084 iram
1469 1046 1712 1099 magnam
1744 1046 1848 1099 qua

251 1134 550 1174 succensus
574 1129 658 1173 est
695 1135 818 1173 cum
850 1120 965 1173 inec
991 1120 1284 1173 didicisset.
1316 1116 1383 1172 Et
1408 1120 1565 1181 dixit,
1595 1118 1813 1172 Benedic
1833 1158 1850 1183 ,

252 1211 485 1275 obsecro,
511 1219 557 1263 et
583 1225 685 1275 me,
717 1219 882 1278 pater.
915 1209 1006 1264 55.
1046 1207 1191 1263 Dixit
1216 1218 1383 1262 autem
1413 1210 1457 1262 ei
1475 1224 1497 1262 :
1524 1208 1710 1262 Frater
1734 1219 1851 1262 tuus

252 1301 391 1356 verrit
418 1317 534 1354 cum
575 1301 714 1367 dolo,
749 1308 796 1354 et
836 1301 1025 1369 accepit
1064 1299 1452 1354 benedictionem
1482 1309 1640 1352 tuam.
1671 1299 1842 1363 Prior,

254 1388 450 1459 inquit,
490 1389 653 1444 frater
688 1398 808 1443 tuus
842 1389 1263 1444 benedictionem
1293 1404 1506 1443 omnem
1535 1388 1762 1443 ubertim
1791 1395 1846 1442 et

251 1479 476 1547 copiose
502 1479 749 1548 abripuit.
786 1478 854 1532 Et
875 1486 931 1533 ut
948 1473 1632 1548 sciassupernamgratiam
1658 1478 1846 1532 adhoc

254 1567 424 1621 misse
451 1578 788 1636 eooperatam
810 1608 825 1633 ,
872 1576 929 1620 ut
967 1567 1141 1636 justus
1178 1567 1532 1635 deciperetur,
1561 1566 1681 1620 vide
1712 1582 1848 1636 quo-

254 1655 422 1709 modo
449 1657 566 1724 ipse
597 1656 696 1709 hoc
722 1654 948 1710 fateatur
972 1656 1156 1711 dicens
1184 1673 1198 1708 :
1242 1655 1385 1710 Venit
1416 1658 1574 1726 frater
1594 1667 1711 1709 tuus
1735 1674 1847 1711 cunt

255 1747 380 1800 dolo
404 1763 423 1800 :
448 1747 598 1816 quasi
628 1758 845 1802 excuset
873 1763 931 1802 se
960 1749 1098 1818 apud
1136 1749 1299 1803 ﬁlium
1323 1791 1338 1814 ,
1380 1761 1434 1803 ct
1477 1750 1623 1803 illum
1661 1751 1850 1805 doceat

258 1837 469 1903 dicens,
513 1837 764 1906 Ignorans
791 1838 863 1890 illi
893 1838 1291 1893 benedictiones
1320 1838 1574 1908 impendi,
1601 1848 1655 1894 et
1691 1854 1847 1908 para-

258 1937 348 1982 tus
374 1943 526 1983 eram
569 1929 660 1982 tibi
696 1943 790 1983 eas
833 1930 1010 1999 largiri
1039 1947 1054 1983 :
1082 1930 1176 1984 sed
1202 1930 1292 1983 ille
1331 1928 1471 1984 Venit
1496 1947 1610 1983 cum
1640 1930 1778 1994 dolo,
1801 1940 1849 1983 et

257 2020 455 2087 accepit
484 2018 875 2073 benedictionem
896 2030 1035 2073 tuam
1054 2038 1072 2085 ;
1094 2036 1213 2090 qua:
1230 2022 1325 2075 tibi
1354 2032 1646 2092 praeparata
1674 2032 1843 2087 erant,

258 2108 354 2162 ille
380 2108 654 2178 praeripuit
679 2127 693 2162 :
722 2124 828 2162 non
857 2109 958 2163 hoc
978 2125 1101 2179 mea
1125 2110 1279 2179 culpa
1310 2110 1503 2166 factum
1529 2121 1631 2165 est.
1659 2113 1747 2167 '56.
1777 2111 1846 2165 Et

259 2201 414 2267 dixit,
443 2202 650 2272 inquit,
679 2200 825 2257 Esau
851 2218 868 2256 :
894 2203 1047 2257 Recte
1072 2213 1298 2255 uocatum
1320 2212 1393 2257 est
1420 2219 1601 2258 nomen
1625 2210 1733 2270 ejus
1757 2203 1853 2255 Ja-

259 2290 390 2356 eob;
410 2292 750 2361 supplantavit
777 2294 909 2346 enim
935 2309 1013 2345 me
1029 2293 1144 2361 jam
1169 2294 1386 2347 secundo
1408 2308 1427 2347 :
1452 2303 1499 2347 et
1520 2294 1852 2364 primogenita

255 2401 378 2437 mea
403 2384 620 2451 tulerat,
645 2393 690 2438 et
714 2401 848 2443 nunc
870 2385 1061 2453 accepit
1090 2385 1482 2439 benedictionem
1511 2401 1693 2438 meant.
1733 2384 1849 2439 Non

260 2474 319 2528 in
350 2489 569 2542 vanum,
593 2474 783 2544 inquit,
814 2491 1007 2531 nomen
1039 2475 1140 2530 hoc
1163 2476 1378 2530 sortitus
1403 2487 1483 2529 est
1512 2476 1852 2545 :supplanta-

254 2566 467 2621 tionem
485 2566 628 2622 enim
649 2567 1054 2637 interpretamur
1069 2581 1263 2622 nomen
1282 2568 1397 2637 ejus
1412 2565 1488 2639 (a)
1506 2584 1520 2620 :
1548 2567 1597 2621 id
1613 2566 1752 2636 quod
1767 2566 1851 2621 hic

261 2655 319 2715 in
345 2671 434 2711 me
452 2656 760 2722 declaravit,
783 2667 838 2712 et
863 2658 1275 2727 primogenitum
1295 2667 1353 2712 et
1371 2657 1740 2712 benedictione
1764 2672 1851 2711 me

263 2747 519 2815 privatis,
542 2746 680 2813 Quid
710 2748 868 2817 igitur
886 2748 953 2802 ad
984 2748 1131 2802 Isaac
1158 2748 1300 2802 Esau
1325 2765 1338 2801 :
1368 2747 1492 2803 Non
1517 2749 1779 2802 reservasti
1804 2759 1851 2801 et

261 2837 396 2890 mihi
422 2836 831 2903 benedictionem,
854 2839 1033 2908 pater?
1054 2838 1144 2892 57.
1168 2838 1447 2907 Respondit
1482 2849 1649 2892 autem
1676 2837 1848 2902 Isaac,

261 2936 313 2980 et
339 2927 472 2980 dixit
499 2927 638 2982 Esau
664 2945 682 2982 :
709 2929 883 2992 Disce,
911 2929 1099 2998 inquit,
1127 2929 1269 2998 quod
1305 2944 1492 2983 onmes
1527 2928 1852 2983 benedictio-

263 3032 367 3071 ncs
401 3017 454 3071 in
484 3032 604 3072 cum
631 3018 816 3082 effudi,
845 3019 970 3073 Cum
1006 3035 1121 3072 eum
1159 3020 1359 3089 fecerint
1398 3019 1660 3072 dominum
1686 3029 1848 3071 luunt.

265 3105 407 3161 Vide
426 3108 691 3177 quomodo
720 3111 897 3161 statim
924 3111 990 3162 ab
1019 3110 1120 3163 hoc
1149 3110 1439 3172 exorditur,
1467 3118 1521 3163 et
1550 3108 1681 3163 nihil
1707 3107 1851 3162 aliud

264 3198 317 3252 ei
344 3214 505 3268 quam
532 3200 839 3254 servitutem
870 3201 1128 3268 signiﬁcat
1156 3209 1211 3253 et
1235 3200 1616 3267 subjectionem
1642 3217 1655 3251 :
1683 3214 1746 3251 ac
1772 3198 1854 3251 di-

263 3288 342 3342 cit
369 3306 384 3341 :
407 3288 468 3341 Si
491 3305 604 3341 eum
644 3290 741 3360 feci
780 3291 1036 3343 dominum
1072 3304 1229 3355 tuum,
1259 3300 1304 3341 et
1330 3306 1500 3343 omnes
1534 3295 1715 3359 fratres
1742 3291 1851 3358 ejus

263 3392 457 3443 servos,
480 3379 726 3445 frumento
764 3388 809 3431 et
843 3378 957 3431 vino
985 3380 1199 3432 stabilioi
1234 3396 1348 3431 eunt
1371 3396 1390 3433 :
1415 3380 1503 3433 tibi
1539 3393 1705 3433 autem
1732 3379 1853 3448 quid

267 3469 480 3538 faciam,
505 3468 618 3537 ﬁli?
640 3468 781 3523 Nihil
808 3470 946 3522 aliud
974 3471 1109 3523 ultra
1137 3470 1375 3524 relictum
1396 3480 1478 3523 est
1501 3488 1514 3524 :
1538 3486 1657 3524 cum
1680 3469 1854 3524 domi-

266 3575 397 3613 num
424 3576 547 3615 eum
579 3560 789 3615 fecerim
818 3568 985 3627 tuum,
1012 3573 1066 3615 et
1093 3576 1279 3616 omnes
1302 3562 1493 3617 fratres
1522 3563 1766 3629 famulos,
1799 3570 1854 3617 et

264 3664 451 3703 rerum
478 3665 894 3704 necessariarum
921 3653 1214 3706 ubertatem
1244 3664 1488 3721 precatus
1508 3655 1556 3708 ei
1583 3656 1706 3721 sim,
1724 3655 1851 3724 quid

264 3740 415 3793 aliud
438 3741 577 3794 ultra
605 3742 844 3795 relictum
875 3742 992 3796 est?
1021 3742 1108 3797 58.
1133 3741 1273 3795 Dixit
1298 3754 1461 3796 autem
1502 3744 1639 3798 Esau
1666 3747 1733 3797 ad
1761 3762 1853 3815 pa-

265 3842 396 3885 trem
419 3849 567 3887 suum
590 3848 609 3887 :
629 3832 768 3887 Nam
802 3835 1075 3889 benedictio
1104 3851 1203 3887 una
1237 3836 1324 3887 tibi
1351 3848 1443 3900 est,
1472 3837 1648 3903 pater?
1684 3835 1850 3890 Bene-

264 3923 373 3987 dic,
392 3924 615 3990 obsecro,
638 3934 683 3977 et
704 3941 801 3979 me.
825 3924 1086 3991 Quoniam
1109 3923 1305 3978 audivit
1326 3936 1525 3992 patrem
1545 3927 1809 3980 dicentem
1834 3944 1846 3979 :

265 4013 337 4067 Et
371 4014 602 4069 benedixi
635 4031 766 4081 eum,
794 4026 840 4069 et
877 4016 1162 4069 benedictus
1188 4016 1299 4081 erit,
1329 4027 1488 4085 atque
1523 4031 1734 4069 onmem
1777 4018 1848 4070 illi

262 4106 463 4161 deinde
491 4107 910 4162 benedictionem
942 4105 1295 4161 manifestavit
1325 4124 1340 4160 :
1375 4117 1498 4161 tunc
1534 4108 1719 4176 inquit,
1746 4107 1849 4161 Be-

264 4198 436 4264 nedic,
459 4199 734 4265 obsecro,et
750 4204 852 4266 m'e,
865 4208 1004 4268 pater
1026 4215 1046 4251 :
1062 4215 1181 4251 nunt
1207 4215 1311 4252 una
1340 4199 1423 4251 tibi
1443 4199 1716 4253 benedictio
1735 4210 1806 4253 est
1824 4200 1850 4251 Ρ

262 4289 385 4344 Non
417 4299 566 4359 potes
590 4300 645 4344 et
666 4291 794 4343 mihi
829 4298 972 4343 tuam
1001 4290 1422 4345 benedictionem
1452 4292 1726 4359 impartiri,
1758 4292 1847 4359 qui

263 4380 336 4432 ita
361 4394 391 4433 a
414 4390 468 4433 te
487 4380 696 4449 diligor,
725 4381 813 4448 qui
846 4381 1245 4449 primogenitus,
1268 4382 1356 4450 qui
1387 4397 1415 4432 a
1449 4388 1498 4435 te
1529 4382 1580 4433 in
1607 4383 1848 4435 venatio-

263 4482 392 4521 nem
435 4468 629 4524 missus
664 4470 820 4523 sunt?
857 4470 1213 4524 Conturbavit
1252 4482 1452 4538 patrem
1480 4471 1670 4525 verbis.
1700 4472 1849 4525 Com-

261 4568 453 4627 puncto
476 4569 643 4613 autem
668 4560 838 4627 Isaac,
865 4561 1050 4630 inquit,
1069 4563 1299 4614 clamavit
1327 4577 1442 4614 voce
1468 4580 1651 4633 magna
1681 4563 1843 4629 Esau,

260 4664 309 4707 et
358 4654 515 4721 ﬂeuit.
560 4643 701 4707 Vidit
747 4665 964 4735 patrem.
984 4655 1208 4709 consilio
1249 4655 1599 4722 destitutum,
1646 4666 1699 4711 et
1739 4672 1845 4710 non

262 4759 442 4812 posse,
477 4759 649 4811 neque
688 4744 825 4799 velle
863 4759 1113 4799 revocare
1142 4760 1257 4813 que
1287 4746 1419 4799 facta
1444 4757 1567 4799 sunt
1598 4764 1611 4799 :
1639 4756 1695 4800 et
1731 4748 1843 4801 cla-

262 4834 403 4886 mori
430 4834 589 4887 etiam
616 4833 810 4901 adjecit
844 4834 1135 4902 ploratmn,
1166 4845 1222 4887 ut
1245 4835 1309 4889 ad
1339 4836 1590 4903 majorem
1619 4836 1841 4891 commi-

259 4923 587 4978 scrationem
642 4935 847 4992 patrem
902 4923 1156 4979 flecteret.
1212 4925 1455 4980 Miscrtus
1507 4927 1683 4995 itaque
1728 4928 1841 4996 ejus

259 5014 414 5068 Isaac
438 5014 568 5067 dixit
598 5015 646 5068 ei
679 5031 693 5067 :
723 5015 811 5069 59.
844 5014 972 5068 Ecce
1002 5015 1063 5068 de
1091 5016 1391 5085 pinguedine
1413 5027 1557 5071 terra:
1584 5020 1675 5071 erit
1704 5019 1847 5072 [tabi-

258 5105 392 5159 tatio
424 5115 533 5172 tua,
567 5116 614 5159 et
650 5106 713 5159 de
750 5123 864 5160 rore
900 5107 1010 5160 cteli
1045 5107 1277 5176 desuper,
1299 5108 1387 5163 40.
1412 5119 1458 5162 et
1483 5114 1536 5162 in
1561 5110 1731 5179 gladio
1759 5121 1844 5164 tuo

253 5195 417 5259 vives,
448 5205 496 5248 et
539 5195 686 5265 fratri
716 5206 800 5248 tuo
828 5197 1009 5249 seruies
1039 5211 1058 5248 :
1085 5198 1174 5249 erit
1203 5206 1371 5249 autem
1397 5198 1598 5267 quando
1625 5199 1844 5267 depones

252 5295 307 5338 ιι
331 5285 558 5339 exsolves
575 5287 761 5354 jugum
784 5285 897 5353 ejus
919 5302 951 5337 a
972 5286 1104 5337 collo
1130 5294 1234 5339 tuo.
1260 5286 1541 5352 Quoniam,
1574 5288 1758 5357 inquit,
1789 5296 1846 5347 et

258 5375 383 5444 ipse
410 5391 582 5430 meam
608 5376 1032 5432 benedictionem
1059 5376 1351 5442 desideras,
1390 5380 1535 5434 disce
1576 5396 1681 5434 non
1724 5395 1844 5436 esse

254 5465 516 5534 possibile
545 5475 604 5519 ut
629 5481 782 5536 agam
805 5480 924 5535 quae
946 5467 1137 5521 divina:
1161 5468 1413 5523 voluntati
1439 5470 1663 5531 adversa
1687 5481 1838 5537 sunt;

248 5552 357 5609 sed
376 5562 431 5610 et
454 5554 548 5608 tibi
572 5555 786 5625 quidem
807 5571 1083 5626 apprecor,
1099 5566 1156 5612 ut
1176 5573 1296 5613 rore
1315 5559 1428 5613 caeli
1452 5558 1645 5617 fruaris
1668 5579 1682 5614 :
1703 5562 1842 5618 scias

330 5667 407 5737 (α)
446 5671 564 5747 ἏΡὪ
598 5673 725 5727 Ekeb
742 5678 959 5748 Hebraeis
972 5685 1052 5748 est
1068 5678 1231 5743 ριωιια
1252 5678 1406 5744 pedis,
1430 5680 1537 5734 sive
1563 5683 1709 5734 etiam
1724 5696 1836 5748 sup-

244 5748 507 5812 nlmuatio,
519 5749 837 5802 undefactum
854 5746 1007 5827 3pm.

1259 371 1323 426 IN
1362 371 1512 428 CAP.
1552 372 1764 430 XXVII.
1807 373 2052 432 GENES.
2092 373 2322 430 HOMIL.
2363 372 2496 429 ΗΠ.

1953 496 2130 542 autem
2162 496 2212 542 te
2241 487 2521 540 militarem
2550 484 2710 540 vitam
2736 492 2978 541 acturum
3010 496 3130 540 esse
3155 500 3168 539 :
3194 498 3323 538 nam
3348 482 3406 536 in
3428 489 3541 553 nia-
3610 536 3629 548 ,

3438 368 3546 423 ιτα

1952 578 2037 631 dio
2064 586 2148 630 tuo
2169 576 2317 641 vives,
2338 586 2386 630 et
2409 575 2559 646 fratri
2582 584 2668 628 tuo
2689 575 2889 629 servies.

2021 667 2076 721 5.
2116 665 2383 721 Caeterum
2424 666 2599 721 nullus
2639 665 2753 719 haec
2795 652 3025 720 audiens
3062 666 3302 728 miretur,
3348 663 3539 717 vidium

1953 766 2076 827 pest
2104 756 2218 811 haec
2247 756 2463 810 fratrem
2497 757 2613 825 ejus
2638 764 2914 825 vagantem
2944 755 3013 810 ob
3040 755 3181 809 illius
3209 765 3406 809 metum
3435 796 3449 820 ,
3480 766 3553 808 et‘

1951 849 2003 903 in
2036 859 2233 902 terram
2259 849 2488 902 alienam
2516 847 2923 902 contendentem
2952 865 2964 899 :
2998 861 3168 915 neque
3194 845 3340 899 initia
3367 855 3541 898 atten-

1952 939 2103 1002 dens,
2127 938 2394 992 existimet
2411 937 2716 993 vaticinium
2735 937 3005 992 excidere.
3034 936 3166 990 Nam
3193 936 3404 1005 quando
3439 935 3540 987 llo-

1951 1028 2131 1082 minus
2158 1027 2357 1096 aliquid
2386 1026 2663 1095 pollicetur
2682 1066 2698 1091 ,
2724 1026 2826 1081 etsi
2853 1026 3117 1080 contraria
3146 1026 3208 1079 iis
3237 1042 3354 1095 quae
3384 1024 3540 1094 polli-

1951 1129 2101 1173 cetur
2126 1116 2398 1171 videamus
2431 1117 2484 1169 in
2514 1114 2775 1185 principio
2802 1116 3051 1179 evenire,
3081 1129 3184 1170 non
3218 1116 3487 1170 turbemur
3523 1132 3536 1168 :

1952 1222 2125 1275 neque
2154 1207 2297 1262 enim
2329 1206 2579 1277 possibile
2607 1214 2692 1261 est
2718 1217 2776 1261 ut
2802 1207 2868 1261 ad
2894 1206 3052 1261 linem
3077 1221 3244 1275 usque
3273 1206 3535 1275 promissa

1951 1298 2222 1352 excidant.
2258 1297 2369 1351 Hoc
2391 1306 2571 1351 autem
2601 1296 2701 1361 fit,‘
2722 1306 2777 1351 ut
2805 1297 2933 1351 dum
2957 1296 3079 1365 justi
3108 1311 3203 1366 per
3229 1296 3404 1350 omnia
3433 1295 3539 1348 ful-

1951 1389 2182 1458 gidiores
2205 1388 2531 1452 redduntur,
2556 1387 2932 1441 abundantiam
2951 1387 3164 1441 virtutis
3190 1387 3282 1441 Dei
3309 1402 3361 1440 m
3380 1384 3534 1440 uuife-

1953 1489 2089 1533 stam
2108 1480 2260 1533 nobis
2282 1479 2523 1539 omnibus
2541 1478 2753 1533 faciant.
2782 1478 2849 1531 Et
2870 1478 3254 1546 immoquoquc
3269 1475 3533 1545 iustorum

1954 1568 2057 1623 hoc
2088 1570 2325 1623 invenies
2344 1610 2357 1631 ,
2387 1570 2430 1623 si
2460 1568 2687 1623 volucris
2722 1568 2970 1622 historias
2995 1568 3228 1637 singulas
3257 1566 3540 1635 diligenter

1950 1660 2395 1725 animadvertere,
2426 1659 2567 1728 quod
2614 1674 2742 1713 sane
2781 1672 2922 1711 nunc
2964 1673 3173 1726 quoque
3211 1656 3404 1709 factum
3431 1662 3535 1708 est.

1950 1750 2029 1805 Ne
2059 1751 2158 1805 hoc
2179 1751 2441 1827 attendas,
2466 1750 2608 1819 quod
2638 1764 2778 1803 nunc
2798 1748 2974 1803 statim
3006 1748 3261 1817 profugus
3290 1748 3396 1811 sit,
3441 1748 3541 1800 sed

1950 1842 2121 1912 cogita
2170 1843 2393 1912 gloriam
2430 1856 2550 1911 qua:
2578 1841 2799 1911 posthac
2833 1848 3115 1910 sequetur;
3168 1847 3225 1893 ut
3271 1838 3545 1909 quomodo

1953 1934 2208 2003 temporis
2250 1946 2500 2002 processu
2548 1930 2634 1985 hic
2673 1932 2788 2000 ipse
2832 1934 2912 1985 sic
2952 1929 3204 1984 terribilis
3238 1928 3313 1982 illi
3348 1928 3536 1992 factus,
3606 1988 3607 1991 η

1952 2033 2155 2077 tantam
2196 2038 2320 2092 erga
2364 2037 2486 2076 eum
2525 2020 2757 2076 declaret
2801 2020 3160 2076 reverentiam
3208 2036 3221 2072 :
3269 2017 3537 2086 quomodo

1953 2116 2080 2170 item
2102 2114 2154 2168 in
2182 2124 2383 2168 tantam
2404 2112 2605 2167 venerit
2632 2112 2855 2182 gloriam
2879 2118 3000 2181 post
3024 2124 3306 2174 mrumnas,
3328 2123 3460 2177 quas
3483 2107 3535 2159 in

1954 2207 2293 2262 terraalicna
2316 2205 2456 2270 tulit,
2486 2214 2544 2259 ut
2571 2205 2661 2274 qui
2685 2219 2750 2257 ex
2779 2203 2893 2271 ipso
2922 2202 3030 2256 nati
3055 2211 3200 2265 sunt,
3225 2200 3277 2253 in
3310 2200 3537 2253 immen-

1952 2313 2069 2353 sam
2093 2295 2485 2352 multitudinem
2526 2303 2886 2365 propagentur
2908 2332 2924 2359 ,
2957 2300 3011 2346 et
3038 2291 3154 2360 ejus
3184 2289 3399 2344 nomine
3427 2298 3536 2343 tota

1949 2404 2084 2459 gens
2110 2386 2511 2458 cognominetur
2530 2394 2584 2439 et
2603 2384 2933 2455 insigniatur.
2966 2382 3115 2436 Nunc
3140 2390 3317 2436 autem
3342 2381 3539 2443 docens

1952 2495 2050 2534 nos
2087 2479 2264 2532 divina
2304 2474 2577 2545 Scriptura
2625 2476 2801 2529 fratris
2836 2474 3282 2543 indignationem,
3329 2487 3431 2542 qua
3470 2471 3537 2526 ad

1953 2571 2296 2625 homicidium
2330 2569 2631 2639 spectabat,
2664 2568 2836 2638 inquit
2869 2585 2881 2621 :
2913 2569 3000 2622 41.
3032 2564 3099 2618 Ει
3120 2566 3235 2618 odio
3256 2565 3396 2635 gravi
3417 2578 3541 2633 prae

1951 2661 2425 2734 sequebatur.Esait
2465 2661 2625 2715 Jacob
2661 2671 2864 2732 prapter
2890 2658 3302 2721 benedictionem,
3328 2675 3423 2728 qua
3452 2658 3536 2711 be-

1953 2759 2213 2812 nedixerat
2254 2771 2366 2809 eum
2403 2764 2543 2823 pater
2583 2770 2724 2808 suus.
2768 2753 2835 2807 Et
2874 2762 2932 2807 ut
2972 2753 3202 2806 scianms
3233 2766 3337 2803 non
3378 2748 3538 2804 fuisse

1952 2847 2248 2917 simplicem
2279 2844 2611 2900 subitaneam
2646 2843 2812 2908 iram,
2843 2857 2938 2912 per
2967 2841 3255 2897 dictionem
3287 2839 3437 2895 nobis
3461 2839 3504 2891 si
3523 2872 3538 2881 -

1950 2938 2221 3008 gnilicavit
2244 2936 2459 2990 malitia:
2486 2934 2601 3004 ejus
2628 2948 2925 2988 excessum.
2958 2931 3111 2987 Gravi
3130 2933 3246 2985 odio
3278 2945 3539 2999 proseque-

1953 3029 2120 3093 batur,
2151 3026 2277 3079 dicit
2308 3042 2321 3078 :
2350 3024 2450 3078 boc
2470 3033 2570 3089 est,
2600 3024 2828 3078 instabat
2850 3030 2904 3077 et
2931 3021 3307 3091 perseverabat
3331 3018 3533 3081 odium,

1955 3122 2025 3173 ita
2057 3129 2107 3173 ut
2140 3127 2195 3173 et
2222 3125 2454 3171 mentem
2480 3119 2529 3169 in
2559 3114 2820 3185 profundo
2860 3116 3112 3173 latentem
3149 3128 3243 3182 per
3268 3111 3424 3164 verba
3466 3109 3539 3163 si-

1952 3211 2247 3281 gnificaret.
2279 3208 2423 3261 Dixit
2444 3208 2576 3261 enim
2605 3208 2657 3259 in
2681 3208 2831 3259 corde
2849 3222 2940 3260 suo
2962 3221 2980 3259 :
3000 3205 3410 3275 Appropinqnent
3432 3201 3538 3255 dies

1954 3303 2119 3355 luctus
2164 3299 2320 3368 patris
2361 3299 2483 3362 mei,
2523 3305 2578 3349 ut
2623 3297 2850 3349 occidam
2894 3295 3053 3348 Jacob
3095 3297 3302 3363 fratrem
3350 3308 3535 3344 nteant.

1954 3391 2090 3444 Vere
2115 3389 2332 3443 omnino
2362 3388 2405 3441 is
2439 3387 2529 3456 qui
2564 3371 2806 3439 irascitur
2847 3400 2953 3438 non
2998 3384 3173 3437 minus
3199 3398 3359 3451 quam
3387 3382 3418 3434 ii
3446 3382 3538 3451 qui

1954 3481 2137 3536 furiosi
2164 3490 2307 3543 sunt,
2327 3478 2539 3532 insanit.
2568 3474 2854 3531 Considera
2877 3474 3020 3528 enim
3040 3472 3306 3543 quomodo
3326 3472 3536 3524 ιιίιξιιιοιι

1956 3574 2047 3628 ille
2090 3571 2229 3626 sicut
2269 3571 2591 3623 insanientes
2636 3567 3041 3635 subingressus,
3082 3573 3259 3618 mente
3301 3562 3539 3616 destituit

1955 3680 2089 3734 quos
2111 3663 2365 3731 corripit,
2393 3670 2449 3715 et
2473 3658 2661 3714 suadet
2687 3667 2742 3740 ut
2770 3658 2924 3726 plane
2957 3655 3222 3710 contraria
3254 3653 3443 3707 faciant
3472 3651 3540 3705 iis

1953 3770 2072 3824 qum
2110 3753 2276 3807 oculis
2321 3750 2586 3805 videntur.
2632 3749 2812 3817 Neque
2857 3747 2996 3802 enim
3044 3753 3183 3802 recte
3209 3744 3390 3798 vident
3426 3742 3537 3805 illi,

1955 3859 2130 3912 neque
2177 3840 2318 3894 aliud
2361 3838 2610 3909 quiddam
2657 3824 2858 3891 faciunt
2892 3854 2905 3890 :
2942 3834 3034 3891 sed
3079 3834 3228 3903 quasi
3275 3831 3541 3887 hebetatis

1953 3937 2217 3998 sensibus,
2259 3943 2313 3987 et
2352 3931 2623 4002 judicandi
2658 3932 2707 3985 vi
2748 3931 2962 3993 amissa,
3005 3929 3204 3983 faciunt
3233 3927 3426 3981 omnia.
3461 3924 3536 3978 Ita

1953 4012 2081 4081 sane
2107 4037 2162 4082 et
2180 4025 2269 4095 qui
2299 4026 2622 4089 irascuntur,
2640 4014 2744 4077 non
2774 4030 3065 4092 agnoscunt
3094 4032 3403 4091 praesentes,
3428 4033 3537 4073 non

1953 4134 2221 4174 memores
2258 4125 2384 4172 sunt
2419 4116 2771 4185 cognationis,
2796 4130 2901 4167 non
2931 4114 3237 4178 amicitiam,
3270 4128 3376 4166 non
3403 4127 3535 4165 eon-

1953 4209 2309 4272 suetudinem,
2332 4223 2439 4261 non
2466 4206 2795 4275 dignitatem,
2818 4220 2988 4273 neque
3013 4202 3297 4273 quidquam
3320 4202 3460 4256 aliud
3482 4202 3534 4256 in

1952 4310 2184 4355 utentem
2210 4298 2524 4364 admittunt,
2554 4297 2647 4351 sed
2678 4296 2767 4349 ine
2792 4295 2840 4347 vi
2869 4296 3059 4365 pressi,
3092 4295 3141 4347 in
3174 4309 3408 4363 prcreeps
3435 4293 3536 4351 mi-

1951 4390 2246 4445 serabiliter
2272 4389 2528 4442 feruntur.
2578 4386 2713 4453 Quid
2744 4386 2901 4455 igitur
2931 4386 3032 4437 illis
3061 4384 3307 4441 miserius
3337 4382 3496 4436 fuerit
3518 4423 3532 4440 .

1951 4481 2163 4548 quando
2205 4479 2330 4533 victi
2374 4487 2428 4532 et
2469 4479 2605 4546 capti
2648 4476 2714 4529 ab
2753 4476 3062 4542 egritudine
3088 4474 3249 4531 animi
3277 4474 3435 4527 etiam
3465 4473 3533 4526 ad

1952 4569 2296 4623 homicidium
2326 4567 2612 4621 festinant?
2642 4566 2926 4632 PrOpterea
2957 4564 3141 4617 beatus
3169 4562 3362 4615 l’anlus
3388 4559 3533 4614 radio

1950 4675 2065 4715 cem
2094 4658 2249 4725 hujus
2276 4656 2398 4710 mali
2430 4657 2610 4709 volens
2630 4655 2925 4722 exstirpare
2946 4693 2960 4715 ,
2992 4652 3258 4715 admonet,
3293 4650 3368 4704 sic
3392 4650 3531 4703 scri-

1950 4748 2121 4803 bens:
2154 4747 2330 4801 Omnis
2358 4747 2437 4798 ira
2469 4756 2514 4798 et
2546 4744 2827 4814 indignatio
2848 4785 2862 4811 ,
2904 4741 3182 4797 et.clamor
3218 4741 3481 4810 auferatur
3501 4758 3533 4793 α

1949 4838 2085 4891 vobis
2106 4854 2219 4891 cum
2246 4837 2381 4889 omni
2411 4835 2603 4887 malitia
2628 4832 2842 4904 (Ep/tes.
2866 4833 2917 4887 4.
2948 4832 3059 4909 51).
3090 4831 3204 4885 Νοιι
3231 4831 3425 4897 solum,
3451 4832 3532 4885 in-
3584 4832 3599 4843 ‘

1948 4928 2081 4997 quit,
2112 4926 2236 4980 nolo
2264 4941 2360 4978 vos
2394 4939 2711 4979 succensere
2754 4932 2809 4977 et
2846 4923 3125 4992 indignari,
3155 4933 3208 4977 et
3236 4921 3413 4986 irasci,
3437 4922 3532 4975 sed

1949 5033 2121 5086 neque
2139 5031 2258 5071 cum
2282 5016 2514 5070 clamore
2544 5014 2795 5083 proximis
2819 5014 2959 5083 loqui
2989 5031 3000 5067 :
3026 5014 3314 5067 clamorem
3342 5011 3426 5065 hic
3446 5011 3531 5065 di-

1948 5124 2075 5164 cens
2095 5148 2111 5174 ,
2146 5106 2236 5176 qui
2267 5104 2335 5161 ab
2374 5106 2449 5158 ira
2494 5105 2745 5161 nascitur.
2774 5104 2996 5172 Quando
3021 5104 3162 5158 enim
3193 5102 3411 5155 morbus
3443 5100 3532 5155 hic

1949 5200 2269 5254 intrinsecus
2306 5197 2565 5251 excitatur
2608 5204 2659 5249 ct
2703 5209 2795 5248 cor
2836 5202 3030 5258 tumet,
3062 5207 3164 5246 non
3186 5192 3294 5260 jam
3322 5190 3448 5245 sinit
3474 5200 3535 5244 ut

1948 5292 2123 5361 lingua
2166 5288 2368 5362 placide
2410 5286 2685 5357 loquatur;
2732 5286 2825 5339 sed
2860 5285 3193 5339 affectionem
3224 5282 3401 5337 cordis
3430 5281 3528 5335 de-

1950 5387 2252 5433 monstrans
2270 5418 2293 5442 ,
2319 5376 2479 5432 efficit
2503 5386 2558 5430 ut
2587 5376 2820 5429 clamose
2845 5387 2965 5426 cum
2992 5372 3233 5441 proximo
3258 5371 3527 5440 loquatur.

1950 5470 2145 5525 Volens
2176 5469 2332 5539 igitur
2357 5468 2541 5521 beatus
2572 5466 2657 5518 ille
2683 5464 2779 5517 sibi
2812 5464 3239 5530 obtemperantes
3265 5463 3315 5515 iu
3345 5476 3528 5530 perpe-

1948 5569 2037 5617 tua
2058 5560 2256 5614 versari
2280 5556 2671 5626 tranquillitate,
2702 5553 2832 5606 dixit
2858 5571 2871 5606 :
2909 5553 3084 5606 Uninis
3110 5553 3188 5607 ira
3221 5554 3343 5623 (hoc
3366 5563 3467 5618 est,
3492 5569 3525 5608 ιι

1947 5648 2518 5721 qualieutnque'causa
2558 5644 2875 5716 moveatur),
2903 5656 2948 5700 et
2971 5648 3144 5701 omnis
3170 5647 3449 5718 indignatio
3478 5656 3525 5700 et

1949 5744 2120 5802 omnis
2156 5741 2346 5796 clamor
2390 5740 2595 5795 tollatur
2627 5756 2657 5793 a
2687 5737 2821 5794 vobis
2850 5737 3077 5804 :deindc
3104 5738 3339 5805 radicem
3365 5738 3530 5813 impia
