3974 6408
499 380 602 436 ιἸΙ

499 491 624 547 mali
666 489 850 544 volens
897 484 1184 545 arefacere,
1234 491 1288 537 et
1330 477 1570 533 inutilem
1618 471 1867 534 reddere,
1909 467 2084 522 dicit:

506 567 634 637 cui:
663 581 799 635 ουιηὲ
831 579 1042 632 malitia.
1083 573 1216 630 Nam
1257 571 1346 642 qui
1391 569 1470 624 sic
1513 565 1761 628 afﬁcitur,
1791 573 2004 629 semper
2033 557 2087 610 in

503 684 658 746 portu
690 672 840 728 sedet
859 687 889 724 a
913 652 1137 724 terrenis
1157 661 1402 719 fluctibus
1426 659 1595 722 liber;
1621 665 1677 712 et
1695 668 1867 724 neque
1887 663 2091 721 tempe-

507 743 699 819 statem
725 763 895 825 timet,
924 773 1095 828 neque
1119 753 1488 824 naufragium;
1531 748 1627 804 sed
1665 745 1815 816 quasi
1855 743 1908 798 in
1941 751 2090 796 tran-

504 853 768 925 quillitate
813 851 1065 919 navigans
1086 889 1102 915 ,
1133 847 1216 902 vel
1244 845 1296 901 in
1328 841 1538 914 placido
1564 847 1732 910 portu-
1755 835 1980 898 sedens,
2017 833 2092 887 ita

509 949 825 1012 praesentem
847 941 1010 994 vitam
1035 936 1219 1003 trahit,
1245 949 1352 990 non
1377 932 1550 987 solum
1591 928 1660 983 ab
1695 925 1840 982 omni
1879 932 2093 992 pertur-

506 1032 725 1088 batione
752 1032 910 1096 liber,
934 1030 1027 1085 sed
1052 1037 1106 1084 et
1132 1023 1507 1083 immortalium
1536 1029 1591 1076 et
1625 1017 1967 1075 ineﬂabilium
1995 1014 2092 1068 bo-

507 1125 699 1179 norum
726 1121 928 1176 fructus
963 1119 1064 1175 sibi
1109 1133 1204 1188 per
1240 1116 1419 1172 omnia
1445 1112 1735 1170 concilians
1766 1127 1780 1163 :
1811 1108 1901 1180 qui
1942 1105 2100 1160 nobis

510 1214 760 1270 omnibus
785 1211 1148 1268 concedantur
1168 1251 1184 1276 ,
1211 1209 1381 1280 gratia
1404 1214 1460 1262 et
1492 1201 1858 1261 misericOrdia
1885 1197 2096 1254 Domini

511 1305 678 1360 nostri
721 1303 849 1360 Jesu
887 1301 1103 1368 Christi,
1133 1301 1348 1371 quieum
1376 1297 1542 1363 Pa‘tri,
1573 1305 1627 1351 et
1661 1301 1848 1350 sancto
1876 1287 2101 1360 Spiritui

511 1399 581 1450 sit
606 1395 807 1466 gloria,
852 1395 1057 1458 honor,
1097 1391 1412 1462 imperium,
1455 1402 1594 1442 nunc
1623 1396 1675 1442 et
1704 1391 1935 1453 semper,
1965 1381 2100 1436 etin

513 1487 710 1543 uxrcula
739 1486 1074 1541 saeculorum.
1103 1487 1297 1540 Amen.

1083 1613 1361 1671 llOMlLlA
1402 1611 1534 1668 LIV.

662 1729 887 1784 Rebecca
913 1737 1080 1782 autem
1105 1735 1277 1781 vocato
1306 1727 1416 1795 filio
1434 1727 1525 1779 suo
1539 1725 1745 1794 juniare
1766 1723 1894 1776 dixit
1914 1721 1958 1774 ei

1102 1817 1254 1889 (Gen.
1277 1817 1368 1870 27.
1400 1815 1515 1886 re).

590 1929 643 1984 1.
672 1927 862 1983 Gratim
883 1929 1064 1983 divina
1087 1928 1354 1982 auxilium.
1391 1926 1707 1983 Conscientia
1727 1925 1976 1995 sufﬁciens
1994 1939 2104 1977 ma-

516 2019 988 2090 gnum—Vidistis
1005 2018 1118 2073 heri
1141 2016 1405 2087 publicani
1430 2017 1566 2072 bene
1585 2016 1832 2071 affectum
1845 2015 2101 2081 animum,

521 2117 576 2163 et
595 2108 805 2162 Domini
828 2107 1144 2163 ineffabilem
1158 2107 1600 2172 misericordiam,
1616 2105 1988 2162 et-Judaaorum
2003 2113 2109 2159 stu-

521 2197 800 2269 piditatem
821 2198 1134 2253 immensam
1157 2197 1271 2269 (a)?
1295 2196 1511 2253 Vidistis
1530 2196 1798 2267 quomodo
1809 2210 1995 2251 omnes
2009 2207 2108 2251 nos

521 2290 778 2345 crtidierit
805 2289 989 2344 beatus
1008 2279 1305 2356 Matthmus,
1327 2289 1504 2345 statim
1528 2290 1804 2356 obediens,
1828 2297 1884 2346 et
1905 2298 2107 2344 tantam

523 2391 730 2435 morum
757 2380 1108 2435 mutationem
1129 2387 1240 2450 pra:
1266 2396 1326 2436 se
1355 2381 1533 2437 ferens
1562 2397 1576 2438 :
1604 2381 1730 2452 quia
1757 2382 1813 2436 in
1837 2381 2108 2436 voluntate

522 2476 731 2541 nostra,
761 2481 880 2541 post
905 2487 1189 2543 supernam
1210 2474 1458 2546 gratiam,
1486 2474 1602 2530 sitae
1625 2483 1750 2529 sunt
1776 2485 1830 2530 et
1852 2475 2106 2542 virtutes,

525 2572 583 2618 et
610 2565 736 2619 vitia
760 2581 774 2618 :
804 2572 862 2619 et
887 2567 1011 2636 quia
1034 2567 1215 2622 studio
1243 2575 1428 2622 nostro
1452 2581 1735 2636 possumus
1757 2567 1873 2621 fieri
1902 2566 2111 2621 virtuti-

523 2655 626 2710 bus
653 2657 955 2726 conspicui;
986 2665 1038 2713 et
1064 2669 1251 2713 contra
1277 2658 1490 2714 desides
1515 2659 1662 2726 facti,
1682 2661 1732 2714 in
1754 2660 1956 2727 peccati
1982 2675 2112 2729 pra:-

523 2745 762 2816 eipitium
787 2745 1021 2802 deferri?
1062 2748 1172 2804 Hoc
1211 2749 1356 2804 enim
1392 2759 1474 2805 est
1503 2757 1609 2820 quo
1634 2765 1665 2804 a
1696 2750 1866 2804 brutis
1904 2749 2109 2805 differi-

523 2855 665 2910 mus,
688 2841 809 2913 quia
838 2843 1044 2898 ratione
1063 2843 1295 2913 insigniti
1324 2854 1507 2899 sumus
1526 2858 1554 2896 a
1576 2843 1807 2912 benigno
1831 2843 1963 2908 Deo,
1982 2851 2036 2896 et
2057 2842 2110 2896 in

530 2943 716 2989 natura
744 2945 928 2990 nostra
955 2936 1112 2992 insita
1151 2946 1234 2991 est
1267 2935 1490 2991 scientia
1519 2936 1643 2991 boni
1668 2944 1723 2992 et
1748 2936 1895 2990 mali.
1926 2934 2111 2990 Nullus

524 3042 654 3096 ergo
679 3035 963 3096 praetexat,
1003 3042 1065 3083 se
1105 3043 1174 3082 ex
1217 3027 1512 3098 ignorantia
1543 3030 1789 3082 virtutem
1819 3027 2108 3097 negligere,

526 3116 616 3172 vel
636 3117 760 3187 quia
791 3117 996 3173 nullum
1020 3117 1215 3174 habeat
1244 3120 1342 3173 vim
1369 3117 1559 3173 ducem
1586 3127 1641 3172 et
1661 3126 2111 3174 commonstrato-

527 3220 662 3261 rem.
682 3206 1045 3263 Suflicientem
1065 3213 1208 3264 enim
1229 3209 1541 3280 magistrum
1560 3208 1817 3264 habemus
1835 3210 2112 3265 conscien-

529 3297 676 3360 tiam,
699 3304 754 3352 et
781 3296 894 3353 fieri
921 3309 1028 3354 non
1047 3306 1242 3368 potest,
1266 3300 1469 3370 etquis
1493 3292 1582 3355 illo
1605 3298 1914 3370 adjumento
1933 3299 2110 3370 prive-

530 3396 634 3440 tur.
663 3386 795 3441 Nam
825 3388 987 3443 simul
1010 3397 1131 3445 cum
1155 3389 1475 3445 formatione
1499 3385 1729 3445 hominis
1748 3390 1905 3445 insita
1932 3398 2010 3444 est
2033 3377 2113 3444 illi

524 3478 747 3534 scientia
767 3477 1154 3548 faciendorum,
1175 3489 1232 3535 ut
1251 3489 1458 3536 rectum
1481 3495 1637 3535 suum
1665 3480 1906 3535 animum
1929 3481 2112 3535 decla-

524 3583 656 3622 rans
679 3569 732 3622 in
758 3570 1008 3638 przesenti
1029 3570 1155 3637 vita,
1174 3570 1325 3639 quasi
1352 3569 1407 3624 in
1433 3569 1680 3640 palaestra
1704 3569 1930 3640 quadam
1959 3584 2114 3626 exer-

531 3659 727 3714 citatus
767 3658 834 3712 ad
873 3660 1126 3714 virtutum
1186 3659 1397 3716 labores
1425 3700 1443 3726 ,
1481 3660 1762 3731 probitatis
1797 3660 2114 3732 virtutisque

530 3750 752 3818 prtemia
776 3759 1048 3820 reportet,
1092 3760 1146 3807 et
1185 3752 1332 3808 brevi
1371 3763 1609 3823 tempore
1635 3754 1690 3808 in
1717 3753 1987 3811 laboribus
2012 3755 2112 3811 de-

525 3856 705 3905 curso,
729 3851 1012 3914 perpetuas
1031 3852 1258 3902 ceronas
1285 3856 1574 3914 mereatur,
1591 3847 1824 3919 atquein
1847 3849 1990 3904 fluxo
2010 3847 2115 3904 hoc

526 3934 723 3991 steculo
744 3936 994 3992 virtutem
1014 3939 1373 4007 amplexatus,
1399 3940 1615 3996 internis
1641 3941 1798 3997 bonis
1825 3941 1878 3996 in
1905 3940 2113 3996 infinita

529 4025 724 4078 stecula
749 4025 971 4082 fruatur.
1015 4025 1071 4082 ld
1098 4042 1228 4084 sane
1255 4031 1508 4095 scientes,
1536 4030 1744 4096 fratres,
1775 4041 2012 4086 nostram
2043 4048 2115 4089 ne

529 4113 815 4183 perdamus
837 4117 1198 4188 nobilitatem,
1231 4135 1299 4176 ne
1327 4121 1494 4176 simus
1527 4131 1646 4190 post
1672 4131 1872 4177 tantam
1909 4123 2114 4178 benefl-

530 4203 760 4260 eeltiam
807 4206 1020 4276 ingrati,
1061 4224 1129 4263 ne
1168 4220 1436 4265 sectemur
1479 4212 1797 4281 voluptates,
1847 4227 1968 4283 qua:
2005 4223 2113 4269 tam

532 4295 680 4351 brevi
715 4305 956 4367 tempore
981 4298 1201 4366 durant,
1236 4313 1546 4370 perpetuum
1575 4303 1814 4357 dolorem
1845 4304 1997 4360 nobis
2021 4320 2113 4360 ac-

527 4395 799 4441 eerseutes
829 4405 843 4441 :
875 4387 971 4443 sed
1019 4397 1143 4444 ante
1189 4405 1288 4444 nos
1334 4405 1548 4461 semper
1592 4392 1858 4448 intuentes
1903 4395 2113 4449 oculum

529 4476 676 4532 illum
701 4477 792 4548 qui
819 4493 1108 4550 numquam
1135 4471 1372 4550 sopitur,
1402 4481 1492 4552 qui
1516 4489 1570 4536 et
1597 4482 1909 4538 abscondita
1938 4484 2115 4540 cordis

529 4574 700 4640 novit,
729 4590 815 4630 res
839 4587 1052 4632 nostras
1081 4577 1150 4631 ita
1183 4577 1522 4632 instituamus
1558 4586 1613 4633 ct
1650 4579 2020 4644 moderemur,
2061 4587 2116 4634 et

531 4665 722 4719 muniti
743 4665 909 4721 armis
925 4666 1156 4737 Spiritus
1179 4669 1316 4724 bene
1340 4668 1584 4724 affectum
1607 4670 1844 4725 animum
1863 4670 2116 4725 exhibea-

533 4767 677 4821 tnus,
702 4763 762 4809 ut
784 4771 1018 4826 superno
1049 4759 1282 4815 fruentes
1313 4761 1545 4827 auxilio,
1576 4761 1785 4816 devicto
1823 4761 1979 4816 home
2021 4761 2115 4816 illo

530 4853 585 4899 et
609 4844 918 4913 adversario
954 4857 1136 4904 nostro
1157 4891 1173 4915 ,
1204 4851 1425 4920 ejusque
1453 4851 1891 4908 machinamentis
1915 4853 2115 4907 inutili-

519 4937 632 4993 ~bus
673 4937 913 5004 redditis,
945 4940 1101 4996 bonis
1140 4943 1244 4996 illis
1285 4940 1386 4996 frui
1415 4943 1850 5013 valeamus,_qua:
1872 4945 2116 5012 promisit

532 5026 792 5083 Dominus
830 5025 1172 5098 diligentibus
1197 5045 1276 5085 se.
1310 5030 1388 5085 Nc
1413 5045 1540 5100 ergo
1567 5033 1686 5102 quis
1711 5041 1918 5100 spectet
1941 5031 2007 5086 ad
2033 5034 2114 5088 la.

531 5117 715 5198 liorem
755 5119 1048 5188 virtutum,
1083 5121 1176 5175 sed
1219 5123 1421 5175 lucrum
1464 5123 1585 5177 inde
1629 5133 1835 5192 partum
1876 5124 2117 5193 cegitans

531 5218 774 5280 prompte
802 5208 1013 5266 labores
1042 5211 1314 5281 suscipiat.
1341 5212 1472 5266 Nam
1514 5214 1558 5267 si
1599 5215 1633 5268 ii
1671 5215 1761 5284 qui
1801 5215 1854 5270 in
1888 5219 2117 5273 terrenis

533 5309 813 5358 versantur
841 5304 1086 5374 negotiis,
1116 5311 1170 5360 et
1195 5303 1265 5360 ad
1291 5302 1619 5374 colligendas
1647 5321 1776 5374 opes
1807 5306 2076 5362 insanth
2098 5350 2113 5374 ,

594 5497 668 5571 (ᾳ)
699 5498 785 5571 tt‘ic
807 5511 1220 5571 commemoratur
1238 5500 1450 5571 _homili_a
1494 5504 1580 5554 ubi
1600 5505 1664 5555 de
1688 5505 1942 5571 publicano
1967 5511 2121 5571 pinni-

531 5557 694 5630 terue,
713 5557 779 5606 de
800 5560 1071 5630 Judaaorum
1092 5564 1573 5630 stupiditate,_deque
1587 5557 1791 5617 tuatt'htei
1815 5557 2118 5630 apostoli'vo-

534 5620 726 5682 catione
749 5620 984 5682 agebatur
1007 5635 1020 5670 :
1044 5635 1107 5671 an
1129 5620 1249 5674 vero
1272 5620 1384 5676 haec
1397 5620 1591 5678 horﬁilia
1607 5643 1672 5678 ex
1690 5620 1924 5681 editurum
1942 5620 2114 5682 nume-

535 5678 925 5753 [ίῖἕίζέρῇίῖἲηῖι
950 5681 1206 5743 exi-“ON”:
1229 5688 1389 5751 Potui;
1413 5692 1624 5751 suspicor
1649 5678 1816 5742 tamen
1837 5678 2113 5744 animi-

532 5745 1020 5790 tuattuuneroicsaa

1207 371 1265 426 S.
1308 364 1586 424 JOANNIS
1624 349 2108 415 εῐιῐηεοετοιπ

2208 347 2464 404 [ιειπεΡ.
2502 343 3034 404 ΩΟΝΞΤΑΝΤΙΝΟΡ.

3645 345 3736 402 l7!

2190 465 2367 520 ornnia
2399 471 2643 532 premme
2677 459 2976 527 suscipiunt
3003 453 3272 521 facienda;
3301 465 3353 510 et
3381 455 3612 525 pericula
3637 473 3736 512 rna-

2191 555 2282 618 ris,
2308 552 2601 620 naufragia,
2634 551 2924 619 piratarum
2965 544 3185 600 insidias
3225 543 3609 613 prospicientes
3644 561 3736 600 non

2192 645 2523 713 franguntur,
2545 655 2645 696 nec
2671 637 2947 708 segniores
2974 636 3381 704 ﬁunt,quamvis
3400 635 3473 688 de
3497 636 3598 688 line
3623 635 3741 688 nihil

2191 737 2322 791 certi
2354 733 2621 789 habeant:
2644 732 2854 800 qualem
2886 741 2984 782 nos
3011 725 3243 782 habituri
3272 739 3459 780 sumus
3487 724 3741 780 defensio-

2197 841 2342 891 nem,
2365 827 2411 880 si
2441 840 2548 881 non
2573 824 2718 879 omni
2748 821 2928 877 studio
2955 829 3010 875 et
3031 818 3305 874 alacritate
3329 818 3660 886 accingamur
3685 817 3743 871 ad

2196 918 2447 971 virtutum
2468 914 2643 971 studia
2671 921 2724 968 et
2748 925 2969 981 agones,
2993 917 3214 978 propter
3252 918 3450 962 aaterua
3477 907 3564 960 illa
3593 907 3746 961 bona?

2197 1007 2374 1074 Quare
2401 1005 2472 1061 ita
2498 1003 2691 1074 ingrati
2726 1014 2911 1057 sumus
2932 999 3258 1055 benefactori
3284 1008 3491 1061 nostro,
3511 1006 3570 1054 et
3595 1013 3748 1066 neque

2198 1116 2319 1173 qua:
2340 1100 2445 1164 iam
2468 1099 2663 1155 donata
2681 1105 3094 1154 suntversamus
3109 1095 3310 1160 animo,
3323 1106 3497 1162 neque
3514 1089 3747 1158 promissa

2198 1191 2522 1263 cogitamus;
2548 1191 2643 1247 sed
2669 1191 2911 1246 omnium
2953 1185 3334 1257 propemodum
3377 1181 3552 1247 obliti,
3575 1180 3745 1239 frustra

2195 1283 2325 1339 etin
2345 1293 2568 1342 vanum,
2587 1278 2739 1348 quasi
2762 1276 3016 1346 pecudes,
3035 1277 3195 1330 vitam
3217 1282 3381 1328 totam
3401 1269 3749 1338 transigimus:

2199 1362 2392 1417 anima:
2418 1359 2632 1431 quidem
2665 1357 2867 1412 nullam
2889 1355 3149 1412 habentes
3175 1367 3390 1418 curam,
3425 1360 3657 1406 ventrem
3679 1365 3752 1403 ειυ-

2202 1461 2311 1508 tem
2357 1451 2533 1508 solum
2569 1451 2936 1520 dirumpeutes
2975 1447 3130 1512 cibis,
3159 1456 3320 1515 atque
3359 1435 3522 1498 etiam
3565 1452 3757 1512 propter

2204 1542 2307 1598 hoc
2348 1542 2548 1598 misero
2588 1539 2801 1610 corpori
2841 1537 3132 1607 perniciem
3169 1543 3438 1605 parantes,
3469 1547 3532 1587 ac
3567 1539 3756 1601 propter

2203 1633 2666 1705 intemperantiam
2688 1641 2745 1687 et
2772 1629 3060 1700 ingluviem
3090 1628 3367 1681 innumera
3393 1623 3547 1678 nobis
3575 1622 3756 1692 negoti:

2203 1726 2427 1782 facimus
2450 1734 2508 1780 et
2529 1722 2870 1787 accersimus,
2892 1721 3020 1774 dum
3041 1718 3272 1772 animam
3303 1716 3444 1770 fame
3463 1715 3628 1784 perire
3644 1713 3758 1767 sini-

2204 1818 2364 1873 mus?
2400 1814 2614 1872 tametsi
2644 1811 2982 1884 praestantior
3005 1809 3182 1864 anima
3203 1808 3270 1862 sit
3295 1821 3459 1877 quam
3478 1817 3660 1874 corpus
3675 1842 3689 1868 ,
3711 1811 3758 1856 et

2203 1909 2378 1964 ablata
2427 1908 2556 1972 illa,
2608 1907 2712 1960 hoc
2753 1911 3019 1958 mortuum
3063 1901 3414 1969 relinquatur.
3458 1897 3589 1952 Cum
3625 1895 3758 1966 igitur

2206 2005 2481 2069 oporteret
2519 2005 2575 2053 et
2611 1994 2734 2050 huic
2770 2002 2928 2063 atque
2963 1991 3042 2047 illi
3078 2004 3309 2060 congrua
3339 1999 3402 2044 et
3420 1984 3759 2043 convenientia

2209 2090 2452 2160 prmbere
2475 2088 2746 2152 alimenta,
2774 2084 2990 2139 modum
3019 2098 3190 2153 neque
3213 2081 3321 2146 hic,
3349 2095 3521 2150 neque
3552 2079 3650 2133 illic
3671 2092 3759 2130 scr.

2207 2193 2413 2249 vantes,
2448 2180 2658 2250 utrique
2682 2192 2940 2233 nocernus
2971 2193 2986 2231 :
3011 2175 3113 2229 hoc
3144 2174 3260 2244 plus
3290 2188 3451 2242 quam
3479 2178 3674 2240 oportet
3697 2182 3760 2220 sa-

2206 2273 2484 2342 ginantes,
2515 2270 2658 2324 illam
2687 2279 2868 2322 autem
2896 2266 3036 2320 fame
3066 2264 3240 2334 perire
3261 2269 3533 2332 cogentes.
3563 2257 3615 2314 ιιι
3641 2255 3759 2328 quod

2207 2365 2585 2420 universorum
2635 2361 2894 2416 Dominus
2949 2359 3070 2414 loco
3120 2357 3368 2431 maxima:
3418 2352 3762 2425 indignationis

2209 2455 2498 2525 aliquando
2523 2452 2896 2508 interminatus
2915 2459 3002 2506 est-
3021 2447 3326 2503 Iudaeorum
3351 2446 3545 2516 pepulo
3569 2445 3759 2502 dicens:

2207 2544 2355 2600 Dabo
2381 2545 2517 2599 vobis
2546 2559 2647 2597 non
2671 2547 2857 2612 famem
2888 2540 3055 2610 panis,
3081 2555 3240 2606 neque
3262 2538 3400 2592 sitim
3421 2554 3580 2607 aqua,
3599 2535 3678 2589 sed
3695 2537 3761 2604 [a-

2208 2651 2339 2689 mem
2358 2633 2597 2688 audiendi
2627 2647 2907 2687 sermonem
2925 2628 3132 2684 Domini
3157 2629 3336 2699 (Amos
3359 2628 3413 2682 8.
3441 2625 3561 2697 ll);
3589 2624 3763 2704 docetis

2210 2741 2330 2787 nos,
2356 2725 2500 2780 illam
2521 2723 2736 2794 quidem
2757 2721 2952 2777 famem
2973 2735 3168 2789 corpus
3188 2719 3527 2773 macilentum
3547 2715 3762 2777 reddere,

2211 2816 2351 2870 hanc
2373 2823 2552 2870 autem
2583 2814 2815 2868 animam
2850 2821 3128 2867 attenuare
3157 2828 3172 2864 :
3204 2809 3437 2879 idipsum
3457 2848 3474 2875 ,
3503 2806 3637 2878 quod
3671 2804 3761 2859 Do-

2210 2906 2390 2962 minus
2430 2913 2556 2961 tunc
2595 2903 2839 2974 supplicii
2871 2903 2992 2958 loco
3031 2902 3138 2956 illis
3173 2901 3497 2967 minabatur,
3525 2911 3652 2952 nunc
3681 2909 3761 2948 nos

2209 3005 2402 3066 sponte
2439 2995 2592 3051 nobis
2625 2993 2974 3059 attrahimus;
3007 2993 3166 3062 idque
3195 3001 3477 3062 postquam
3505 2990 3634 3043 Deus
3660 2996 3760 3039 tan-

2212 3094 2320 3141 tam
2350 3082 2519 3141 nostri
2547 3101 2729 3140 curam
2757 3083 3050 3138 declaravit
3071 3124 3087 3150 ,
3117 3090 3172 3137 et
3197 3081 3560 3151 dispensavit,
3590 3088 3640 3132 ut
3659 3089 3759 3130 cum

2211 3193 2482 3234 sacrarum
2507 3177 2902 3246 Scripturarum
2923 3175 3154 3230 lectione
3174 3174 3466 3230 habeamus
3485 3181 3539 3228 et
3557 3185 3586 3225 a
3607 3169 3762 3224 docto-

2212 3271 2361 3326 ribus
2386 3270 2798 3325 admonitiones.

2283 3363 2410 3417 Cam
2449 3361 2660 3417 lectione
2705 3360 2987 3430 Scriptum
3023 3357 3215 3412 monita
3251 3355 3552 3414 Doctorum.
3571 3382 3638 3394 -—
3661 3350 3764 3406 Ideo

2210 3467 2309 3508 oro
2334 3461 2565 3508 vestram
2591 3452 2892 3516 caritatem,
2919 3457 2978 3504 ut
3011 3462 3236 3504 excussa
3275 3446 3486 3502 desidia
3524 3441 3762 3516 paululum

2213 3541 2655 3613 espergiscamini
2683 3581 2699 3607 ,
2724 3551 2779 3596 et
2802 3540 3038 3596 studium
3066 3553 3224 3593 omne
3255 3537 3308 3592 in
3337 3538 3532 3591 animm
3567 3533 3763 3589 salutem

2213 3631 2564 3688 transferatis.
2606 3631 2694 3688 Sic
2734 3630 2882 3686 enim
2906 3640 2961 3685 et
2991 3645 3022 3684 a
3057 3629 3171 3684 Deo
3207 3627 3625 3684 benevolentiam
3655 3621 3763 3677 ube-

2212 3742 2329 3782 rem
2359 3723 2636 3780 attrahetis
2659 3765 2674 3790 ,
2716 3737 2920 3791 nosque
2958 3721 3244 3776 alacriores
3273 3719 3341 3774 ad
3370 3718 3662 3775 docendum
3683 3727 3763 3768 vos

2212 3820 2434 3885 erimus,
2465 3833 2598 3888 quos
2625 3816 2924 3872 videbimus
2946 3815 3171 3871 consilio
3200 3825 3388 3869 nostro
3417 3827 3614 3885 parere.
3644 3809 3763 3875 Quo-

2215 3911 2358 3964 niam
2383 3919 2438 3964 et
2463 3908 2714 3980 agricola,
2738 3907 2951 3977 quando
2972 3906 3118 3961 videt
3143 3915 3336 3961 terram
3363 3903 3652 3968 fecundam,
3676 3897 3763 3954 cul-

2214 4010 2350 4056 tura:
2393 3999 2639 4055 idoneam
2685 3999 3062 4066 fructuumque
3098 3996 3348 4059 feracem,
3377 4003 3528 4065 parat
3549 4007 3605 4048 se
3626 3990 3761 4046 etiam

2215 4092 2329 4161 ipse
2357 4099 2414 4145 ut
2439 4090 2629 4161 majori
2656 4090 2832 4144 studio
2853 4090 2995 4143 illam
3016 4089 3192 4144 colat:
3219 4087 3410 4143 eodem
3437 4086 3592 4141 modo
3615 4091 3664 4138 et
3683 4091 3764 4134 uos

2213 4185 2259 4240 si
2288 4183 2578 4239 viderimus
2606 4192 2841 4237 vestrum
2869 4182 2922 4236 in
2950 4181 3145 4236 divinis
3175 4181 3502 4250 profectum,
3531 4186 3582 4231 cl
3607 4187 3689 4228 vos
3710 4182 3762 4223 ea

2213 4289 2333 4344 quae
2355 4289 2385 4328 a
2412 4273 2566 4328 nobis
2593 4272 2860 4337 dicuntur,
2895 4271 3048 4326 factis
3081 4271 3320 4326 studiose
3353 4270 3592 4339 implere,
3617 4259 3762 4327 maio'

2213 4379 2328 4419 rem
2353 4363 2581 4419 docendi
2611 4363 2848 4418 laborem
2874 4361 3243 4417 exhibebimus
3274 4378 3288 4414 :
3322 4367 3508 4428 utpote
3531 4357 3764 4411 scientes.

2214 4471 2314 4510 nos
2337 4470 2440 4511 non
2468 4456 2521 4510 in
2552 4455 2716 4525 petris
2736 4453 3023 4521 seminare,
3047 4452 3141 4508 sed
3169 4453 3221 4507 in
3250 4451 3428 4520 pingui
3453 4459 3507 4504 et
3531 4439 3762 4517 profunda

2216 4559 2380 4604 terra.
2561 4559 2564 4562 ’

2284 4642 2338 4695 2.
2374 4640 2672 4706 Utilitatem,
2693 4655 2793 4694 non
2814 4640 3022 4710 plausus
3042 4638 3354 4706 auditorum,
3380 4637 3556 4707 quwrit
3575 4633 3762 4700 Chrysa.

2215 4747 2427 4794 stamus.
2454 4737 2626 4792 Radix
2655 4738 2913 4791 homicidii
2945 4738 3229 4791 inoidia.-—
3251 4737 3328 4791 Ea
3365 4739 3508 4792 enim
3541 4735 3605 4790 de
3629 4742 3763 4786 causa

2214 4827 2455 4897 quotidie
2483 4827 2635 4882 vobis
2657 4828 3082 4891 concionamur,
3115 4837 3172 4880 ut
3215 4826 3416 4896 aliquid
3457 4825 3584 4880 lucri
3627 4818 3763 4873 facia-

2217 4917 2314 4983 tis,
2343 4929 2398 4973 et
2422 4916 2650 4972 virtutes
2671 4927 2862 4972 vestra:
2891 4927 3134 4971 crescant
3155 4958 3170 4980 ,
3201 4932 3404 4985 nosque
3434 4918 3662 4970 laetemur
3683 4922 3760 4961 ve-

2216 5017 2384 5067 strum
2425 5007 2669 5063 videntes
2699 5009 3016 5077 profectum.
3052 5009 3316 5078 Numquid
3347 5003 3488 5064 enim
3518 5016 3698 5062 temere
3721 5005 3763 5051 cl

2217 5100 2272 5153 in
2296 5114 2495 5153 vanum
2518 5099 2701 5154 dicere
2726 5099 2995 5165 volumus,
3022 5108 3082 5154 ut
3105 5100 3324 5160 a_vobis
3350 5099 3559 5153 laudum
3587 5096 3764 5147 fructus

2218 5191 2558 5260 recipiamus,
2589 5199 2642 5246 et
2671 5200 2728 5244 ut
2753 5190 3066 5259 plaudentes
3087 5190 3334 5244 manibus
3363 5184 3647 5243 recedatis?
3667 5177 3761 5232 Non

2219 5284 2322 5338 hoc
2349 5291 2682 5351 spectamus;
2713 5281 2855 5335 absit
2885 5297 2898 5333 :
2937 5281 3032 5335 sed
3073 5288 3304 5335 vestram
3345 5280 3638 5333 utilitatem.
3669 5269 3762 5323 Mea

2220 5377 2450 5431 maxima
2488 5377 2600 5429 laus
2626 5383 2708 5430 est
2737 5385 2791 5428 et
2819 5387 3062 5428 summus
3104 5373 3352 5443 plausus,
3384 5372 3426 5424 si
3452 5369 3567 5438 quis
3591 5380 3616 5416 a
3646 5357 3764 5413 vitiis

2220 5469 2287 5522 ad
2318 5469 2568 5522 virtutem
2609 5476 2969 5530 convertatur,
3002 5466 3047 5520 si
3071 5469 3191 5536 quis
3221 5475 3377 5519 antea
3405 5464 3580 5526 deses,
3609 5461 3762 5509 nostra

2220 5559 2593 5614 adhortatione
2611 5559 2882 5614 studiosus
2905 5559 2996 5611 fiat
3016 5578 3028 5614 :
3049 5558 3151 5612 hoc
3170 5567 3223 5612 et
3241 5557 3370 5611 mihi
3398 5552 3668 5609 maximum
3695 5537 3761 5590 af.

2222 5652 2326 5706 fert
2351 5650 2596 5706 solatium
2626 5661 2679 5703 et
2709 5649 2941 5716 laudent,
2970 5658 3026 5705 et
3049 5642 3220 5705 vobis
3239 5650 3445 5702 lucrum
3488 5652 3541 5698 ct
3579 5632 3762 5692 divitias

2225 5741 2545 5813 spiritualcs.
2580 5745 2686 5802 Sed
2714 5761 2821 5801 non
2846 5744 3076 5815 ambigo,
3107 5742 3233 5814 quin
3262 5740 3490 5796 multum
3514 5728 3660 5790 studii
3685 5737 3760 5776 cr-
