3974 6394
430 338 537 400 673

432 454 636 525 πολλὴν
677 450 1007 518 ἐπιδείξεσθε
1049 449 1148 522 τήν
1184 449 1459 520 σπουδὴν,
1493 448 1595 502 οὐκ
1641 444 2000 517 ἀμφιϐάλλω·

433 530 554 591 οἶδα
581 536 689 605 γάρ
709 537 789 588 ὅτι
832 533 1157 587 θεοδίδακτοί
1197 535 1340 595 ἐστε,
1372 532 1659 602 δυνάμενοι
1685 532 1777 583 καὶ
1814 530 2007 592 ἄλλους

434 619 726 673 νουθετεῖν.
773 616 870 669 Διά
907 616 1063 668 τοῦτο
1092 613 1326 667 ἐνταῦθα
1356 615 1560 685 στήσας
1599 613 1694 682 τὴν
1729 610 1858 682 ’περὶ⁵
1885 610 2008 663 τού-

435 718 530 754 του
558 697 887 769 συμϐουλὴν,
919 698 1016 767 τῆς
1044 696 1308 765 συνήθους
1334 696 1542 766 ἅψομαι
1576 692 1923 754 διδασκαλίας
1944 693 2009 744 ἐκ

434 784 545 837 τῶν
565 782 660 835 τοῦ
692 778 961 850 μακαρίου
988 780 1265 842 Μωῢσέως
1293 779 1572 850 ῥημάτων,
1598 776 1795 847 μᾶλλον
1820 775 1876 827 δέ
1899 774 2009 826 τῶν

435 864 591 934 παρά
609 862 702 916 τοῦ
728 864 886 930 ἀγίου
909 860 1047 914 Πνεύ
1058 879 1224 930 ματος
1243 862 1307 914 δι’
1335 860 1498 915 αὐτοῦ
1526 862 1657 930 ἡμῖν
1681 858 2008 929 εἰρημένων,

440 946 611 1017 μικρά
644 962 768 998 τινα
794 946 874 1007 εἰς
896 944 957 996 τὸ
991 944 1157 1013 μέσον
1189 942 1475 1013 προσθεὶς,
1510 941 1719 994 ἐκεῖθεν
1745 940 1874 1009 ύμῖν
1914 938 2011 1007 σή-

440 1044 604 1098 μερον
638 1028 737 1097 τὴν
761 1023 1004 1080 ἑστίασιν
1040 1028 1453 1096 παραθήσομαι.
1491 1025 1791 1085 Ἠκούσατε
1818 1019 2012 1093 πρώην

436 1111 584 1173 ὅπως
618 1106 762 1162 κατὰ
811 1108 911 1179 τὴν
962 1103 1270 1178 συμϐουλὴν
1314 1108 1413 1177 τῆς
1455 1107 1748 1167 Ῥεϐέκκας
1795 1105 2012 1158 ἅπαντα

435 1190 879 1261 διαπραξάμενος
902 1190 931 1243 6
970 1188 1182 1254 Ἰακὼϐ,
1213 1190 1310 1260 τὴν
1337 1190 1489 1260 παρά
1514 1189 1607 1242 τοῦ
1634 1186 1786 1259 [524]
1807 1185 2011 1256 πατρὸς

438 1273 687 1341 εὐλογίαν
719 1273 1087 1337 ἐπεσπάσατο,
1120 1269 1219 1343 τὴν
1249 1270 1537 1342 ἐπαινετὴν
1564 1270 1777 1339 ἐκείνην
1809 1266 2014 1338 κλοπὴν

440 1355 870 1424 ἐπιδειξάμενος,
899 1355 965 1408 δι’
990 1355 1019 1408 ὃ
1056 1352 1153 1408 καλ⁵
1180 1355 1279 1424 τῆς
1310 1354 1461 1423 παρά
1501 1352 1596 1405 τοῦ
1641 1351 1776 1404 Θεοῦ
1821 1365 2011 1419 συνερ-

439 1437 565 1504 γίας
598 1437 898 1507 ἀπήλαυσε,
924 1436 1019 1489 καὶ
1050 1438 1129 1498 εἰς
1156 1435 1313 1505 ἔργον
1338 1430 1561 1504 ἐξῆλθεν
1591 1432 1740 1502 αὐτῷ
1766 1429 1826 1485 τὸ
1852 1446 2016 1483 σπου-

439 1518 735 1588 δαζόμενον
751 1535 766 1550 ’
793 1517 906 1570 ἀλλ’
930 1517 1115 1587 ἐπειδὴ
1141 1517 1387 1571 ἐντεῦθεν
1407 1515 1555 1585 αὐτῷ
1584 1515 1748 1577 πολὺς
1770 1516 1798 1566 6
1825 1512 2016 1581 φθόνος

442 1601 686 1654 ἐτίκτετο
726 1599 875 1671 παρά
908 1599 1004 1652 τοῦ
1048 1597 1254 1663 Ἠσαῦ,
1304 1599 1396 1651 καὶ
1442 1598 1579 1668 πρὸς
1620 1596 1779 1665 φόνον
1831 1594 2016 1647 λοιπὸν

444 1681 887 1752 παρεσκευάζετο
909 1693 960 1721 ι’
977 1680 1214 1733 τοιοῦτον
1242 1680 1350 1750 γὰρ
1385 1679 1537 1732 τουτὶ
1554 1678 1614 1731 τὸ
1641 1676 1879 1746 ὀλέθριον
1908 1674 2015 1728 πά-

443 1762 563 1828 θος·
597 1766 659 1817 οὐ
690 1763 953 1834 πρότερον
977 1763 1210 1824 ἵσταται,
1236 1762 1428 1832 μέχρις
1452 1761 1517 1814 ἂν
1550 1760 1641 1813 τὸν
1665 1759 1769 1812 ὑπὸ
1795 1757 1888 1811 τοῦ
1918 1757 2019 1810 πάο

443 1844 572 1910 θους
597 1846 788 1899 ἁλόντα
815 1846 956 1898 κατά
991 1845 1251 1916 κρημνῶν
1281 1844 1562 1913 ἐνὲχθῆναι
1597 1839 2014 1913 παρασκευάσῃ,

442 1926 537 1979 καὶ
570 1926 707 1996 πρὸς
746 1926 847 1997 τὴν
875 1925 968 1979 τοῦ
999 1920 1157 1995 φόνου
1197 1926 1542 1997 παρανομίαν
1579 1926 1823 1995 δραμεῖν.
1865 1922 2020 1985 Ῥίζα

443 2009 555 2081 γὰρ
581 2008 677 2063 τοῦ
711 2010 871 2078 φόνου
897 2011 926 2063 6
944 2009 1157 2078 φθόνος.
1182 2009 1338 2063 Οὕτω
1364 2012 1455 2063 κα¹ι
1488 2008 1549 2072 ἐξ
1579 2008 1755 2078 ἀρχῆς
1793 2006 1888 2059 ἐπὶ
1922 2003 2018 2059 τοῦ

444 2093 588 2147 Κάῖν
627 2093 723 2146 καὶ
759 2092 853 2144 ἐπὶ
904 2092 1000 2145 τοῦ
1035 2092 1203 2145 ’Δϐελ
1242 2093 1486 2161 γέγονεν.
1522 2092 1690 2146 υύδέν
1733 2090 1843 2160 γάρ
1881 2088 2021 2158 ἔχων

445 2175 568 2229 οὐδέ
633 2177 839 2238 ἐκεῖνος
863 2216 878 2239 ,
912 2176 973 2228 οὐ
1027 2175 1257 2246 μικρὸν,
1308 2177 1370 2229 οὐ
1427 2175 1571 2244 μέγα
1619 2173 1913 2243 ἐγκαλέσαι
1943 2171 2023 2243 τῷ

446 2255 683 2327 ἀδελφῷ,
714 2256 900 2328 ἐπειδὴ
929 2255 1067 2311 εἶδεν
1099 2257 1488 2328 εὐδοκιμοῦντα
1520 2257 1669 2327 παρά
1689 2255 2024 2326 τῷΔεσπότῃ

445 2338 555 2392 τῶν
574 2338 711 2392 ὅλων
730 2338 837 2392 ἀπὸ
855 2339 954 2409 τῆς
978 2338 1350 2410 προσκομιδῆς
1369 2339 1477 2392 τῶν
1494 2339 1702 2410 δώρων,
1720 2338 1817 2391 καὶ
1835 2337 2023 2390 ἐαυτὸν

445 2421 751 2493 ἀπόϐλητον
778 2422 1140 2492 γεγενημένον
1163 2422 1251 2474 διά
1271 2423 1369 2491 τὴν
1391 2422 1599 2474 οἰκείαν
1627 2420 1917 2491 ρᾳθυμίαν,
1944 2421 2024 2483 εἰς

446 2504 641 2572 φθόνον
663 2503 826 2567 εὐθὺς
845 2504 1173 2576 διηγείρετο,
1200 2505 1293 2557 καὶ
1315 2504 1413 2575 τὴν
1445 2504 1601 2573 ῥίζαν
1632 2503 1727 2556 τοῦ
1755 2503 1915 2572 φόνου
1945 2518 2025 2554 τε⁶

446 2586 558 2641 κὼν
578 2588 635 2640 ἐν
658 2590 724 2657 τῇ
747 2587 974 2657 διανοίᾳ,
993 2587 1335 2658 παραχρῆμα
1356 2587 1451 2641 καὶ
1477 2587 1568 2641 τὸν
1592 2587 1800 2658 καρπὸν
1821 2588 2025 2639 ἐκεῖνον

444 2670 537 2723 τὸν
560 2669 802 2741 ὀλέθριον
829 2669 1159 2733 ἐπεδείξατο,
1180 2670 1275 2723 καὶ
1301 2669 1390 2722 τὸν
1414 2669 1573 2738 φόνον
1599 2672 1681 2732 εἰς
1708 2668 1868 2739 ἔργον
1890 2668 2028 2737 ἧγα⁴

447 2768 567 2820 γεν.
586 2750 745 2805 υύτω
779 2752 845 2821 δὴ
874 2751 969 2805 καὶ
994 2749 1090 2804 νῦν
1119 2753 1147 2804 6
1177 2750 1351 2804 Ἠσαῦ
1383 2750 1508 2805 ἰδὼν
1545 2751 1637 2804 τὸν
1669 2749 1898 2819 ἀδελφὸν
1927 2748 2026 2812 τὰς

449 2833 704 2901 εὐλογίας
744 2833 896 2905 παρά
928 2832 1023 2887 τοῦ
1055 2833 1261 2905 πατρὸς
1303 2831 1618 2902 δεξάμενον,
1656 2834 1750 2886 καὶ
1802 2831 1904 2885 ὑπὸ
1930 2830 2028 2884 τοῦ

450 2915 626 2984 θυμοῦ
652 2915 746 2968 καὶ
775 2916 874 2985 τῆς
894 2913 1201 2985 βασκανίας
1228 2917 1308 2979 είς
1339 2915 1499 2985 φόνον
1516 2916 1544 2955 δ
1569 2914 1892 2987 ἐξενεχθεὶς,
1910 2916 2032 2985 ἐμε-

400 2988 407 2995 ’
449 2996 585 3051 λέτα
614 2998 710 3051 τοῦ
754 2997 987 3067 ἀδελφοῦ
1031 2998 1131 3068 τὴν
1171 2999 1470 3068 ἀναίρεσιν.

532 3078 719 3147 Ἀλλ”ή
739 3079 1016 3150 θαυμασία
1032 3082 1213 3150 μήτηρ
1243 3081 1400 3133 τοῦτο
1417 3079 1733 3151 αἰσθομένη,
1753 3079 1915 3135 πάλιν
1935 3078 2031 3151 τὴν

455 3162 729 3231 μητρικὴν
744 3161 1126 3233 φιλοστοργίαν
1140 3180 1206 3215 πε
1215 3163 1268 3231 ρὶ
1278 3162 1365 3215 τὸν
1384 3164 1545 3216 παῖδα
1558 3163 1920 3218 ἐπιδείκνυται
1936 3165 2033 3217 καὶ

453 3248 520 3296 συ
527 3241 763 3314 μϐουλὴν
780 3244 1097 3315 εἰσάγειτὴν
1111 3243 1415 3314 δυναμένην
1431 3245 1592 3297 αὐτὸν
1609 3244 1911 3314 ἐξαρπάσαι
1924 3246 2032 3300 τῶν

450 3322 544 3375 τοῦ
561 3322 789 3391 ἀδελφοῦ
803 3341 863 3392 χε
873 3341 887 3374 ι
895 3321 1021 3393 ρῶν.
1034 3323 1361 3376 Καλέσασα
1372 3322 1499 3393 γὰρ,
1508 3341 1580 3393 φη
1588 3325 1660 3387 σῖ,
1675 3324 1782 3377 τὸν
1793 3326 1928 3378 υἱὸν
1936 3328 2045 3383 αὺο.

450 3400 563 3471 τῆς
580 3402 685 3455 τὸν
699 3402 1009 3470 νεώτερον,
1027 3398 1197 3455 εἶπεν
1208 3400 1389 3463 αὐτῷ’
1425 3400 1581 3456 Ἰδοὺ
1604 3401 1787 3457 Ἡσαῦ
1803 3406 1837 3455 ὁ
1858 3403 2033 3457 ἀδελ-

450 3481 567 3550 φός
589 3495 706 3535 σου
731 3480 1078 3535 ἀπειλεῒσοι
1099 3479 1450 3533 ἀποκτεῖναί
1469 3479 1699 3534 σε.Νῦν
1717 3476 1832 3534 οὖν
1851 3482 2034 3536 ἀκου-

452 3564 572 3616 σόν
594 3578 714 3630 μου
742 3562 854 3629 τῆς
883 3559 1110 3628 φωνῆς.
1137 3562 1204 3612 Ἦ
1225 3561 1391 3630 πεῖρά
1417 3577 1475 3613 σε
1504 3562 1820 3625 διδασκέτω,
1849 3564 2032 3634 φησὶν,

452 3642 537 3696 ὅτι
556 3642 626 3696 τά
649 3641 902 3708 λυσιτελῆ
921 3658 1002 3693 σοι
1026 3641 1396 3711 συμϐουλεύω,
1420 3643 1513 3695 καὶ
1540 3643 1789 3715 καθάπερ
1809 3645 1911 3714 ήδη
1935 3647 2037 3716 τῆς

455 3725 596 3793 ἐμῆς
626 3724 809 3790 φωνῆς
847 3722 1110 3787 ἀκούσας,
1142 3723 1241 3780 τὰς
1270 3724 1510 3793 μεγάλας
1541 3727 1755 3788 ἐκείνας
1790 3727 2036 3796 εὐλογίας

455 3805 752 3859 ἐπεσπάσω
775 3805 923 3876 παρὰ
946 3805 1037 3858 τοῦ
1061 3805 1287 3877 πατρὸς,
1316 3806 1457 3860 οὕτω
1482 3808 1545 3877 δὴ
1577 3809 1669 3861 καὶ
1690 3808 1783 3862 νῦν
1804 3809 2037 3869 ἄκουσόν

460 3900 562 3955 μου
600 3883 699 3953 τῆς
727 3887 931 3953 φωνῆς,
958 3883 1042 3936 ἵνα
1076 3882 1359 3952 διαφυγεῖν
1384 3886 1621 3958 δυνηθῇς
1662 3888 1758 3941 τοῦ
1802 3887 2035 3959 ἀδελφοῦ

455 3962 556 4025 τάς
580 3963 789 4032 χεῖρας.
821 3961 977 4015 Οὐτω
1002 3959 1110 4032 γὰρ
1150 3963 1340 4015 ἑαυτὸν
1368 3963 1754 4036 ἐλευθερώσεις
1782 3966 1891 4020 τῶν
1924 3985 2037 4021 κιν-

456 4038 650 4100 δύνων,
683 4038 827 4107 κάμέ
850 4038 944 4091 τοῦ
970 4037 1215 4102 πένθους.
1239 4040 1399 4103 Εἰκὸς
1422 4042 1531 4112 γὰρ
1558 4045 1784 4106 ἐκεῖνον,
1809 4046 1859 4096 εἰ
1882 4044 2038 4099 τοῦτο

457 4116 773 4185 τολμήσειε,
807 4113 961 4183 δίκην
990 4116 1390 4188 ἀπαιτηθῆναι,
1418 4120 1512 4170 καὶ
1544 4120 1881 4190 πανταχόθεν
1912 4122 2038 4192 ἐμοὶ

458 4194 563 4264 τῆς
604 4192 797 4262 ὀδύνης
836 4192 935 4262 τὴν
968 4193 1219 4247 ἐπίτασιν
1271 4194 1554 4258 αὔξεσθαι.
1590 4199 1897 4253 Ἄκουσον
1925 4197 2039 4255 οὖν

455 4289 575 4341 μου
610 4269 723 4338 τῆς
748 4268 974 4339 φωνῆς,
1000 4270 1100 4323 καί
1125 4271 1396 4335 ἀναστὰς
1436 4272 1726 4339 ἀπόδραθι
1756 4276 1905 4341 πρὸς
1931 4277 2039 4330 τὸν

458 4348 726 4418 ἀδελφόν
740 4363 860 4416 μου
884 4348 1090 4402 Λάϐαν
1114 4351 1202 4414 είς
1226 4349 1482 4417 Χαρρὰν,
1502 4350 1600 4403 καὶ
1634 4352 1892 4419 οἵκησον
1910 4357 2037 4421 μετ’

458 4429 646 4485 αὐτοῦ
690 4429 915 4499 ἡμέρας
966 4429 1167 4496 τινὰς,
1211 4429 1322 4496 ἕως
1372 4431 1480 4485 τοῦ
1521 4433 1899 4502 ἀποστρέψαι
1932 4436 2042 4488 τὸν

461 4506 649 4575 θυμὸν
671 4509 769 4561 καὶ
802 4508 918 4575 τὴν
949 4507 1138 4575 ὀργὴν
1166 4507 1272 4561 τοῦ
1304 4506 1573 4575 ἀδελφοῦ
1603 4524 1720 4562 σου
1753 4510 1871 4564 ἀπὸ
1899 4512 2036 4576 σοῦ,

459 4586 558 4639 καί
585 4585 933 4651 ἐπιλάθηται
964 4584 1003 4638 ἁ
1035 4585 1368 4650 πεποίηκας
1397 4584 1589 4651 αὐτῷ·
1621 4586 1721 4639 καί
1762 4588 2043 4641 ἀποστεί-

459 4666 625 4715 λασα
667 4662 1128 4731 μεταπέμψομαι
1175 4677 1250 4716 σε
1300 4663 1528 4718 ἐκεῖθεν
1548 4704 1563 4725 ,
1612 4664 1847 4733 μήποτε
1905 4667 2042 4720 ἀτε-

463 4738 669 4792 κνωθῶ
703 4740 772 4791 ἐκ
805 4739 925 4792 τῶν
951 4741 1062 4794 δύο
1093 4740 1261 4808 ὑμῶν
1310 4742 1382 4795 ἐν
1422 4743 1614 4811 ἡμέρᾳ
1656 4742 1782 4813 μιᾷ.
1827 4746 2039 4811 Ἄπιθι,

464 4814 621 4884 φησι,
650 4815 798 4880 πρὸς
834 4817 946 4869 τὸν
994 4817 1262 4886 ἀδελφόν
1299 4837 1420 4888 μου
1448 4820 1656 4875 Λάόαν
1678 4863 1695 4887 ,
1744 4823 1846 4878 καί
1890 4825 2044 4880 obeat

463 4891 591 4947 ἐκεῖ
606 4895 733 4961 μετ’
756 4894 963 4947 αὐτοῦ.
981 4895 1141 4958 Εἰκὸς
1163 4896 1274 4966 γὰρ
1300 4898 1394 4950 καὶ
1419 4898 1509 4951 τὸν
1532 4900 1810 4970 χωρισμὸν
1834 4903 2044 4958 καὶτὸν

463 4974 522 5025 ἐν
557 4972 706 5043 μέσῳ
746 4971 934 5042 χρόνον
972 4971 1185 5047 ἰσχῦσαί
1212 4992 1266 5027 τι
1296 4976 1475 5040 πλέον,
1511 4978 1606 5029 καὶ
1641 4980 2047 5051 παραμυθήσας

465 5051 599 5130 σθαι,
619 5052 679 5104 τὸ
705 5051 897 5115 πάθος,
913 5052 1006 5130 καλ.
1024 5051 1122 5122 τὴν
1145 5052 1441 5130 βασκανίαν
1462 5054 1735 5124 λωφῆσαι,
1760 5058 1854 5111 καὶ
1873 5058 2043 5130 λήθην

465 5128 615 5210 αὐτῷ
646 5130 897 5210 γενέσθαι
924 5129 1034 5210 τῶν
1065 5131 1173 5210 ὐπὸ
1223 5129 1317 5210 σοῦ
1353 5133 1737 5210 γεγενημένων
1783 5128 2043 5210 περίίτήν

466 5206 565 5276 τῆς
607 5207 860 5276 εὐλογίας
910 5207 1137 5278 κλοπήν.
1182 5206 1295 5262 Καὶ
1338 5207 1689 5276 ἐπιλάθηται
1709 5211 1732 5270 .’
1767 5206 1952 5283 φησὶν,
2000 5206 2045 5270 'a

472 5287 803 5353 πεποίηκας
829 5286 1009 5351 αὐτῷ.
1040 5287 1302 5350 Εἰκότως,
1355 5287 1541 5355 φησὶν,
1577 5287 1886 5357 ὀργίζεται·
1922 5293 1988 5345 δι’
2015 5293 2045 5346 ὃ

472 5365 735 5432 προσήκει
764 5366 1007 5419 ἐκκλῖναι
1058 5366 1220 5419 αὐτοῦ
1252 5364 1351 5435 τὴν
1394 5364 1593 5434 ὁρμήν,
1620 5365 1767 5429 ὅπως
1804 5367 1913 5421 ἀπὸ
1949 5368 2042 5422 τοῦ

469 5439 660 5515 χρόνου
708 5442 877 5512 λήθης
917 5444 1280 5515 ἐγγενομένης
1322 5442 1504 5512 αὐτῷ,
1557 5442 1696 5512 μετά
1744 5446 2045 5514 ἀσφαλείας

468 5514 653 5570 λοιπὸν
680 5518 911 5589 δυνηθῇς
938 5521 1035 5590 τὴν
1065 5514 1295 5575 ἐνταῦθα
1320 5520 1533 5591 οἴκησιν
1560 5522 1906 5593 ποιήσασθαι.
1934 5527 2038 5579 Καὶ

534 5601 562 5630 ⁸
590 5601 703 5672 Ροξι
721 5606 1097 5672 παρεσκευάζετο
1115 5608 1241 5656 male
1260 5608 1418 5672 jnﬁd.
1447 5608 1932 5672 leg,6&62).<964,qu:n
1947 5625 2040 5661 vox

472 5657 911 5742 ἓξιὲξξῖὲδξξερειξε
923 5657 1233 5742 Ψθξῖξίῗίῗίι
1248 5657 1635 5742 σιειτςετρςιεῑῗὲιεεε
1657 5657 1819 5742 νεῖὲιιέἰ
1837 5657 1937 5742 ἔδέξά
1954 5657 2043 5742 γὲὲ

473 5720 563 5793 τοῦ
587 5720 982 5793 φόνρυνό-φθόχος,
1016 5726 1193 5793 intem.
1214 5720 1618 5793 Διειςῇεειιξνὶᾱειιιι·
1636 5732 1716 5777 καὶ
1732 5720 1916 5793 ,καρὲιιζς
1955 5720 2042 5779 τοῦ

665 5779 853 5851 ὁφόχοξ.
877 5779 980 5851 NEC
1000 5797 1089 5831 suo
1110 5779 1260 5832 Marte
1274 5779 1365 5834 “illa
1387 5788 1649 5837 inseruisse
1666 5779 1977 5851 νὶιΙριὺΓίιῖιη
1992 5797 2039 5838 (ιι

475 5844 726 5899 sunlyere
747 5841 887 5899 digna
908 5843 1075 5899 Chrys.

537 5899 567 5940 δ
584 5898 735 5949 Sam.
758 5898 817 5948 cf
831 5898 1047 5987 quiugtic
1089 5916 1201 5953 mss.
1228 5904 1445 5965 :05'10‘1._

1157 336 1214 391 δ.
1254 332 1534 392 JOANNIS
1571 326 2055 388 CHRYSOSTOMI
2086 325 2401 384 ARCIIIEP.
2438 319 2979 387 CON‘STANTINOP.

3586 323 3691 381 ιιι

2118 442 2204 495 ἵνα
2238 444 2314 516 μὴ
2346 443 2497 516 [525]
2534 444 2840 516 δυσχεράνῃ
2880 445 2910 497 ὁ
2950 442 3077 505 παῖς
3115 440 3211 494 ἐπὶ
3251 439 3354 511 τήν
3405 439 3690 511 ἀλλοτρίαν

2113 521 2331 576 ἀπιέναι
2375 522 2956 593 καταναγκαζόμενος,
2991 522 3095 591 ὅρα
3126 519 3244 585 πῶς
3282 520 3689 589 παραμυθεῖται

2112 598 2207 654 τοῦ
2253 603 2375 655 νέου
2423 603 2521 673 τὴν
2560 602 2757 673 ψυχὴν,
2795 601 3009 671 πρῶτον
3041 599 3141 670 μὲν
3185 598 3451 650 εἰποῦσα’
3495 598 3691 673 Ἄπιθι

2115 675 2263 746 πρὸς
2290 672 2492 733 Λάϐαν
2513 681 2620 734 τὸν
2643 679 2911 747 ἀδελφόν
2928 695 3067 746 μου.
3107 674 3199 746 Μὴ
3233 674 3341 746 γὰρ
3378 674 3518 744 πρὸς
3549 672 3690 737 ξένον

2113 757 2258 818 τινὰ,
2287 758 2440 827 φησὶ,
2469 759 2780 826 κατεπείγω
2811 774 2868 810 σε
2894 756 3180 820 ἀπελθείν;
3208 754 3364 822 Πρὸς
3388 752 3500 806 τὸν
3522 750 3694 806 ἀδελὲ

2116 835 2236 903 φὺν
2262 836 2368 888 τὸν
2391 836 2555 904 έμὺν,
2590 836 2689 888 καί
2710 836 2859 889 οῖκει
2883 836 3009 903 μετ’
3039 831 3227 885 αὐτοῦ
3254 830 3486 899 ἡμέρας
3505 828 3691 892 τινάς.

2118 914 2351 985 Βραχύν,
2387 916 2542 984 φησὶ,
2574 913 2783 985 χρόνον,
2809 912 2993 981 ὀλίγας
3024 913 3258 982 ἡμέρας,
3290 911 3398 974 ἐως
3429 909 3529 962 τοῦ
3561 908 3696 961 παύ-

2120 992 2314 1045 σασθαι
2340 992 2438 1063 τὴν
2463 994 2653 1063 ὀργήν.
2687 991 2803 1045 Νῦν
2841 991 2950 1062 γὰρ
2992 990 3087 1044 καὶ
3117 988 3355 1059 ἀκμάζει
3383 985 3560 1056 αὐτῷ,
3592 1004 3695 1057 φη-

2120 1071 2223 1133 σὶν,
2242 1073 2270 1123 6
2299 1070 2488 1141 θυμὸς,
2518 1071 2612 1125 καὶ
2636 1070 2759 1123 οὐτε
2792 1069 2886 1123 τοῦ
2910 1068 3114 1140 πατρὸς
3138 1065 3272 1120 αἰ.δὼ
3291 1083 3416 1120 τινα
3439 1067 3695 1127 ποιεῖται,

2119 1145 2374 1212 καθάπαξ
2404 1148 2833 1220 τυραννούμενος
2879 1146 2985 1199 ὐπὸ
3024 1144 3122 1199 τοῦ
3164 1144 3392 1207 πάθους,
3432 1142 3561 1196 οὐτε
3602 1141 3707 1220 τήν

2119 1226 2409 1299 ἀδελφικὴν
2449 1219 2681 1298 στοργήν
2729 1229 2789 1280 ἐν
2836 1226 3045 1297 διανοίᾳ
3088 1225 3392 1295 λαμϐάνει,
3433 1222 3552 1277 ἀλλ’
3584 1219 3699 1283 ἐνὸς

2124 1306 2284 1376 μόνου
2319 1308 2562 1375 γίνεται,
2600 1306 2693 1360 τοῦ
2747 1306 2839 1359 τὸν
2896 1305 3067 1375 θυμὸν
3111 1303 3539 1375 ἀποπληρῶσαι.
3590 1300 3699 1354 Kal

2121 1387 2537 1441 ἁποστείλασα
2577 1385 3041 1455 μεταπέμψομαὶ
3081 1397 3156 1437 σε
3200 1383 3459 1452 ταχέως,
3507 1380 3717 1449 φησὶν,

2120 1464 2365 1519 ἐκεῖθεν.
2385 1467 2451 1518 Σὲ
2468 1463 2739 1529 ἐπανάξω.
2765 1464 2954 1517 Ἄπιθι
2974 1463 3153 1517 τοίνυν
3176 1461 3699 1533 θαρρῶν,δτι“Απο-

2123 1543 2417 1596 στείλασα
2440 1542 2899 1612 μεταπέμψομαι
2927 1555 3029 1596 σε’
3075 1541 3207 1610 περὶ
3235 1541 3346 1611 γάρ
3377 1538 3475 1592 τοῦ
3507 1536 3702 1598 παντός

2124 1620 2242 1673 ἐστί
2271 1637 2360 1691 μοι
2392 1623 2421 1675 6
2453 1620 2631 1688 ἀγὼν,
2663 1622 2755 1674 καὶ
2796 1621 2926 1691 περὶ
2960 1619 3288 1690 ἀμφοτέρων
3326 1616 3566 1678 δέδοικα,
3602 1616 3704 1685 μήτ

2125 1715 2256 1751 ποτε
2285 1699 2643 1769 ἀποστερηθῶ
2675 1698 3024 1768 ἀμφοτέρων.
3043 1697 3185 1767 Ὅρα
3219 1695 3435 1748 σύνεσιν
3467 1692 3700 1764 μητρόςσ

2125 1776 2243 1839 πῶς
2271 1776 2479 1830 οἴκοθεν
2506 1778 2819 1847 κινουμένη,
2840 1775 3039 1846 μᾶλλον
3064 1775 3120 1828 δὲ
3152 1776 3219 1844 τῇ
3248 1771 3345 1827 τοῦ
3379 1771 3519 1825 Θεοῦ
3547 1774 3707 1841 προρ-

2128 1857 2284 1927 ρήσει
2311 1856 2404 1909 καὶ
2433 1855 2527 1909 νῦν
2550 1854 2991 1925 ὐπηρετουμένη,
3024 1855 3206 1906 ἐκεῖνα
3240 1849 3599 1922 συμϐουλεύει
3630 1848 3705 1918 τῷ

2127 1932 2298 1992 παιδὶ,
2324 1932 2470 2002 ἀπερ
2502 1933 2532 1985 6
2564 1930 2800 2002 Χριστὸς
2842 1929 3073 2000 παρῄνει
3104 1932 3216 1991 τοῖς
3249 1928 3539 1998 μαθηταῖς,
3573 1943 3707 1995 συμ-

2129 2008 2401 2063 ϐουλεύων
2434 2010 2508 2079 μὴ
2549 2010 2715 2079 ὁμόσε
2756 2010 2956 2078 χωρεῖν
2984 2009 3095 2071 τοῖς
3134 2006 3424 2069 κινδύνοις,
3455 2004 3597 2059 ἀλλά
3624 2003 3709 2057 διά

2128 2086 2230 2156 τῆς
2280 2087 2681 2156 ἀναχωρήσεως
2731 2084 3172 2157 παραμυθεῖσθαι
3206 2084 3302 2138 τοῦ
3355 2083 3567 2147 πάθους
3610 2083 3707 2153 τὴν

2134 2160 2353 2235 μανίαν.
2411 2163 2582 2216 Τοῦτο
2641 2164 2823 2216 τοίνυν
2873 2163 2966 2218 καὶ
3019 2163 3157 2231 αὐτη
3210 2162 3583 2233 εἰσηγουμένη
3631 2158 3717 2229 τῷ

2131 2244 2305 2305 παιδῖ,
2339 2244 2602 2315 πρότερον
2632 2243 2779 2313 αὐτῷ
2811 2244 3259 2315 συμϐουλεύσασα
3287 2244 3382 2296 καὶ
3426 2242 3710 2312 παραθαρο

2133 2322 2340 2393 ρύνασα
2385 2322 2549 2376 αὐτοῦ
2596 2321 2687 2376 τὸν
2734 2324 3026 2392 λογισμὸν,
3059 2322 3199 2376 ὥστε
3255 2322 3330 2393 μὴ
3381 2322 3710 2391 δυσχερᾶναι

2132 2402 2268 2473 πρὸς
2295 2402 2387 2455 τὸν
2415 2402 2716 2473 χωρισμὸν,
2738 2401 2859 2454 τότε
2884 2401 3069 2456 λοιπὸν
3092 2403 3187 2455 καὶ
3217 2401 3474 2472 ἀφορμὴν
3494 2398 3712 2467 εὐλογον

2131 2483 2197 2550 τῇ
2224 2480 2503 2550 ἀποδημίᾳ
2531 2479 2832 2552 περιθεῖναι
2862 2479 3130 2550 βούλεται,
3152 2480 3290 2532 ὥστε
3319 2479 3395 2550 μὴ
3420 2476 3713 2549 προφανῶς

2132 2558 2281 2625 δόξαι
2322 2558 2411 2612 διὰ
2459 2558 2559 2628 τὴν
2605 2557 2699 2611 τοῦ
2737 2556 2968 2626 ἀδελφοῦ
3019 2556 3318 2626 βασκανίαν
3373 2558 3709 2627 ἀναχωρεῖν,

2138 2637 2276 2708 μηδέ
2317 2637 2412 2696 τὸν
2452 2636 2665 2706 πατέρα
2708 2636 2911 2704 γνῶναι
2937 2636 3037 2707 τὴν
3063 2635 3238 2706 ἀληθῆ
3266 2636 3367 2705 τῆς
3405 2633 3719 2705 ἀποδημίας

2136 2718 2335 2783 αἰτίαν,
2363 2720 2500 2788 μήτε
2524 2717 2619 2770 τοῦ
2649 2718 2822 2771 Ἠσαῦ
2847 2718 2946 2789 τὴν
2965 2717 3109 2772 κατά
3126 2716 3292 2771 αὐτοῦ
3319 2716 3709 2785 ἀγανάκτησιν.

2135 2802 2247 2856 Καὶ
2288 2800 2676 2865 είσελθοῦσα,
2719 2800 2882 2871 φησὶ,
2929 2799 3079 2867 πρὸς
3114 2801 3222 2853 τὸν
3270 2800 3477 2854 Ἰσαὰκ
3518 2798 3559 2866 ἡ
3604 2799 3713 2853 Ῥε-

2138 2883 2320 2939 ϐέκκα
2343 2880 2471 2937 εἷπε
2490 2897 2505 2911 °
2541 2881 2937 2950 Προσώχθισα
2961 2880 3033 2949 τῇ
3070 2880 3185 2948 ζωῇ
3206 2900 3326 2951 μου
3358 2880 3458 2936 διὰ
3484 2882 3593 2947 τὰς
3618 2884 3717 2935 θυ-

2138 2968 2391 3038 γατέρας
2437 2965 2557 3019 τῶν
2588 2964 2734 3020 υἱῶν
2776 2965 2907 3018 Χέτ.
2960 2967 3029 3018 ΕΙ
3056 2965 3317 3032 λήψεται
3358 2964 3573 3018 Ἰακὼϐ
3616 2983 3718 3033 τυ-

2138 3045 2319 3100 ναῖκα
2338 3044 2458 3100 ἀπὸ
2482 3043 2600 3097 τῶν
2631 3043 2967 3114 θυγατέρων
2994 3040 3102 3109 τῆς
3128 3042 3239 3112 γῆς
3267 3044 3510 3111 ταύτης,
3541 3045 3641 3097 ἵνα
3660 3040 3723 3095 τί

2139 3143 2243 3195 μοι
2280 3126 2345 3179 τὸ
2381 3122 2488 3193 ζῇν
2500 3139 2520 3188 ;

2209 3236 2280 3300 γ’.
2312 3228 2513 3282 Σκόπει
2542 3227 2659 3287 πῶς
2684 3226 3038 3297 εὐπρόσωπον
3085 3220 3210 3297 εἶρε
3236 3225 3719 3296 πρόφασιν.⁶’οταν

2141 3310 2251 3380 γάρ
2276 3311 2410 3378 ἡμῖν
2436 3311 2469 3377 ἡ
2495 3305 2699 3360 ἀνωθεν
2724 3305 3049 3376 συμπράττῃ
3066 3304 3236 3370 δεξιά,
3265 3305 3359 3358 καὶ
3388 3304 3459 3357 τά
3486 3303 3721 3375 δυσχερῆ

2143 3390 2339 3444 εὐκολα
2368 3389 2596 3457 γίνεται,
2637 3388 2730 3440 καί⁵
2745 3387 2812 3439 τά
2852 3386 3084 3439 δύσκολα
3116 3387 3291 3457 ῥᾴδια.
3335 3387 3487 3439 Ἐ’πεὶ
3518 3383 3611 3440 οὖν
3629 3387 3721 3440 καὶ

2141 3469 2281 3539 αὕτη
2314 3465 2428 3537 εἳχε
2456 3468 2547 3520 τὸν
2574 3466 2683 3519 τῶν
2714 3464 2850 3518 ὅλων
2887 3465 3020 3517 Θεὸν
3054 3464 3408 3518 συναινοῦντα
3447 3466 3621 3532 αὐτῆς
3652 3468 3716 3535 τῇ

2142 3551 2335 3622 γνώμη
2356 3592 2369 3613 ,
2402 3550 2579 3603 πάντα
2610 3547 2681 3600 τὰ
2715 3547 2989 3615 δυνάμενα
3019 3548 3290 3600 συντελεῖν
3331 3550 3396 3619 τῇ
3437 3550 3720 3620 οἰκονομία

2143 3626 2209 3701 τῇ
2247 3627 2533 3699 μελλούσῃ,
2572 3626 2666 3679 καὶ
2697 3624 2792 3678 τοῦ
2823 3624 3011 3688 παιδὸς
3048 3629 3114 3696 τῇ
3151 3626 3413 3696 σωτηρίᾳ,
3450 3627 3721 3680 ὐπέϐαλεν

2144 3708 2316 3778 αὐτῆς
2347 3710 2414 3777 τῇ
2453 3704 2681 3773 διανοίᾳ.
2717 3702 3130 3772 Προσώχθισα,
3165 3705 3350 3774 φησιν,
3383 3703 3458 3773 τῇ
3485 3704 3599 3773 ζωῇ
3626 3705 3722 3758 διὰ

2145 3787 2251 3853 τὰς
2284 3783 2610 3854 θυγατέρας
2634 3782 2755 3835 τῶν
2791 3781 2936 3835 υἱῶν
2954 3782 3183 3859 Χέτηιῖί
3222 3784 3483 3851 λήψεται
3519 3785 3729 3839 Ἰακὼϐ

2144 3863 2407 3934 γυναῖκα
2436 3862 2556 3916 ἀπὸ
2584 3860 2702 3915 τῶν
2729 3861 3065 3929 θυγατέρων
3087 3861 3196 3927 τῆς
3223 3860 3333 3929 γῆς
3357 3864 3601 3929 ταύτης,
3624 3865 3724 3917 ἵνα

2145 3944 2205 3997 τί
2230 3959 2332 4011 μοι
2357 3940 2424 3993 τὸ
2453 3939 2595 4007 ζῇν;
2636 3937 2900 3991 Ἐνταῦθα
2938 3937 3272 3992 αἰνίττεσθαί
3312 3956 3400 4008 μοι
3441 3940 3592 3993 δοκεῖ
3617 3940 3721 3994 τῶν

2145 4026 2422 4098 γυναικῶν
2462 4024 2557 4079 τοῦ
2601 4023 2771 4078 Ἠσαῦ
2803 4024 2863 4077 τὸ
2906 4024 3238 4096 δύστροπον,
3281 4028 3375 4079 καὶ
3406 4028 3490 4080 ὅτι
3523 4029 3721 4098 πολλῆς

2147 4106 2342 4176 ἀηδίας
2369 4105 2554 4167 αὐτοῖς
2587 4102 2848 4167 ὑπόθεσις
2877 4103 3150 4171 γεγόνασι.
3184 4107 3295 4159 Καὶ
3327 4107 3436 4175 γὰρ
3466 4108 3729 4176 ἀνωτέρω

2147 4185 2444 4254 διηγήσατο
2472 4184 2603 4253 ἡμῖν
2634 4183 2668 4251 ή
2714 4182 2839 4236 θεία
2868 4182 3083 4253 Γραφή,
3117 4185 3200 4237 ὅτι
3237 4184 3429 4239 ἐλαϐεν
3468 4187 3581 4240 ἀπὸ
3616 4188 3723 4242 τῶν

2146 4270 2426 4324 Χετταίων
2463 4268 2560 4321 καὶ
2591 4268 2699 4321 ἀπὸ
2739 4269 2850 4322 τῶν
2888 4270 3104 4323 Εὐαίων
3144 4274 3410 4339 γυναῖκας
3455 4275 3485 4327 6
3531 4274 3720 4339 Ἠσαῦ,

2146 4347 2259 4402 Καὶ
2287 4344 2449 4419 ἦσαν
2475 4346 2774 4414 ἐρίζουσαι
2810 4346 2888 4411 τῷ
2935 4347 3142 4402 Ἰσαὰκ
3182 4350 3279 4402 καὶ
3320 4349 3396 4419 τῇ
3431 4353 3720 4421 Ῥεϐέκκα.

2148 4426 2319 4480 Τοῦτο
2362 4424 2454 4478 οὖν
2482 4426 2615 4479 αὐτὸ
2647 4426 2956 4496 ὑπομνῆσαι
2986 4427 3147 4480 αὐτὸν
3176 4427 3496 4501 βουλομένη,
3537 4450 3729 4502 μονον-

2148 4506 2268 4573 ουχὶ
2310 4504 2484 4556 ταῦτά
2530 4519 2659 4572 φησι
2709 4504 2846 4572 πρὸς
2891 4504 3087 4556 αὐτόν·
3115 4503 3274 4568 Οἶδας
3301 4508 3451 4573 ὅπως
3494 4528 3584 4579 μοι
3625 4513 3727 4581 τὴν

2151 4582 2298 4653 ζωὴν
2344 4581 2545 4651 πικρὰν
2585 4582 2949 4648 πεποιήκασιν
2998 4582 3073 4633 αἱ“
3104 4585 3342 4652 γαμεταὶ
3380 4587 3474 4639 τοῦ
3520 4590 3723 4654 Ἠσαῦ,

2151 4660 2246 4713 καὶ
2294 4660 2441 4721 ὅπως
2479 4658 2568 4711 διὰ
2610 4658 2709 4727 τὴν
2761 4658 2965 4711 τούτων
3002 4660 3302 4731 μοχθηρίαν
3355 4662 3543 4717 λοιπὸν
3592 4668 3727 4735 πρὸς

2151 4737 2332 4800 πάσας
2368 4736 2619 4805 ἀπεχθῶς
2661 4736 2769 4806 έχω
2810 4737 2908 4799 τάς
2938 4737 3246 4808 θυγατέρας
3276 4740 3387 4793 τῶν
3421 4743 3557 4797 υἱῶν
3592 4746 3727 4808 Χὲτ,

2151 4816 2247 4870 καὶ
2275 4815 2420 4869 ἀπαν
2462 4815 2523 4868 τὸ
2569 4815 2720 4878 ἔθνος
2748 4815 2814 4867 δι’
2852 4815 3065 4879 ὲκείνας
3097 4818 3399 4888 μεμίσηκά.
3446 4821 3512 4875 Εἰ
3549 4824 3727 4879 τοίνυν

2153 4893 2394 4963 συμϐαίη
2426 4893 2519 4945 καὶ
2555 4892 2645 4946 τὸν
2693 4892 2884 4946 Ἰακὼϐ
2924 4894 2990 4946 ἐκ
3034 4894 3240 4949 τούτων
3280 4898 3591 4965 ἀγαγέσθαι
3626 4920 3728 4965 γυ-

2152 4975 2333 5036 ναῖκα,
2364 4970 2491 5023 ποία
2531 4988 2620 5040 μοι
2658 4970 2843 5023 λοιπὸν
2872 4971 3023 5024 ἔσται
3066 4975 3339 5045 σωτηρίας
3373 4977 3567 5045 ἐλπίς;
3599 4982 3730 5034 Ἵνα

2151 5050 2209 5103 τί
2223 5049 2331 5118 γάρ
2342 5065 2443 5118 μοι
2472 5047 2536 5100 τὸ
2559 5046 2698 5114 (fw;
2730 5046 2883 5121 [526]
2908 5048 2968 5100 Εί
2986 5048 3096 5120 γάρ
3134 5051 3346 5115 ἐκείνας
3363 5054 3607 5121 ἐνεγκεῖν
3630 5057 3728 5109 οὐκ

2155 5127 2432 5198 ἰσχύομεν,
2478 5127 2527 5177 εί
2556 5125 2649 5178 καὶ
2679 5120 2834 5189 οὗτος
2871 5126 3065 5194 φθάσει
3109 5128 3216 5182 ἀπὸ
3259 5130 3369 5183 τῶν
3412 5120 3727 5204 θυγατέρων

2151 5210 2251 5278 τῆς
2278 5209 2381 5278 γῆς
2420 5205 2622 5285 ταύτης
2653 5205 2835 5285 λαϐεῖν
2877 5209 3130 5285 γυναῖκα,
3165 5212 3235 5263 τὰ
3279 5211 3558 5283 τῆς-ζωῆς
3603 5218 3727 5285 ἡμῖν

2152 5286 2378 5356 οἴχεται.
2418 5282 2683 5347 Ἀκούσας
2720 5284 2778 5337 δὲ
2825 5283 2995 5339 ταῦτα
3027 5287 3057 5339 6
3105 5286 3311 5353 Ἰσαὰκ,
3344 5291 3440 5343 καὶ
3480 5282 3561 5355 εἰς
3600 5282 3727 5345 6&6-

2157 5380 2351 5435 μνησιν
2399 5362 2568 5415 ἐλθὼν
2615 5362 2714 5433 τῆς
2753 5363 2977 5417 ἐκείνων
3020 5366 3220 5429 κακίας
3238 5407 3253 5429 ,
3299 5371 3728 5436 Προσκαλεσὰ·

2147 5460 2335 5513 μενος
2377 5442 2483 5495 τὸν
2522 5440 2747 5505 Ἰακὼϐ,
2774 5445 3093 5512 εὐλόγησε,
3136 5445 3323 5516 φησὶν,
3378 5450 3588 5512 αὑτὸν,
3633 5448 3727 5501 καί

2152 5520 2487 5573 ἐνετείλατο
2533 5518 2694 5584 αὐτῷ
2720 5519 2947 5588 λέγων’
2993 5523 3078 5576 Οὐ
3103 5523 3276 5591 λήψῃ
3316 5526 3575 5593 γυναῖκα
3611 5526 3726 5580 ἀπὸ

2141 5597 2270 5665 ὁτῶν
2307 5597 2643 5667 θυγατέρων
2693 5598 2813 5652 τῶν
2855 5601 3207 5654 Χαναναίων
3226 5617 3238 5630 ⁸
3284 5602 3425 5657 ἀλλ’
3461 5605 3727 5668 ἀναστὰς

2144 5676 2411 5743 ,πορεύου
2430 5677 2518 5739 είς
2554 5674 2668 5742 τὴν
2688 5680 3172 5744 Μεσοποταμίαν,
3192 5682 3279 5746 είς
3301 5680 3410 5734 τὸν
3433 5683 3605 5736 οἰκον
3625 5682 3731 5736 τοῦ

2154 5753 2375 5819 πατρὸς
2400 5750 2511 5818 τῆς
2538 5755 2765 5821 μητρός
2786 5769 2923 5818 σου.
2952 5756 3051 5812 καί
3076 5756 3224 5811 λάϐε
3245 5761 3486 5825 σεαυτῷ
3505 5761 3726 5817 ἐκεῖθεν

2160 5829 2413 5908 γυναῖκα
2438 5830 2506 5881 ἐκ
2535 5830 2652 5885 τῶν
2676 5836 3014 5902 θυγατέρων
3051 5837 3160 5891 τοῦ
3180 5839 3451 5908 ἀδελφοῦ
3488 5842 3600 5906 τῆς
3621 5858 3724 5907 μη-

2154 5904 2287 5971 τρός
2324 5920 2460 5959 σου.
2489 5908 2595 5961 Καὶ
2622 5911 2718 5964 οὐκ
2750 5910 2877 5981 ἔστη
2916 5913 3075 5985 μέχρι
3125 5904 3503 5987 τούτουξὰλλά
3538 5904 3721 5987 βουλό-τ
