3974 6426
267 388 374 447 ὄπιν

268 496 472 555 hihituri
503 496 653 550 sitis:
675 493 787 550 scio
802 493 944 548 enim
966 509 1060 548 vos
1083 509 1114 547 a
1139 496 1248 550 Deo
1269 495 1454 548 doctos
1480 509 1620 560 esse,
1646 508 1832 561 possc-

267 605 361 661 que
404 589 559 642 etiam
606 587 735 640 alios
775 585 1086 640 admonere.
1117 585 1343 654 Propter
1377 585 1478 638 hoc
1514 584 1601 638 hic
1639 584 1833 638 sistens

270 696 432 735 meum
481 679 782 740 consilium,
829 693 1046 747 pergam
1088 677 1154 731 ad
1192 679 1402 731 solitam
1441 677 1734 730 doctrinam
1767 691 1831 728 ex

268 771 437 825 verbis
465 769 607 822 beati
647 768 826 831 illusis,
875 769 982 822 itno
1010 769 1236 837 Spiritus
1276 768 1442 821 sancti
1480 783 1573 836 per
1599 781 1719 820 eum
1751 765 1833 818 lo-

279 861 510 930 quentis:
558 870 612 913 et
658 858 744 912 ubi
778 874 940 927 pauca
973 858 1215 927 quaedam
1246 873 1591 927 proposuero,
1622 857 1836 910 hodier-

272 970 386 1008 num
416 950 564 1005 vobis
593 951 738 1003 illinc
774 950 1073 1002 convivium
1097 948 1639 1016 appunam.Audistis
1667 961 1836 1016 nuper

271 1043 526 1116 quomodo
551 1041 717 1096 Jacob
763 1041 940 1093 omnia
984 1040 1182 1094 faciens
1223 1040 1514 1093 secundum
1547 1039 1832 1093 consilium

272 1138 536 1199 Rebecca),
567 1135 734 1203 patris
763 1132 1186 1186 benedictionem
1217 1132 1533 1200 arripuerit,
1549 1130 1840 1184 laudatum-

271 1245 366 1299 que
401 1227 596 1281 furtum
633 1225 981 1285 commiserit,
1012 1224 1133 1278 ideo
1158 1234 1212 1276 et
1239 1231 1640 1291 coeperatorem
1669 1223 1850 1291 Deum.

275 1321 460 1386 habuit,
483 1327 537 1374 et
555 1327 782 1375 conatus
803 1316 918 1385 ejus
942 1317 1076 1370 bene
1103 1318 1400 1370 successit:
1426 1314 1521 1370 sed
1548 1315 1669 1384 quia
1698 1315 1837 1368 Esait

275 1411 334 1464 ob
359 1409 407 1463 id
432 1408 530 1476 ipsi
559 1407 714 1474 valde
746 1406 1039 1470 invidebat,
1071 1414 1124 1458 et
1155 1421 1213 1458 se
1238 1405 1305 1458 ad
1336 1406 1536 1458 c:1:dem
1563 1419 1838 1474 prteparao

276 1501 387 1555 hat:
423 1501 495 1553 ita
531 1499 676 1556 enim
717 1514 776 1552 se
804 1497 963 1551 habet
989 1497 1128 1550 mala
1161 1497 1276 1550 hac
1304 1496 1546 1560 affectio;
1578 1511 1685 1548 non
1713 1495 1839 1550 ante

271 1590 483 1655 desistit,
514 1589 688 1644 donec
719 1604 747 1641 a
775 1604 834 1642 se
872 1597 1087 1656 captum
1117 1589 1172 1640 in
1211 1602 1449 1656 prmceps
1492 1587 1729 1655 dejiciat,
1766 1587 1847 1640 ita-

237 1721 244 1728 -
274 1695 323 1738 ut
345 1683 406 1738 ad
435 1683 707 1739 homicidii
745 1691 927 1736 currat
951 1682 1144 1736 scelus.
1183 1681 1354 1734 Radix
1393 1680 1534 1734 enim
1567 1678 1836 1733 homicidii

274 1777 451 1831 invidia
494 1775 588 1847 [et
630 1774 836 1829 fructus
884 1774 1094 1828 invidia:
1130 1771 1542 1842 homicidium].
1591 1771 1664 1824 Ita
1701 1781 1755 1824 et
1806 1787 1838 1824 a

276 1867 516 1938 principio
543 1868 638 1920 fuit
666 1867 807 1920 inter
836 1867 965 1920 Cain
1001 1875 1054 1919 et
1083 1865 1232 1919 Abel.
1269 1866 1363 1918 Ille
1397 1864 1538 1917 enim
1575 1862 1709 1915 nihil
1748 1862 1842 1915 ha-

280 1957 399 2012 hens
424 1959 506 2012 vel
540 1973 765 2027 parvum
792 1957 878 2010 vel
907 1972 1178 2025 magnum,
1212 1955 1278 2009 de
1302 1971 1406 2023 quo
1430 1964 1704 2009 accusaret
1728 1952 1842 2006 fra-

277 2057 416 2111 trem,
440 2047 526 2101 ubi
553 2046 681 2100 vidit
712 2045 858 2100 illum
888 2046 1115 2099 Domino
1145 2044 1354 2114 probari
1373 2053 1592 2113 propter
1617 2043 1843 2097 oblatio—

275 2153 384 2191 nem
415 2153 720 2201 munerum,
752 2152 810 2191 se
839 2150 970 2190 vero
996 2135 1064 2190 ob
1089 2135 1462 2204 negligentiam
1486 2147 1634 2187 suam
1664 2132 1837 2200 rejici,

276 2228 336 2282 ad
361 2229 600 2282 invidiam
630 2229 812 2281 statim
843 2238 1160 2296 provocatus
1189 2236 1307 2280 est:
1337 2235 1388 2280 et
1419 2234 1539 2278 nata
1572 2223 1843 2278 homicidii

278 2320 514 2392 radicein
544 2330 727 2373 mente
755 2319 903 2387 ejus,
938 2318 1113 2371 statim
1156 2318 1510 2387 perniciosum
1549 2317 1693 2368 illum
1736 2313 1845 2368 fru-

279 2423 406 2463 ctum
431 2409 626 2473 attulit,
656 2419 714 2462 et
739 2407 1082 2462 homicidium
1110 2408 1397 2461 commisit.
1419 2405 1495 2457 lta
1526 2419 1654 2458 sane
1681 2405 1842 2457 etiam

281 2500 425 2563 Esau,
451 2516 566 2554 cum
595 2500 802 2553 videret
839 2499 1111 2566 accupisse
1156 2497 1372 2550 fratrem
1418 2493 1844 2547 benedictionem

279 2606 304 2641 a
341 2599 502 2658 patre,
527 2590 594 2643 ab
635 2590 716 2642 ira
758 2596 811 2642 et
850 2588 1044 2641 invidia
1082 2587 1149 2641 ad
1185 2585 1527 2641 homicidium
1577 2583 1844 2648 inductus,

281 2687 615 2741 meditabatur
635 2696 862 2738 mortem
890 2683 1086 2736 fratris.

345 2777 598 2841 Quomodo
629 2775 857 2828 Rebccca
877 2775 1027 2828 saluti
1042 2773 1266 2844 junioris
1287 2771 1382 2840 ﬁlii
1409 2771 1488 2826 sui
1506 2767 1847 2831 consuluerit;

282 2869 528 2921 (cnsilium
563 2869 624 2920 ab
665 2868 783 2936 ipsa
815 2867 990 2918 datum
1031 2866 1097 2916 ad
1133 2865 1397 2916 consilium
1425 2863 1486 2914 ab
1511 2862 1620 2930 ipso
1650 2859 1847 2913 Christo

284 2959 441 3010 datum
466 2962 701 3027 refertur.
729 2986 802 2996 —
834 2956 1029 3009 Verum
1059 2954 1386 3008 admirabilis
1422 2953 1508 3005 illa
1555 2959 1723 3003 mater
1750 2949 1850 3002 hoc

283 3050 518 3114 sentiens,
564 3050 759 3102 iterum
802 3055 1100 3100 maternum
1141 3059 1376 3097 amorem
1411 3057 1534 3110 erga
1568 3041 1730 3092 lilium
1756 3037 1850 3091 de-

284 3139 515 3191 claravit:
544 3147 597 3191 et
623 3136 909 3191 consilium
939 3135 1114 3188 attulit
1140 3149 1242 3202 quo
1273 3139 1452 3200 posset
1482 3129 1658 3182 fratris
1677 3125 1848 3180 mani-

285 3228 372 3282 bus
416 3229 562 3299 eripi.
604 3228 698 3282 42.
736 3225 924 3280 Vocato
961 3226 1112 3289 enim,
1153 3224 1341 3292 inquit,
1376 3221 1483 3290 ﬁlio
1509 3236 1599 3273 suo
1619 3220 1848 3287 juniore,

285 3320 396 3372 dixit
421 3321 462 3373 ei
494 3335 510 3372 :
540 3321 672 3373 Ecce
715 3317 854 3370 Esau
892 3321 1046 3386 frater
1087 3326 1199 3368 tuus
1232 3315 1454 3365 minatur
1495 3311 1580 3362 tibi
1619 3317 1848 3362 mortem.

285 3410 364 3463 45.
391 3409 534 3463 Nunc
564 3411 723 3478 igitur
758 3409 877 3460 audi
907 3423 1072 3459 vocem
1097 3421 1278 3458 meam.
1302 3403 1642 3472 Experientia
1669 3409 1723 3454 te
1751 3399 1847 3453 d0-

286 3511 389 3553 ceat
425 3518 506 3555 me
551 3501 645 3554 tibi
698 3499 844 3552 utilia
884 3497 1199 3560 consulere;
1245 3505 1300 3549 et
1340 3494 1480 3548 sicut
1523 3493 1633 3560 jam
1674 3490 1853 3544 audita

287 3609 404 3650 voce
436 3612 572 3661 mea,
620 3608 840 3661 magnas
879 3591 995 3644 illas
1024 3604 1052 3642 a
1081 3599 1228 3657 patre
1273 3585 1671 3641 benedictiones
1710 3597 1852 3636 asse-

288 3699 466 3752 quotus
503 3703 596 3740 es:
628 3685 701 3738 ita
730 3692 782 3736 ct
822 3697 962 3735 nunc
1005 3680 1124 3734 audi
1168 3693 1351 3732 vocem
1391 3691 1585 3738 meam,
1623 3683 1681 3728 ut
1724 3673 1857 3728 etfu-

287 3793 398 3847 gcre
427 3779 595 3848 possis
631 3776 811 3830 fratris
848 3789 1053 3828 manus.
1087 3772 1175 3825 Sic
1204 3771 1344 3824 enim
1373 3779 1426 3822 et
1459 3767 1792 3834 temetipsum
1824 3779 1852 3817 a

289 3870 518 3936 periculis
561 3869 787 3922 liberum
831 3864 1043 3926 reddes,
1085 3871 1140 3914 ct
1186 3874 1268 3913 me
1299 3874 1327 3912 a
1360 3858 1519 3911 luctu.
1556 3854 1856 3910 Verisimile

288 3961 416 4020 enim
441 3970 522 4015 est
558 3961 732 4024 illum,
759 3957 802 4010 si
833 3955 934 4010 hoc
970 3968 1131 4008 ausus
1158 3952 1334 4015 fuerit,
1365 3964 1574 4018 poenam
1605 3948 1856 4001 daturum

290 4066 414 4118 esse,
446 4063 602 4121 atque
633 4052 705 4104 ita
737 4049 969 4116 undique
989 4045 1116 4099 mihi
1139 4044 1315 4113 gravis
1334 4042 1487 4096 dolor
1514 4049 1570 4094 et
1594 4038 1856 4094 cruciatus

291 4144 399 4197 erit.
441 4144 572 4196 Audi
595 4145 753 4213 igitur
777 4156 944 4194 vocem
972 4155 1155 4202 meam,
1189 4149 1232 4190 et
1249 4151 1414 4205 surge,
1444 4135 1708 4202 statimque
1735 4130 1860 4184 vade

291 4233 350 4285 ad
369 4232 535 4287 Laban
562 4235 771 4301 fratrem
801 4246 964 4283 meum
987 4230 1039 4281 in
1068 4227 1334 4292 Charram,
1359 4227 1449 4279 Μ.
1483 4233 1527 4277 et
1548 4222 1716 4275 habita
1745 4236 1856 4273 cum

292 4340 341 4375 eo
364 4325 425 4376 ad
449 4325 637 4394 aliquot
670 4323 796 4385 dies,
829 4335 1086 4390 usquequo
1111 4326 1363 4370 avertatur
1393 4316 1467 4367 ira
1497 4323 1543 4366 et
1578 4311 1859 4380 indignatio

293 4415 452 4482 fratris
480 4415 552 4467 tui
583 4429 702 4483 erga
738 4421 802 4475 te,
830 4411 916 4464 45.
942 4417 985 4462 et
1015 4408 1336 4461 obliviscatur
1360 4420 1472 4473 qute
1505 4403 1550 4455 ei
1591 4398 1784 4472 fecisti:
1814 4407 1862 4453 et

293 4505 473 4556 mittam
501 4517 544 4556 et
567 4504 806 4558 reducam
838 4511 882 4552 te
917 4499 1054 4564 inde,
1095 4513 1156 4548 ne
1189 4497 1318 4565 forte
1341 4510 1442 4546 uno
1465 4492 1546 4544 die
1582 4490 1716 4543 vobis
1762 4505 1864 4541 am-

296 4596 436 4648 bobus
456 4598 618 4649 orbtr.
652 4595 764 4656 Abi,
795 4593 982 4661 inquit,
1009 4590 1076 4641 ad
1117 4594 1323 4659 fratrem
1367 4601 1530 4637 meum
1568 4582 1765 4645 Laban,
1802 4588 1848 4634 et

295 4685 452 4739 habita
479 4687 586 4740 illic
613 4702 728 4738 cum
759 4701 838 4738 eo.
872 4681 1170 4738 Verisimile
1196 4680 1337 4734 enim
1367 4687 1447 4732 est
1473 4676 1862 4744 separationem

291 4786 341 4831 et
367 4778 618 4846 temporis
641 4788 954 4844 processum
980 4787 1135 4842 posse
1161 4769 1360 4839 aliquid
1389 4767 1638 4835 amplius,
1669 4778 1863 4832 nempe

295 4865 522 4936 mit’gare
550 4867 707 4929 iram,
751 4865 1000 4918 invidiam
1029 4862 1218 4915 sedare
1241 4868 1296 4915 et
1323 4858 1644 4912 oblivionem
1674 4855 1863 4908 afferre

295 4972 465 5010 eorum
492 4975 611 5027 quae
642 4959 692 5010 in
725 4957 865 5011 furto
893 4953 1274 5010 benedictionis
1295 4960 1440 5022 gesta
1467 4960 1608 5004 sunt.
1643 4948 1707 5001 Et
1732 4946 1863 5000 obli-

295 5049 521 5115 viscatur,
552 5052 740 5119 inquit,
770 5065 883 5117 qua:
908 5050 1085 5119 feceris
1109 5049 1174 5100 ei.
1221 5045 1514 5099 Verisimile
1542 5052 1643 5105 est,
1672 5040 1861 5110 inquit,

296 5156 408 5194 cum
437 5141 593 5196 irasci
627 5143 643 5171 ί
672 5160 682 5194 :
717 5143 837 5195 ideo
876 5156 970 5210 par
995 5149 1074 5194 est
1113 5149 1170 5194 ut
1206 5139 1336 5192 iram
1369 5146 1421 5192 ct
1459 5137 1713 5206 impetum
1753 5133 1867 5203 ejus

306 5353 316 5364 .
355 5296 370 5326 ί
405 5302 453 5364 Ῑμ
679 5311 846 5364 Ettritum,
863 5311 982 5364 φησὶγ,
1001 5307 1192 5364 ὀργὶζιτᾳξ.
1217 5297 1278 5344 Ad
1517 5291 1700 5364 IIIIClIUS-
1715 5299 1866 5350 esset,

299 5354 398 5405 iure
419 5354 648 5407 irtiscitur
670 5373 685 5406 :
710 5367 760 5407 et
786 5354 999 5407 fortassis
1021 5354 1110 5405 hoc
1127 5358 1291 5404 dicere
1313 5356 1464 5404 voluit
1489 5354 1866 5416 (:hrysostomus.

298 5419 344 5463 ει
369 5431 498 5477 vero,
515 5428 568 5467 ut
589 5422 751 5468 statim
767 5421 975 5478 videtur,
1001 5432 1143 5467 causa
1158 5417 1325 5465 aderat
1349 5425 1399 5464 ut
1423 5415 1716 5478 irasceretur
1730 5415 1867 5478 Esaii,

298 5478 356 5523 ob
376 5474 647 5540 surreptam
683 5483 772 5530 sibi
798 5474 971 5528 fraude
998 5481 1443 5542 primogenituram.
1479 5477 1579 5542 Etsi
1595 5476 1731 5542 enim
1745 5474 1871 5522 dicat

303 5535 595 5603 Augustinus,
622 5549 764 5603 'romo
789 5549 857 5600 ιγ,
881 5535 1088 5603 ορμῚΟ,
1139 5535 1245 5600 [ῖοδι
1283 5541 1486 5603 initium,
1537 5537 1582 5583 id
1605 5535 1733 5603 quod
1759 5547 1869 5582 sua-

301 5596 444 5664 dente
466 5596 622 5651 matre
660 5602 774 5651 fecit
795 5596 953 5660 Jacoh;
981 5596 1084 5651 non
1099 5596 1209 5650 esse
1235 5599 1554 5664 mendacium,
1577 5597 1870 5664 sedqryste-

302 5659 435 5716 futui.
458 5671 508 5710 et
528 5665 634 5724 ii'se
657 5657 1010 5725 Chrysostomus
1032 5676 1173 5724 supra
1200 5663 1426 5725 Rebecca:
1453 5666 1502 5707 et
1521 5658 1679 5725 Jacobi
1699 5657 1870 5703 factum

306 5719 807 5792 Excusaveritrpritno
831 5733 988 5792 tamen
1010 5719 1184 5774 intuitu
1211 5723 1438 5771 Saliae-iam
1463 5719 1800 5780 conspicimus,
1819 5725 1869 5766 et

303 5782 414 5830 Mt":
430 5785 540 5844 jure
565 5785 839 5847 indignatus
862 5785 1068 5834 videtur.

1043 382 1112 438 IN
1145 381 1296 439 CAP.
1332 378 1544 439 XXVII.
1588 379 1674 438 ET
1711 379 1945 436 XXVIII.
1987 381 2225 436 GENES.
2267 382 2495 439 IIOMIL.
2542 385 2641 440 ΕΗ

3421 382 3525 437 Πο

1949 494 2204 562 declines,
2236 498 2280 551 si
2322 497 2459 553 forte
2486 515 2582 568 per
2623 509 2828 568 tempus
2862 499 2940 554 rei
2969 508 3129 569 gestae
3160 499 3526 552 obliviscatqu

1944 595 1999 641 et
2024 597 2205 655 postea
2235 603 2354 641 cum
2377 589 2620 643 libertate
2646 591 2816 658 possis
2838 589 2922 643 hic
2949 589 3271 642 domicilium
3296 587 3513 639 habere.

1948 678 2014 730 Et
2044 692 2112 731 ne
2143 677 2282 732 filius
2307 678 2424 747 ejus
2452 679 2704 747 gravatim
2736 679 2891 743 ferat,
2914 678 3053 748 quod
3074 688 3292 747 cogatur
3318 678 3370 729 in
3393 677 3523 728 alie-

1944 771 2067 820 nam
2107 775 2300 822 terram
2329 768 2486 837 :abire
2509 787 2530 826 ι
2555 769 2673 822 vide
2707 769 2971 834 quomodo
3012 768 3212 820 soletur
3233 767 3369 819 illius
3397 765 3517 818 ani-

1944 872 2106 910 mam.
2151 857 2382 911 Primum
2431 857 2642 926 quidem
2683 858 2851 912 dixit:
2881 857 2977 910 Abi
3002 857 3068 910 ad
3093 855 3271 908 Laban
3309 858 3519 925 fratrem

1945 965 2128 1002 meum.
2158 948 2293 1002 Num
2323 949 2388 1002 ad
2419 961 2726 1004 extraneum
2758 959 2810 1002 et
2843 950 3072 1002 alienum
3107 948 3185 1001 ire
3229 956 3280 999 te
3314 946 3478 1014 jubeo
3501 946 3526 998 ἲ

1945 1039 2024 1091 Ad
2045 1043 2253 1108 fratrem
2278 1057 2443 1092 meum
2475 1040 2576 1104 abi,
2599 1050 2644 1094 et
2666 1039 2834 1093 habita
2859 1057 2974 1092 cum
3001 1055 3056 1092 eo
3086 1039 3152 1090 ad
3173 1039 3277 1091 dies
3306 1037 3517 1104 aliquot.

1946 1130 2352 1200 Breve,-inquit,
2399 1142 2627 1200 tempus,
2664 1146 2861 1200 paucos
2889 1131 3025 1195 dies,
3068 1144 3344 1198 quousque
3372 1127 3525 1196 quieo

1947 1231 2063 1275 seat
2087 1209 2184 1275 ira.
2213 1221 2364 1275 Nune
2391 1223 2534 1277 enim
2560 1221 2729 1276 fervet
2756 1221 3046 1288 indignatio
3071 1218 3206 1287 ejus,
3232 1231 3404 1285 neque
3431 1231 3527 1284 pa—

1949 1313 2044 1367 tris
2073 1313 2286 1388 habebit
2311 1313 2663 1368 reverentiam
2702 1313 2778 1367 ira
2816 1312 2984 1368 semel
3011 1309 3322 1372 inundante,
3352 1321 3528 1375 neque

1947 1410 2200 1472 quantum
2243 1403 2489 1456 fraterna:
2523 1402 2901 1456 necessitudini
2952 1401 3143 1453 debeat
3192 1400 3244 1450 in
3294 1404 3531 1449 mentem

1946 1493 2203 1561 accipiet:
2244 1492 2336 1546 sed
2375 1507 2538 1545 unum
2589 1491 2691 1544 hoc
2730 1501 2872 1559 aget,
2901 1497 2959 1540 ut
2993 1487 3224 1540 furorem
3256 1501 3408 1540 suum
3435 1499 3529 1537 ex-

1947 1584 2112 1653 pleat.
2140 1582 2206 1634 Et
2233 1583 2454 1648 mittens,
2485 1581 2660 1634 statim
2704 1580 2820 1632 inde
2854 1578 3094 1630 reducam
3121 1584 3186 1628 te.
3213 1575 3308 1638 Te,
3338 1573 3528 1640 inquit,

1948 1674 2237 1727 revocabo.
2263 1673 2360 1726 Abi
2387 1672 2547 1740 igitur
2574 1671 2709 1724 bona
2739 1684 2859 1722 eum
2890 1667 3080 1720 fiducia
3104 1681 3119 1724 :
3150 1673 3199 1718 te
3225 1664 3363 1717 enim
3392 1677 3534 1715 nun-

1948 1763 2036 1815 tiis
2059 1777 2123 1816 eo
2155 1763 2330 1814 missis
2369 1761 2656 1814 reducam:
2687 1774 2808 1811 nam
2846 1756 2911 1809 de
2951 1765 3060 1808 toto
3091 1753 3220 1806 mihi
3257 1760 3532 1806 certamen

1947 1861 2048 1916 est,
2081 1852 2146 1906 de
2173 1859 2398 1920 utroque
2426 1853 2580 1904 anxia
2608 1864 2749 1913 sum,
2781 1862 2848 1901 ne
2879 1847 3016 1900 forte
3061 1854 3285 1913 utroque
3330 1843 3527 1911 privcr.

1947 1945 2081 1999 Vide
2107 1945 2418 2013 sapientiam
2450 1942 2654 2006 matris,
2691 1953 2810 2009 qua:
2845 1953 2874 1991 a
2908 1937 3076 2003 seipsa
3107 1945 3271 1998 mota,
3301 1935 3405 1986 imo
3435 1932 3533 1985 Dei

1949 2033 2278 2103 praedictioni
2304 2033 2465 2086 etiam
2497 2045 2638 2084 nunc
2675 2028 2935 2093 serviens,
2978 2026 3067 2078 illa
3105 2023 3336 2079 consulit
3363 2035 3531 2090 puero

1949 2142 2068 2196 qua:
2094 2125 2339 2180 Christus
2375 2123 2651 2192 discipulis
2694 2122 2806 2176 suis
2845 2117 3180 2181 consulebat,
3223 2130 3288 2168 ne
3333 2122 3533 2167 temere

1952 2217 2200 2286 periculis
2231 2203 2300 2269 se
2317 2214 2698 2278 immiseerent,
2731 2209 2824 2265 sed
2852 2223 3067 2264 secessu
3105 2205 3362 2260 insaniam
3394 2202 3534 2254 male

1953 2307 2267 2362 alfectorum
2306 2305 2690 2359 demulcerent.
2726 2303 2839 2356 Hoc
2887 2301 3044 2369 igitur
3084 2299 3250 2352 etiam
3290 2295 3376 2348 illa
3423 2293 3532 2346 tilio

1949 2401 2196 2465 consulit,
2225 2401 2452 2468 primum
2479 2397 2594 2466 ejus
2621 2386 2797 2449 animo
2828 2393 3071 2446 fiduciam
3105 2389 3294 2443 indens
3334 2396 3390 2439 ut
3419 2385 3533 2438 dis-

1950 2507 2156 2548 cessum
2195 2507 2298 2544 non
2339 2504 2480 2558 aegre
2521 2488 2718 2549 ferret,
2763 2491 2888 2538 tunc
2925 2482 3176 2547 deinceps
3222 2485 3276 2532 et
3319 2488 3534 2530 causam

1951 2582 2228 2636 honestam
2262 2579 2571 2650 profectioni
2602 2577 2716 2645 ejus
2755 2573 3038 2642 excogitat,
3078 2571 3150 2623 ita
3180 2576 3237 2621 ut
3265 2582 3331 2620 ne
3357 2565 3530 2618 mani.

1951 2673 2084 2729 fuste
2113 2673 2350 2727 videatur
2373 2679 2588 2740 propter
2609 2667 2785 2722 fratris
2807 2664 3055 2719 invidiam
3085 2659 3357 2723 recedere,
3397 2671 3534 2709 neve

1952 2775 2102 2837 pater
2117 2766 2249 2820 sciat
2268 2778 2443 2818 veram
2459 2758 2900 2832 peregrinationis
2919 2769 3153 2818 causam,
3170 2751 3314 2804 Esau
3333 2748 3539 2802 scilicet

1955 2858 2365 2928 indignationem
2392 2863 2574 2908 contra
2596 2853 2760 2905 illum.
2780 2849 2872 2904 46.
2902 2846 2965 2900 Et
2988 2847 3232 2916 ingressa,
3259 2840 3447 2908 inquit,
3470 2837 3537 2889 ad

1955 2949 2105 3004 Isaac
2129 2947 2352 3000 Rebecca
2379 2943 2506 2998 dia-it
2524 2961 2542 2998 :
2568 2942 2746 2996 Gravis
2775 2939 2896 2992 mihi
2925 2939 3025 2990 vita
3059 2945 3128 2989 est
3164 2940 3366 3004 promer
3407 2930 3540 2996 ﬁlias

1956 3043 2178 3110 ﬁliorum
2224 3040 2364 3093 Chet.
2407 3040 2466 3092 Si
2512 3036 2756 3106 acceperit
2793 3031 2952 3086 Jacob
2994 3043 3202 3082 uxorem
3239 3026 3301 3076 de
3334 3021 3536 3090 filiabus

1959 3142 2104 3184 terra:
2128 3131 2291 3194 istius,
2317 3128 2384 3180 ad
2408 3127 2527 3197 quid
2557 3126 2679 3179 mihi
2704 3123 2844 3176 vita?

2031 3221 2086 3272 5.
2105 3219 2394 3273 Considera
2419 3215 2682 3285 quomodo
2710 3214 2990 3266 honestum
3022 3207 3221 3262 invenit
3241 3205 3539 3258 obtentum.

1958 3310 2180 3376 Quando
2215 3309 2356 3363 enim
2383 3309 2535 3361 nobis
2555 3321 2781 3374 superna
2808 3303 2974 3373 gratia
3001 3297 3333 3367 cooperatrix
3355 3304 3454 3358 est,
3485 3301 3539 3347 et

1958 3403 2190 3458 difficilia
2207 3400 2378 3455 facilia
2400 3401 2553 3464 fiunt,
2573 3409 2625 3452 et
2645 3397 2823 3466 gravia
2841 3396 2999 3449 levia.
3024 3394 3154 3458 Quia
3179 3392 3337 3458 igitur
3353 3398 3407 3441 et
3425 3388 3538 3439 hinc

1961 3495 2145 3548 habuit
2179 3493 2342 3546 Deum
2376 3490 2655 3544 sententiae
2679 3503 2790 3540 sua:
2820 3492 3164 3544 annuentem,
3190 3479 3388 3541 on'tnia,
3423 3491 3542 3545 qua:

1960 3586 2026 3640 ad
2071 3584 2299 3638 futuram
2339 3580 2789 3649 diSpensationem
2828 3586 2882 3631 et
2931 3574 3000 3628 ad
3036 3574 3258 3626 salutem
3296 3568 3387 3621 lilii
3412 3581 3542 3619 con-

1961 3669 2465 3742 ducere'puterant,
2507 3669 2767 3739 suggessit
2804 3667 2919 3734 ejus
2962 3663 3147 3717 menti.
3184 3659 3361 3714 Gravis
3390 3655 3533 3718 mihi,

1963 3768 2154 3836 inquit,
2185 3777 2254 3818 est
2283 3765 2381 3817 vita
2406 3779 2516 3815 mea
2544 3770 2748 3830 prapter
2773 3758 2907 3826 ﬁlias
2933 3756 3150 3824 ﬁliorum
3185 3751 3329 3805 Cltet.
3358 3749 3415 3801 Si
3454 3763 3546 3798 uc-

1964 3861 2149 3928 ceperit
2182 3856 2340 3910 Jacob
2372 3870 2578 3908 uxorem
2619 3853 2681 3904 de
2710 3850 2911 3919 filiabus
2955 3856 3100 3898 terra:
3130 3841 3398 3913 ltujus,‘atl
3428 3838 3547 3906 quia

1964 3950 2089 4004 mihi
2115 3950 2218 4001 vita
2241 3949 2264 4000 ?
2297 3946 2391 4000 l-lic
2417 3944 2545 3998 mihi
2574 3941 2876 4011 significare
2903 3937 3108 3989 videtur
3134 3932 3393 4001 pessimos
3423 3943 3550 3979 uxo-

1965 4057 2081 4096 rum
2111 4040 2252 4093 Esait
2281 4050 2478 4097 mores,
2501 4049 2620 4101 quae
2648 4031 2725 4084 eis
2755 4028 2949 4080 fuerint
2975 4024 3151 4076 multm
3181 4016 3547 4073 amaritudinis

1964 4147 2145 4187 causa.
2180 4129 2388 4182 Etenim
2431 4126 2498 4179 de
2549 4124 2692 4176 Esau
2737 4117 2978 4188 superius
3009 4113 3241 4167 narravit
3278 4107 3428 4161 nobis
3468 4105 3548 4156 di-

1968 4227 2088 4280 vina
2130 4222 2425 4290 Scriptura,
2465 4215 2606 4286 quod
2645 4210 2910 4279 acceperit
2937 4225 2965 4260 a
2996 4203 3245 4260 Chetta-is
3279 4211 3331 4253 et
3374 4196 3548 4251 Evar'ts

1967 4329 2180 4375 uxores,
2203 4327 2320 4381 quae
2337 4285 2720 4377 exasperabant
2738 4303 2882 4356 lsaac
2900 4308 2951 4352 et
2971 4296 3262 4349 liebeccam
3290 4287 3439 4358 (Gen.
3457 4285 3550 4336 ‘26.

1971 4406 2061 4460 54.
2094 4403 2222 4472 55).
2271 4401 2395 4453 llaec
2423 4398 2580 4465 igitur
2622 4395 2673 4447 in
2704 4389 3011 4446 memoriam
3042 4385 3090 4436 ei
3130 4389 3411 4447 suggerere
3455 4387 3550 4425 vo-

1970 4498 2106 4562 lens,
2149 4494 2220 4546 ita
2265 4492 2375 4562 fere
2415 4488 2679 4555 loquitur:
2722 4483 2839 4536 Scis
2875 4474 3138 4548 quomodo
3179 4472 3334 4524 vitam
3375 4480 3545 4517 nteant

1971 4557 2362 4644 exacerbarttnt
2388 4592 2578 4632 uxores
2612 4576 2769 4634 Esaia,
2801 4581 2856 4623 et
2881 4567 3144 4635 quomodo
3185 4569 3397 4630 propter
3433 4557 3548 4608 illa-

1971 4690 2088 4729 rum
2129 4673 2380 4727 malitiam
2411 4670 2461 4721 in
2489 4679 2676 4720 omnes
2704 4663 2837 4714 filias
2866 4659 3088 4712 filiorum
3120 4653 3250 4706 Chet
3279 4649 3414 4702 male
3436 4647 3552 4736 alii:

1971 4768 2104 4830 cior,
2123 4772 2176 4818 et
2199 4769 2412 4832 propter
2432 4759 2548 4810 illas
2574 4769 2784 4809 omnem
2812 4759 3022 4820 gentem
3054 4760 3270 4800 exesam
3297 4739 3543 4800 habeam;

1972 4858 2017 4911 si
2043 4831 2210 4924 igitur,
2228 4851 2501 4918 contingat
2528 4856 2582 4901 et
2605 4845 2768 4900 Jacob
2810 4857 2876 4896 ex
2919 4839 3024 4892 illis
3068 4849 3287 4890 uxorem
3330 4831 3548 4892 ducere,

1973 4917 2090 5016 qua;
2112 4943 2244 4998 mihi
2275 4917 2457 5010 postea
2487 4937 2672 4992 salutis
2694 4933 2855 5000 spes?
2881 4929 2960 4981 Ad
2981 4927 3104 4994 quid
3132 4925 3253 4976 mihi
3281 4931 3391 4975 tum
3423 4917 3551 4971 vita?

1973 5041 2104 5096 Nam
2145 5038 2191 5092 si
2235 5037 2352 5091 illas
2379 5035 2516 5086 ferre
2559 5045 2662 5084 non
2693 5038 2993 5096 possumus,
3025 5021 3069 5072 si
3110 5018 3269 5072 etiam
3292 5011 3454 5067 Jacob
3486 5023 3550 5060 ex

1975 5133 2184 5186 ﬁliabus
2226 5138 2380 5182 terrae
2409 5124 2564 5193 hujus
2605 5133 2824 5175 uxorem
2854 5110 3136 5180 acceperit,
3167 5106 3456 5193 actum-est
3483 5097 3551 5149 de

1974 5225 2080 5277 vita
2102 5231 2298 5275 nostra.
2320 5189 2522 5283 Quibus
2541 5211 2734 5265 auditis
2754 5210 2914 5269 Isaac,
2934 5213 3090 5269 atque
3107 5193 3318 5249 malitia:
3342 5189 3553 5283 illarum

1975 5313 2302 5373 recordatus,
2331 5310 2379 5362 l.
2405 5306 2554 5360 Isaac
2586 5303 2833 5354 aduocans
2847 5291 3026 5353 Jacob,
3057 5283 3303 5341 benedixit
3323 5293 3454 5340 eum,
3476 5276 3555 5328 in-

1975 5406 2112 5474 quit,
2123 5412 2168 5456 et
2189 5400 2424 5471 prwcepit
2444 5398 2510 5461 ei,
2530 5395 2697 5447 dicens
2711 5406 2729 5442 :
2745 5387 2863 5440 Non
2877 5396 3048 5437 sumes
3063 5391 3268 5429 uxorem
3281 5373 3341 5422 de
3352 5367 3555 5464 ﬁliabus

1979 5465 2414 5552 Chananieoruriz;
2443 5487 2499 5539 ‘2.
2521 5483 2606 5539 sed
2625 5493 2792 5548 surge,
2815 5484 2860 5528 et
2888 5469 3012 5524 vade
3037 5468 3089 5519 in
3113 5465 3164 5518 Μ
3173 5468 3552 5530 esapotannam,

1977 5589 2029 5639 in
2059 5585 2262 5648 domum
2297 5579 2454 5648 patris
2477 5573 2648 5627 matris
2685 5578 2806 5630 tute,
2839 5573 2884 5618 et
2909 5560 3078 5626 accipe
3099 5555 3183 5608 tibi
3213 5553 3328 5606 inde
3355 5559 3560 5648 uxorem

2297 5631 2477 5735 'fratris
2524 5659 2698 5713 matris
2741 5667 2838 5708 tua:
2877 5650 3032 5723 (Cap.
3074 5644 3204 5715 ‘28).
3250 5631 3558 5739 Neque'ltis

1980 5722 2258 5820 contentus
2301 5755 2498 5821 verbis,
2537 5747 2702 5807 voluit
2742 5754 2797 5801 et
2840 5740 3158 5798 alacriorem
3187 5747 3310 5789 cum
3337 5722 3560 5781 reddere
