3974 6402
465 389 532 443 75
1137 379 1191 436 s.
1232 363 1506 433 tos-aras
1543 363 2015 429 Ctmtsosmut
2053 366 2364 425 ARCIIIEP.
2394 370 2929 429 CONSTANTINOP.

433 502 482 553 in
526 496 974 566 peregrinatione,
1021 502 1076 547 et
1127 506 1249 546 cum
1302 489 1492 543 iterum
1544 482 2003 541 benedictionibus

429 587 708 643 confirmat
736 599 796 640 a‘c
826 585 951 640 dicit
979 603 990 637 :
1019 585 1070 638 5.
1096 581 1233 635 Dens
1272 590 1437 633 autem
1473 594 1612 632 meus
1651 576 1901 629 benedicet
1934 579 2001 636 te,

431 690 476 733 et
501 678 702 748 augebit
717 689 782 741 te,
803 686 850 730 et
874 673 1224 743 multiplicabit
1247 683 1312 739 te,
1335 682 1382 726 et
1403 672 1499 727 eris
1519 671 1573 723 in
1600 665 2004 738 congregationes

429 772 673 838 getitiun't,
713 769 765 822 4.
809 777 854 819 et
891 765 1028 818 dabit
1068 765 1156 819 tibi
1194 764 1582 818 benedictionem
1608 760 1824 812 Abram:
1847 757 2006 828 patris

429 860 548 924 mei,
581 859 670 912 tibi
701 867 749 911 et
777 858 956 912 semini
995 866 1084 911 tuo
1123 867 1233 926 post
1262 867 1339 910 te:
1361 857 1492 909 utin
1525 852 1848 907 hereditatem
1875 849 2009 901 arci-

431 947 543 1016 pias
589 951 775 1001 terram
825 945 1239 1017 peregrinationis
1290 955 1424 1010 tum,
1483 951 1633 1012 quant
1680 940 1816 993 dedit
1867 937 2009 992 Deus

431 1035 669 1089 Abrahae.
695 1028 832 1090 Vide'
853 1035 1122 1104 qu‘mnodo
1146 1035 1321 1102 justus
1362 1032 1600 1103 praedicit
1635 1031 1683 1086 ei
1718 1029 1918 1094 omnia,
1946 1039 2009 1082 ac

432 1126 567 1178 bona
606 1124 656 1179 ei
681 1125 867 1179 viatica
894 1125 984 1178 dat
1013 1131 1066 1178 ct
1117 1125 1340 1179 solatia:
1379 1123 1618 1192 praedicit
1645 1123 1786 1176 enim
1815 1121 1864 1174 ei
1891 1119 2011 1174 red-

435 1215 572 1266 itntn
611 1205 1066 1282 liete’di’tateuique'
1105 1215 1281 1280 term},
1307 1211 1540 1267 futurum
1581 1221 1702 1273 esse
1742 1211 1926 1264 dicens
1954 1219 2019 1262 ut-

431 1311 534 1355 n'on
558 1304 734 1358 solum
758 1304 811 1358 in
832 1305 1222 1359 multitudinem
1244 1313 1465 1366 crescat,
1488 1302 1580 1357 sed
1607 1303 1762 1355 etiam
1790 1313 2012 1369 congre-

437 1395 679 1461 gationes
717 1395 952 1463 gentium
999 1403 1063 1448 ex
1105 1395 1312 1447 semine
1352 1394 1466 1461 ejus
1495 1391 1849 1461 egrediantur.
1883 1391 2012 1455 Quae

438 1487 495 1535 ut
533 1481 733 1536 audivit
776 1481 936 1544 ﬁlius,
987 1484 1226 1551 implerit
1263 1483 1409 1551 jussa
1444 1482 1636 1548 patris,
1665 1489 1719 1533 ct
1747 1480 2013 1547 profectus

434 1582 516 1622 est
551 1573 601 1623 in
649 1567 1079 1640 Mesopotamiam
1120 1571 1184 1624 ad
1229 1570 1404 1625 Laban
1449 1571 1633 1623 matris
1677 1569 1915 1622 fratrem.
1948 1566 2016 1620 Et

439 1659 649 1725 iterum,
675 1669 730 1713 ut
755 1661 854 1714 hoc
881 1660 1062 1715 didicit
1093 1661 1252 1723 Esau,
1295 1669 1487 1728 nempe
1512 1659 1768 1713 Jacobum
1799 1657 2016 1710 benedi—

435 1758 578 1801 ctum
605 1749 768 1803 fuiSse'
791 1765 821 1803 a
853 1758 1022 1818 patre,
1046 1759 1100 1804 et
1127 1749 1430 1803 mandatum
1461 1749 1728 1816 accepisse
1756 1761 1822 1800 nc
1850 1746 2014 1800 duce-

439 1847 521 1890 ret
543 1845 760 1890 tntorcm
786 1855 849 1892 ex
879 1837 1085 1894 filiabus
1102 1839 1545 1904 Chanameorum,
1561 1839 1654 1892 sed
1677 1837 2021 1892 contend:sse

436 1927 490 1979 in
534 1925 1010 1995 MesOpotamiam:
1055 1929 1203 1999 quasi
1249 1929 1518 1998 corrigere
1561 1929 1745 1982 volens
1781 1938 2018 1982 erratum

439 2021 593 2068 suum
615 2025 669 2070 et
697 2018 904 2084 placare
933 2023 1156 2086 patrcm‘,
1185 2018 1237 2074 9.
1272 2019 1498 2081 Addidit,
1532 2018 1722 2086 inquit,
1752 2027 1798 2069 et
1829 2019 2020 2086 accepit

436 2113 644 2160 uxorem
677 2109 745 2158 ad
776 2107 905 2161 duas
925 2124 1104 2161 uxores
1121 2125 1259 2169 suas,
1279 2109 1436 2175 ﬁliam
1457 2107 1648 2160 lsmaet
1666 2109 1760 2172 filii
1782 2109 2017 2160 Abrahae.

441 2191 649 2261 Vidisti,
678 2195 890 2264 dilecte,
929 2207 1123 2268 quanta
1154 2200 1433 2269 prudentia
1465 2199 1630 2252 filium
1671 2211 1824 2251 suum
1857 2199 2021 2253 Jacob‘

438 2297 472 2340 e
500 2287 748 2353 periculis
794 2289 1158 2342 amantissima
1201 2295 1369 2344 mater
1406 2289 1695 2358 eripuerit:
1723 2290 2020 2357 speciosam

438 2376 738 2432 obtendens
787 2382 1230 2448 peregrinationis
1280 2389 1515 2443 causam,
1561 2388 1613 2433 et
1657 2387 1829 2447 neque
1879 2378 2024 2431 Esau

441 2467 700 2521 malitiam
753 2470 1004 2538 prodens,
1043 2481 1215 2539 neqt‘te
1259 2473 1392 2540 patri
1441 2483 1654 2526 causam
1684 2471 2022 2524 manifestam

441 2555 712 2622 reddens;
754 2559 848 2613 sed
879 2571 931 2632 et
961 2560 1068 2613 filio
1101 2561 1426 2615 eoin-enicas
1455 2561 1587 2614 dans
1616 2562 1900 2614 consilium
1919 2602 1931 2623 ,
1965 2561 2024 2612 ut

441 2659 510 2700 ex
537 2651 680 2701 metu
707 2649 772 2703 ad
800 2654 950 2703 suam
981 2651 1404 2719 amplectendam
1443 2653 1758 2705 sententiam
1787 2651 2022 2704 adduce-

446 2746 616 2796 retur,
642 2738 770 2791 dum
797 2739 958 2793 etiam
991 2741 1123 2808 patri
1152 2739 1533 2808 congruentem
1561 2755 1772 2794 causam
1803 2751 2023 2808 sugges-

443 2826 547 2878 sit?
571 2826 718 2881 Unde
739 2835 791 2882 et
807 2829 981 2896 justus
1009 2833 1124 2895 eius
1147 2829 1300 2883 dictis
1322 2846 1596 2884 assensum
1624 2830 1886 2898 praebens,
1917 2831 2025 2884 via-

443 2916 552 2972 tico
580 2918 962 2974 benedictionis
991 2921 1301 2974 instructum
1329 2920 1493 2974 Jacob
1518 2921 1738 2974 dimisit.

517 3007 865 3079 Peregrinatio
889 3011 1069 3066 Jaeobi
1098 3023 1353 3065 narratur.
1371 3042 1443 3051 —-—
1460 3012 1728 3066 Cmtcrum
1754 3012 1798 3064 si
1827 3012 2020 3079 placet,

443 3107 500 3154 et
524 3116 627 3154 non
652 3101 1037 3170 defatigamiui,
1061 3103 1332 3158 videamus
1351 3103 1618 3172 quomodo
1641 3103 2022 3172 peregrinatio-

445 3202 567 3245 nem
607 3191 1002 3247 obieritlaco‘b.
1051 3193 1169 3247 Non
1215 3208 1438 3262 parvum
1481 3194 1626 3247 enim
1667 3201 1720 3246 ct
1762 3192 1883 3246 hinc
1910 3192 2023 3246 fru-

443 3291 587 3335 ctum
620 3283 863 3350 accipere
895 3292 1209 3352 pessumus,
1240 3284 1286 3338 si
1318 3283 1716 3338 attenderimns.
1749 3284 2023 3339 iustorum

445 3372 586 3425 enim
615 3376 952 3454 convegsatio
989 3384 1042 3429 et
1076 3375 1181 3428 vita
1209 3375 1370 3429 totius
1399 3374 1745 3443 philosophia:
1785 3376 2027 3428 continet

445 3463 765 3518 doctrinam.
790 3464 924 3520 Vide
955 3466 1110 3535 igitur
1138 3465 1278 3520 hunc
1301 3467 1571 3534 juvenem,
1604 3467 1693 3534 qui
1720 3466 1866 3520 domi
1891 3466 2022 3520 edu-

442 3561 614 3617 catus,
649 3555 738 3622 qui
765 3562 920 3608 antea
953 3559 1240 3623 numquam
1268 3556 1705 3624 peregrinationis
1731 3556 2024 3625 cujuspiam

445 3645 741 3712 periculum
777 3645 1008 3711 fecerat,
1055 3661 1344 3714 numquam
1398 3647 1450 3700 in
1496 3657 1756 3701 extranea
1807 3648 2024 3716 regione

447 3743 690 3788 versatus
733 3735 924 3800 fuerat,
968 3749 1138 3805 neque
1181 3750 1344 3806 grave
1383 3737 1581 3806 aliquid
1607 3747 1860 3806 expertus
1884 3746 2018 3806 erat,

446 3825 714 3893 quomodo
745 3826 844 3880 iter
867 3827 1107 3894 arripiat,
1140 3836 1194 3882 ct
1222 3827 1367 3882 disce
1397 3828 1740 3898 philosophia:
1761 3829 1901 3884 illius
1925 3846 2022 3884 ex-

445 3915 766 3970 cellentiam.
810 3917 896 3970 10.
935 3915 1001 3969 Et
1035 3931 1261 3988 egressus
1288 3917 1446 3971 Jacob
1480 3935 1512 3970 a
1557 3921 1696 3989 [ante
1723 3919 2020 3987 juramenti,

449 4005 702 4072 profectus
741 4016 812 4060 est
838 4007 892 4059 in
920 4007 1168 4072 Charran,
1213 4009 1300 4062 ll.
1345 4019 1389 4060 et
1420 4009 1635 4061 occurrit
1661 4010 1772 4062 loco
1791 4050 1806 4074 ,
1838 4018 1882 4062 et
1903 4008 2025 4062 dor-

448 4095 587 4148 mittit
619 4095 756 4148 illic:
794 4099 1048 4152 occidebat
1081 4101 1216 4152 enim
1248 4100 1325 4152 sol
1346 4114 1365 4152 :
1394 4109 1440 4153 et
1465 4101 1652 4168 accepit
1680 4099 1745 4154 de
1769 4100 2024 4166 lapidibus

449 4186 566 4251 ioci,
585 4197 632 4241 et
661 4190 827 4258 posuit
847 4246 852 4253 _
873 4191 939 4242 ad
972 4201 1124 4261 caput
1161 4207 1327 4255 suum,-
1356 4201 1403 4245 et
1426 4192 1664 4245 dormivit
1689 4193 1749 4245 in
1775 4193 1904 4246 loco.
1930 4191 2022 4246 Vi-

446 4278 572 4333 disti
608 4279 929 4335 ineil‘abilcm
967 4283 1394 4351 philosophiam?
1426 4283 1603 4336 vidisti
1638 4282 1906 4351 quomodo
1937 4297 2026 4336 re-

447 4379 588 4424 teres
613 4371 714 4425 iter
738 4369 1046 4426 faciebant?
1073 4373 1164 4427 Vir
1191 4373 1334 4427 domi
1365 4373 1620 4428 educatus
1650 4373 1858 4444 (rursus
1883 4373 2026 4428 enim

443 4476 508 4515 ea
528 4461 748 4532 dicam),
771 4470 1022 4532 tantoque
1047 4474 1291 4520 assuetus
1317 4465 1578 4519 famulitio
1607 4465 1865 4536 (Simplex
1882 4466 2027 4519 enim

442 4561 575 4618 erat,
605 4553 792 4622 inquit,
825 4565 872 4608 et
901 4555 1036 4609 domi
1062 4555 1293 4610 habitans
1314 4555 1570 4629 [Gen.25.
1591 4555 1684 4628 27]
1713 4557 1752 4626 ),
1786 4556 2026 4626 peregri-

449 4648 689 4708 naturus,
721 4659 891 4711 neque
912 4645 1169 4713 jumentis
1196 4648 1405 4715 egebat,
1430 4662 1602 4716 neque
1627 4647 1905 4711 ministris,
1933 4660 2026 4698 ne-

446 4743 552 4796 que
589 4731 793 4784 viaticis
819 4749 832 4796 ;
860 4735 952 4788 sed
988 4737 1338 4803 apostolicum
1378 4752 1584 4791 morem
1625 4738 1879 4801 imitatus,
1925 4736 2027 4790 iter

450 4818 604 4871 facit:
631 4830 686 4873 et
713 4834 836 4875 cum
859 4827 1201 4881 occumberet
1231 4828 1334 4892 sol,
1375 4829 1445 4882 ibi
1473 4829 1742 4895 dormivit,
1776 4829 1862 4883 ubi
1903 4842 2027 4883 eum

449 4925 552 4964 nox
581 4913 1003 4981 comprehendit.
1036 4917 1260 4988 Accepit,
1291 4920 1477 4989 inquit,
1507 4919 1747 4990 inludent,
1781 4931 1829 4974 et
1860 4921 2026 4988 posuit

446 5001 515 5053 ad
553 5009 706 5072 caput
743 5020 910 5058 suurn.
944 5005 1074 5060 Vide
1109 5009 1257 5075 pueri
1291 5010 1489 5063 robur:
1523 5009 1697 5079 lapide
1732 5026 1826 5077 pro
1851 5010 2025 5078 pulvi-

450 5093 564 5147 nari
597 5109 724 5150 usus
746 5106 844 5161 est,
869 5105 925 5150 et
950 5111 1111 5167 super
1139 5101 1496 5166 pavimentum
1534 5100 1804 5155 dormivit.
1840 5100 2020 5169 Igitur,

447 5186 698 5252 quoniam
725 5187 860 5243 bene
888 5198 1148 5244 moratam
1176 5192 1408 5243 animam
1449 5189 1698 5256 habebat,
1731 5200 1785 5246 et
1814 5191 2026 5247 virilem

449 5273 714 5344 spiritum,
745 5277 990 5334 aii-omni
1015 5281 1255 5334 smculari
1290 5282 1520 5335 vanitate
1561 5281 1805 5348 liberum,
1847 5283 2024 5338 admi—

451 5367 674 5421 rabilem
699 5369 957 5424 visionem
993 5371 1136 5426 illam
1179 5373 1393 5426 meruit.
1440 5372 1552 5427 Hoc
1580 5373 1721 5426 enim
1748 5387 1896 5428 more
1919 5375 2028 5443 agit

453 5455 702 5516 Dominus
723 5467 933 5530 noster;
963 5465 1174 5535 quando
1197 5467 1336 5522 videt
1357 5467 1587 5523 animam
1608 5469 1743 5524 bene
1759 5469 2024 5537 affectam,

452 5551 730 5615 pnescntia
757 5567 861 5606 non
901 5556 1077 5624 magni
1107 5555 1406 5627 facientem,
1437 5558 1721 5628 plurimam
1747 5558 1846 5614 sibi
1883 5558 2026 5614 illius

453 5651 630 5692 curam
653 5655 774 5697 esse
797 5643 1052 5699 declarat.

524 5729 578 5782 ι.
619 5729 750 5787 Vide
792 5732 946 5803 igitur
979 5736 1176 5804 justum
1213 5737 1359 5793 illum
1390 5739 1442 5793 in
1480 5739 1596 5794 solo
1625 5741 1904 5796 cubantem
1929 5781 1942 5806 ,
1972 5750 2026 5795 et

3582 373 3676 430 ΠΕ

2107 483 2363 537 visionem
2391 484 2657 539 videntem
2683 526 2697 550 ,
2731 484 2838 538 imo
2867 483 3069 538 visione
3098 482 3302 537 Domini
3341 483 3561 552 dignum
3588 487 3675 538 ha-

2107 570 2291 626 bitum.
2321 571 2455 628 Dicit
2478 575 2617 628 enim
2645 593 2657 626 :
2690 573 2999 628 Obdonniuit
3022 613 3038 639 ,
3065 575 3155 630 12.
3179 580 3225 625 et
3262 589 3375 626 ecce
3416 575 3556 627 scala
3580 588 3678 628 erat

2107 661 2309 729 ﬁrmata
2332 679 2482 730 super
2507 673 2709 728 tetram,
2733 666 2878 729 cuius
2906 672 3058 732 caput
3085 663 3391 730 pertingebat
3412 665 3464 716 in
3485 666 3679 727 celum,

2108 761 2156 806 et
2182 754 2349 823 angeli
2388 753 2486 807 Dei
2507 755 2836 809 ascendebant
2857 764 2904 808 et
2932 752 3292 807 descendebant
3319 771 3475 818 super
3513 771 3622 807 eam
3642 757 3680 809 ¹.

2112 845 2198 898 15.
2227 844 2474 898 Dominus
2499 856 2664 898 autent
2689 846 2891 899 imiixus
2925 853 3030 898 erat
3075 860 3227 911 super
3251 859 3360 896 eam
3386 885 3400 905 ,
3429 853 3478 896 et
3515 845 3642 897 dia-it
3669 884 3682 897 .

2111 931 2224 1002 Ego
2244 933 2383 989 Deus
2401 934 2674 1000 Abraham,
2697 945 2744 989 et
2767 933 2902 988 Deus
2923 932 3074 987 Isaac
3095 935 3251 1001 patris
3273 934 3345 986 tui
3371 949 3390 986 :
3412 949 3474 985 ne
3495 935 3686 989 timeas.

2110 1021 2399 1078 Considera
2427 1066 2442 1092 ,
2470 1026 2728 1088 obsecro,
2761 1025 2848 1079 hic
2892 1024 3145 1078 eximiam
3196 1037 3376 1077 curam
3414 1023 3689 1077 clementis

2115 1114 2228 1168 Dei.
2257 1114 2390 1179 Quia
2431 1115 2643 1169 videbat
2683 1128 2805 1168 eum
2852 1113 3144 1170 secundum
3185 1115 3466 1168 consilium
3513 1115 3690 1168 matris

2115 1213 2330 1272 prapter
2358 1204 2600 1258 timorem
2647 1204 2821 1257 fratris
2863 1203 3339 1272 peregrinationem
3382 1205 3692 1271 suscipere,

2114 1303 2168 1349 et
2191 1295 2340 1363 quasi
2368 1306 2614 1348 erronem
2646 1294 2928 1363 quemdam
2954 1294 3053 1348 iter
3081 1292 3255 1348 facere
3277 1333 3292 1358 ,
3324 1293 3499 1347 solum
3538 1301 3692 1360 atque

2115 1385 2182 1438 ab
2223 1385 2339 1437 aliis
2366 1384 2686 1437 abstractum
2721 1385 3020 1452 nullamque
3058 1382 3340 1437 habentem
3368 1382 3688 1436 consolatio-

2117 1481 2236 1526 nc‘m
2265 1473 2374 1525 ullo
2400 1471 2466 1527 ex
2498 1473 2636 1537 loco,
2671 1473 2762 1527 sed
2789 1481 2956 1526 totum
3001 1472 3054 1525 in
3104 1487 3395 1539 supernum
3441 1473 3692 1525 auxilium

2118 1561 2480 1629 projicientem
2511 1579 2525 1615 :
2551 1563 2726 1616 statim
2764 1563 2816 1614 in
2843 1563 2957 1630 ipso
2984 1563 3131 1616 initio
3160 1563 3344 1617 volens
3378 1564 3697 1616 c0ntinnare

2117 1651 2442 1706 alacritatem
2469 1653 2583 1721 ejus
2603 1693 2618 1716 ,
2647 1653 2695 1706 ei
2728 1663 2982 1722 apparet,
3007 1667 3070 1707 ac
3097 1653 3261 1708 dicit:
3289 1653 3399 1724 Ego
3423 1659 3540 1706 sum‘
3565 1652 3700 1706 Deus

2119 1741 2394 1806 Abraham,
2417 1751 2463 1795 et
2483 1741 2622 1795 Deus
2649 1741 2799 1795 Isaac
2821 1744 2980 1812 patris
3008 1743 3098 1796 tui.
3124 1743 3235 1812 Ego
3259 1753 3315 1797 et
3345 1742 3695 1813 patriarcham

2119 1841 2172 1885 et
2200 1839 2399 1899 patrem
2438 1841 2582 1886 tuum
2625 1834 2676 1887 in
2705 1843 2904 1887 tantum
2936 1833 3273 1902 splendorem
3301 1835 3473 1888 evexi.
3500 1833 3578 1888 Ne
3607 1835 3699 1902 igi-

2123 1930 2206 1974 tur
2231 1923 2437 1988 timeas,
2459 1923 2552 1977 scd
2579 1923 2738 1978 crede
2769 1939 2872 1986 me,
2902 1924 2988 1991 qui
3016 1923 3227 1991 implevi
3256 1923 3360 1979 illis
3385 1925 3697 1993 promissio-

2122 2025 2248 2074 nes,
2279 2020 2333 2065 et
2371 2022 2422 2066 te
2459 2028 2576 2067 mea
2606 2029 2730 2066 cura
2761 2023 2814 2067 et
2855 2013 3182 2082 providentia
3213 2014 3574 2083 dignaturum.
3625 2015 3706 2068 Ne

2124 2101 2311 2154 timeas
2359 2115 2522 2171 ergo,
2544 2103 2637 2156 sed
2663 2103 2870 2158 confide
2907 2121 2920 2156 :
2952 2113 3008 2158 et
3035 2105 3178 2157 omni
3207 2103 3395 2158 timore
3435 2104 3661 2172 depu'so
3683 2145 3700 2168 ,

2123 2189 2281 2244 crede
2303 2191 2364 2244 iis
2391 2207 2508 2259 qua:
2537 2208 2565 2244 a
2588 2207 2677 2246 me
2700 2193 2964 2247 dicuntur.
2993 2193 3193 2246 Etenim
3216 2202 3422 2258 terram,
3442 2195 3497 2248 in
3525 2212 3626 2265 qua
3651 2205 3702 2247 tu

2124 2279 2334 2346 dormis,
2357 2281 2444 2334 tibi
2467 2281 2598 2334 dabo
2623 2292 2668 2334 et
2701 2283 2876 2335 semini
2906 2293 2992 2336 tuo
3015 2325 3028 2348 ,
3062 2285 3146 2338 Η.
3183 2293 3229 2336 et
3257 2285 3350 2336 erit
3374 2302 3541 2338 semen
3565 2296 3706 2338 tuum

2123 2369 2252 2422 sicut
2295 2388 2450 2424 arena
2486 2374 2662 2426 maris.
2689 2373 2765 2428 Nc
2796 2384 2978 2442 putes,
3011 2375 3211 2441 inquit,
3245 2376 3364 2444 quia
3413 2376 3463 2428 in
3508 2384 3702 2430 terram

2124 2458 2350 2513 alienam
2380 2476 2520 2515 nunc
2547 2463 2716 2529 vadis,
2748 2463 3056 2531 privandum
3090 2472 3141 2517 te
3168 2474 3306 2518 terra
3337 2464 3388 2516 in
3417 2480 3520 2533 qua
3550 2476 3708 2518 natus

2123 2566 2204 2616 es,
2229 2551 2321 2605 ubi
2367 2553 2651 2620 educatus,
2702 2555 2789 2609 ubi
2836 2553 3132 2608 adolevisti.
3176 2555 3384 2609 Etenim
3431 2556 3525 2608 tibi
3569 2556 3708 2608 dabo

2126 2659 2242 2698 cam
2273 2655 2325 2698 et
2365 2646 2552 2699 semini
2585 2656 2691 2711 tuo,
2735 2647 2875 2715 quod
2905 2647 3041 2701 sicut
3075 2662 3290 2701 arenam
3328 2648 3490 2702 maris
3527 2649 3706 2715 augeri

2125 2737 2342 2798 Curabo,
2365 2735 2434 2788 Et
2462 2736 2752 2790 dilatabt'tur
2775 2739 2842 2790 ad
2882 2755 3049 2804 mare,
3090 2747 3135 2790 et
3165 2739 3409 2809 africum,
3438 2748 3484 2792 et
3509 2748 3708 2804 septen-

2127 2827 2356 2890 trionem,
2387 2836 2433 2878 et
2461 2827 2695 2880 orientem
2722 2842 2742 2879 :
2772 2828 2870 2881 hoc
2892 2837 3010 2894 est,
3050 2827 3242 2894 ubique
3285 2827 3661 2895 propagabitur
3692 2844 3706 2879 :

2127 2915 2192 2969 Et
2211 2915 2557 2970 benedicentur
2576 2919 2626 2970 in
2648 2928 2694 2970 te
2714 2934 2884 2971 omnes
2901 2917 3056 2969 tribus
3081 2928 3244 2978 terrm,
3260 2917 3372 2968 etin
3393 2917 3580 2970 semine
3602 2927 3708 2968 tuo.

2202 3005 2464 3069 Quomodo
2509 3016 2734 3060 exerceat
2775 3007 3028 3076 iustorum
3067 3006 3398 3058 obedientiam
3431 3005 3590 3057 Deus.
3639 3034 3709 3044 -—

2129 3095 2262 3150 Vide
2287 3097 2554 3165 quomodo
2573 3097 2683 3166 jam
2711 3096 2886 3150 omnia
2915 3097 2962 3150 ci
2985 3112 3102 3164 qua:
3127 3105 3244 3164 post
3264 3096 3475 3164 longum
3500 3106 3711 3161 tempus

2127 3197 2379 3242 eventura
2401 3195 2582 3253 erant,
2614 3187 2877 3256 praedicit.
2909 3187 3004 3240 llic
3032 3186 3174 3240 enim
3200 3200 3315 3239 mos
3354 3195 3437 3240 est
3467 3186 3710 3237 omnium

2128 3277 2375 3340 Domino,
2399 3286 2455 3330 ut
2474 3277 2696 3346 singulis
2725 3276 2936 3345 quidem
2960 3275 3118 3344 justis
3147 3290 3207 3328 se
3236 3274 3287 3328 id
3310 3275 3564 3328 facturum
3597 3273 3714 3340 pol-

2129 3366 2365 3430 liceatur,
2398 3379 2502 3419 uon
2541 3373 2717 3419 autem
2755 3365 3007 3418 continuo
3036 3364 3416 3433 promissiones
3446 3363 3665 3431 impleat
3695 3378 3712 3422 ;

2127 3455 2222 3509 sed
2246 3465 2492 3510 exerceat
2511 3455 2776 3523 justorutn
2810 3453 3164 3508 obedientiam
3191 3465 3242 3506 et
3269 3453 3600 3522 patientiam,
3627 3460 3715 3504 at-

2127 3561 2230 3614 que
2272 3545 2351 3600 sic
2398 3545 2561 3597 multa
2613 3559 2733 3597 cum
2781 3543 3098 3597 liberalitate
3154 3543 3372 3610 impleat
3421 3541 3713 3610 promissa.

2128 3635 2329 3690 Deinde
2362 3635 2450 3688 ubi
2481 3634 2742 3703 pollicitus
2769 3643 2850 3688 est
2878 3634 2925 3687 ci
2953 3633 3147 3696 futura,
3176 3648 3297 3686 cum
3329 3632 3591 3700 indigeret
3619 3631 3712 3699 ju-

2127 3738 2241 3782 stus
2272 3728 2322 3780 in
2362 3726 2519 3780 rebus
2562 3725 2908 3793 praesentibus
2935 3738 3039 3777 non
3071 3722 3270 3791 vulgari
3300 3721 3667 3776 consolatione
3697 3737 3713 3775 :

2127 3819 2248 3872 vide
2289 3817 2554 3887 quomodo
2594 3816 2854 3886 benignus
2886 3815 3137 3868 Dominus
3175 3813 3348 3867 futura
3377 3812 3719 3882 polliceatur,

2126 3920 2179 3965 et
2209 3925 2306 3978 per
2326 3910 2411 3963 illa
2439 3911 2550 3977 ipsa
2575 3925 2692 3978 qua:
2722 3922 2862 3962 nunc
2891 3908 2942 3960 in
2969 3923 3090 3962 cum
3113 3905 3368 3968 declarat,
3406 3904 3476 3960 de
3513 3903 3618 3957 illis
3646 3905 3714 3956 ii-

2125 4000 2337 4055 duciam
2365 4000 2515 4054 indit.
2544 4000 2682 4056 Dicit
2706 4000 2846 4054 enim
2881 4016 2893 4051 :
2925 3997 3004 4053 Ne
3033 4007 3185 4067 putes
3223 4013 3308 4052 me
3334 3997 3447 4051 haec
3474 3996 3586 4050 sola
3617 3993 3715 4049 tibi

2129 4092 2364 4162 polliceri
2391 4109 2406 4157 ;
2445 4092 2540 4147 sed
2567 4102 2621 4147 et
2662 4107 2804 4146 nunc
2831 4092 2914 4146 15.
2955 4089 3138 4144 Tecum
3167 4107 3308 4156 sum,
3334 4089 3619 4143 custodiens
3668 4097 3728 4142 ts

2127 4185 2181 4238 in
2209 4185 2344 4238 omni
2374 4185 2474 4247 via,
2500 4199 2601 4248 qua
2625 4184 2786 4237 vadis.
2820 4183 2898 4237 Ne
2928 4183 3087 4251 igitur
3117 4193 3290 4250 putes,
3321 4182 3511 4250 inquit,
3539 4189 3592 4234 te
3614 4194 3711 4234 so-

2129 4277 2239 4330 lum
2281 4277 2378 4330 iter
2423 4274 2600 4330 facere
2640 4292 2654 4328 :
2697 4290 2782 4329 me
2811 4273 3032 4328 habebis
3075 4272 3278 4326 itineris
3317 4271 3598 4334 comitem,
3625 4283 3716 4323 me

2129 4366 2348 4420 habebis
2375 4364 2650 4419 custodem
2683 4365 2734 4418 in
2780 4363 2925 4417 omni
2961 4362 3042 4415 via
3063 4403 3078 4428 ,
3109 4361 3287 4416 omnia
3331 4359 3426 4414 tibi
3476 4358 3718 4412 difﬁcilia

2132 4456 2301 4512 facilia
2339 4456 2677 4512 reddentem.
2702 4455 2902 4509 Exinde
2949 4455 3116 4524 magis
3157 4467 3358 4522 augens
3385 4451 3718 4506 consolatio-

2131 4565 2282 4615 nem,
2309 4548 2416 4618 jam
2464 4548 2698 4618 prmdicit
2724 4542 2782 4601 ei
2802 4546 3030 4601 reditum
3067 4545 3134 4598 ad
3164 4560 3279 4597 sua.
3308 4543 3376 4596 Et
3415 4541 3591 4597 reverti
3630 4546 3718 4610 [a-

2129 4643 2260 4695 ciant
2285 4651 2350 4704 te,
2376 4640 2566 4709 inquit,
2594 4640 2648 4692 in
2687 4647 2870 4692 terram
2895 4641 3044 4690 hanc.
3074 4636 3152 4690 Ne
3181 4634 3432 4698 formidcs
3459 4675 3473 4697 ,
3503 4633 3675 4700 inquit
3699 4671 3731 4696 ,.

2128 4732 2278 4802 quasi
2309 4731 2362 4784 in
2389 4731 2556 4785 aliena
2589 4739 2727 4786 terra
2754 4737 3078 4783 versaturus.
3107 4726 3172 4779 Et
3192 4725 3428 4778 reducant
3454 4734 3500 4777 te
3526 4724 3580 4776 in
3610 4733 3718 4774 ter-

2127 4842 2242 4878 ram
2261 4825 2411 4892 hanc,
2434 4833 2480 4877 et
2495 4824 2698 4877 minime
2717 4831 2763 4876 te
2789 4822 3149 4890 derelinquant,
3173 4818 3331 4871 donec
3352 4820 3520 4886 fecero
3549 4815 3725 4867 omnia

2129 4931 2243 4986 qua:
2268 4917 2505 4984 loquutus
2551 4931 2662 4968 sum
2701 4914 2804 4967 tibi.
2837 4912 2952 4966 Non
3001 4910 3290 4979 despiciam
3329 4918 3380 4962 te
3404 4948 3420 4972 ,
3450 4921 3624 4975 neque
3667 4915 3720 4959 te

2129 5005 2337 5060 consilii
2363 5006 2572 5074 inopem
2599 5005 2769 5063 sinam
2793 5018 2808 5067 ;
2833 5002 2926 5056 sed
2952 5001 3068 5055 hare
3098 5013 3443 5069 quascumque
3468 4998 3560 5052 tibi
3589 5013 3719 5065 pro-

2129 5098 2248 5152 misi
2291 5099 2344 5152 in
2385 5111 2521 5167 opus
2557 5096 2835 5150 adducam.
2860 5093 3138 5159 Quomodo
3174 5093 3293 5161 quis
3324 5105 3420 5159 pro
3457 5089 3720 5157 dignitate

2130 5188 2478 5244 admirabitur
2513 5197 2569 5243 et
2608 5186 2949 5256 obstupescet
2975 5183 3216 5240 divinam
3239 5183 3622 5254 benignitatem
3663 5185 3719 5230 cl

2131 5281 2562 5338 inaestimabilem
2606 5278 3031 5349 indulgentiam?
3063 5275 3196 5329 Vide
3249 5272 3392 5326 enim
3453 5279 3715 5340 quantum

2131 5373 2338 5444 pondus
2362 5371 2773 5442 promissionum
2800 5370 2889 5424 dat
2911 5369 3074 5438 justo,
3100 5375 3154 5421 et
3179 5363 3448 5434 quomodo
3477 5362 3713 5414 animmn

2131 5465 2248 5537 ejus
2275 5466 2468 5522 erexit.
2498 5463 2682 5534 Cogita
2726 5463 2851 5517 item
2891 5470 2944 5516 et
2987 5458 3116 5529 justi
3154 5455 3312 5524 hujus
3349 5464 3556 5522 gratum
3587 5450 3716 5504 alic-

2185 5575 2202 5606 ί
2232 5573 2298 5620 ita
2324 5569 2488 5620 Codex
2517 5582 2664 5624 unus,
2687 5572 2837 5626 atque
2868 5562 2940 5611 sic
2964 5560 3252 5626 habetur-in
3278 5555 3464 5626 .llibliis
3497 5551 3715 5626 graecis,

2124 5643 2177 5683 et
2202 5619 2378 5681 eodem
2417 5632 2562 5679 modo
2604 5619 2728 5689 legit
2757 5619 3042 5689 'lnterpros.
3073 5622 3123 5668 in
3157 5619 3334 5689 lidius,
3377 5624 3430 5665 et
3463 5619 3577 5689 aliis
3605 5628 3714 5689 οπε-

2124 5677 2295 5744 nihils—
2326 5677 2465 5743 illisa.“
2498 5677 2601 5742 haec
2626 5677 2731 5752 ,vct
2789 5677 3136 5739 descendebant
3197 5682 3313 5745 (καὶ
3377 5677 3719 5737 κατέϐαινον),

2124 5760 2318 5806 desunt.
