3974 6428
459 307 560 365 ιη

460 422 807 491 ὑποσχέσεων
860 416 1150 488 ἐποιήσατο
1185 416 1319 487 πρὸς
1362 416 1453 469 τὸν
1492 415 1718 491 δίκαιον,
1756 414 1850 468 καὶ
1877 414 2025 474 ὅπως

458 488 710 559 αὐτοῦτὸ
738 502 991 572 φρόνημα
1017 498 1351 567 διανέστησε.
1397 498 1506 550 Καὶ
1551 488 1772 549 ἐπειδάν
1813 494 2027 562 θαυμά-

456 605 560 657 σῃς
598 585 690 638 τοῦ
735 582 867 635 Θεοῦ
900 583 1000 651 τὴν
1053 578 1478 650 φιλανθρωπίαν,
1510 579 1678 632 ἐννόει
1721 578 1815 632 καὶ
1835 576 1930 629 τοῦ
1948 576 2029 628 δι-

458 670 616 722 καίου
672 664 857 718 τούτου
894 664 990 733 τὴν
1030 662 1469 732 εὐγνωμοσύνην,
1512 662 1605 715 καὶ
1644 662 1727 713 ὅτι
1774 661 1913 730 μετά
1942 677 2031 712 το-

459 750 662 812 σαύτας
684 747 1001 818 ὑποσχέσεις
1026 746 1226 798 εἴκοσιν
1258 744 1392 797 ἐτῶν
1421 744 1651 814 ἀριθμὸν
1678 743 2031 812 ταλαιπωρη-

457 833 568 895 Gal;
604 831 755 900 παρὰ
783 830 858 899 τῷ
903 827 1108 891 Λάϐαν,
1156 828 1255 879 οὐκ
1307 827 1686 896 ἐδυσχέρανεν,
1736 829 1835 879 οὐκ
1867 826 2029 894 ἐνάρο

456 933 589 985 κησε
616 915 751 984 πρὸς
771 914 829 965 τὸ
860 912 1030 981 μῆκος
1050 910 1143 962 τοῦ
1168 911 1381 980 χρόνου·
1403 909 1539 962 ἀλλὰ
1565 910 1743 963 πάντα
1765 910 2031 977 γενναίως

454 999 681 1067 ἔφερεν,
744 994 1028 1065 ἀναμένων
1064 993 1172 1044 τῶν
1220 993 1565 1060 ὑποσχέσεων
1617 992 1679 1044 τὸ
1728 992 1898 1055 τέλος,
1938 990 2031 1044 καὶ

455 1079 606 1141 εἰδὼς
645 1079 721 1141 ὡς
740 1078 842 1146 οὐχ
868 1071 979 1128 οἷόν
999 1092 1062 1127 τε
1094 1074 1164 1125 τὰ
1194 1073 1345 1144 παρὰ
1372 1073 1466 1125 τοῦ
1494 1073 1630 1125 Θεοῦ
1659 1073 1889 1144 ρηθέντα
1915 1073 2031 1125 δια-

456 1165 665 1225 πεσεῖν,
699 1160 795 1214 καί
842 1158 1074 1228 μάλιστα
1109 1156 1326 1208 ἐπειδάν
1357 1158 1520 1226 ἡμεῖς
1563 1159 1631 1211 τὰ
1664 1159 1794 1227 παρ’
1824 1156 2033 1209 ἑαυτῶν

456 1246 793 1311 εἰσενεγκεῖν
824 1238 1346 1309 σπουδάζωμεν,τὴν
1369 1240 1573 1304 πίστιν,
1607 1241 1706 1310 τὴν
1732 1240 2028 1310 ὑπομονὴν,

455 1329 517 1381 τὸ
548 1328 660 1388 τοῖς
697 1326 861 1394 μήπω
905 1322 1205 1390 γεγονόσιν,
1258 1321 1478 1374 ἐπειδάν
1508 1324 1538 1374 ὁ
1582 1322 1859 1393 Δεσπότης
1895 1320 2032 1373 ὑπό-

460 1425 677 1479 σχηται,
715 1407 789 1469 ὡς
829 1407 935 1477 ήδη
965 1406 1043 1467 εἰς
1088 1404 1248 1475 ἔργον
1281 1403 1557 1467 ἐξελθοῦσι
1586 1404 1829 1477 θαρρεῖν.
1863 1405 2033 1457 Τοῦτο

457 1494 564 1563 γὰρ
598 1489 813 1559 ἀληθῶς
842 1489 1041 1550 πίστις,
1072 1486 1132 1538 τὸ
1159 1486 1235 1557 μή
1266 1490 1378 1549 τοῖς
1398 1486 1695 1557 ὁρωμένοις
1720 1487 2029 1558 προσέχειν,

461 1576 566 1627 κᾶν
602 1572 818 1625 ἐναντία
908 1569 977 1624 τὰ
1005 1570 1276 1639 γινόμενα
1294 1572 1361 1639 τῇ
1408 1569 1719 1638 ὑποσχέσει,
1739 1570 1875 1623 ἀλλά
1898 1569 2033 1641 θαρ-

463 1658 577 1727 ρεῖν
610 1657 675 1723 τῇ
702 1653 925 1722 δυνάμει
955 1650 1048 1704 τοῦ
1079 1649 1569 1720 ἐπαγγειλαμένου.
1590 1651 1811 1713 Τέωςδέ
1835 1650 2033 1720 ἴδωμεν

461 1738 554 1790 τοῦ
571 1737 776 1790 δικαίου
798 1735 985 1788 τούτου
1003 1732 1106 1802 τὴν
1127 1732 1564 1803 εὐγνωμοσύνην.
1596 1732 1705 1785 Kal
1718 1732 2029 1801 ἐξηγέρθη,

464 1820 649 1890 φησὶν,
697 1818 908 1873 Ἰακὼϐ
942 1815 1060 1870 ἀπὸ
1097 1815 1206 1868 τοῦ
1235 1815 1431 1867 ὕπνου
1470 1811 1677 1881 αὐτοῦ,
1713 1811 2031 1877 καὶεῖπεν,

458 1902 552 1954 ὅτι
595 1900 758 1953 Ἐστί
792 1899 1005 1965 Κύριος
1025 1897 1094 1950 ἐν
1131 1895 1211 1961 τῷ
1237 1897 1395 1960 τόπῳ
1422 1896 1629 1962 τούτῳ,
1670 1894 1787 1964 ἐγὼ
1823 1896 1892 1950 δὲ
1921 1900 2035 1951 οὐκ

459 1983 651 2052 ᾔδειν.
692 1984 799 2036 Καὶ
830 1982 1116 2049 ἐφοϐήθη,
1148 1978 1243 2032 καί
1269 1974 1458 2031 εἶπεν
1477 1978 1570 2043 Ὠς
1592 1979 1843 2047 φοϐερὸς
1881 1983 1914 2033 ό
1941 1980 2037 2033 τό·

452 2082 574 2132 -πος
590 2062 917 2130 οὗτος.οὐιι
941 2062 1299 2124 ἕστιτοῦτο,
1329 2060 1468 2115 ἀλλ’
1488 2061 1529 2130 ἣ
1550 2059 1710 2126 οἶκος
1737 2062 1906 2125 Θεοῦ,
1936 2061 2035 2114 καί

367 2151 385 2160 '
449 2149 615 2216 -αὖτη
650 2149 689 2215 ή
710 2148 875 2212 πύλη
909 2144 1017 2199 τοῦ
1046 2144 1330 2210 οὐρανοῦ.
1359 2143 1767 2209 Καταπλαγείς,
1806 2144 2040 2214 φησὶν,ό

448 2237 690 2294 δίκαιος,
705 2231 803 2302 τὴν
823 2230 1020 2302 πολλὴν
1040 2229 1136 2282 τοῦ
1167 2229 1303 2282 Θεοῦ
1334 2229 1744 2299 φιλανθρωπίαν
1770 2230 2036 2301 ἐφοϐήθη,

452 2319 554 2373 -καὶ
591 2312 898 2369 εἶπενοοὺκ
924 2314 1054 2367 ἔστι
1078 2312 1254 2366 τοῦτο
1310 2312 1447 2367 ἀλλ’
1476 2314 1513 2380 ἢ
1550 2309 1713 2379 οἶκος
1736 2314 1842 2368 τοῦ
1867 2314 2036 2377 Θεοῦ,

462 2401 561 2456 καί
582 2399 733 2465 αῦτη
754 2405 793 2465 η
816 2398 979 2463 πύλη
1001 2395 1106 2449 τοῦ
1123 2394 1401 2462 οὐρανοῦ.
1427 2387 1597 2457 Οὗτος
1620 2395 1647 2447 ὁ
1672 2396 1836 2458 τόπος
1856 2396 2040 2452 λοιπὸν

463 2484 586 2553 ἐμοὶ
611 2477 755 2542 οἶκος
792 2478 885 2532 τοῦ
916 2476 1050 2530 Θεοῦ
1094 2476 1426 2546 νενόμισται.
1476 2477 1756 2548 Τοσαύτης
1792 2473 1884 2532 οὖν
1914 2480 2037 2532 ἐπι-

463 2566 689 2637 φανείας
713 2562 983 2627 ἀξιωθεὶς,
1022 2562 1114 2615 καὶ
1148 2561 1337 2630 αὐτὴν,
1388 2562 1465 2623 ὼς
1495 2563 1692 2624 εἰπεῖν,
1732 2562 1829 2633 τὴν
1864 2562 2038 2632 πύλην

459 2648 557 2701 τοῦ
594 2645 824 2717 ούρανοῦ
866 2644 1222 2713 θεασάμενος,
1252 2642 1457 2702 δίκαιος
1502 2644 1568 2696 ἂν
1615 2643 1733 2713 εἴην
1762 2645 1860 2716 τὴν
1889 2647 2040 2713 ὀφειο

461 2729 696 2798 λομένην
724 2726 1073 2797 εὐχαριστίαν
1107 2726 1414 2792 ἀνενεγκεῖν
1460 2725 1694 2780 ἐνταῦθα
1728 2726 1805 2796 τῷ
1832 2726 2038 2781 Δεσπό-

462 2828 553 2881 τη.
595 2810 700 2863 Καὶ
739 2808 963 2875 ἀνέστη
1016 2807 1241 2873 Ἰακὼϐ,
1281 2808 1377 2861 καί
1409 2808 1587 2862 ἔλαϐε
1611 2808 1718 2861 τὸν
1742 2809 1932 2873 λίθον,
1966 2807 2041 2861 ὃν

464 2894 593 2961 εἶχε
637 2892 786 2960 πρὸς
831 2890 1107 2960 κεφαλὴν
1145 2892 1352 2957 αὑτοῦ,
1394 2890 1490 2943 καί
1538 2892 1804 2959 ἔστησεν
1852 2892 2041 2946 αὐτὸν

456 2975 726 3042 στήλην,
748 2972 844 3026 καί
866 2973 1115 3042 ἐπέχεεν
1145 2973 1353 3027 ἔλαιον
1381 2973 1478 3026 ἐπὶ
1512 2973 1579 3026 τὸ
1608 2972 1796 3041 ἀκρον
1825 2974 2038 3041 αὐτῆς.

464 3059 576 3113 Kal
611 3056 908 3111 ἐκάλεσεν
942 3056 1153 3111 Ἰακὼό
1170 3057 1245 3110 τὸ
1297 3056 1484 3124 ὄνομα
1526 3056 1632 3110 τοῦ
1669 3058 1856 3111 τόπου
1884 3058 2039 3111 ἐκεί-

334 3171 346 3180 -
459 3157 597 3202 νου,
635 3137 808 3205 Οἶκος
834 3139 1003 3194 Θεοῦ.
1037 3140 1287 3207 Ἕτερον
1313 3138 1423 3206 γὰρ
1449 3135 1529 3209 ἦν
1546 3138 1746 3207 ὄνομα
1778 3137 1857 3204 τῷ
1880 3144 2043 3207 τόπῳ

463 3223 532 3276 τὸ
561 3223 864 3291 πρότερον.
905 3222 1120 3293 Ἐπειδὴ
1146 3222 1396 3292 μεγάλων
1431 3221 1638 3292 ἠξιώθη
1669 3222 1918 3294 διὰ[5ἳθ]
1940 3222 2042 3293 τῆς

438 3304 754 3368 ιιόπτασίας,
780 3307 847 3375 τῇ
878 3304 1219 3377 προσηγορίᾳ
1256 3303 1354 3374 τήν
1386 3309 1605 3375 μνήμην
1628 3305 2041 3359 ἐναποτίθεσθαι

465 3386 713 3456 βούλεται
745 3386 823 3455 τῷ
846 3386 1015 3457 τόπῳ,
1049 3388 1143 3440 καὶ
1167 3386 1436 3456 ἐπίσημον
1451 3388 1531 3450 εἰς
1560 3386 1620 3440 τὸ
1647 3386 1774 3457 ἐξῆς
1800 3388 2041 3457 ἐργάσα-

458 3468 609 3522 σθαι.
638 3469 749 3523 Καὶ
781 3469 872 3522 τὸν
900 3469 1049 3521 λίθον
1078 3468 1201 3522 ἀντὶ
1220 3469 1324 3536 τῆς
1367 3469 1567 3539 στήλης
1597 3470 1821 3539 στήσας,
1854 3472 1949 3523 καὶ
1980 3470 2043 3523 τὸ

458 3549 641 3603 ἔλαιον
668 3550 892 3621 ἐπιχέας
927 3549 1104 3620 (τοῦτο
1132 3549 1242 3621 γάρ
1278 3549 1440 3602 αὑτὸν
1472 3550 1632 3619 μόνον
1666 3549 1812 3614 εἰκὸς
1850 3551 2045 3620 ἐπιφέ-

461 3633 680 3703 ρεσθαι,
716 3633 811 3686 am
832 3632 1003 3696 οὕτως
1025 3630 1453 3700 ὁδοιποροῦντα),
1485 3631 1650 3702 εὐχὴν
1680 3633 2044 3705 προσάγειτῷ

464 3713 835 3785 φιλανθρώπῳ
862 3713 979 3783 Θεῷ
1008 3713 1186 3784 πάσης
1221 3714 1496 3783 γέμουσαν
1528 3714 1865 3782 φιλοσοφίας.

538 3824 599 3871 ε’.
636 3818 747 3872 Kal
774 3820 823 3871 εἰ
854 3818 1129 3888 βούλεσθε,
1165 3819 1260 3872 καὶ
1290 3818 1467 3872 αὐτῶν
1504 3818 1897 3891 ἐπακούσωμεν
1936 3821 2046 3875 τῶν

426 3914 429 3917 ·
467 3901 747 3972 ῥημάτων.
782 3902 1017 3967 Ηΰξατο
1047 3902 1173 3973 γάρ,
1206 3901 1389 3972 φησὶν,
1421 3902 1634 3971 εὐχὴν,
1662 3902 1878 3972 λέγων’
1905 3904 2048 3958 Ἐὰν
2091 3963 2102 3973 ,

460 3978 508 4053 ᾖ
535 3983 751 4051 Κύριος
776 3987 809 4038 ό
844 3984 988 4051 Θεὸς
1013 3987 1140 4054 μετ’
1170 3985 1337 4054 ἐμοῦ,
1364 3985 1462 4039 καὶ
1504 3984 1749 4054 φυλάξῃ
1773 4003 1849 4055 με
1873 3987 1944 4040 ἐν
1971 3984 2049 4055 τῇ

460 4065 588 4129 ὀδῷ
608 4068 815 4134 ταύτῃ,
848 4061 889 4138 ᾖ
927 4067 1042 4135 ἐγὼ
1093 4069 1435 4135 πορεύομαι.
1479 4068 1698 4138 Ἐπειδὴ
1751 4064 1934 4132 εἶπεν,
1964 4070 2047 4123 ὃτι

480 4148 622 4215 Ἐγώ
646 4150 761 4215 εἰμι
783 4150 932 4215 μετὰ
968 4149 1105 4212 σοῦ,
1132 4149 1230 4201 καί
1259 4148 1608 4216 διαφυλὰεω
1624 4166 1702 4204 σε
1721 4150 1791 4203 ἐν
1810 4151 1885 4219 τῇ
1904 4151 2043 4217 ὀδῷ,

458 4221 508 4298 ᾖ
536 4227 646 4281 ἐὰν
668 4229 913 4295 πορεύῃ·
931 4228 1020 4280 διὰ
1042 4229 1199 4282 τοῦτο
1226 4230 1321 4283 καὶ
1347 4232 1508 4295 αὑτός
1537 4248 1702 4300 φησιν
1719 4248 1736 4264 ·
1763 4228 1828 4285 Εἰ
1860 4234 2049 4289 ἐκεῖνά

471 4328 563 4381 μοι
594 4309 850 4380 ὑπάρξει,
895 4309 1039 4379 ἅπερ
1087 4327 1177 4379 μοι
1228 4311 1486 4381 ὑπέσχου.
1535 4309 1670 4367 Εἶτα
1708 4316 1803 4367 καὶ
1830 4316 2047 4385 αἴτησιν

460 4392 676 4446 οἴκοθεν
693 4391 1012 4463 προσφέρει,
1031 4391 1223 4460 λέγων,
1260 4386 1391 4447 Ἐὰν
1403 4392 1485 4457 δῷ
1506 4411 1608 4462 μοι
1629 4397 1842 4464 Κύριος
1864 4397 2049 4465 ἄρτον

467 4473 570 4527 καί
601 4472 834 4541 ἱμάτιον
857 4475 1299 4539 περιϐαλέσθαι.
1344 4474 1420 4528 Οὐ
1462 4474 1709 4544 πλοῦτον,
1738 4479 1800 4531 οὐ
1828 4495 2048 4550 περιου-

469 4556 593 4609 σίαν
617 4554 740 4608 τινὰ
761 4555 989 4626 ᾔτησεν,
1020 4555 1134 4608 ἀλλ’
1168 4557 1331 4627 ἄρτον
1369 4556 1464 4611 καὶ
1495 4559 1810 4627 ἱμάτιον,τὸ
1843 4562 1943 4631 μὲν
1966 4562 2048 4625 εἰς
2084 4574 2091 4581 ’

465 4632 568 4701 τὴν
600 4633 693 4684 τοῦ
746 4633 997 4703 σώματος
1032 4633 1344 4705 περιϐολὴν,
1391 4635 1453 4687 τὸ
1482 4635 1537 4688 δὲ
1572 4638 1652 4700 εἰς
1696 4639 1904 4709 τροφὴν
1944 4638 2046 4708 τῆς

469 4709 677 4779 χρείας.
707 4712 905 4764 Σκόπει
929 4712 1045 4773 πῶς
1082 4713 1440 4766 άποστολικδν
1477 4717 1808 4785 χαρακτῆρα
1835 4716 1923 4770 διὰ
1947 4717 2047 4788 τῆς

470 4792 737 4860 αἰτήσεως
774 4794 903 4861 ἡμῖν
927 4791 1148 4862 ᾐνίξατο
1174 4810 1189 4824 ο
1224 4795 1366 4847 οὕτω
1400 4797 1599 4866 πολλῆς
1622 4798 1787 4868 ἔγεμε
1828 4799 1928 4869 τῆς
1954 4817 2045 4869 φι-

469 4872 724 4940 λοσοφίας
749 4872 842 4925 τοῦ
868 4874 1075 4926 δικαίου
1112 4875 1172 4927 τὸ
1203 4878 1477 4947 φρόνημα.
1505 4880 1684 4948 Ὅπερ
1707 4881 1817 4951 γὰρ
1841 4884 1870 4935 ὁ
1908 4884 2046 4954 Χρι-

471 4956 597 5019 στὸς
630 4955 803 5023 ἔλεγε,
830 4954 926 5022 Μὴ
968 4957 1277 5023 κτήσησθε
1298 4960 1551 5026 χρυσὸν,
1565 4961 1721 5029 μηδὲ
1738 4963 2042 5032 ἀργύριον,

398 5073 409 5082 .
465 5035 622 5106 μηδὲ
645 5036 755 5089 δύο
784 5034 1057 5104 χιτῶνας,
1100 5036 1260 5090 τοῦτο
1284 5035 1438 5102 οὗτος
1482 5041 1694 5094 οὐδέπω
1733 5045 1865 5113 παρ’
1895 5045 2047 5097 οὐδε-

460 5121 556 5184 νὸς
572 5119 863 5191 διδαχθεὶς,
897 5119 1010 5173 ἀλλ’
1040 5119 1251 5172 οἴκοθεν
1280 5121 1377 5174 καὶ
1408 5123 1471 5174 ἐκ
1492 5124 1588 5176 τοῦ
1624 5124 1943 5191 ἐγκειμένου
1976 5130 2044 5197 τῇ

469 5207 630 5276 φύσει
653 5210 719 5278 τῇ
750 5208 993 5279 ἡμετέρᾳ
1015 5206 1334 5260 διδασκάλου
1359 5207 1530 5261 ταῦτα
1557 5209 1765 5277 μαθὼν,
1788 5212 2042 5282 ἐπεζήτει

464 5287 619 5356 παρά
644 5286 740 5339 τοῦ
774 5288 1046 5340 Δεσπότου
1080 5284 1230 5354 αὐτῷ
1267 5286 1697 5356 παρασχεθῆναι,
1741 5287 1904 5359 ἄρτον
1940 5308 2045 5360 φα-

464 5371 586 5433 γεῖν
616 5370 711 5422 καὶ
750 5369 961 5439 ἱμάτιον
992 5368 1403 5440 περιϐαλέσθαι.
1451 5368 1575 5420 Ἐάν
1602 5369 1778 5423 ταῦτὰ
1804 5389 1915 5441 μοι,
1944 5391 2049 5443 φη-

471 5451 576 5513 σὶν,
607 5449 823 5521 ὑπάρξῃ
850 5453 941 5503 ἐπί
969 5451 1068 5521 τῆς
1100 5451 1407 5523 ἀλλοτρίας,
1444 5450 1553 5505 Καὶ
1582 5452 1936 5523 ἀποστρέψῃ
1969 5473 2047 5524 με

466 5530 619 5596 μετὰ
676 5534 971 5598 σωτηρίας
1020 5536 1108 5599 εἰς
1152 5534 1260 5587 τὸν
1298 5530 1469 5588 οἷκον
1500 5533 1609 5587 τοῦ
1646 5538 1867 5603 πατρός
1901 5556 2043 5607 μου,

474 5610 724 5682 καθάπερ
778 5612 1060 5684 ὑπέσχετοο
1119 5617 1229 5669 Καὶ
1291 5617 1461 5669 ἔσται
1514 5617 1729 5684 Κύριος
1770 5618 1899 5685 ἐμοὶ
1958 5622 2045 5686 εἰς

477 5690 647 5751 Θεὸν,
698 5692 797 5743 καὶ
851 5696 882 5746 ό
937 5697 1106 5761 λίθος
1158 5692 1354 5762 οὗτος,
1399 5698 1470 5750 ὃν
1504 5698 1740 5767 ἕστησα
1784 5702 2044 5768 στήλην,

481 5768 651 5849 ἐσται
684 5787 777 5836 μοι
800 5770 963 5838 οἶκος
990 5776 1156 5828 Θεοῦ
1183 5776 1282 5828 καὶ
1313 5778 1552 5831 πάντων
1570 5774 1657 5831 ὧν
1674 5781 1751 5832 ἂν
1773 5798 1873 5849 μοι
1904 5783 2043 5847 δῷς,

476 5847 744 5923 δεκάτην
771 5852 1196 5908 ἀποδεκατώσω
1223 5858 1371 5909 αὐτά
1393 5874 1507 5911 σοι.
1542 5863 1680 5931 Ὅρα
1714 5847 1805 5913 τοῦ
1837 5862 2045 5916 δικαίου

1170 300 1226 355 S.
1263 297 1544 355 J‘OANNIS
1579 291 2065 352 CHRYSOSTOMI
2107 289 2426 347 ARCHIEP.
2468 283 3016 342 CONSTANTINOP.

3603 280 3706 338 ιτε

2137 410 2236 480 τὴν
2289 403 2725 474 εὐγνωμοσύνην.
2776 401 2886 471 Τὴν
2931 399 3144 469 αἴτησιν
3209 397 3308 467 μὲν
3364 396 3704 465 αἰτούμενος,

2134 496 2284 549 οὐδὲν
2318 490 2607 553 πολυτελὲς
2641 489 2863 558 αἰτῆσαι
2896 485 3239 552 κατεδέξατο,
3274 484 3393 537 ἀλλ’
3426 485 3593 554 ἄρτον
3619 484 3714 535 καί

2138 585 2369 655 ἱμάτιον·
2400 581 2828 650 ὑπισχνούμενος
2865 578 2922 631 δὲ
2947 578 3015 630 τά
3035 578 3161 646 παρ’
3193 574 3388 629 ἐαυτοῦ
3417 574 3497 644 τῷ
3516 572 3717 626 Azm-

2134 690 2224 743 τῃ,
2256 670 2411 733 εἰδὼς
2459 668 2624 722 αὐτοῦ
2646 669 2707 721 τὸ
2746 666 3023 736 φιλότιμον
3052 666 3110 719 ἐν
3151 667 3273 730 ταῖς
3326 664 3584 733 δωρεαῖς,
3622 661 3713 711 καὶ

2134 742 2218 808 ὅτι
2286 752 2600 824 ὑπερϐαίνει
2660 753 2780 813 ταῖς
2838 749 3137 802 ἀντιδόσεσι
3191 748 3292 810 τὰς
3348 744 3561 805 ἐννοίας
3599 742 3715 824 ἑτάς

2137 818 2433 905 ήμετέρας,
2473 833 2623 903 φησί·
2672 833 2782 886 Kal
2823 830 2926 901 τὴν
2964 829 3165 900 στήλην
3207 829 3416 898 ταύτην
3449 827 3530 887 εἰς
3572 818 3718 905 οἷκον

2135 904 2270 971 Θεοῦ
2301 917 2427 982 ἔξω,
2456 917 2552 969 καὶ
2580 917 2796 969 πάντων
2822 914 2932 966 τῶν
2963 912 3112 983 παρὰ
3142 911 3236 963 σοῦ
3261 928 3352 980 μοι
3377 904 3719 980 χορηγουμέ-

2132 1019 2237 1054 νων
2278 999 2376 1061 τάς
2410 999 2637 1060 δεκάτας
2670 994 3086 1049 άποδεκατώσω.
3133 990 3285 1055 Εἶδες
3313 991 3544 1060 γνώμην
3574 987 3719 1057 φιλό-

2135 1083 2286 1146 θεον;
2320 1081 2487 1133 Οῦπω
2514 1079 2662 1132 οὐδὲν
2684 1079 2860 1143 ἔλαϐε,
2890 1079 2981 1131 καὶ
3003 1077 3343 1144 ὑπισχνεῖται
3365 1072 3477 1125 τῶν
3504 1069 3722 1141 μελλόν-

2132 1180 2241 1216 των
2269 1162 2418 1232 αύτῷ
2452 1161 2689 1215 δίδοσθαι
2722 1160 2819 1224 τὰς
2848 1159 3079 1221 δεκάτας
3112 1156 3191 1227 τῷ
3226 1154 3347 1224 Θεῷ
3382 1152 3715 1224 προσοίσειν.

2199 1245 2291 1316 Μὴ
2322 1244 2530 1309 ἁπλῶς,
2553 1243 2846 1313 ἀγαπητοὶ,
2875 1240 3311 1312 παρατρέχωμεν
3330 1237 3398 1289 τά
3427 1234 3716 1306 εἰρημένα,

2132 1329 2268 1382 ἀλλὰ
2295 1326 2630 1396 ζηλώσωμεν
2654 1328 2889 1387 ἅπαντες
2914 1324 3102 1376 τοῦτον
3123 1323 3212 1374 τὸν
3236 1321 3468 1380 δίκαιον,
3494 1319 3547 1370 οἰ
3574 1320 3634 1369 ἐν
3651 1320 3718 1387 τῇ

2134 1411 2319 1481 χάριτι
2347 1409 2440 1460 τὸν
2469 1408 2576 1476 πρὸ
2604 1406 2696 1459 τοῦ
2724 1408 2910 1477 νόμου,
2934 1407 3026 1459 καὶ
3060 1405 3225 1475 μηδὲν
3266 1402 3526 1473 βιωτικδν
3555 1399 3720 1453 αἰτῶ-

2137 1508 2238 1561 μεν
2279 1490 2431 1560 παρά
2466 1489 2561 1541 τοῦ
2607 1489 2898 1541 Δεσπότου.
2946 1487 3083 1541 Οὑδέ
3139 1486 3248 1556 γὰρ
3297 1484 3586 1555 περιμένει
3624 1481 3721 1551 τὴν

2134 1574 2263 1641 παρ’
2287 1575 2320 1642 ή
2329 1572 2444 1642 μῶν
2468 1571 2791 1642 ὑπόμνησιν,
2823 1570 2960 1625 ἀλλὰ
2981 1570 3084 1625 κᾶν
3111 1569 3184 1640 μή
3207 1568 3473 1638 αἰτῶμεν,
3493 1568 3625 1637 ἡμῖν
3652 1564 3725 1619 τὰ

2136 1656 2272 1726 πρὸς
2290 1653 2392 1725 τὴν
2412 1653 2598 1725 χρείαν
2618 1654 2894 1723 δωρεῖται.
2926 1652 3267 1705 Ἀνατέλλει
3288 1650 3399 1719 γὰρ
3415 1649 3526 1701 τὸν
3546 1647 3725 1714 ἣλιον

2135 1739 2234 1791 ἐπὶ
2285 1736 2587 1803 πονηροὺς
2630 1737 2727 1789 καὶ
2777 1735 3057 1803 ἀγαθοὺς,
3106 1733 3206 1787 καί
3238 1733 3451 1802 βρέχει
3486 1732 3598 1784 ’ἐπὶ
3633 1730 3726 1784 δι-

2137 1821 2347 1884 καίους
2386 1818 2485 1871 καὶ
2514 1818 2779 1883 ἀδίκους.
2813 1819 2920 1870 Kal
2965 1815 3281 1886 πειθώμεθα
3324 1814 3480 1883 αύτῷ
3524 1829 3725 1884 παραι-

2135 1900 2313 1956 νοῦντι
2342 1901 2437 1953 καί
2465 1900 2697 1968 λέγοντι·
2725 1899 2963 1966 Ζητεῖτε
2992 1897 3228 1968 πρῶτον
3251 1896 3365 1964 τὴν
3388 1896 3727 1960 ,ϐασιλείαν

2136 1984 2243 2038 τοῦ
2284 1984 2451 2047 Θεοῦ,
2476 1983 2572 2037 καί
2605 1983 2792 2037 ταῦτα
2830 1981 3027 2035 πάντα
3056 1979 3533 2049 προστεθήσεται
3556 1977 3721 2048 ὑμῖν.

2150 2066 2312 2138 Ὁρᾷς
2352 2068 2432 2119 ὅτι
2474 2066 2636 2128 αὐτὸς
2678 2068 2858 2119 ἐκεῖνα
2897 2067 3029 2135 ἡμῖν
3074 2064 3338 2134 ἡτοίμασε
3392 2063 3726 2132 παρασχεῖν,

2139 2149 2234 2202 καὶ
2264 2148 2433 2200 ταῦτα
2467 2150 2524 2200 ἐν
2547 2147 2861 2218 προσθήκης
2891 2146 3045 2217 μέρει
3070 2146 3253 2197 δοῦναι
3289 2143 3727 2212 ἐπαγγέλλεται;

2138 2233 2231 2304 Μὴ
2252 2234 2430 2285 τοίνυν
2456 2234 2598 2304 άπερ
2637 2234 2693 2284 ἐν
2731 2232 3040 2303 προσθήκης
3075 2230 3231 2302 μέρει
3257 2228 3560 2298 λαμϐάνειν
3598 2227 3730 2298 μέλ·-

2138 2318 2271 2380 λεις,
2293 2316 2466 2369 ταῦτα
2489 2316 2564 2379 ώς
2592 2314 2977 2386 προηγούμενα
3001 2314 3161 2378 αἴτει,
3194 2312 3330 2383 μηδὲ
3359 2312 3731 2383 ἀντιστρέψα-

2142 2417 2241 2470 μεν
2282 2398 2380 2469 τὴν
2413 2398 2587 2462 τάξιν,
2620 2398 2753 2450 ἀλλά
2781 2396 3034 2467 ζητῶμεν
3068 2398 3273 2461 ἐκεῖνα,
3306 2393 3492 2457 καθὼς
3522 2395 3731 2447 ἐπέτα-

2140 2483 2251 2549 ξεν,
2277 2482 2363 2534 ἴνα
2383 2481 2650 2534 κάκείνων
2671 2480 2767 2533 καὶ
2787 2481 2988 2533 τούτων
3008 2481 3066 2532 ἐν
3086 2473 3384 2532 ἀπολαύσει
3411 2477 3729 2547 γενώμεθα.

2139 2565 2239 2617 Διά
2268 2564 2376 2633 γὰρ
2403 2562 2561 2616 τοῦτο
2590 2564 2685 2615 καὶ
2715 2565 2771 2614 ἐν
2805 2566 2916 2625 τοῖς
2953 2563 3051 2631 τῆς
3085 2562 3250 2631 εὐχῆς
3289 2561 3529 2631 ῥήμασιν
3564 2561 3735 2630 ὅρους

2140 2647 2273 2716 ἡμῖν
2298 2647 2392 2698 καὶ
2414 2644 2641 2706 κανόνας
2662 2644 2852 2707 τιθεὶς,
2877 2645 3036 2714 μέχρι
3057 2644 3201 2706 τίνος
3229 2644 3309 2696 δεῖ
3338 2643 3437 2714 τὴν
3464 2643 3593 2712 περὶ
3613 2640 3733 2693 τῶν

2143 2726 2412 2797 βιωτικῶν
2447 2726 2662 2795 αἴτησιν
2686 2726 2975 2790 ποιεῖσθαι,
3014 2724 3082 2779 τά
3113 2727 3334 2795 ῥήματα
3364 2722 3516 2796 [550]
3540 2725 3732 2776 ἐκεῖνα

2139 2809 2317 2878 λέγειν
2348 2809 2494 2879 ἡμᾶς
2514 2808 2786 2872 ἐκέλευσε,
2812 2807 2881 2860 τὰ
2906 2807 3086 2878 πάσης
3113 2806 3431 2877 φιλοσοφίας
3457 2806 3729 2875 γέμοντα,

2146 2891 2261 2945 Τὸν
2278 2889 2460 2958 ἄρτον
2488 2889 2655 2959 ήμῶν
2671 2891 2778 2943 τὸν
2806 2890 3119 2943 ἐπιούσιον
3135 2889 3245 2955 δὸς
3266 2888 3412 2958 ἡμῖν
3425 2888 3729 2957 σήμερον,

2141 2972 2263 3027 ἀντὶ
2298 2971 2414 3034 τοῦ,
2456 2972 2557 3042 τὴν
2601 2972 2699 3041 τῆς
2739 2973 2955 3043 ἡμέρας
2995 2973 3223 3043 τροφήν·
3261 2972 3399 3043 ὅπερ
3436 2972 3468 3023 ὁ
3514 2971 3732 3033 δίκαιος

2139 3052 2314 3123 οὗτος,
2353 3055 2504 3108 οὐδὲν
2536 3053 2740 3107 τούτων
2781 3053 3054 3123 ἀκηκοὼς,
3098 3052 3298 3124 ηῦχετο
3341 3052 3535 3121 λέγων’
3581 3051 3734 3106 Ἐὰν

2140 3139 2224 3204 δῷ
2244 3156 2346 3207 μοι
2376 3139 2590 3206 Κύριος
2623 3135 2807 3207 ἄρτον
2838 3136 3070 3206 φαγεῖν,
3094 3135 3195 3189 καί
3223 3134 3453 3205 ἱμάτιον
3480 3136 3731 3202 περιϐα-

2139 3220 2372 3275 λέσθαι.
2412 3220 2502 3291 Μὴ
2539 3220 2718 3273 τοίνυν
2743 3218 2925 3289 ἕτερόν
2950 3236 3002 3271 τι
3031 3210 3140 3271 τῶν
3175 3216 3445 3288 βιωτικῶν
3479 3216 3735 3287 αἰτῶμεν

2141 3304 2271 3373 παρ’
2304 3304 2490 3357 αὐτοῦ.
2535 3302 2776 3368 Ἀνάξιον
2804 3302 2910 3371 γὰρ
2941 3301 3143 3373 σφόδρα
3170 3300 3322 3372 παρὰ
3344 3301 3439 3354 τοῦ
3471 3299 3616 3353 οὕτω
3637 3317 3737 3369 φι-

2140 3385 2255 3438 λοτί
2264 3403 2364 3455 μου
2396 3386 2492 3438 καὶ
2512 3385 2781 3454 τοσαύτην
2813 3384 3092 3453 δυνάμεως
3111 3384 3430 3455 περιουσίαν
3451 3383 3737 3453 κεκτημέ-

2141 3485 2235 3522 νου
2268 3466 2444 3520 ταῦτα
2483 3470 2672 3529 αἰτεῖν,
2697 3467 2732 3521 ἃ
2761 3465 2839 3537 τῷ
2868 3467 3095 3537 παρόντι
3127 3465 3561 3531 συγκαταλύεται
3603 3464 3735 3535 βίῳ,

2142 3550 2236 3603 καὶ
2268 3549 2469 3620 πολλὴν
2496 3550 2606 3619 ἔχει
2628 3548 2724 3619 τὴν
2757 3549 3059 3619 μεταϐολὴν
3082 3549 3177 3601 καὶ
3205 3547 3302 3619 τὴν
3330 3549 3685 3619 μετάπτωσιν
3714 3563 3734 3577 ο

2141 3631 2368 3685 τοιαῦτα
2383 3633 2493 3703 γάρ
2510 3632 2724 3685 ἅπαντα
2739 3632 2810 3685 τά
2823 3632 3161 3703 ἀνθρώπινα,
3177 3632 3279 3686 κᾶν
3296 3631 3525 3686 πλοῦτον
3542 3633 3734 3703 εἴπῃς,

2143 3714 2248 3768 κᾶν
2268 3714 2584 3769 δυναστείαν
2603 3756 2618 3778 ,
2661 3714 2764 3768 κᾶν
2797 3714 2955 3779 δόξαν
2984 3714 3336 3786 ἀνθρωπίνην
3356 3731 3370 3745 ·
3411 3713 3526 3766 ἀλλ’
3564 3715 3740 3767 αἰτῶ-

2149 3814 2250 3868 μεν
2281 3797 2347 3850 τά
2385 3796 2475 3851 ἀεὶ
2523 3797 2774 3867 μένοντα,
2800 3798 2875 3851 τά
2914 3797 3132 3869 διαρκῆ,
3167 3799 3261 3851 καὶ
3291 3796 3597 3867 μεταϐολὴν
3625 3797 3738 3849 οὐχ

2146 3882 2507 3951 ἐπιστάμενα.
2534 3882 2643 3934 Kal
2664 3881 2863 3944 εἰδότες
2894 3880 2986 3933 τοῦ
3018 3882 3287 3953 ήμετέρου
3312 3880 3588 3932 Δεσπότου
3626 3879 3737 3948 τὴν

2145 3964 2479 4034 ἀγαθότητα,
2506 3964 2715 4034 μηδένα
2754 3962 3037 4033 ποιώμεθα
3073 3963 3230 4031 λόγον
3269 3962 3378 4016 τῶν
3418 3962 3735 4032 παρόντων,

2146 4047 2283 4101 ἀλλά
2317 4050 2500 4099 πᾶσαν
2523 4047 2679 4117 ήμῶν
2696 4048 2795 4119 τὴν
2813 4047 3047 4116 σπουδὴν
3062 4049 3143 4110 εἰς
3158 4047 3249 4099 τὸν
3264 4045 3374 4099 τῶν
3391 4043 3739 4115 ἐπουρανίων

2145 4129 2311 4182 πόθον
2341 4132 2787 4202 μεταστήσωμεν.
2807 4130 2870 4182 Εἰ
2894 4128 3002 4201 γὰρ
3041 4128 3152 4182 Τὸν
3182 4127 3362 4196 ἥλιον
3379 4126 3570 4181 αὐτοῦ
3590 4128 3741 4181 ἀνα-

2145 4214 2349 4269 τέλλει
2375 4215 2477 4269 ἐπὶ
2501 4214 2805 4282 πονηροὺς
2833 4214 2936 4267 καὶ
2959 4212 3240 4283 ἀγαθοὺς,
3270 4213 3371 4266 καὶ
3398 4211 3609 4281 ,ϐρέχει
3628 4212 3740 4267 ἐπι

2146 4301 2417 4368 δικαίους
2451 4302 2548 4355 καί
2568 4301 2838 4366 ἀδίκους,
2856 4300 3038 4370 πολλῷ
3079 4300 3279 4371 μᾶλλον
3300 4301 3431 4363 τοὺς
3451 4300 3741 4371 ἀπεχομέ-

2145 4378 2272 4447 νους
2299 4385 2400 4455 τῆς
2422 4384 2690 4456 πονηρίας
2708 4384 2802 4438 καί
2821 4381 2921 4455 τὴν
2940 4384 3157 4437 ἀδικίαν
3176 4382 3479 4452 φεύγοντας
3493 4386 3555 4436 ού
3568 4400 3740 4454 περι-

2144 4465 2357 4535 όψεται,
2390 4466 2530 4519 ἁλλά
2558 4466 2760 4536 πολλῆς
2784 4463 3006 4529 ἀξιώσει
3034 4466 3135 4536 τῆς
3170 4466 3431 4536 προνοίας
3451 4507 3465 4530 ,
3497 4467 3593 4520 καί⁵
3632 4467 3739 4537 τήν

2146 4547 2342 4601 ἐαυτοῦ
2371 4548 2700 4618 κηδεμονίαν
2727 4550 2785 4601 ἐν
2812 4549 2984 4601 ἆπασι
3017 4547 3264 4618 παρέξει.
3303 4549 3483 4619 Ὅπερ
3507 4548 3734 4613 εἰδότες,
3822 4590 3833 4599 ,

2146 4631 2445 4699 ἀγαπητοὶ,
2484 4631 2559 4699 μὴ
2588 4629 2908 4700 ἀπιστῶμεν
2936 4631 3055 4691 ταῖς
3093 4630 3187 4681 τοῦ
3210 4629 3346 4682 Θεοῦ
3378 4630 3734 4699 ὑποσχέσεσι,

2151 4711 2285 4782 μηδέ
2319 4711 2539 4765 ἐναντία
2567 4705 2642 4764 ὧν
2689 4711 2945 4765 ἐκέλευσε
2974 4711 3456 4782 διαπραττώμεθα.
3496 4714 3577 4765 Τά
3622 4713 3736 4786 γάρ

2148 4794 2241 4847 νῦν
2274 4795 2401 4865 παρ’
2432 4794 2592 4864 ήμῶν
2614 4794 2874 4864 γινόμενα
2900 4793 3053 4846 οὐδὲν
3091 4795 3464 4849 ἀπιστούντων
3492 4796 3734 4867 διενήνο-

2148 4894 2258 4946 χεν.
2281 4878 2454 4929 Ὅταν
2479 4877 2586 4947 γάρ
2607 4877 2769 4939 αὐτὸς
2798 4877 2897 4947 μὲν
2921 4876 3325 4947 ἐπαγγέλληται
3354 4878 3421 4931 τά
3442 4878 3730 4948 μέλλοντα,

2146 4962 2308 5029 ἡμεῖς
2329 4959 2385 5011 δέ
2418 4960 2495 5029 μὴ
2527 4957 2853 5029 βουλώμεθα
2884 4958 3108 5030 θαρρεῖν
3141 4960 3391 5022 ἐκείνοις.
3441 4960 3580 5013 ἁλλά
3617 4963 3734 5024 τοῖς

2148 5041 2415 5113 παροῦσιν
2448 5036 2599 5112 ὦμεν
2643 5041 3080 5112 προσηλωμένοι,
3112 5046 3263 5095 ποῖον
3295 5042 3484 5113 ἓτερον
3532 5044 3735 5115 δεῖγμα

2147 5123 2409 5186 ἀπιστίας
2445 5123 2629 5176 λοιπόν
2671 5141 2758 5187 τις
2805 5122 3178 5195 ἐπίξητήσειε,
3234 5125 3342 5179 τῶν
3388 5127 3735 5197 πραγμάτων

2148 5206 2328 5259 αὐτῶν
2352 5205 2616 5276 λαμπράν
2640 5206 2912 5276 ἀφιέντων
2943 5210 3167 5279 φωνήν;
3199 5208 3311 5261 Kal
3343 5209 3530 5271 πάλιν,
3565 5208 3733 5261 αὐτοῦ

2148 5288 2461 5351 κελεύοντος
2498 5290 2665 5359 μηδὲν
2708 5289 2892 5360 ζητεῖν
2937 5293 3068 5362 παρ’
3097 5292 3262 5344 αὐτοῦ
3300 5292 3408 5343 τῶν
3452 5294 3735 5363 ἐπικήριον

2147 5370 2349 5423 τούτων
2393 5372 2489 5423 καί
2541 5370 2826 5439 βιωτικῶν,
2874 5373 2990 5425 ἀλλ’
3030 5374 3256 5427 ἐκείνων
3298 5376 3522 5444 μᾶλλον,
3567 5379 3733 5446 ἡμεῖς

2147 5453 2243 5507 ἀπ’
2278 5454 2532 5516 ἐναντίας
2553 5453 2704 5525 αὐτῷ
2732 5456 3042 5525 ἐρχόμενοι,
3071 5457 3219 5527 άπερ
3252 5455 3373 5510 εἷπε
3407 5458 3486 5529 μὴ
3525 5457 3733 5529 ζητεῖν,

2148 5536 2333 5588 ἐκεῖνα
2363 5535 2658 5606 ζητοῦμεν,
2711 5539 2803 5589 καί
2849 5538 2993 5608 ειπερ
3020 5534 3143 5591 εἷπε
3169 5538 3376 5608 ζητεῖν,
3429 5542 3616 5593 ἐκεῖνα
3670 5541 3735 5593 οὐ

2153 5617 2444 5687 ζητοῦμεν.
2479 5616 2587 5669 Kal
2618 5616 2792 5671 ταῦτα
2819 5618 3306 5691 διαπραττόμενοι,
3337 5624 3433 5676 καὶ
3460 5622 3604 5675 οὕτω
3635 5622 3727 5692 ῥί-

2154 5700 2340 5773 θύμως
2381 5699 2456 5752 τὰ
2501 5700 2622 5752 καθ’
2661 5701 2885 5764 ἑαυτοὺς
2931 5702 3280 5768 διοικοῦντες,
3327 5705 3423 5756 καὶ
3462 5703 3738 5775 παροργί-

2153 5781 2335 5845 ζοντες
2374 5781 2466 5833 τὸν
2512 5783 2716 5851 ἥμερον
2749 5783 2845 5834 καὶ
2890 5784 3137 5854 προσηνῆ
3193 5786 3493 5855 Δεσπότην,
3540 5785 3737 5854 ὥσπερ

2134 5862 2531 5932 ἐπιλαθόμενοι
2562 5864 2669 5921 τῶν
2694 5864 2822 5935 παρ’
2866 5865 3022 5939 ἡμῶν
3067 5869 3385 5941 γινομένων,
3416 5869 3515 5939 τὴν
3546 5866 3733 5922 αἰτίαν
