3974 6424
301 306 405 363 477

298 433 474 483 ctum,
510 429 565 474 et
603 421 870 490 quomodo
899 429 1018 489 post
1046 420 1165 474 illas
1206 422 1586 490 promissiones
1615 421 1752 490 apud
1785 422 1886 475 La-

265 515 402 587 .han
443 512 630 580 viginti
676 513 832 566 annis
880 513 1150 567 laboribus
1193 512 1448 577 afﬂictus,
1482 529 1586 567 non
1633 515 1887 582 gravatim

297 605 449 662 tulit.
481 620 586 656 non
632 605 846 673 segnior
888 603 984 658 fuit
1027 614 1132 658 tam
1173 605 1422 658 diuturno
1471 614 1745 674 tempore;
1792 605 1886 659 sed

294 708 476 746 omnia
531 691 742 746 fortiter
788 693 1068 759 sustinuit,
1111 704 1424 762 exspectans
1477 695 1885 763 promissionum

285 795 511 852 itempus
541 826 554 848 ,
589 794 641 838 et
666 785 841 838 sciens
868 801 972 838 non
1001 801 1157 854 posse
1186 788 1500 840 intercidere
1542 803 1658 854 qua:
1701 801 1728 838 a
1775 787 1886 840 Deo

295 877 434 929 dic‘ta
467 887 593 930 sunt
625 893 638 930 :
669 878 900 930 maxime
929 878 972 931 si
1001 887 1054 931 et
1098 893 1193 932 nos
1231 878 1417 932 aﬁ'erre
1459 889 1636 931 nostra
1674 879 1886 931 studea-

293 982 434 1028 mus,
469 966 626 1020 ﬁdem
653 976 707 1021 et
736 968 1063 1035 patientiam,
1087 976 1140 1022 et
1169 969 1235 1020 ita
1268 968 1400 1021 bene
1429 968 1660 1036 fidamus
1679 969 1740 1020 iis
1767 985 1884 1036 qua:

293 1071 321 1108 a
349 1057 584 1109 Domino
606 1059 867 1124 promissa
913 1068 1076 1122 sunt,
1110 1070 1267 1126 atque
1313 1061 1356 1111 si
1400 1059 1507 1125 jam
1555 1058 1765 1126 impleta
1795 1073 1883 1112 es-

292 1157 432 1201 sent.
463 1147 590 1203 l-lsec
617 1148 760 1201 enim
794 1163 916 1202 vera
945 1148 1075 1203 ﬁdes
1113 1160 1192 1203 est
1212 1189 1227 1214 ,
1253 1166 1354 1202 nou
1383 1149 1654 1203 attendere
1682 1165 1740 1202 ea
1763 1165 1883 1218 qua:

291 1238 544 1292 videntur
563 1281 576 1302 ,
610 1241 768 1293 etiam
797 1241 841 1293 si
871 1241 1088 1294 omnino
1123 1241 1229 1296 sint
1259 1243 1476 1295 adversa
1511 1242 1879 1311 promissioni,

290 1331 386 1384 sed
435 1332 533 1384 soli
581 1333 938 1399 promittentis
985 1335 1231 1400 potentia:
1282 1334 1568 1387 conﬁdere.
1601 1333 1714 1387 Jam
1757 1349 1883 1388 vero

292 1422 568 1476 videamus
591 1424 720 1492 justi
751 1425 906 1492 hujus
935 1435 1139 1494 gratum
1180 1427 1436 1478 animum.
1466 1427 1551 1480 16.
1585 1425 1649 1478 Et
1676 1427 1880 1496 evigila-

292 1513 377 1577 rit,
414 1513 602 1582 inquit,
630 1512 788 1567 Jaeob
816 1515 878 1568 de
913 1532 1086 1568 somno
1112 1532 1224 1579 suo,
1256 1526 1300 1568 et
1329 1516 1455 1569 dixit
1483 1532 1499 1568 :
1530 1515 1774 1570 Dominus
1809 1526 1881 1570 est

291 1605 343 1656 in
397 1605 506 1658 loco
553 1606 678 1670 isto,
712 1623 800 1676 ego
842 1618 1007 1659 autem
1055 1609 1348 1660 nesciebam.
1375 1611 1460 1662 17.
1490 1608 1556 1661 Et
1608 1610 1803 1669 timuit,
1837 1619 1882 1662 et

292 1695 423 1747 dixit
450 1711 467 1746 :
491 1695 652 1759 Quam
682 1697 914 1749 terribilis
940 1707 1010 1750 est
1042 1698 1179 1750 locus
1203 1699 1326 1751 iste!
1357 1698 1476 1752 Non
1504 1708 1576 1752 est
1606 1699 1699 1752 hoc
1719 1699 1877 1764 aliud,

290 1801 445 1853 quam
495 1785 672 1839 domus
711 1785 807 1838 Dei
837 1803 855 1840 :
885 1799 928 1840 et
955 1789 1060 1852 hate
1097 1799 1169 1842 est
1201 1800 1344 1858 porta
1389 1791 1519 1844 creti.
1560 1791 1882 1860 Stupescens

291 1876 464 1943 justus
506 1885 724 1945 prOpter
763 1893 1006 1946 magnam
1051 1879 1469 1933 misericordiam
1514 1881 1634 1946 Dei,
1673 1882 1878 1945 timuit,

291 1964 484 2034 inquit,
509 1975 563 2019 et
589 1966 720 2020 dixit
749 1985 761 2018 :
791 1967 908 2020 Non
939 1978 1009 2020 est
1040 1969 1132 2021 hoc
1160 1970 1256 2022 nisi
1276 1971 1453 2023 domus
1478 1970 1589 2036 Dei,
1621 1980 1666 2023 et
1694 1973 1790 2024 ista
1811 1981 1882 2024 est

291 2064 441 2121 porta
475 2056 604 2109 cazli.
647 2054 744 2110 llic
774 2056 920 2110 locus
949 2058 1074 2110 mihi
1115 2058 1334 2128 posthac
1367 2074 1460 2127 pro
1487 2059 1645 2113 domo
1675 2050 1767 2115 Dei
1797 2077 1882 2115 re-

243 2137 250 2143 ’
292 2145 582 2212 potabitur.
606 2146 776 2200 Tanta
802 2147 957 2215 igitur
983 2149 1185 2202 visione
1209 2148 1398 2219 dignus
1428 2149 1654 2213 habitus,
1683 2159 1735 2204 et
1761 2167 1880 2205 cum

290 2236 463 2303 ipsam
489 2278 505 2302 ,
533 2248 593 2290 ut
627 2238 697 2290 ita
728 2237 924 2304 dicam,
958 2241 1106 2309 quasi
1136 2241 1250 2293 czeli
1281 2251 1483 2309 portam
1513 2241 1730 2295 viderim
1755 2282 1768 2306 ,
1799 2242 1882 2310 ju-

289 2335 432 2379 stum
468 2327 643 2390 fuerit,
680 2337 736 2382 ut
764 2329 996 2382 debitam
1043 2329 1126 2384 hie
1165 2331 1452 2398 gratiarum
1484 2333 1748 2384 actionem
1783 2331 1884 2385 Do-

289 2419 440 2472 mino
484 2418 703 2473 reddam
753 2430 806 2474 et
849 2413 1087 2474 offeram.
1123 2421 1208 2475 18.
1245 2421 1310 2473 Et
1359 2423 1575 2474 surrexit
1619 2421 1797 2484 Jacob,
1836 2431 1883 2474 et

290 2509 486 2576 accepit
523 2508 741 2577 lapidem
771 2527 917 2577 quem
946 2499 1179 2580 posuerat
1209 2512 1277 2563 ad
1312 2521 1462 2580 caput
1496 2528 1675 2576 suum,
1707 2520 1751 2562 et
1777 2519 1882 2562 sta-

290 2602 385 2654 tuit
413 2619 524 2654 eum
551 2601 603 2654 in
629 2603 932 2667 columnam,
964 2613 1008 2656 et
1037 2603 1224 2673 infudit
1263 2604 1428 2656 oleum
1457 2619 1608 2669 super
1631 2619 1883 2657 summum

290 2697 422 2756 eius.
470 2694 558 2749 i9.
593 2695 656 2747 Et
703 2697 892 2749 vocavit
929 2694 1090 2748 Iacob
1119 2712 1299 2748 nomen
1345 2695 1440 2748 loci
1482 2695 1620 2748 illius
1643 2735 1657 2760 ,
1693 2693 1883 2746 Domus

292 2785 409 2838 Dei.
433 2786 589 2838 Aliud
623 2786 754 2838 enim
784 2796 889 2839 erat
915 2802 1090 2839 nomen
1134 2786 1242 2838 loco
1275 2795 1445 2839 antea.
1477 2785 1758 2852 Postquam
1785 2799 1880 2836 au-

287 2887 531 2946 tetnper
563 2877 820 2931 visionem
848 2888 953 2930 tam
987 2893 1174 2947 magna
1205 2886 1562 2946 consequutus
1593 2878 1706 2941 fuit,
1729 2891 1886 2930 voca-

291 2968 422 3020 bulo
450 2968 759 3020 memoriam
789 2968 906 3022 loco
937 2968 1227 3022 inscribere
1247 2967 1376 3031 vult,
1403 2969 1735 3036 posteriSque
1761 2983 1882 3020 cum

287 3059 474 3113 facere
504 3059 793 3123 celebrem,
828 3059 998 3127 lapide
1027 3075 1120 3128 pro
1143 3061 1388 3114 columna
1415 3069 1616 3125 erecto,
1643 3059 1885 3128 superfu-

289 3163 461 3216 soque
497 3149 619 3203 oleo
649 3148 956 3218 (verisimile
982 3150 1122 3202 enim
1169 3149 1410 3219 estquod
1441 3148 1567 3202 illud
1597 3149 1764 3202 solum
1802 3164 1888 3203 se-

288 3254 415 3293 cum
477 3239 686 3306 tulerit,
741 3249 923 3310 utpote
998 3241 1098 3294 iter
1165 3239 1448 3310 faciens),
1494 3249 1675 3293 votum
1731 3239 1886 3292 otl'ert

289 3329 526 3396 benigno
557 3329 688 3396 Deo,
717 3330 862 3384 omni
893 3330 1106 3398 plenum
1129 3329 1488 3398 phil050phia.

364 3421 421 3473 5.
465 3419 530 3472 Et
580 3419 624 3472 si
666 3419 856 3484 vultis,
886 3420 1046 3476 etiam
1097 3420 1207 3487 ipsa
1249 3421 1527 3474 audiamus
1567 3420 1749 3474 verba.
1790 3419 1880 3473 20.

304 3509 453 3564 Vovit
475 3511 606 3562 enim
633 3519 822 3575 votum,
845 3511 1014 3562 dicens
1037 3527 1056 3563 :
1084 3510 1143 3564 Si
1171 3511 1319 3580 fuerit
1349 3509 1595 3564 Dominus
1624 3509 1758 3563 Deus
1784 3525 1887 3562 nte-

289 3617 434 3662 cum,
465 3611 510 3653 et
533 3601 819 3654 custodierit
841 3618 917 3654 me
934 3601 984 3654 in
1005 3602 1084 3654 via
1111 3601 1222 3666 hac,
1248 3617 1346 3669 qua
1372 3617 1462 3671 ego
1492 3601 1711 3653 ambulo.
1739 3600 1886 3666 Qut:-

291 3693 440 3745 uiam
481 3692 722 3758 dixerat,
755 3691 866 3762 Ego
895 3702 1055 3746 tecum
1084 3709 1224 3757 sum,
1255 3702 1300 3745 et
1331 3693 1610 3745 custodiam
1646 3701 1691 3743 te
1731 3691 1781 3743 in
1807 3690 1886 3744 via

293 3783 394 3838 huc
422 3800 519 3852 qua
561 3783 787 3837 ambulas
815 3800 836 3838 :
863 3793 1079 3854 pr0pter
1123 3783 1224 3837 hoc
1265 3793 1318 3838 et
1358 3783 1470 3851 ipse
1504 3782 1633 3836 dicit
1665 3799 1678 3835 :
1711 3781 1763 3837 Si
1795 3783 1884 3836 illa

294 3872 429 3926 Inibi
478 3861 755 3936 eveniant,
784 3889 902 3940 qtae
941 3874 1145 3926 scilicet
1188 3881 1240 3926 te
1289 3872 1531 3926 daturum
1575 3869 1884 3937 promisisti.

293 3955 502 4008 Deinde
532 3964 585 4005 et
616 3952 928 4021 petitionem
960 3951 1136 4012 aﬁert,
1178 3949 1361 4002 dicens
1389 3964 1402 4000 :
1429 3948 1490 4001 Si
1520 3948 1717 4001 dederit
1760 3946 1914 4000 mihi-

291 4044 552 4099 Dominus
580 4057 760 4112 panem
785 4041 854 4094 ad
878 4040 1313 4103 manducandum,
1335 4047 1380 4092 et
1408 4047 1590 4092 vestem
1619 4040 1688 4092 ad
1718 4049 1885 4111 tegen-

291 4136 439 4186 dum.
468 4131 586 4186 Non
613 4131 846 4200 divitias,
874 4147 980 4186 non
1011 4128 1390 4184 abundantiam
1434 4129 1721 4199 quamdam
1755 4130 1887 4196 peti-

291 4225 400 4289 vit;
434 4226 528 4279 sed
563 4239 750 4294 panem
783 4233 838 4279 et
879 4232 1084 4278 vestem
1113 4240 1126 4275 ς
1151 4232 1202 4276 et
1233 4222 1370 4276 hanc
1401 4222 1466 4276 ad
1495 4221 1884 4291 contegendum

290 4323 518 4384 corpus,
541 4315 690 4370 illum
714 4331 842 4370 vero
866 4315 918 4368 in
944 4313 1308 4369 necessarium
1335 4313 1668 4367 alimentum.
1697 4313 1884 4388 Consi-

288 4406 425 4460 dera
457 4405 726 4474 quomodo
773 4406 929 4460 nobis
971 4405 1324 4474 apostolicum
1355 4403 1720 4459 characterem
1751 4405 1886 4472 peti-

291 4502 446 4554 tione
486 4513 580 4553 sua
611 4497 933 4568 signiﬁcavit
959 4517 971 4551 :
1005 4507 1154 4552 tanto
1190 4497 1466 4565 sapientia:
1493 4495 1671 4550 studio
1699 4495 1886 4563 plenus

290 4603 415 4646 erat
441 4591 574 4660 justi
601 4591 833 4646 animus.
858 4591 990 4645 Nam
1018 4590 1069 4644 id
1099 4590 1240 4660 quod
1270 4590 1514 4643 Christus
1545 4587 1777 4653 dicebat,
1807 4587 1888 4640 Ne
1917 4579 1926 4588 ’

289 4674 605 4754 ροεεὶάεαιὶέ
651 4702 863 4743 aurum.
915 4683 994 4738 vel
1043 4693 1344 4753 argentum,
1395 4683 1474 4736 υιι
1519 4682 1649 4735 duas
1691 4684 1888 4734 tunicas

287 4777 312 4848 _(
326 4775 517 4829 Matth.
555 4777 641 4831 10.
672 4775 730 4846 9)
758 4794 769 4829 :
798 4776 899 4831 hoe
927 4775 1028 4830 iste
1064 4775 1298 4829 nondum
1325 4790 1353 4828 a
1384 4790 1650 4844 quoquam
1677 4773 1888 4838 doetus,

291 4869 393 4923 sed
424 4883 455 4922 a
484 4869 686 4937 seipso,
709 4876 763 4922 et
790 4868 858 4923 ab
888 4867 1051 4920 insito
1075 4877 1277 4919 natura:
1307 4875 1501 4919 nostrae
1535 4866 1787 4932 tttagistro
1812 4864 1889 4916 di-

289 4961 451 5022 d.cit,
472 4971 522 5015 et
545 4959 752 5029 optavit
772 4974 800 5012 a
823 4959 1049 5013 Domino
1070 4973 1166 5013 suo
1189 4957 1413 5026 przeberi
1441 4969 1628 5024 panem
1655 4955 1721 5008 ad
1743 4970 1889 5010 com-

273 5053 604 5118 edendum,
653 5063 706 5106 et
757 5063 961 5107 vestem
1012 5051 1078 5105 ad
1120 5050 1424 5120 tegendum.
1485 5049 1540 5104 Si
1597 5049 1712 5102 hazc
1758 5049 1890 5102 mihi

274 5145 334 5196 fu
357 5144 521 5207 crint,
553 5143 747 5210 inquit,
778 5141 829 5194 in
868 5150 1006 5196 terra
1059 5140 1252 5204 aliena,
1286 5137 1374 5192 2|.
1417 5137 1483 5191 Et
1522 5137 1786 5192 reduxerit
1814 5154 1890 5191 me

277 5232 326 5284 ι)
344 5234 557 5286 ominus
584 5234 779 5287 saltum
810 5234 862 5284 in
883 5233 1088 5284 dontum
1108 5232 1274 5302 pairis
1298 5231 1416 5296 ntei,
1442 5229 1583 5284 sicut
1611 5227 1890 5298 promisit:

286 5323 397 5378 erit
434 5323 682 5377 Dominus
734 5324 854 5378 mihi
889 5323 944 5376 in
991 5321 1190 5386 Deum,
1221 5320 1308 5374 22.
1342 5330 1390 5374 et
1440 5320 1572 5388 lupis
1613 5321 1704 5374 iste
1747 5336 1896 5388 quem

284 5415 440 5471 erexi
471 5417 529 5467 in
571 5416 885 5480 columnam,
918 5415 1014 5468 erit
1057 5411 1181 5464 mihi
1211 5412 1392 5464 domus
1426 5410 1518 5464 Dei
1543 5426 1560 5463 :
1583 5419 1630 5464 et
1665 5411 1891 5465 omnium

285 5521 414 5573 qua:
437 5507 560 5560 mihi
583 5506 807 5573 dederis,
829 5506 1051 5559 decimas
1073 5504 1163 5559 tibi
1192 5503 1425 5570 o/Teram.
1454 5503 1588 5558 Vide
1613 5504 1739 5572 justi
1770 5519 1891 5573 pro»

288 5600 426 5652 bum
455 5599 730 5654 allectum.
771 5598 990 5653 Petebat
1017 5597 1252 5666 quidem,
1293 5605 1346 5650 at
1392 5594 1524 5650 nihil
1569 5597 1887 5665 pretiosum,

290 5689 398 5745 sed
419 5707 616 5765 panem
639 5707 694 5750 et
719 5701 920 5748 vestem
955 5705 972 5755 ;
1005 5687 1348 5760 promittebat
1378 5698 1554 5744 autem
1586 5698 1640 5742 et
1662 5703 1755 5744 sua
1791 5688 1891 5744 Do—

1343 305 1406 360 IN
1446 305 1596 361 CAP.
1631 303 1867 360 XXVIII.
1902 304 2144 364 GENES.
2188 308 2414 366 llOMlL.
2459 313 2592 368 LIV.

3484 333 3588 388 478

2004 423 2169 490 mino,
2192 440 2388 494 gnarus
2427 445 2586 498 quam
2629 440 2798 488 certet
2838 437 3175 505 muneribus,
3205 449 3258 494 et
3283 457 3440 512 quam
3489 463 3590 502 uo-

1996 524 2134 607 stras
2174 519 2523 588 cogitationes
2567 524 2910 581 retribuendo
2944 533 3320 600 transcendat,
3363 537 3540 607 aitque
3575 559 3587 594 :

1997 604 2057 658 Et
2085 609 2382 665 columnam
2411 613 2543 669 hanc
2571 615 2621 668 in
2645 617 2858 672 domum
2882 620 2976 674 Dei
3001 621 3227 689 habebo,
3254 638 3308 680 et
3338 604 3576 686 omnium

1994 710 2112 762 qum
2141 699 2266 752 mihi
2294 715 2322 753 a
2352 709 2403 756 te
2431 705 2906 772 suppeditabuntur
2933 710 3176 778 decimas
3207 715 3363 770 dabo.
3397 720 3581 774 Vidisti

1993 797 2225 841 mentem
2269 791 2407 858 piam
2438 808 2500 847 ac
2531 796 2828 864 religiosam
2858 799 3040 854 ?Nihil
3069 803 3242 858 adlmc
3266 821 3543 877 acceperat
3569 851 3587 879 ,

1992 886 2043 928 et
2074 881 2316 944 promisit
2350 896 2409 936 se
2439 883 2547 938 Deo
2576 885 2810 942 decimas
2842 905 3024 944 eorum
3053 909 3169 962 qua:
3198 896 3296 950 sibi
3336 898 3582 956 donanda

1991 978 2141 1021 erant
2171 970 2491 1026 oblaturum.

2064 1057 2280 1113 Moralis
2329 1065 2575 1133 epilogus.
2608 1094 2678 1105 -—-
2716 1065 2794 1122 Ne
2825 1070 3169 1138 simpliciter,
3195 1075 3406 1142 dilecti,
3439 1095 3578 1147 pra:-

1993 1155 2258 1201 tercautus
2285 1167 2401 1219 qua:
2429 1153 2565 1207 dicta
2593 1167 2735 1219 sunt,
2761 1157 2854 1210 sed
2884 1162 3196 1215 mmulemur
3221 1181 3408 1221 omnes
3434 1168 3576 1224 hunc

1985 1235 2186 1305 justum
2220 1255 2234 1292 :
2268 1250 2324 1296 et
2344 1258 2441 1297 nos
2467 1247 2554 1314 qui
2581 1246 2633 1299 in
2656 1248 2842 1315 gratia,
2866 1264 2987 1303 eum
3016 1253 3103 1320 qui
3131 1264 3254 1307 ante
3285 1255 3453 1324 legem
3485 1273 3498 1309 :
3527 1269 3583 1313 et

1990 1329 2122 1383 nihil
2165 1335 2454 1402 temporale
2480 1347 2723 1404 petamus
2766 1354 2794 1391 a
2840 1340 3084 1394 Domino.
3110 1344 3289 1412 Neque
3314 1349 3453 1400 enim
3477 1366 3575 1402 ex-

1993 1429 2198 1486 spectat
2228 1423 2398 1478 donec
2431 1441 2459 1477 a
2489 1427 2641 1480 nobis
2662 1429 3030 1497 admoneatur,
3063 1435 3154 1486 scd
3184 1448 3235 1488 et
3265 1452 3365 1489 non
3392 1449 3576 1506 peten-

1990 1509 2127 1562 tibus
2167 1513 2319 1568 nobis
2361 1515 2582 1583 largitur
2611 1533 2669 1571 ea
2707 1534 2825 1586 qute
2850 1521 2915 1573 ad
2947 1535 3098 1575 usum
3133 1527 3413 1590 pertinent.
3441 1527 3579 1580 Oriri

1986 1601 2127 1653 enim
2155 1603 2275 1669 facit
2304 1606 2458 1658 solem
2482 1623 2634 1676 super
2663 1610 2824 1662 malos
2847 1618 2892 1662 et
2912 1611 3085 1676 bonos,
3110 1622 3155 1664 et
3182 1616 3308 1682 pluit
3327 1632 3477 1684 super
3492 1619 3588 1686 jtp

1986 1701 2088 1746 stos
2115 1705 2159 1745 et
2199 1697 2411 1765 injustas
2440 1699 2459 1768 (
2487 1698 2668 1751 Matth.
2700 1701 2752 1754 5.
2775 1702 2891 1769 45).
2923 1702 2986 1754 Et
3011 1703 3292 1757 credamus
3321 1707 3367 1758 ei
3397 1707 3581 1759 admo-

1988 1785 2151 1846 nettti,
2183 1795 2234 1838 et
2256 1785 2450 1840 dicenti
2482 1805 2494 1840 :
2529 1788 2748 1852 Qttarrite
2777 1791 2992 1858 primunt
3018 1809 3224 1861 regnum
3258 1794 3366 1860 Dei,
3399 1806 3443 1848 et
3474 1797 3580 1850 hazc

1985 1875 2153 1925 omnia
2197 1887 2513 1944 apponentur
2560 1879 2698 1930 vobis
2729 1879 2934 1946 (Matth.
2969 1882 3021 1933 6.
3051 1883 3164 1950 55).
3206 1883 3361 1937 Vides
3408 1886 3580 1952 ipsum

1989 1963 2140 2016 nobis
2172 1966 2329 2018 etiam
2381 1967 2466 2018 illa
2503 1967 2552 2019 iu
2586 1968 2783 2021 donum
2820 1973 3234 2038 prmparavisse,
3276 1982 3328 2025 et
3370 1974 3480 2027 iure
3526 1977 3577 2029 in

1989 2052 2119 2107 lucri
2167 2063 2220 2108 et
2266 2057 2484 2110 auctarii
2533 2069 2682 2125 parte
2725 2059 2969 2113 daturum
3016 2075 3072 2114 se
3106 2063 3456 2129 proodttere?
3501 2065 3578 2118 Ne

1987 2141 2146 2210 igitur
2187 2159 2248 2197 ea
2287 2160 2405 2213 qua:
2438 2155 2704 2215 tamquam
2746 2149 2968 2201 auctarii
3002 2150 3117 2203 loco
3143 2162 3457 2220 accepturus
3483 2169 3576 2218 es,

1987 2237 2136 2304 quasi
2193 2239 2440 2306 primaria
2493 2248 2614 2307 pete
2647 2258 2658 2292 :
2694 2257 2759 2294 ne
2805 2242 3131 2296 invertamus
3168 2245 3439 2308 ordinem,
3480 2248 3575 2300 sed

1987 2342 2288 2396 quaeramus
2315 2329 2400 2382 illa
2429 2330 2564 2384 sicut
2593 2331 2860 2399 przeeepit,
2893 2343 2949 2384 ut
2978 2342 3030 2385 et
3059 2334 3138 2385 his
3167 2343 3221 2387 et
3249 2334 3352 2388 illis
3381 2335 3479 2388 frtti
3515 2336 3579 2387 li-

1987 2425 2124 2468 ceat.
2154 2418 2226 2470 Ea
2258 2419 2398 2471 enim
2427 2419 2493 2472 de
2528 2434 2683 2473 causa
2715 2419 2766 2473 in
2796 2421 3049 2474 orationis
3078 2432 3275 2476 nostra:
3307 2425 3482 2478 verbis
3511 2426 3576 2478 li-

1987 2506 2142 2559 mites
2168 2517 2220 2560 et
2251 2508 2458 2575 regulas
2483 2508 2632 2562 nobis
2664 2509 2917 2562 Dominus
2945 2512 3284 2578 prmscripsit,
3313 2521 3575 2580 quatenus

1989 2597 2213 2664 petenda
2246 2599 2349 2649 sint
2379 2599 2705 2666 temporalia.
2742 2599 2910 2653 Verba
2953 2600 3036 2652 illa
3063 2601 3210 2669 jubet
3254 2617 3349 2656 nos
3375 2603 3576 2668 dicere,

1990 2701 2106 2753 qua:
2137 2687 2281 2739 omni
2318 2687 2649 2756 philoSOphia
2682 2690 2695 2719 ¹
2726 2698 2847 2742 sunt
2871 2688 3087 2753 referta,
3113 2689 3308 2744 Panem
3347 2705 3576 2747 nostrum

1987 2773 2338 2844 quotidianum
2369 2780 2434 2830 da
2476 2781 2616 2832 nobis
2643 2781 2791 2832 hodie
2821 2782 2839 2852 (
2866 2781 3051 2834 Matth.
3080 2783 3130 2837 6.
3167 2784 3256 2851 Η)
3281 2801 3294 2836 :
3323 2785 3428 2838 dici
3471 2787 3572 2838 ali-

1987 2877 2224 2920 mentum
2253 2911 2266 2932 ,
2297 2868 2466 2938 inquit
2495 2885 2507 2922 :
2542 2869 2592 2922 id
2624 2873 2763 2939 quod
2808 2871 2982 2940 justus
3031 2872 3127 2925 iste
3148 2915 3162 2937 ,
3194 2874 3402 2928 tametsi
3444 2875 3577 2931 nihil

1989 2955 2176 3010 horum
2205 2959 2465 3023 audierat,
2497 2970 2741 3027 precatus
2767 2969 2868 3025 est,
2889 2961 3070 3014 dicens
3099 2978 3112 3013 :
3148 2962 3210 3014 Si
3233 2962 3426 3015 dederit
3450 2963 3577 3016 mihi

1991 3047 2240 3100 Dominus
2279 3066 2457 3114 panem
2485 3051 2553 3102 ad
2590 3051 2969 3116 comedendum,
3008 3061 3055 3104 et
3092 3062 3270 3104 vestem
3307 3053 3375 3105 ad
3411 3062 3582 3122 tegen-

1988 3137 2130 3192 dum.
2158 3139 2234 3192 Ne
2279 3141 2437 3208 igitur
2468 3142 2759 3209 temporale
2802 3143 2998 3210 aliquid
3043 3144 3181 3197 aliud
3223 3145 3290 3198 ab
3328 3159 3394 3198 eo
3432 3156 3581 3213 peta-

1990 3243 2128 3282 mus.
2155 3229 2430 3297 Indignum
2459 3231 2601 3284 enim
2627 3233 2777 3286 valde
2804 3242 2905 3294 est,
2925 3249 2953 3286 a
2985 3245 3091 3288 tam
3118 3235 3320 3289 liberali
3348 3246 3402 3290 et
3432 3247 3576 3292 tanta

1989 3318 2184 3372 virtute
2232 3321 2499 3387 prmstanti
2542 3320 2842 3388 ltujusmodi
2887 3333 3097 3389 petere,
3139 3340 3258 3392 qua:
3286 3339 3406 3378 cmn
3439 3342 3581 3394 pra:-

1989 3405 2127 3459 senti
2152 3407 2256 3460 vita
2293 3407 2672 3472 dissolvuntur,
2706 3418 2758 3462 et
2801 3424 3044 3479 magnam
3081 3411 3495 3467 vicissitudinem
3522 3425 3577 3469 et

1989 3499 2333 3554 mutationem
2358 3501 2702 3569 experiuntur
2725 3518 2737 3553 :
2769 3502 2818 3554 id
2841 3517 3006 3571 genus
3027 3503 3168 3556 enim
3191 3513 3313 3556 sunt
3341 3503 3573 3558 humana

1991 3590 2189 3654 omnia,
2223 3591 2334 3645 sive
2361 3591 2574 3646 divitias
2602 3592 2819 3656 dixeris,
2853 3595 2962 3647 sive
2986 3595 3298 3663 potentiam,
3329 3596 3439 3650 sive
3471 3596 3576 3649 hu-

1989 3695 2201 3734 manam
2225 3683 2442 3751 gloriam
2478 3700 2490 3736 :
2523 3684 2614 3737 sed
2643 3693 2883 3752 petamus
2909 3699 3122 3754 semper
3149 3688 3433 3751 manentia,
3464 3689 3577 3742 suf-

1991 3775 2258 3844 ﬁcientia,
2310 3778 2691 3834 vicissitudinis
2735 3780 2931 3834 nescia.
2987 3781 3049 3833 Et
3093 3783 3321 3834 scientes
3371 3782 3581 3836 Domini

1990 3869 2157 3922 nostri
2217 3869 2544 3935 bonitatem,
2587 3871 2737 3924 nihili
2784 3871 3074 3939 pendamus
3119 3873 3438 3940 praesentia,
3487 3873 3583 3927 sed

1991 3973 2152 4013 omne
2207 3968 2443 4014 nostrum
2505 3962 2736 4016 studium
2802 3963 2852 4015 in
2912 3961 3201 4016 cadestium
3256 3963 3580 4018 desiderium

1990 4050 2396 4106 transferamus.
2427 4053 2557 4107 Nam
2613 4055 2658 4108 si
2707 4054 2879 4108 Solem
2914 4071 3063 4107 suum
3103 4055 3229 4107 oriri
3266 4055 3388 4123 facit
3426 4072 3578 4123 super

1991 4145 2151 4198 malos
2188 4156 2234 4198 et
2261 4145 2438 4211 bonos,
2470 4159 2516 4200 et
2549 4147 2675 4216 pluit
2713 4164 2864 4216 super
2879 4148 3048 4216 justos
3084 4156 3130 4199 et
3155 4147 3387 4215 injustas,
3418 4149 3587 4201 multo

1992 4237 2159 4303 magis
2187 4237 2518 4292 abstinentes
2559 4255 2587 4292 a
2631 4239 2849 4302 malitia,
2882 4247 2934 4292 et
2966 4239 3276 4305 injustitiam
3318 4237 3584 4305 fugientes

1994 4343 2099 4382 non
2129 4330 2428 4398 despiciet:
2461 4331 2552 4384 sed
2599 4332 2762 4385 multa
2804 4331 2991 4401 dignos
3030 4331 3187 4385 ducet
3223 4331 3546 4399 providentia
3568 4371 3584 4391 ,

1995 4426 2050 4471 et
2096 4433 2188 4472 sua
2242 4419 2598 4474 sollicitudine
2650 4421 2792 4474 omni
2852 4430 3092 4488 tempore
3154 4421 3473 4487 dignabitur.
3529 4420 3583 4472 Id

1996 4508 2246 4573 scientes,
2277 4509 2473 4571 dilecti,
2502 4525 2568 4564 ne
2606 4510 2860 4564 increduli
2898 4511 3062 4562 simus
3097 4510 3292 4563 divinis
3323 4510 3587 4577 pollicita-

1997 4597 2247 4664 tionibus,
2277 4614 2446 4667 neque
2473 4600 2735 4653 contraria
2766 4600 2828 4652 iis
2853 4614 2971 4666 qua:
3007 4599 3090 4650 ille
3126 4597 3284 4667 jussit
3306 4597 3581 4652 faciamus.

1999 4685 2286 4741 Enimvero
2315 4697 2567 4756 quantum
2595 4687 2660 4741 ad
2686 4703 2744 4739 ea
2772 4703 2886 4758 qurc
2915 4703 3052 4740 nunc
3079 4703 3105 4738 a
3135 4687 3289 4742 nobis
3315 4689 3466 4752 ﬁunt,
3499 4689 3584 4741 ni-

1999 4776 2072 4830 hil
2117 4777 2183 4831 ab
2229 4777 2530 4831 iulidelibus
2561 4777 2872 4832 differimus.
2903 4776 3125 4842 Quando
3151 4777 3292 4832 enim
3325 4777 3438 4847 ipse
3463 4779 3586 4846 qtti-

1999 4868 2120 4924 dem
2147 4868 2317 4922 futura
2343 4868 2494 4922 nobis
2518 4869 2794 4936 promittit,
2823 4884 2918 4920 nos
2946 4879 3122 4921 autem
3154 4867 3403 4922 nolumus
3427 4868 3593 4923 ﬁdere

2001 4958 2141 5012 illius
2183 4959 2644 5026 promissionilnts,
2681 4958 2772 5012 sed
2815 4974 2964 5027 pr:rs«
2990 4960 3164 5012 ntibus
3201 4973 3384 5011 sumus
3424 4955 3588 5019 afﬁxi,

2000 5051 2141 5120 quod
2184 5051 2323 5103 aliud
2367 5050 2752 5104 incredulitatis
2785 5049 3036 5102 indit-ium
3068 5049 3239 5103 adlmc
3271 5047 3582 5115 requiritur,

2003 5141 2164 5194 rebus
2199 5140 2326 5207 ipsis
2360 5151 2462 5193 tam
2493 5140 2638 5193 clara
2671 5155 2799 5192 voce
2825 5138 3236 5192 attt'stantibus‘!
3268 5138 3331 5189 Et
3358 5151 3586 5199 rursum,

2005 5230 2216 5285 Christo
2237 5231 2455 5298 jubente
2484 5245 2580 5284 nos
2609 5231 2736 5283 nihil
2762 5245 2792 5282 a
2821 5246 2875 5282 sc
2899 5241 3080 5297 petere
3108 5227 3367 5294 fragilium
3397 5225 3599 5278 horum-

2006 5330 2060 5375 et
2083 5321 2468 5389 temporalium,
2503 5321 2594 5375 sed
2626 5321 2798 5389 potius
2843 5320 2926 5371 illa
2967 5318 3249 5384 postulare,
3281 5332 3374 5370 nos
3410 5316 3458 5370 ei
3499 5332 3587 5369 re-

2006 5423 2300 5485 pugnantes
2322 5454 2336 5479 ,
2366 5429 2483 5481 quae
2515 5422 2696 5481 petere
2737 5407 3000 5477 prohibuit
3021 5448 3034 5469 ,
3060 5407 3146 5459 illa
3175 5423 3274 5474 qua
3293 5405 3462 5460 rimus
3493 5422 3504 5456 :
3535 5415 3590 5460 et

2009 5520 2126 5574 quae
2150 5504 2305 5572 jussit
2327 5503 2512 5573 quccri,
2546 5502 2631 5555 illa
2669 5514 2772 5552 non
2801 5497 3109 5568 qmerimus.
3141 5496 3209 5551 Et
3244 5495 3358 5552 haec
3389 5496 3587 5550 facien-

2074 5632 2088 5660 ι
2134 5625 2218 5673 Sic
2265 5622 2416 5672 ςαγίι,
2453 5626 2504 5668 οι
2546 5615 2768 5677 quinque
2812 5612 2926 5677 Mss.
2971 5611 3144 5677 Morel.
3173 5624 3343 5677 ivero,
3388 5615 3590 5677 prterita

2008 5672 2184 5756 affectu
2203 5672 2598 5751 ietloatopyiagi,
2625 5672 2732 5739 pro,
2768 5672 3077 5738 philosophia
3101 5674 3441 5738 (φιλοσοφίας).
