3974 6422
494 323 560 380 79
1128 310 1187 364 S.
1225 307 1500 365 JOANNIS
1526 299 1995 361 CHRYSOSTOMI
2034 296 2349 354 ARCHIEP.
2389 293 2918 350 CONSTANTINOP.

457 445 568 495 tes,
597 437 653 484 et
677 437 784 482 tam
811 426 958 494 pigre
992 421 1326 489 segniterque
1374 425 1550 471 nostra
1585 412 1940 473 mstituentes,
1970 416 2027 462 et

455 518 834 574 exacerbantes
873 514 1052 567 mitem
1099 517 1154 562 et
1200 508 1486 560 humanum
1529 501 1846 566 Dominum,
1876 497 2027 566 quasi

456 609 604 664 obliti
636 619 828 667 eorum
861 617 978 670 quae
1018 613 1116 653 nos
1159 597 1436 651 fecerimus
1459 634 1474 657 ,
1498 606 1711 647 causam
1743 588 2029 659 qumrimus

456 699 572 766 ejus
601 711 723 764 erga
753 708 868 763 nos_
891 688 1282 759 indignationis,
1314 697 1368 740 et
1406 699 1570 754 quare
1616 697 1713 736 nos
1759 695 1903 748 stcpe
1930 678 2028 733 de-

458 787 674 854 spiciat,
703 797 823 838 cum
867 782 917 834 in
945 781 1116 833 varias
1152 776 1432 830 incidimus
1466 773 1781 828 tentationes
1809 778 1899 824 :et
1925 782 2028 821 non

457 877 748 945 cogitantes
807 880 1142 942 peccatorum
1214 875 1515 922 nostrorum
1569 861 1980 932 magnitudinem
2009 897 2028 924 ,

459 967 811 1033 nosmetipsos
849 965 988 1016 ultro
1013 960 1323 1028 decipimus.
1358 957 1556 1010 Idcirco
1594 956 1817 1010 obsecro
1837 994 1851 1018 ,
1881 960 1939 1005 ut
1969 951 2032 1006 iis

457 1057 704 1111 omnibus
746 1053 1006 1122 repulsis,
1053 1049 1182 1102 nihil
1236 1047 1389 1100 saluti
1433 1055 1628 1102 nostr-aa
1667 1040 2029 1113 praeferamus.

461 1147 595 1212 Quid
622 1145 763 1198 enim
789 1144 985 1212 prodest
1013 1140 1220 1204 homini,
1248 1138 1290 1190 si
1327 1146 1482 1190 totum
1510 1135 1751 1202 mundum
1778 1132 1994 1184 lucretur
2014 1167 2031 1194 ,

459 1239 642 1291 anima:
669 1251 782 1288 vero
807 1249 915 1286 sua:
943 1231 1292 1285 detrimentum
1317 1228 1539 1294 patiatur
1572 1223 1780 1293 (Matth.
1797 1222 1882 1276 lG.
1899 1220 1988 1289 26)
2011 1219 2034 1272 ?

461 1328 528 1381 Et
555 1337 912 1395 supervacuas
939 1320 1152 1377 divitias
1173 1319 1283 1387 jam
1309 1331 1626 1374 evacuemus
1655 1315 1704 1366 in
1736 1323 1995 1381 pauperes
2016 1348 2033 1375 ,

463 1395 816 1485 magnumque
863 1409 1136 1479 sapientia:
1174 1407 1331 1464 studii
1376 1406 1646 1474 specimen
1691 1403 1746 1457 in
1791 1400 2038 1455 omnibus

463 1507 839 1568 cxhibeamus,
863 1516 1052 1555 vanam
1087 1498 1308 1568 gloriam
1336 1496 1686 1564 despicientcs
1704 1533 1720 1557 ,
1748 1492 2036 1545 humanum

461 1599 655 1660 fasttun
685 1592 1072 1651 conculcantes,
1101 1596 1155 1644 et
1178 1602 1334 1642 omne
1353 1585 1588 1640 caritatis
1611 1582 1842 1638 studium
1872 1579 1960 1634 alii
1984 1580 2039 1632 in

466 1687 601 1740 alios
625 1695 810 1738 mutuo
836 1679 1199 1749 impendentes
1228 1693 1242 1730 :
1274 1685 1330 1730 ut
1353 1683 1408 1731 et
1438 1672 1784 1742 prwsentibus
1810 1679 1864 1725 et
1896 1669 2038 1722 futu-

469 1777 542 1830 ris
585 1775 736 1829 bonis
777 1771 970 1840 perfrui
1016 1782 1335 1830 mereamur,
1379 1766 1545 1828 gratia
1585 1771 1639 1818 et
1677 1759 2039 1816 misericordia

466 1865 676 1921 Domini
705 1862 869 1917 nostri
899 1861 1027 1914 Jesu
1055 1858 1288 1920 Christi,
1322 1852 1411 1908 cui
1432 1863 1558 1910 cum
1583 1850 1740 1907 Patre
1777 1860 1831 1906 et
1855 1856 2039 1904 sancto

465 1957 662 2025 Spiritu
689 1955 757 2007 sit
785 1952 970 2022 gloria,
1002 1949 1302 2018 imperium,
1329 1945 1518 2010 honor,
1549 1958 1687 2000 nunc
1714 1952 1766 1996 ct
1792 1953 2002 2008 semper
2022 1977 2038 2002 ,

463 2048 593 2102 etin
624 2044 816 2100 stecula
843 2040 1178 2110 saeculorum.
1209 2038 1400 2096 Amen.

1047 2166 1324 2223 liOMlLIA
1363 2163 1471 2218 LV.

469 2282 537 2340 Et
564 2285 688 2338 dixit
717 2283 886 2336 Laban
917 2281 983 2333 ad
1014 2279 1174 2332 Jacob
1202 2294 1219 2331 :
1249 2276 1497 2342 Quoniam
1531 2274 1690 2342 frater
1720 2289 1856 2328 meus
1885 2289 1934 2325 es
1965 2283 2036 2338 tu,

537 2393 637 2431 non
660 2375 840 2429 servies
882 2371 977 2424 mei
1021 2369 1216 2440 gratis;
1263 2367 1344 2419 dic
1386 2365 1543 2429 mihi,
1590 2378 1702 2434 qua:
1740 2378 1923 2416 merces
1954 2372 2040 2413 tua

543 2465 822 2536 (6071.939.
856 2463 979 2533 ιδ).

543 2583 596 2637 1.
628 2579 812 2634 Paucis
839 2579 976 2630 dicta
999 2575 1107 2629 ﬁeri
1133 2574 1373 2635 resumit;
1403 2571 1756 2640 conﬁdentiam
1780 2571 1960 2624 Jacobi
1987 2571 2041 2623 iu

466 2672 628 2727 Deum
655 2667 918 2735 prtcdicat.
944 2693 1016 2704 ——-
1035 2663 1176 2717 Satis
1202 2663 1316 2716 heri
1348 2678 1409 2725 ex
1443 2660 1714 2729 prteludiis
1741 2660 2041 2728 peregrina-

468 2758 626 2812 tionis
665 2757 791 2824 justi
820 2755 992 2818 edocti
1023 2767 1205 2818 Sumus
1245 2760 1437 2820 quanta
1474 2751 1633 2804 fuerit
1659 2751 1774 2818 ejus
1801 2749 2036 2816 philoso-

375 2897 382 2903 .
467 2847 605 2917 plum
635 2845 939 2914 magnitudo
960 2885 972 2904 ,
1010 2853 1225 2910 propter
1251 2857 1405 2910 quam
1437 2855 1649 2904 causam
1684 2847 1877 2894 tantam
1921 2853 2039 2905 pro-

469 2937 778 2991 missionem
809 2952 838 2988 a
869 2935 975 2987 Deo
1003 2942 1357 3000 censcquntns
1385 2940 1488 2985 est.
1523 2931 1712 2984 lterum
1742 2939 1916 2982 autem
1947 2943 2042 2996 per

466 3042 651 3096 preces
693 3036 746 3082 et
787 3035 964 3087 votum
991 3067 1005 3089 ,
1053 3040 1169 3092 qua:
1213 3023 1337 3076 fecit
1385 3023 1748 3076 universorum
1795 3021 2036 3087 Domino,

465 3117 811 3172 sufﬁcientem
843 3114 1141 3168 doctrinam
1175 3113 1324 3165 nobis
1348 3113 1590 3176 omnibus
1615 3111 1777 3174 dedit,
1805 3112 1847 3166 si
1879 3111 2041 3178 velle-

465 3222 583 3260 mus
623 3205 689 3258 ad
739 3203 1040 3263 imitandam
1091 3202 1333 3268 virtutem
1381 3201 1518 3270 illius
1547 3202 1784 3268 excitari.
1830 3202 2038 3256 Etenim

463 3296 812 3351 admiratione
855 3293 1069 3362 dignum
1115 3301 1228 3354 est,
1279 3291 1544 3360 quomodo
1573 3291 1820 3358 virtutem
1864 3291 2040 3354 sciens

457 3387 852 3458 promittentis,
887 3394 938 3436 et
964 3383 1183 3436 audiens
1227 3381 1637 3449 magnitudinem
1677 3379 1779 3440 sibi
1808 3381 2038 3450 promis-

457 3494 662 3542 sorum,
697 3492 870 3545 neque
911 3475 986 3528 sic
1016 3488 1261 3541 magnum
1289 3472 1484 3540 aliquid
1514 3481 1568 3526 et
1604 3471 1831 3526 sublime
1861 3480 2040 3538 postu-

460 3568 572 3622 lare
600 3564 940 3620 attentavcrit
969 3582 981 3615 :
1007 3563 1103 3632 sed
1133 3562 1220 3615 illa
1248 3563 1521 3615 dumtaxat
1549 3562 1716 3632 petiit,
1747 3576 1865 3629 qua:
1891 3561 2040 3616 audi-

461 3657 559 3710 stis
586 3655 697 3709 heri
723 3694 738 3718 ,
760 3667 962 3723 nempe
991 3667 1050 3705 ea
1078 3666 1196 3720 quae
1236 3649 1302 3703 ad
1341 3649 1700 3718 quotidianum
1731 3650 2037 3704 alimentum

461 3743 562 3797 sibi
592 3743 836 3795 sufﬁcere
867 3739 1099 3808 possint,
1128 3748 1182 3792 et
1219 3739 1588 3793 vestimentum
1636 3738 1702 3791 ad
1739 3752 1930 3808 corpus
1959 3749 2037 3792 tc-

461 3833 691 3902 gcndum
726 3850 738 3884 :
773 3838 825 3885 et
855 3830 1138 3899 promittit,
1174 3828 1218 3882 si
1248 3827 1472 3883 reditum
1506 3829 1604 3882 sibi
1645 3829 1697 3884 in
1728 3844 1819 3904 sua
1849 3845 2038 3884 concc-

461 3921 552 3976 dat
581 3922 737 3984 Deus,
769 3920 906 3974 sicut
934 3919 1032 3973 sibi
1062 3918 1411 3988 promiserat,
1456 3919 1699 3974 daturum
1731 3934 1789 3973 se
1818 3920 1890 3984 illi
1921 3934 2036 3974 om-

461 4013 608 4066 nium
639 4028 756 4080 qua:
798 4011 866 4065 ab
906 4025 971 4063 eo
999 4010 1220 4077 accipiet
1245 4009 1479 4063 decimas
1510 4025 1523 4062 :
1552 4025 1646 4079 per
1674 4011 1847 4064 omnia
1881 4025 2036 4063 mon—

463 4110 639 4155 strans
665 4089 970 4168 religionem
999 4115 1168 4164 suam,
1199 4108 1252 4153 et
1277 4100 1445 4168 ipsum
1470 4098 1777 4153 adscribens
1802 4101 2036 4152 ortinium

464 4191 809 4258 largitorem;
857 4188 1115 4256 docetque
1171 4202 1267 4241 nos
1310 4197 1367 4240 ut
1407 4188 1454 4241 ei
1503 4197 1702 4241 tantum
1751 4172 2038 4244 habeamus

460 4280 706 4350 gratiam.
739 4277 968 4331 Noverat
996 4279 1135 4330 enim
1172 4275 1345 4345 justus
1391 4277 1704 4331 ineffabilem
1742 4277 1856 4345 ejus
1886 4277 2037 4332 beni-

459 4369 716 4438 gnitatem
735 4409 749 4431 ,
780 4366 881 4420 hoc
910 4365 1214 4434 coojectans
1234 4382 1302 4432 (ex
1331 4366 1393 4419 iis
1421 4382 1539 4436 quae
1571 4367 1620 4420 in
1650 4377 1852 4436 patrem
1883 4384 2036 4438 suum

459 4458 798 4522 exhibuerat,
820 4465 874 4510 et
903 4455 1105 4510 sciebat
1130 4469 1249 4510 eum
1272 4455 1372 4509 sibi
1394 4471 1636 4523 magnam
1659 4437 2036 4521 abundantiam

459 4562 838 4601 concessurum
870 4561 990 4600 esse
1019 4563 1032 4598 :
1066 4555 1118 4598 et
1150 4545 1335 4599 horum
1365 4546 1576 4615 quidem
1610 4547 1720 4616 ipse
1750 4549 1877 4602 nihil
1909 4550 2038 4617 petit

461 4651 492 4689 a
524 4638 745 4691 Domino
766 4679 780 4702 ,
808 4652 980 4706 neque
1007 4636 1117 4690 vult
1144 4636 1212 4691 de
1253 4637 1316 4690 iis
1345 4638 1548 4705 precari
1573 4679 1588 4702 ,
1619 4639 1712 4692 sed
1737 4654 1858 4693 cum
1888 4641 2038 4695 deci-

462 4739 579 4778 mas
601 4727 832 4778 omninm
859 4725 1100 4796 daturum
1127 4742 1185 4780 se
1206 4727 1502 4794 pollicetur,
1525 4727 1759 4782 ostendit
1781 4739 2037 4799 quantum

465 4815 520 4868 in
549 4816 793 4868 omnibus
819 4815 1116 4869 conﬁdebat
1143 4816 1258 4884 ejus
1284 4819 1530 4885 potentizc
1567 4819 1657 4887 qui
1700 4821 2036 4887 promiserat.

465 4904 750 4972 PrOpterea
777 4913 829 4955 et
853 4905 966 4972 ipse
993 4904 1201 4972 quando
1222 4919 1342 4958 cum
1365 4921 1428 4959 co
1455 4907 1781 4975 loquebatur,
1805 4909 2034 4976 dicebat,

463 4993 576 5065 Ego
601 5010 715 5048 sum
746 4993 880 5046 Deus
903 4992 1155 5045 Abraham
1183 5004 1226 5046 et
1254 4993 1403 5047 Isaac
1429 4996 1585 5064 patris
1613 4997 1686 5049 tui
1706 5014 1726 5061 ;
1767 5013 1829 5050 ne
1863 5000 2037 5053 timeas

466 5090 488 5158 (
506 5087 630 5140 Gen.
656 5085 742 5141 9.6.
770 5086 841 5140 24
858 5087 898 5154 ).
929 5084 1146 5154 Cogita,
1177 5087 1378 5156 inquit,
1408 5097 1466 5144 et
1508 5091 1856 5159 patriarcham
1887 5075 2036 5163 quasi

465 5179 802 5248 peregrinum
834 5186 888 5231 et
918 5177 1153 5246 ignomtn
1185 5176 1236 5230 iu
1269 5186 1464 5231 terram
1497 5178 1633 5233 hanc
1661 5180 1957 5246 advenisse,
1985 5191 2039 5238 et

464 5269 516 5321 in
544 5278 740 5321 tantam
765 5269 972 5322 venisse
994 5267 1234 5338 gloriam,
1264 5276 1320 5322 ut
1345 5270 1578 5323 omnium
1603 5287 1694 5326 ore
1717 5273 2032 5328 celebretur.

463 5357 650 5428 Cogita
695 5360 819 5413 item
862 5370 917 5415 et
962 5368 1163 5428 patrem
1202 5369 1379 5427 tuum,
1418 5361 1469 5414 in
1500 5369 1736 5415 extrema
1769 5373 2038 5420 senectute

469 5449 604 5516 patri
629 5463 724 5500 suo
751 5461 926 5516 natum
953 5465 1093 5514 esse,
1121 5461 1280 5522 atque
1306 5452 1376 5504 ita
1403 5451 1591 5521 Opibus
1613 5465 1823 5506 anetum
1852 5452 2035 5522 fuisse,

469 5546 527 5590 ut
556 5537 845 5593 invidiosus
875 5539 1034 5610 ﬁeret
1067 5541 1345 5612 indigenis.
1391 5542 1589 5596 Eadem
1633 5543 1792 5611 igitur
1831 5554 1883 5597 et
1927 5545 2039 5611 ipse

471 5635 738 5694 eXSpccta,
782 5643 1094 5698 omnemque
1131 5633 1373 5688 tinnrem
1415 5643 1468 5688 et
1512 5633 1830 5688 anxietatem
1869 5633 2035 5704 depo-

3600 290 3696 350 480

2133 418 2286 467 nens,
2319 403 2792 472 peregrinationem
2830 400 2942 455 obi.
2973 394 3096 460 Haec
3129 411 3309 453 secum
3336 396 3581 467 cogitans
3613 398 3696 466 ju

2130 503 2244 548 stus
2267 533 2282 558 ,
2325 507 2431 546 non
2468 490 2536 545 ad
2580 498 2897 561 praesentem
2927 489 3244 558 respiciant
3269 497 3501 550 statum,
3536 486 3699 556 (nihil

2130 586 2271 640 enim
2315 583 2534 638 omnino
2558 597 2738 637 secum
2780 581 3035 636 afferebat
3073 598 3088 635 :
3126 579 3395 650 quomodo
3436 579 3580 632 enim
3608 592 3700 646 po-

2133 676 2319 731 tuisset
2344 676 2431 742 qui
2459 675 2604 728 solus
2637 681 2752 728 erat
2787 683 2840 727 ct
2866 674 2966 727 iter
3003 670 3180 726 facere
3209 668 3580 740 cogebatur?)
3612 668 3700 722 sed

2129 768 2238 837 jam
2267 767 2386 821 ﬁdei
2417 765 2586 822 oculis
2615 779 2719 819 non
2759 763 2928 817 multo
2969 770 3090 832 post
3137 762 3363 815 futuram
3409 759 3701 832 prievidcnt-

2133 856 2508 914 abundantiam
2550 869 2701 908 suam
2723 896 2736 919 ,
2767 853 3069 907 declarabat
3105 860 3307 920 gratam
3337 850 3659 916 voluntatem
3685 865 3702 902 :

2136 955 2191 1001 et
2215 946 2303 1016 qui
2332 944 2461 998 nihil
2489 943 2661 997 adhuc
2703 951 3000 1010 acceperat,
3043 949 3238 1008 vovet,
3277 938 3576 1010 digniorem
3608 936 3707 1000 ﬁde

2136 1034 2444 1088 existimans
2475 1032 2876 1100 promissionem
2903 1030 3147 1096 Domini,
3173 1043 3330 1100 quam
3357 1041 3544 1100 rerum
3585 1039 3707 1096 pos-

2136 1123 2452 1177 sessionem.
2495 1121 2678 1190 Neque
2701 1121 2842 1176 enim
2882 1122 2951 1175 ita
2981 1119 3144 1176 ﬁdere
3184 1118 3441 1188 debemus
3469 1116 3554 1188 his
3595 1131 3711 1195 qua:

2138 1213 2191 1266 in
2237 1211 2480 1276 manibus
2510 1211 2763 1267 habemus
2792 1219 2848 1266 et
2875 1211 3114 1266 videmus
3133 1251 3148 1277 ,
3189 1220 3246 1264 ut
3270 1208 3711 1282 promissionihus

2142 1302 2270 1365 Dei,
2317 1302 2524 1359 etiamsi
2570 1316 2675 1358 non
2723 1301 2968 1356 eveniant
3009 1301 3188 1354 statim
3231 1299 3404 1368 primo
3446 1307 3710 1368 tempore.

2138 1391 2318 1446 Justus
2361 1392 2519 1462 igitur
2565 1400 2773 1461 sumpta
2821 1392 2884 1444 iis
2926 1405 3045 1459 quas
3090 1390 3230 1446 Deus
3271 1387 3482 1442 dixerat
3523 1385 3711 1452 ﬁducia

2140 1483 2388 1548 maxima,
2425 1482 2903 1552 peregrinationem
2933 1479 3084 1534 obiit.
3113 1478 3230 1544 Quo
3257 1486 3412 1546 pacto
3437 1478 3582 1534 cnim
3609 1489 3712 1535 nou

2140 1570 2332 1625 ﬁsurus
2360 1578 2535 1634 esset,
2580 1569 2664 1622 cui
2702 1568 2898 1622 dictum
2924 1576 3034 1620 erat
3061 1606 3078 1631 ,
3118 1565 3248 1620 Ecce
3276 1582 3365 1636 ego
3395 1576 3557 1634 tecum
3582 1579 3712 1628 sum,

2139 1661 2425 1714 custodiens
2452 1669 2500 1714 te
2521 1659 2574 1712 in
2594 1661 2730 1712 omni
2749 1659 2848 1722 via,
2873 1673 2972 1725 qua
2994 1657 3157 1714 iturus
3185 1671 3237 1710 es
3259 1669 3278 1708 :
3303 1665 3348 1708 et
3372 1637 3715 1723 uiuttipficabo

2141 1768 2306 1822 semen
2332 1760 2471 1804 tuum
2491 1791 2505 1812 ,
2545 1759 2591 1804 et
2619 1750 2857 1808 reducam
2885 1757 2932 1802 te
2957 1750 3135 1801 iterum
3165 1748 3214 1805 in
3245 1756 3429 1800 terram
3459 1747 3591 1799 hanc
3609 1787 3626 1812 ,
3670 1754 3716 1798 et

2141 1860 2241 1897 non
2265 1853 2311 1896 te
2335 1842 2677 1912 derelinquam
2697 1840 2846 1910 (Gen.
2869 1839 3092 1908 28.15),
3120 1853 3390 1908 usquequo
3414 1837 3715 1904 complean-

2141 1941 2228 1988 tur
2256 1932 2512 2001 promissa
2537 1930 2760 1984 omnia?
2789 1929 2986 1984 Verum
3005 1970 3021 1996 ,
3052 1939 3111 1984 ut
3140 1929 3254 1982 heri
3281 1929 3390 1983 disi
3418 1969 3433 1994 ,
3464 1929 3635 1997 cogita
3662 1936 3716 1982 et

2143 2023 2562 2090 omnipotentem
2590 2021 2685 2080 Dei
2713 2019 3048 2089 sapientiam,
3078 2027 3133 2074 et
3153 2019 3280 2088 juSti
3306 2019 3442 2074 illius
3471 2032 3714 2092 magnam

2143 2112 2451 2180 patientiam
2491 2120 2544 2164 et
2587 2118 2796 2178 gratum
2840 2110 3094 2164 animum.
3141 2109 3382 2163 Surrexit
3423 2107 3569 2174 enim
3599 2118 3714 2176 post

2143 2201 2522 2272 promissiones
2549 2201 2682 2265 illas,
2714 2211 2768 2254 et
2792 2201 2844 2253 in
2862 2200 3097 2254 Charran
3124 2197 3415 2263 contendit,
3443 2208 3498 2268 et
3527 2198 3716 2251 iterum

2142 2292 2250 2360 agit
2296 2301 2351 2345 ut
2393 2291 2702 2360 peregrinus
2737 2298 2792 2344 et
2837 2305 3032 2359 vagus,
3079 2299 3134 2344 et
3176 2290 3228 2343 in
3269 2288 3516 2342 omnibus
3543 2288 3717 2343 divina

2141 2383 2312 2451 gratia
2342 2381 2550 2445 fruitur,
2586 2381 2810 2451 benigno
2830 2381 2939 2434 Deo
2966 2379 3064 2448 ipsi
3090 2379 3227 2432 viam
3255 2378 3445 2446 ubique
3478 2388 3718 2450 parante,

2141 2484 2195 2529 et
2222 2489 2371 2527 suam
2401 2473 2805 2542 promissionem
2827 2469 3166 2538 adimplente.
3194 2469 3293 2536 Qui
3320 2470 3462 2523 enim
3491 2468 3718 2539 dixerat,

2141 2562 2330 2618 Tecum
2357 2576 2488 2628 sum,
2520 2561 2802 2632 custodiens
2831 2569 2879 2614 te
2917 2561 2970 2612 in
2999 2560 3134 2626 omni
3163 2560 3241 2612 via
3260 2601 3274 2624 ,
3308 2575 3403 2628 qua
3447 2561 3610 2623 iturus
3645 2576 3719 2626 cs,

2146 2651 2192 2708 is
2221 2651 2371 2705 (luxit
2393 2651 2592 2719 justqu
2624 2650 2688 2709 ad
2718 2650 2910 2703 fontem
2937 2663 3107 2717 aqum,
3140 2649 3227 2702 ubi
3253 2648 3518 2717 aquabant
3543 2657 3717 2717 pasto-

2142 2756 2229 2795 res
2272 2749 2428 2794 terra:
2474 2740 2659 2795 incohc
2703 2757 2716 2792 :
2761 2754 2792 2793 a
2831 2740 3021 2809 quibus
3065 2755 3185 2792 cum
3235 2739 3612 2808 interrogasset
3655 2739 3717 2794 de

2145 2830 2322 2885 Laban
2349 2830 2518 2892 fratre
2548 2831 2730 2883 matris
2777 2844 2918 2895 sum,
2970 2839 3022 2884 et
3068 2829 3337 2882 didicisset
3382 2827 3559 2881 omnia
3605 2845 3719 2897 qum

2142 2919 2283 2974 circa
2312 2920 2457 2972 illum
2486 2919 2803 2988 gerebantur
2832 2935 2844 2970 :
2877 2917 3070 2972 deinde
3099 2933 3218 2970 cum
3259 2928 3310 2970 ct
3350 2917 3506 2986 hujus
3536 2918 3717 2978 tiliam,

2144 3020 2199 3065 ct
2222 3023 2410 3080 greges
2436 3009 2600 3062 oculis
2633 3017 2952 3077 spectasset,
2984 3007 3288 3076 videretque
3315 3006 3589 3075 indigenas
3618 3023 3719 3060 nou

2143 3098 2390 3154 sufﬁcere
2421 3109 2476 3151 ut
2505 3097 2731 3166 lapidem
2759 3113 2789 3151 a
2817 3098 2958 3151 foinc
2984 3098 3080 3170 ipsi
3110 3106 3435 3161 amoverent,
3477 3106 3532 3151 et
3559 3112 3718 3166 aqua-

2143 3199 2264 3244 rent
2288 3204 2438 3252 oves,
2469 3187 2721 3253 accurrit,
2753 3196 2806 3242 et
2835 3187 2884 3240 id
2929 3186 3070 3256 quod
3117 3188 3187 3241 illi
3229 3187 3403 3240 facere
3440 3203 3546 3242 non
3573 3187 3718 3240 vale-

2143 3280 2301 3343 bant,
2347 3281 2460 3348 ipse
2503 3294 2733 3348 superno
2780 3277 2975 3332 auxilio
3020 3278 3336 3341 roboratus,
3389 3278 3721 3346 prmvcniens

2143 3371 2415 3427 beneficiis
2444 3365 2622 3426 Laban
2644 3412 2659 3438 ,
2699 3371 2901 3424 amovit
2932 3370 3156 3439 lapidem
3189 3377 3244 3423 et
3280 3370 3560 3439 adaquavit
3594 3385 3720 3424 oves

2143 3477 2274 3531 quas
2314 3461 2565 3530 pascebat
2593 3461 2814 3515 Rachel.
2856 3461 2982 3514 Dein
3016 3460 3104 3513 ubi
3145 3459 3416 3513 osculatus
3453 3469 3537 3514 est
3574 3461 3720 3529 pucl-

2141 3553 2268 3619 lam,
2301 3563 2352 3607 et
2381 3551 2696 3621 significavit
2719 3552 2836 3622 quis
2862 3560 3004 3605 esset
3032 3559 3085 3605 et
3114 3550 3256 3605 unde
3288 3551 3536 3613 venisset,
3570 3566 3720 3604 man-

2143 3646 2213 3698 sit
2244 3645 2356 3712 ipsc
2385 3641 2522 3712 apud
2555 3643 2770 3695 fontem.
2795 3641 2988 3695 Verum
3019 3642 3138 3710 quia
3164 3642 3301 3695 Deus
3330 3658 3388 3694 cr
3424 3641 3551 3710 tqui
3578 3641 3720 3709 justo

2142 3733 2457 3801 disponebat
2485 3732 2692 3796 omnia,
2726 3731 2811 3784 hic
2835 3741 2888 3786 et
2919 3732 3146 3801 puellam
3178 3731 3426 3786 evcitavit
3453 3743 3508 3785 ut
3533 3731 3720 3786 celeri-

2142 3821 2223 3880 ter
2247 3833 2520 3889 curreret,
2549 3833 2704 3894 atque
2735 3823 2850 3878 hcce
2877 3824 3216 3878 aminntiaret
3244 3825 3374 3894 patri
3397 3865 3412 3887 ,
3441 3824 3529 3892 qui
3556 3825 3722 3878 frater

2140 3911 2255 3970 erat
2282 3914 2434 3990 hujus
2465 3915 2650 3990 matris
2683 3931 2695 3966 :
2726 3923 3071 3984 narrarctque
3115 3913 3431 3968 beneﬁcium
3467 3915 3614 3982 quod
3656 3916 3724 3968 ab

2141 4025 2206 4065 eo
2234 4008 2529 4080 pricstitum
2567 4017 2709 4078 esset
2745 4016 2800 4061 et
2839 4008 2890 4060 in
2934 4009 3103 4076 ipsam
3141 4015 3195 4061 et
3236 4007 3286 4059 in
3315 4021 3503 4076 greges
3538 4023 3552 4059 :
3581 4017 3637 4060 et
3665 4021 3724 4060 se

2141 4115 2314 4172 neque
2344 4097 2677 4172 peregrinum
2703 4112 2842 4163 esse,
2888 4112 3059 4176 neque
3087 4097 3320 4166 ignotum
3343 4136 3358 4160 ,
3396 4095 3489 4151 sed
3515 4099 3722 4152 sororis

2141 4191 2328 4244 ﬁlium.
2966 4173 2970 4176 ’

2213 4283 2416 4348 Quanta
2439 4290 2662 4352 ueterum
2691 4281 3302 4354 Irospitalitas._Ea:empto
3329 4279 3511 4334 Jacobi
3540 4282 3716 4350 probat

2141 4373 2309 4427 omnia
2335 4373 2545 4444 feliciter
2567 4371 2830 4448 succedere
2861 4371 2904 4425 ei
2931 4387 3076 4440 quem
3104 4369 3243 4448 Deus
3273 4372 3440 4444 juvat.
3469 4399 3542 4409 —
3575 4371 3717 4424 Con-

2139 4468 2312 4526 sidera
2333 4509 2349 4533 ,
2378 4466 2600 4532 obsecro
2619 4506 2633 4528 ,
2665 4465 2859 4539 dilecte
2880 4505 2894 4528 ,
2934 4465 3123 4518 divina:
3153 4463 3442 4534 Scriptura:
3483 4461 3714 4530 diligen-

2095 4574 2100 4580 '
2141 4560 2302 4623 tiam,
2351 4555 2617 4628 quomodo
2662 4556 2814 4609 nobis
2861 4555 3034 4609 omnia
3082 4554 3361 4608 manifeste
3416 4564 3711 4621 recenseat,

2141 4648 2384 4722 docendo
2409 4662 2506 4701 nos
2527 4661 2704 4701 mores
2725 4655 2982 4713 veterum,
3005 4656 3056 4699 et
3077 4656 3289 4714 quanta:
3314 4645 3364 4696 in
3385 4641 3717 4710 excipiendis

2142 4738 2436 4807 hospitibus
2483 4738 2677 4791 fuerint
2703 4737 3010 4790 alacritatis.
3053 4736 3181 4800 Nam
3214 4745 3267 4788 ut
3297 4734 3484 4804 puclla:
3516 4734 3717 4786 indica-

2140 4841 2219 4884 ret
2252 4827 2600 4889 alacritatem,
2633 4842 2737 4878 non
2765 4825 3076 4893 simpliciter
3105 4807 3261 4886 dixit,
3291 4839 3407 4876 eam
3438 4822 3634 4896 abiisse
3661 4831 3716 4876 et

2139 4917 2481 4971 annuntiasse
2517 4932 2634 4984 qum
2673 4917 2804 4968 facta
2846 4917 3083 4977 fuerant,
3117 4915 3208 4967 sed
3249 4911 3580 4974 cucurrisse,
3613 4913 3720 4969 hoc

2141 5015 2254 5067 est,
2289 5022 2479 5074 magno
2512 5020 2632 5060 cum
2675 5004 2865 5073 gaudio
2893 5003 3057 5073 (Cap.
3083 5003 3172 5057 29.
3201 5021 3248 5056 υ.
3280 5000 3401 5074 12).
3435 5002 3636 5056 Deinde
3661 5014 3724 5058 ct

2141 5096 2208 5150 de
2237 5095 2413 5150 Laban
2432 5137 2448 5162 ,
2477 5095 2564 5163 qni
2605 5103 2756 5164 pater
2785 5094 2924 5148 illius
2965 5105 3080 5148 erat
3102 5135 3117 5158 ,
3147 5094 3314 5156 dicit,
3344 5093 3487 5163 quod
3521 5093 3721 5148 auditis

2146 5187 2228 5242 his
2255 5204 2284 5239 a
2313 5187 2513 5255 virgine
2532 5227 2547 5251 ,
2575 5187 2869 5240 cucurrerit
2899 5196 2952 5239 et
2983 5187 3096 5254 ipse
3134 5187 3185 5239 in
3224 5200 3502 5239 occursum
3525 5185 3710 5251 Jacoh,

2140 5284 2195 5330 et
2223 5275 2488 5328 osculatus
2516 5275 2585 5329 sit
2612 5290 2768 5346 eum,
2800 5283 2856 5330 et
2902 5275 3170 5352 induxerit
3206 5275 3260 5329 in
3301 5273 3518 5329 domum
3558 5288 3713 5330 suam

2145 5363 2304 5435 (Ibid.
2329 5379 2377 5416 υ.
2410 5363 2520 5434 l5).

2211 5456 2267 5508 2.
2297 5455 2579 5524 Postquam
2609 5466 2784 5510 autem
2809 5456 2987 5511 Laban
3016 5457 3193 5511 ornuia
3221 5456 3502 5526 diligenter
3528 5455 3711 5511 didicit

2142 5544 2210 5600 ab
2233 5560 2298 5600 eo
2321 5587 2336 5610 ,
2383 5546 2468 5599 Η.
2495 5545 2639 5599 Dixit
2659 5587 2672 5612 ,
2713 5547 2918 5616 inquit,
2949 5547 2997 5600 ei
3033 5562 3052 5600 :
3081 5545 3163 5600 Ea:
3203 5547 3396 5614 ossibus
3421 5547 3544 5602 meis
3575 5559 3622 5600 et
3649 5560 3710 5598 ea

2142 5651 2293 5690 carae
2315 5648 2420 5690 utea
2447 5652 2498 5691 es
2523 5647 2573 5689 tu
2603 5637 2752 5707 (Cap.
2781 5637 2895 5707 29).
2921 5636 3132 5714 Sororis
3151 5678 3165 5705 ,
3193 5637 3397 5710 inquit,
3425 5654 3556 5692 mea:
3585 5649 3707 5691 eum:
