3974 6422
281 273 371 328 Μ

271 390 355 447 sis
381 392 559 454 Illius,
594 392 725 447 nihil
767 392 909 447 aliud
955 406 1113 462 quam
1144 405 1270 447 caro
1312 402 1491 447 uestra
1519 406 1577 448 es
1615 400 1669 447 ct
1707 390 1870 446 frater

279 494 486 537 noster.
519 481 586 535 Et
624 495 730 536 erat
770 500 885 537 cum
910 500 1003 548 eo,
1047 481 1244 553 inquit,
1292 484 1360 536 ad
1399 500 1615 537 mensem
1655 483 1870 536 dierum.

280 575 413 628 Dein
453 575 607 642 quasi
653 576 707 628 in
735 575 896 629 domo
923 576 1136 647 propria
1164 575 1306 645 apud
1346 590 1470 629 eum
1512 574 1780 644 impavide
1823 588 1874 628 et

276 669 346 723 ab
374 668 521 723 omni
552 682 681 721 cura
712 668 849 723 liber
886 668 1093 737 agebat.
1139 668 1401 723 Cancrum
1443 668 1693 738 quoniam
1737 668 1873 721 Deus

272 769 419 823 erat,
452 760 543 830 qui
568 763 749 812 omnia
775 759 841 813 ad
871 760 1150 813 utilitatem
1179 758 1335 829 hujus
1358 759 1484 828 justi
1506 758 1870 828 dispensabat,

278 863 332 908 et
359 854 413 907 in
441 853 693 907 omnibus
720 852 767 907 ei
797 868 948 906 suam
977 852 1247 921 praebebat
1266 852 1725 920 eooperationem,
1761 851 1874 920 ipse

278 944 613 998 alacritatem
643 943 823 998 Laban
853 944 1103 997 excitavit
1138 948 1160 997 ε’
1191 952 1244 997 ot
1278 943 1461 997 videns
1490 942 1585 996 viri
1626 957 1872 996 nnansue-

279 1037 521 1089 tudinem
544 1075 560 1101 ,
592 1035 725 1089 dicit
758 1033 808 1087 ei
842 1055 855 1089 :
890 1034 975 1097 15.
1007 1034 1259 1101 Quoniam
1284 1035 1416 1087 enim
1458 1034 1617 1102 frater
1656 1049 1795 1086 meus
1822 1048 1873 1085 es

279 1144 355 1195 tu,
391 1146 496 1183 non
525 1128 711 1183 servies
741 1127 866 1180 mihi
903 1127 1059 1197 gratis
1088 1142 1106 1180 :
1132 1127 1213 1179 dic
1238 1127 1360 1179 mihi
1380 1166 1395 1189 ,
1422 1142 1534 1191 qua:
1560 1142 1745 1177 merces
1785 1134 1871 1177 tua

276 1223 362 1275 sit.
400 1220 533 1276 Vide
559 1220 830 1291 quomodo
861 1221 973 1289 ipse
1004 1220 1215 1289 quidem
1257 1220 1469 1290 petebat
1495 1219 1659 1283 nihil,
1691 1219 1869 1273 Laban

276 1324 462 1370 autem
493 1330 522 1368 a
554 1329 615 1369 se
636 1314 743 1369 hoc
766 1314 1021 1384 proponit
1048 1315 1215 1384 justo.
1239 1314 1310 1369 Et
1342 1314 1591 1378 at'ende,
1622 1313 1865 1374 obsecro,

276 1408 553 1477 quomodo
582 1406 667 1460 cui
694 1406 870 1461 divina
899 1421 1089 1460 manus
1116 1406 1335 1471 insistit,
1368 1405 1414 1460 ei
1442 1404 1619 1459 omnia
1650 1402 1873 1457 feliciter

270 1497 593 1554 succedant.
642 1496 765 1551 Non
806 1498 989 1551 servies
1031 1497 1188 1562 milii,
1224 1497 1425 1566 inquit,
1470 1496 1625 1566 gratis
1658 1512 1676 1549 :
1703 1496 1871 1548 indica

272 1593 406 1645 milii
430 1608 546 1661 qua:
584 1607 771 1645 merces
797 1599 885 1643 tua
909 1591 995 1644 sit.
1032 1589 1285 1658 Quamvis
1311 1588 1495 1643 beatus
1535 1588 1623 1643 ille
1668 1602 1871 1657 magna:

268 1684 520 1739 caritatis
561 1684 683 1739 loco
720 1682 941 1736 haberet
967 1682 1047 1735 vel
1085 1680 1396 1751 simpliciter
1434 1679 1745 1750 quotidiana
1772 1678 1868 1732 ali-

273 1785 468 1830 mento
512 1775 611 1829 frui
638 1815 652 1835 ,
699 1773 1027 1841 multamque
1068 1786 1166 1841 pro
1208 1786 1273 1827 eo
1306 1772 1530 1841 gratiam
1578 1770 1867 1825 redderet:

272 1882 468 1921 verum
498 1865 621 1936 quia
651 1866 841 1919 miram
872 1865 1254 1918 luimanitatem
1283 1878 1389 1932 prae
1417 1878 1474 1917 se
1504 1861 1725 1927 ferebat,
1751 1862 1869 1916 ideo

274 1958 460 2013 Labau
485 1956 788 2012 mercedem
809 1958 855 2010 ei
883 1957 1180 2025 pollicetur,
1199 1971 1357 2026 quam
1382 1956 1493 2024 ipse
1511 1954 1875 2025 proposuerit.

270 2049 415 2117 Quid
448 2049 608 2119 igitur
627 2047 840 2117 justus?
874 2047 1023 2113 Vide,
1053 2047 1293 2103 obsecro.
1326 2056 1381 2101 et
1409 2046 1491 2101 hic
1521 2047 1868 2101 excellentem

268 2140 398 2208 ejus
423 2140 805 2209 sagacitatem,
838 2147 892 2192 ct
931 2136 1200 2208 quomodo
1230 2137 1426 2191 nullam
1468 2136 1867 2207 Cougrcganda-

273 2248 398 2284 rum
428 2246 590 2299 opum
620 2230 863 2283 habuerit
891 2245 1095 2285 curam.
1121 2229 1235 2283 Non
1258 2230 1405 2285 enim
1434 2231 1571 2284 sicut
1599 2245 1871 2285 mercena-

277 2324 391 2376 rius
421 2322 617 2391 aliquis
659 2336 780 2375 cmn
822 2320 1005 2376 Laban
1051 2320 1338 2387 convenit,
1370 2329 1425 2376 et
1453 2336 1672 2390 operam
1718 2336 1869 2375 suam

273 2412 630 2481 exquisitiora
656 2410 907 2466 mercede
938 2411 1077 2464 locat
1102 2451 1117 2473 ,
1165 2418 1219 2464 et
1238 2410 1385 2464 aliud
1413 2411 1540 2480 quid
1574 2411 1705 2481 petit
1734 2429 1746 2463 :
1776 2409 1870 2464 sed

272 2520 490 2557 ineinor
536 2503 721 2557 matris
756 2512 813 2558 et
853 2510 1238 2573 prmccptorum
1281 2503 1479 2572 patris,
1510 2513 1563 2556 et
1591 2501 1869 2557 mirificam

274 2597 666 2652 cmuinentiatn
696 2612 804 2667 pra:
833 2612 892 2651 se
935 2596 1147 2661 ferens,
1176 2596 1303 2650 dicit
1329 2596 1544 2650 Labano
1575 2613 1589 2649 :
1622 2596 1707 2650 18.
1743 2596 1869 2649 Ser-

278 2692 415 2743 riam
464 2691 551 2743 tibi
590 2700 780 2759 septem
821 2690 965 2743 annis
1008 2706 1099 2758 pro
1147 2687 1334 2743 Rachel
1376 2691 1485 2757 ﬁlia
1528 2698 1614 2742 tua
1644 2690 1870 2759 juniore.

279 2786 429 2839 llanc
454 2784 596 2838 enim
637 2800 758 2839 mox
790 2793 845 2839 ut
870 2783 1007 2853 apud
1043 2784 1241 2838 fontem
1270 2784 1411 2852 vidi,
1441 2785 1633 2838 amavi.
1664 2784 1731 2838 Et
1752 2783 1872 2839 vide

278 2876 709 2931 benevolentiam
742 2875 859 2930 viri.
898 2875 1113 2946 Sibiipsi
1147 2886 1201 2930 et
1228 2887 1433 2947 tempus
1458 2876 1791 2948 prmscribit,
1819 2886 1873 2930 et

276 2977 432 3021 tanto
455 2978 695 3035 tempore
716 2966 988 3022 sufficiens
1008 2979 1377 3037 argumentum
1400 2985 1508 3023 sua:
1528 2968 1871 3023 continentia:

274 3058 507 3126 pra-bet.
557 3058 622 3111 Et
666 3057 792 3127 quid
848 3058 1165 3123 admiraris,
1218 3058 1443 3124 dileCte,
1487 3059 1708 3113 audiens
1748 3074 1869 3113 eum

275 3160 488 3219 septem
528 3150 684 3204 annis
722 3165 781 3205 se
826 3151 1145 3205 serviturum
1191 3152 1501 3221 promiissc
1546 3168 1640 3219 ιτο
1677 3151 1869 3205 dilecta

270 3242 499 3310 puclla?
528 3242 598 3297 Ut
624 3245 768 3296 enim
805 3242 1055 3297 ostendat
1086 3242 1238 3297 nobis
1265 3243 1535 3311 Seiiptura
1556 3282 1571 3307 ,
1603 3242 1871 3311 quomodo

272 3350 434 3387 arnor
479 3350 700 3404 magnus
741 3345 796 3388 et
840 3335 1075 3389 laborem
1120 3344 1174 3388 et
1205 3334 1459 3404 temporis
1489 3334 1872 3405 longitudinem

268 3426 546 3491 succidit,
586 3435 643 3482 et.
672 3437 727 3480 ut
770 3428 933 3482 breve
959 3426 1229 3481 videretur
1256 3426 1451 3493 effecit,
1483 3426 1655 3481 dicit:
1680 3426 1770 3482 20.
1809 3426 1872 3480 Et

276 3520 483 3573 servivit
508 3519 672 3572 Jacob
699 3536 790 3589 pro
817 3519 1009 3573 Rachel
1038 3520 1184 3573 annis
1209 3528 1430 3589 septem,
1461 3529 1508 3572 et
1534 3530 1677 3573 erant
1702 3536 1873 3572 coram

270 3630 338 3666 eo
363 3613 512 3681 quasi
537 3612 645 3665 dies
672 3612 857 3681 pauci,
902 3629 960 3665 eo
985 3616 1123 3683 quod
1152 3613 1259 3683 ipse
1298 3614 1441 3666 illam
1481 3613 1729 3682 diligeret.
1773 3612 1872 3667 Sc-

280 3714 453 3774 ptem,
479 3704 673 3773 inquit,
697 3704 843 3770 anni,
869 3704 1020 3774 pauci
1047 3703 1159 3757 dies
1183 3703 1497 3758 videbantur
1518 3704 1586 3758 ob
1608 3705 1872 3773 ingentem

272 3813 407 3867 erga
437 3797 665 3866 puellam
708 3813 969 3851 amorem.
1009 3796 1233 3865 Quando
1270 3796 1419 3849 enim
1448 3796 1567 3866 quis
1609 3797 1876 3849 sauciatur

272 3890 523 3943 caritatis
546 3889 837 3953 desiderio,
863 3889 996 3942 nihil
1022 3889 1240 3943 difficile
1266 3897 1472 3957 Spectat
1499 3906 1511 3941 :
1540 3888 1632 3942 sed
1664 3889 1713 3942 id
1737 3888 1874 3956 quod

272 3981 445 4033 fuerit
471 3980 684 4050 plenum
715 3980 965 4049 periculis
994 3990 1048 4035 et
1079 3980 1242 4033 multa
1273 3980 1507 4043 miseria,
1536 3981 1724 4035 leviter
1755 3981 1872 4047 fert,

272 4070 347 4125 ad
376 4071 478 4125 hoc
508 4088 668 4125 unum
700 4072 1016 4141 respiciens,
1062 4074 1329 4142 quomodo
1365 4086 1461 4126 suo
1493 4074 1724 4141 potiatur
1754 4084 1877 4127 voto

270 4174 335 4219 ct
365 4164 656 4219 desiderio.

356 4254 575 4308 Muralis
597 4257 844 4327 epilogus.
889 4256 1045 4309 Amor
1073 4256 1252 4310 Jacobi
1295 4273 1415 4325 erga
1457 4255 1650 4311 Rachel
1676 4257 1879 4324 indi/fe-

274 4347 497 4399 rentium
517 4357 741 4400 nostram
770 4364 891 4417 erga
922 4346 1082 4399 Deum
1107 4347 1385 4418 redarguit.
1435 4347 1699 4414 Quomodo
1726 4348 1875 4402 Putt-

271 4439 363 4490 lus
384 4439 616 4492 dilexerit
638 4438 799 4492 Deum
824 4456 842 4503 ,'
864 4440 1027 4509 ipsum
1053 4440 1240 4491 imitari
1270 4456 1386 4493 suos
1413 4442 1668 4494 auditores
1699 4442 1876 4495 [torta-

278 4542 386 4582 tur.
418 4558 490 4569 ——
518 4530 809 4584 Audiamus
836 4546 932 4585 nos
960 4531 1131 4601 ignavi
1162 4542 1219 4584 et
1242 4531 1439 4599 supini,
1467 4533 1730 4601 ingratum
1750 4549 1877 4604 erga

282 4624 455 4678 Deum
482 4624 715 4677 animum
740 4625 1074 4679 exhibentes.
1106 4625 1237 4680 Nam
1263 4624 1306 4677 si
1336 4627 1513 4697 justus
1545 4626 1633 4680 ille
1664 4640 1880 4696 prOptrr

280 4716 479 4783 puclla:
506 4732 745 4773 amorem
772 4720 1106 4789 septennium
1135 4723 1338 4776 servire
1370 4722 1614 4792 ferreque
1639 4733 1880 4791 pastora-

276 4808 413 4860 lium
440 4806 680 4876 laborum
711 4824 981 4865 arrumnas
1006 4811 1262 4876 decrevit,
1289 4822 1468 4866 etnon
1499 4813 1668 4869 sensit
1688 4814 1772 4867 vel
1804 4814 1877 4866 la-

275 4901 463 4962 bores,
493 4871 576 4956 εει
600 4905 852 4970 temporis
895 4904 1295 4975 longitudinem,
1329 4906 1421 4960 sed
1452 4906 1627 4960 munia
1655 4908 1701 4961 ei
1743 4906 1879 4961 levia

279 5001 337 5043 et
366 4990 536 5047 facilia
563 4993 905 5059 videbantur,
943 4998 1445 5065 exspectationeqne
1473 5006 1525 5050 ct
1552 5014 1646 5067 Spe
1674 4999 1877 5053 fruendi

280 5081 470 5147 fultus,
501 5084 570 5137 ita
603 5095 659 5138 ut
681 5087 799 5140 dies
844 5103 1038 5155 paucos
1079 5088 1293 5158 longum
1320 5091 1448 5145 illud
1482 5100 1689 5160 tempus
1722 5102 1878 5160 puta-

279 5187 366 5232 ret
398 5196 413 5233 :
460 5178 674 5247 qualem
704 5195 803 5233 nos
835 5180 1146 5235 habebimus
1187 5186 1605 5248 excusationem,
1653 5186 1740 5253 qui
1772 5200 1878 5240 non

280 5270 397 5339 pari
426 5270 604 5324 studio
628 5286 753 5337 erga
779 5272 1061 5326 Dominum
1113 5285 1353 5327 nostrum
1381 5286 1434 5329 et
1484 5277 1878 5331 benefactorem

281 5373 334 5417 et
363 5372 688 5427 curatorem,
723 5373 776 5416 et
805 5365 891 5433 qui
920 5366 1071 5419 nobis
1116 5365 1183 5418 sit
1217 5368 1414 5433 omnia,
1443 5368 1749 5422 afficiatur?
1776 5371 1880 5425 Sed

276 5455 371 5508 ubi
430 5455 745 5524 proponitur
796 5457 995 5510 lucrum
1049 5459 1359 5526 temporale,
1411 5460 1587 5515 omnia
1639 5462 1884 5517 alacriter

278 5547 557 5603 Sustiuere
606 5548 871 5615 volumus,
910 5551 1116 5605 etiamsi
1148 5550 1272 5619 quid
1322 5552 1646 5609 laboriosum
1696 5556 1785 5618 sit,
1830 5566 1883 5611 et

279 5639 435 5694 valde
468 5654 836 5694 aerumnosum
876 5652 928 5694 et
971 5642 1242 5697 sordidqu
1270 5686 1283 5707 ,
1317 5655 1369 5698 et
1400 5660 1609 5715 pmuaut
1643 5646 1693 5700 in
1745 5664 1879 5717 pra:-

280 5732 419 5788 SC‘illl
438 5741 493 5787 et
510 5731 690 5787 futuro
709 5733 901 5787 smculo
920 5736 1166 5804 praibens
1188 5755 1199 5791 :
1221 5749 1436 5808 propter
1452 5749 1683 5795 nostram
1705 5754 1878 5798 autem

1317 276 1381 331 IN
1418 274 1577 332 CAP.
1612 275 1804 329 XXIX.
1849 274 2091 331 GENES.
2139 275 2367 333 llOMlL.
2412 278 2519 333 LV.

3475 300 3576 353 ιξη

1982 392 2233 457 salutem,
2263 403 2315 448 et
2348 405 2404 450 ut
2435 412 2724 466 supernum
2755 399 2909 456 nobis
2940 402 3177 461 favorem
3206 410 3569 478 conciliemus,

1986 484 2193 538 remissi
2220 494 2275 540 et
2300 488 2474 556 supini
2516 498 2569 543 et
2608 489 2850 546 dissoluti
2889 495 3152 550 videmur.
3183 498 3247 552 Et
3277 501 3447 569 qualis
3490 518 3574 557 uo-

1988 575 2066 630 bis
2097 578 2199 632 erit
2227 578 2376 633 venia
2406 620 2420 645 ,
2448 582 2687 651 qualisve
2712 588 2985 641 excusatio
3011 590 3088 643 sic
3120 592 3451 662 negligentia:
3477 595 3572 651 de-

1981 665 2128 733 ditis,
2161 670 2245 739 qui
2288 686 2459 742 neque
2499 684 2755 743 quantum
2786 676 2971 735 beatus
2999 680 3086 735 ille
3133 680 3185 735 in
3220 684 3446 751 puellam
3476 688 3573 742 de-

1981 758 2200 814 claravit
2219 776 2480 831 amorem,
2504 773 2699 820 tantam
2720 768 2771 821 in
2794 769 2954 823 Deum
2976 773 3252 828 caritatem
3277 775 3530 831 habemus
3557 796 3571 831 :

1983 849 2141 919 idque
2167 868 2287 906 cum
2318 862 2458 915 tanta
2492 858 2756 925 possimus
2786 876 3072 917 numerare
3103 863 3359 919 beneﬁcia
3392 868 3442 920 in
3470 885 3573 923 nos

1981 942 2259 1009 collocata,
2300 954 2353 999 et
2379 961 2496 1015 qua:
2524 949 2759 1018 quotidie
2799 951 3171 1009 collocantur?
3201 956 3306 1011 Sed
3333 959 3431 1012 etsi
3476 974 3573 1013 nos

1984 1042 2089 1086 tam
2125 1034 2319 1105 ingrati
2354 1051 2558 1104 sumus,
2597 1056 2701 1094 non
2736 1042 2804 1096 ita
2833 1054 2977 1098 certe
3022 1046 3204 1100 beatus
3235 1047 3449 1116 Paulus,
3482 1053 3570 1119 qui

1983 1134 2086 1177 tam
2118 1126 2352 1183 fervebat
2377 1130 2637 1199 ctignitus
2658 1143 2771 1188 erat
2791 1137 3012 1191 caritate
3032 1138 3085 1192 in
3118 1140 3303 1210 Deum,
3334 1151 3390 1195 ut
3410 1144 3567 1197 verba

1981 1216 2069 1270 illa
2098 1227 2243 1272 tanto
2263 1220 2441 1275 animo
2466 1222 2620 1293 digna
2642 1224 2944 1294 loqueretur
2966 1240 3019 1283 et
3041 1229 3312 1295 clamaret,
3346 1231 3529 1287 dicens
3553 1251 3568 1287 ι

1984 1307 2111 1375 Quis
2166 1327 2258 1365 nos
2300 1314 2552 1383 separabit
2584 1332 2616 1367 a
2646 1320 2889 1372 clmritate
2904 1318 3096 1373 Christi
3113 1320 3138 1374 .9
3171 1321 3297 1376 Vide
3326 1322 3573 1377 dictionis

1979 1402 2273 1471 emphasim
2296 1446 2311 1471 ,
2344 1414 2398 1459 et
2438 1406 2690 1461 latentem
2748 1410 2852 1462 vim
2906 1428 2919 1462 :
2972 1411 3094 1465 vide
3125 1414 3323 1467 ameris
3356 1415 3572 1469 violenti

1981 1492 2268 1561 fervorem,
2300 1496 2420 1551 vide
2457 1500 2732 1553 caritatem
2764 1501 2914 1555 incon
2945 1517 3053 1556 am.
3090 1504 3213 1570 Quis
3240 1523 3329 1574 nos
3364 1523 3570 1574 separa-

1976 1585 2045 1636 bit
2082 1586 2103 1656 (
2129 1584 2278 1639 Rom.
2304 1587 2356 1641 8.
2386 1589 2453 1643 55
2480 1590 2540 1657 )‘l
2583 1590 2740 1657 Quid,
2774 1593 2961 1661 inquit,
2984 1603 3086 1656 est,
3110 1596 3250 1664 quod
3285 1573 3449 1665 possit
3474 1614 3569 1649 nos

1972 1691 2006 1727 a
2027 1676 2285 1732 charitate
2307 1679 2397 1733 Dei
2422 1684 2703 1749 separare?
2732 1684 2856 1752 quid
2876 1684 3013 1739 inter
3034 1685 3258 1741 visibilia
3279 1688 3315 1752 ',
3337 1688 3461 1757 quid
3481 1688 3567 1741 iu-

1972 1776 2061 1822 ter
2089 1769 2412 1824 invisibilia?

2049 1861 2101 1914 ὅ.
2129 1860 2327 1916 Deinde
2354 1864 2540 1917 volens
2566 1872 2619 1917 et
2646 1866 2997 1933 particulatim
3021 1869 3201 1922 omnia
3231 1885 3565 1933 enumerare,

1974 1959 2027 2003 et
2048 1951 2295 2005 omnibus
2326 1952 2477 2006 nobis
2509 1954 2843 2008 manifestum
2872 1954 3046 2010 facere
3072 1958 3430 2026 insuperabile
3461 1960 3559 2013 do-

1976 2039 2230 2093 siderium
2268 2042 2408 2111 quod
2437 2058 2559 2114 erga
2603 2044 2882 2099 Dominum
2939 2036 3281 2115 possidebat,
3336 2047 3570 2103 subdidit

1976 2133 2160 2187 dicens
2190 2152 2200 2185 :
2230 2134 2511 2189 Tribulalio
2533 2137 2558 2189 ?
2586 2155 2652 2190 an
2677 2139 2953 2209 angustia?
2974 2157 3039 2191 tm
3068 2116 3266 2206 fames?
3292 2159 3356 2192 tm
3384 2158 3555 2207 perse-

1976 2226 2194 2294 quutio.’
2233 2243 2299 2279 an
2329 2229 2572 2282 auditas?
2599 2245 2664 2282 an
2692 2231 2966 2299 periculum
2983 2232 3007 2285 .9
3027 2248 3096 2285 an
3121 2232 3321 2301 gladius
3338 2233 3363 2285 ?
3388 2232 3432 2286 Ο
3459 2233 3577 2285 aui-

1976 2334 2140 2381 mam,
2176 2319 2399 2386 insania,
2425 2337 2541 2390 qu.e
2566 2324 2906 2377 continentiae
2933 2340 2983 2377 m
3024 2334 3103 2378 ter
3131 2334 3233 2387 est,
3271 2324 3569 2379 furentem!

1977 2411 2138 2479 Quid,
2174 2412 2361 2481 inquit,
2400 2429 2468 2485 ex
2498 2415 2566 2468 iis
2606 2431 2722 2483 qua:
2758 2418 2917 2470 nobis
2970 2416 3151 2470 inferri
3200 2427 3442 2485 possunt,
3475 2432 3573 2470 nos

1978 2515 2207 2557 avocare
2252 2518 2283 2557 a
2312 2503 2533 2557 caritate
2581 2520 2698 2574 qute
2736 2515 2817 2560 est
2846 2507 2895 2559 in
2939 2507 3100 2559 Deum
3130 2508 3362 2576 poterit?
3418 2506 3571 2560 Αηιί-

1972 2596 2183 2649 ctiones
2211 2596 2574 2665 quotidiana?
2602 2597 2835 2653 Minime.
2874 2600 3184 2670 Angustias?
3214 2599 3397 2670 Neque
3445 2600 3570 2655 ilhc.

1976 2686 2113 2742 Num
2141 2689 2618 2759 persequutiones?
2643 2690 2827 2760 Neque
2859 2692 2981 2746 illa'.
3008 2693 3111 2747 Sed
3139 2692 3303 2761 quid?
3331 2710 3456 2747 mnu
3489 2693 3568 2747 fa-

1975 2781 2129 2835 mes?
2158 2797 2283 2835 num
2330 2783 2575 2836 nuditas?
2616 2799 2745 2837 num
2776 2785 3045 2853 pericula?
3080 2785 3274 2840 Verum
3301 2786 3427 2855 quid
3456 2786 3574 2839 dico

1980 2870 2195 2938 famem,
2225 2882 2278 2928 et
2307 2874 2622 2939 nuditatem,
2650 2883 2704 2928 et
2748 2876 2989 2943 pericula
3009 2877 3032 2930 ?
3052 2892 3176 2931 num
3207 2877 3454 2947 gladius?
3492 2879 3570 2935 Ne

1979 2981 2124 3021 mors
2151 2966 2366 3037 quidem
2393 2968 2527 3040 ipsa,
2557 2969 2602 3023 si
2648 2969 2948 3039 infligatur,
2977 2971 3077 3026 hoc
3102 2974 3296 3041 poterit
3324 2973 3533 3028 efficere
3559 2991 3571 3025 :

1979 3058 2030 3113 id
2053 3060 2194 3113 enim
2238 3075 2459 3129 prorsus
2491 3062 2824 3131 impossibile
2867 3074 2969 3118 est.
3000 3064 3189 3119 Nullus
3226 3067 3465 3121 aliusvsic
3490 3067 3573 3121 di-

1976 3160 2167 3217 gnatus
2192 3159 2278 3204 est
2324 3151 2545 3222 diligere
2597 3153 2900 3218 Dominum,
2946 3164 3003 3210 ut
3041 3156 3191 3211 beata
3239 3158 3322 3211 illa
3377 3158 3574 3213 aniina.

1976 3239 2136 3305 Quasi
2166 3241 2310 3295 enim
2355 3242 2610 3299 liberatus
2650 3260 2679 3298 a
2716 3261 2966 3315 corpore,
2993 3258 3047 3303 et
3091 3250 3334 3305 sublimis
3384 3251 3574 3316 factus,

1980 3342 2036 3385 ut
2060 3332 2138 3386 sic
2153 3332 2348 3397 dicam,
2370 3349 2540 3404 neque
2567 3350 2728 3404 super
2748 3346 2943 3391 terram
2968 3340 3241 3395 ambulare
3261 3358 3319 3395 se
3350 3351 3563 3409 pilans.

1976 3420 2051 3474 ita
2080 3422 2330 3494 loquitur.
2366 3427 2530 3479 Amor
2556 3427 2702 3480 enim
2741 3427 2795 3482 in
2850 3428 3017 3483 Deum
3047 3439 3102 3485 et
3137 3444 3391 3486 succensa
3427 3436 3570 3487 eari-

1980 3522 2061 3569 tas
2103 3525 2336 3571 mentem
2348 3516 2466 3587 ejus
2480 3518 2944 3577 asensibilibusad
2960 3520 3262 3589 spiritualia
3276 3521 3576 3579 transtulit.

1979 3616 2035 3662 et
2058 3622 2087 3661 a
2118 3609 2467 3676 pra‘sentibus
2483 3610 2547 3662 ad
2574 3609 2767 3675 futura,
2799 3623 2853 3664 et
2880 3628 2909 3664 a
2934 3613 3231 3667 visibilihus
3266 3614 3331 3667 ad
3360 3628 3464 3668 non
3497 3616 3575 3666 vi—

1981 3698 2173 3751 sibilia.
2207 3698 2355 3754 Talis
2384 3702 2524 3756 enim
2562 3716 2647 3755 res
2674 3711 2755 3755 est
2784 3702 2914 3756 fides
2942 3714 2996 3758 et
3041 3706 3237 3759 caritas
3278 3706 3331 3759 iu
3386 3707 3572 3760 Deum.

1982 3790 2042 3844 Et
2077 3798 2133 3844 ut
2156 3790 2333 3845 discas
2362 3808 2612 3863 magnum
2642 3795 2757 3863 ejus
2783 3795 2962 3849 cordis
2992 3796 3276 3863 affectum,
3313 3798 3443 3853 vide
3457 3815 3580 3853 eum

1982 3884 2070 3952 qui
2102 3886 2179 3938 sic
2204 3886 2488 3943 Dominum
2518 3888 2723 3957 dilexit,
2753 3900 2804 3945 et
2848 3892 2899 3943 in
2942 3892 3055 3961 ejus
3089 3893 3365 3946 caritatem
3422 3908 3582 3947 exar-

1982 3972 2070 4037 sit,
2102 3972 2293 4045 fngari,
2320 3980 2787 4048 persequutionem
2830 3982 2958 4049 pati,
2990 3980 3270 4051 flagellari,
3302 3982 3576 4038 innumera

1974 4064 2160 4131 gravia
2201 4065 2374 4133 ferre,
2408 4078 2462 4121 et
2506 4069 2685 4123 dicere
2719 4091 2731 4125 :
2762 4070 2832 4124 1η
2864 4071 3115 4125 laboribus
3142 4072 3497 4138 abundantius,
3528 4074 3581 4127 in

1984 4157 2148 4226 plagis
2174 4175 2329 4227 supra
2357 4162 2581 4225 modum,
2619 4162 2671 4214 in
2695 4163 2941 4217 mortibus
2962 4167 3249 4234 frequenter
3275 4180 3294 4218 :
3323 4181 3355 4217 α
3376 4164 3576 4220 luditis

1982 4254 2245 4325 quinquies
2283 4254 2631 4324 quadragenas
2677 4272 2779 4308 una
2825 4256 2990 4309 minus
3036 4257 3210 4327 accepi
3250 4270 3274 4311 :
3300 4265 3373 4310 ter
3430 4258 3583 4327 virgis

1984 4362 2147 4400 ca’sus
2195 4362 2327 4410 sum,
2354 4347 2508 4399 semel
2548 4345 2805 4416 lapidatus
2844 4363 2977 4411 sum,
3012 4356 3085 4399 ter
3109 4346 3434 4417 naufragium
3462 4347 3578 4415 feci.

1985 4447 2130 4490 nocte
2183 4446 2229 4489 et
2288 4436 2369 4489 die
2416 4438 2469 4489 in
2516 4438 2774 4507 profundo
2823 4439 2978 4490 maris
3027 4437 3102 4507 fui
3129 4480 3145 4500 ,
3196 4438 3249 4489 in
3314 4438 3575 4489 itineribus

1984 4546 2119 4598 stupe
2142 4572 2156 4594 ,
2214 4531 2448 4599 periculis
2504 4531 2771 4599 ﬂuminum
2794 4570 2807 4592 ,
2837 4532 3077 4599 periculis
3106 4530 3361 4583 latronum
3380 4572 3394 4592 ,
3445 4531 3581 4600 peri-

1985 4620 2114 4673 culis
2144 4620 2195 4672 in
2240 4620 2384 4690 falsis
2423 4619 2694 4688 fratribus,
2719 4620 2771 4672 iu
2802 4621 2973 4673 labore
3013 4631 3059 4673 et
3086 4636 3313 4673 (erumna
3343 4620 3361 4689 (
3389 4618 3579 4676 2560!.

1988 4712 2075 4765 Η.
2106 4710 2303 4779 23-27)
2331 4726 2347 4763 ε
2384 4720 2437 4765 et
2466 4711 2585 4763 talia
2617 4712 2840 4780 patiens,
2886 4712 3150 4781 gaudebat
3178 4721 3231 4767 et
3254 4713 3573 4774 exsultabat.

1985 4800 2196 4855 Sciebat
2219 4801 2384 4866 enim,
2415 4811 2469 4855 et
2498 4802 2825 4871 argumentis
2848 4803 3028 4857 multis
3054 4813 3235 4857 certus
3258 4814 3397 4869 erat,
3426 4804 3570 4859 labo-

1987 4911 2073 4949 res
2101 4905 2390 4964 prmscntes
2421 4896 2651 4949 maxima
2683 4896 2782 4950 sibi
2827 4898 3043 4967 prmmia
3069 4898 3379 4963 conciliare,
3407 4908 3458 4952 et
3488 4913 3579 4966 pc-

1988 4988 2150 5042 ricula
2182 5004 2408 5043 coronas
2438 5004 2643 5058 parere.
2676 4990 2807 5044 Nam
2830 4992 2870 5043 si
2899 4990 3063 5045 Jacob
3094 5003 3311 5060 propter
3337 5006 3574 5044 amorem

1987 5080 2044 5135 in
2070 5080 2353 5136 Rachelem
2377 5082 2527 5150 quasi
2558 5084 2810 5150 pauculos
2836 5083 2951 5138 dies
2973 5086 3307 5153 septennium
3338 5084 3572 5153 putabat.

1988 5173 2155 5226 multo
2178 5174 2347 5243 magis
2372 5174 2557 5229 beatus
2585 5175 2673 5229 ille
2699 5176 2874 5229 omnia
2909 5175 3055 5228 nihili
3088 5175 3332 5235 faciebat,
3353 5188 3579 5226 succen-

1987 5280 2079 5320 sus
2105 5267 2271 5320 semel
2295 5282 2477 5321 amore
2500 5267 2550 5320 in
2584 5269 2773 5329 Deum,
2807 5276 2861 5320 et
2899 5277 3117 5334 prepter
3145 5265 3415 5318 Christum
3444 5264 3581 5315 dile-

1988 5366 2132 5411 ctum
2162 5358 2339 5412 omnia
2363 5358 2558 5413 ferens.
2589 5359 2907 5413 Studeamus
2927 5358 3101 5424 igitur,
3128 5356 3370 5417 obsecro,
3404 5364 3458 5407 et
3487 5370 3581 5407 nos

1989 5448 2208 5518 diligere
2251 5450 2541 5505 Christum.
2577 5450 2715 5503 Nihil
2744 5450 2884 5501 enim
2914 5447 3075 5510 aliud,
3114 5446 3303 5515 inquit,
3336 5445 3579 5502 Christus

2050 5637 2065 5667 ¹
2112 5634 2195 5684 Sic
2237 5634 2336 5681 duo
2383 5630 2479 5677 Mss
2507 5666 2518 5683 ,
2562 5634 2709 5686 atque
2743 5624 2823 5673 ita
2872 5624 2993 5685 legit
3040 5629 3186 5670 vetus
3212 5622 3483 5685 lnterpres.
3528 5622 3576 5669 ln

1992 5698 2144 5748 Edms
2167 5698 2289 5748 ὶιίΡεν
2313 5689 2431 5751 qui“
2455 5689 2579 5739 ίηῑω·
2606 5686 2817 5751 υἰδίόἰίίίι
2839 5688 2901 5743 (τί
2929 5689 3024 5734 τῶν
3048 5687 3338 5747 ἐρωμένων),
3374 5686 3577 5734 ἀρῆςξρ-

1988 5760 2101 5808 haut
2129 5770 2138 5810 :
2170 5757 2256 5803 sed
2284 5750 2339 5802 ca
2377 5751 2536 5801 series
2564 5750 2859 5811 postulabat.
