3974 6420
395 342 406 364 ;
426 321 526 376 483

383 463 386 465 λ
422 433 643 504 tequit'il
669 446 697 484 a
729 439 800 496 te,
830 443 987 500 quam
1011 435 1068 480 ut
1098 427 1266 496 ipsum
1294 422 1481 491 diligas
1511 435 1571 473 ex
1598 426 1708 472 toto
1733 413 1917 479 corde,
1950 421 2005 467 ct

421 523 582 577 facias
612 522 862 576 mandata
897 519 1010 588 ejus
1039 517 1226 589 (Marc.
1258 513 1342 568 12.
1367 512 1489 581 30).
1537 510 1634 577 Qui
1665 509 1806 563 enim
1837 505 2009 574 diligit

421 621 556 668 sicut
607 621 817 682 oportet
871 612 1054 672 Deum,
1095 608 1430 662 manifestum
1467 602 1606 672 quod
1657 609 1711 655 et
1757 597 2006 652 mandata

418 706 534 773 ejus
560 704 781 772 implere
810 702 1025 755 nitatur.
1055 697 1277 765 Quando
1306 696 1448 750 enim
1481 694 1598 762 quis
1620 706 1743 759 erga
1765 689 1999 758 aliquem

423 804 656 850 traterne
682 794 927 851 afficitur,
957 791 1134 844 omnia
1189 789 1360 841 facere
1408 785 1605 848 studet,
1653 792 1709 834 ut
1752 781 2004 834 dilectum

363 883 374 892 ’
419 887 690 940 attrahere
707 884 871 955 possit
907 883 957 935 in
985 894 1224 934 amorem
1252 893 1428 931 suum.
1483 876 1542 928 Et
1599 888 1692 926 nos
1721 885 1934 940 quoque
1961 869 2004 922 si

424 975 700 1027 hominum
731 975 936 1028 sincere
963 970 1326 1026 dilexerimus.
1350 964 1594 1019 mandata
1626 963 1740 1032 ejus
1764 961 2004 1029 implere,

431 1065 670 1133 nihilque
699 1078 905 1125 eorum,
936 1076 1055 1130 qua:
1085 1058 1406 1112 exacerbare
1433 1061 1680 1123 poterunt
1730 1051 2004 1111 dilectum,

431 1155 606 1209 facere
631 1153 980 1208 studebimus.
1006 1151 1117 1204 Hoc
1143 1149 1300 1202 fuerit
1325 1161 1545 1216 regnum
1583 1145 1859 1206 cmlorum,
1909 1141 2011 1195 hoc

428 1249 686 1298 tumor-um
715 1244 930 1304 fruitio;
960 1243 1060 1296 hoc
1101 1241 1302 1294 infinita
1348 1238 1484 1291 bona
1525 1237 1782 1299 continet,
1813 1235 1855 1288 si
1883 1249 2007 1304 ger-

425 1351 578 1389 mane
629 1344 682 1389 et
729 1335 868 1388 sicut
900 1342 1111 1402 Oportet
1160 1345 1282 1386 eum
1327 1328 1576 1385 dilexeris
1611 1345 1624 1380 :
1658 1327 1804 1382 illum
1831 1335 2008 1379 autem

429 1428 634 1479 sincere
681 1424 986 1492 diligimus,
1018 1423 1061 1475 si
1109 1430 1324 1490 propter
1367 1420 1640 1473 caritatem
1683 1420 1734 1470 in
1764 1431 1907 1476 cum,
1957 1426 2012 1470 et

423 1533 545 1585 erga
571 1531 862 1570 conservos
901 1513 1132 1567 multam.
1174 1512 1522 1564 exhibeamus
1551 1509 1911 1564 dilectionem.
1945 1507 2011 1562 1η

424 1607 500 1658 his
525 1607 656 1658 enim
679 1604 872 1657 duobus
893 1602 1164 1666 mandatis,
1208 1599 1396 1669 inquit,
1441 1601 1670 1652 universa
1701 1599 1783 1652 (ea:
1811 1608 1855 1650 et
1887 1613 2008 1667 pro-

425 1698 586 1760 pheta:
629 1697 842 1765 pendent
887 1693 1099 1765 (Matth.
1140 1693 1230 1745 22.
1285 1689 1391 1761 40)
1422 1707 1434 1742 :
1467 1705 1657 1758 nempe
1715 1698 1772 1743 ut
1824 1691 2012 1759 diligas

427 1787 708 1842 Dominum
737 1787 900 1840 Deum
949 1793 1094 1838 tuum
1129 1799 1193 1838 ex
1242 1791 1350 1836 toto
1375 1783 1537 1836 corde
1565 1791 1654 1836 tuo
1675 1822 1690 1847 ,
1726 1791 1780 1836 et
1807 1799 1869 1835 ex
1903 1792 2010 1836 tota

423 1888 603 1932 mente
633 1887 740 1942 tua,
773 1886 826 1932 et
851 1891 911 1930 ex
941 1875 1186 1928 omnibus
1215 1874 1412 1926 viribus
1441 1876 1582 1938 tuis;
1619 1882 1672 1928 et
1711 1874 2012 1942 proximum

422 1979 570 2021 tuum
586 1967 722 2021 sicut
757 1966 985 2036 teipsum
1017 1963 1206 2038 (Marc.
1236 1964 1320 2018 12.
1353 1964 1438 2020 5t).
1475 1964 1566 2034 51)
1623 1965 1745 2018 lltec
1773 1966 2009 2017 omnium

425 2059 680 2111 virtutum
702 2070 934 2122 summa,
961 2054 1061 2107 hoc
1078 2054 1500 2108 fundamentum.
1529 2054 1697 2108 Simul
1724 2055 1865 2108 enim
1892 2070 2011 2108 cum

422 2147 643 2199 raritate
665 2146 718 2199 in
753 2145 916 2198 Detun
942 2143 1234 2212 ingreditur
1259 2143 1476 2197 dilectio
1500 2143 1745 2213 proximi.
1770 2142 1901 2196 Nam
1923 2143 2011 2212 qui

426 2237 590 2289 Deum
612 2234 803 2304 diligit,
837 2249 941 2288 non
969 2233 1226 2301 despiciet
1253 2232 1488 2298 fratrem,
1521 2248 1693 2302 neque
1724 2249 1851 2302 opes
1899 2234 2015 2302 plu-

426 2327 518 2391 ris,
553 2340 712 2396 quam
737 2324 1033 2378 membrum
1061 2338 1211 2378 suum
1238 2365 1251 2388 ,
1285 2323 1474 2389 faciet,
1505 2324 1598 2378 sed
1628 2339 1872 2394 magnam
1906 2341 2013 2395 pra:

423 2436 480 2469 se
513 2418 642 2472 feret
671 2415 1078 2485 benignitatem,
1113 2431 1325 2469 memor
1346 2415 1462 2479 ejus
1490 2417 1578 2485 qui
1606 2415 1745 2470 dixit
1775 2434 1789 2470 :
1819 2416 1919 2482 Qui
1939 2419 2014 2487 fe-

423 2514 542 2565 cerit
569 2511 762 2582 aliquid
787 2511 1064 2565 uailtomm
1080 2512 1419 2572 minimarum,
1443 2511 1566 2564 mihi
1583 2511 1754 2579 fecerit
1783 2510 2000 2582 (Matth.

427 2603 518 2657 25.
544 2602 669 2672 40).
704 2603 769 2656 Ει
789 2603 1048 2673 cogitans,
1079 2610 1294 2672 propter
1319 2602 1668 2657 ministerium
1701 2603 1752 2656 in
1791 2618 2010 2658 conser-

423 2709 546 2748 vum
580 2694 744 2748 Deum
770 2694 941 2762 ipsum
971 2708 1089 2747 βεδε
1114 2694 1200 2762 qui
1231 2703 1286 2746 ut
1315 2692 1413 2746 sibi
1455 2692 1749 2761 praestitum
1779 2692 2012 2748 officium

425 2785 710 2848 adseribat,
760 2798 948 2853 magna
996 2798 1116 2837 cum
1146 2783 1420 2837 alacritate
1463 2783 1641 2837 omnia
1685 2783 2011 2852 operabitur,

428 2891 779 2948 magnamque
807 2874 1178 2930 liberalitatem
1219 2874 1490 2928 exhibebit
1531 2875 1671 2928 circa
1720 2875 2018 2946 cleemosy—

427 2986 570 3036 nam,
593 2986 695 3024 non
725 2967 1067 3022 advilitatem
1097 2967 1382 3037 reSpiciens
1401 2967 1643 3035 pauperis
1663 2967 1750 3036 qui
1776 2974 2013 3036 apparet,

427 3062 520 3115 sed
551 3061 615 3114 ad
667 3059 1082 3130 magnitudinem
1121 3061 1238 3126 ejus
1284 3059 1373 3128 qui
1419 3059 1660 3128 promisit
1705 3073 1762 3114 se
1807 3059 2015 3113 habitu-

428 3169 542 3209 rum
577 3153 794 3223 perinde
826 3166 888 3206 ac
922 3151 965 3204 si
996 3151 1094 3205 sibi
1137 3149 1270 3203 facta
1302 3161 1503 3214 essent,
1535 3165 1885 3220 qumeumque
1937 3148 2017 3204 illi

429 3250 560 3300 facta
590 3246 797 3301 fuerint.
829 3243 906 3300 Ne
933 3245 1088 3314 igitur
1131 3255 1509 3314 praetereamus
1535 3244 1864 3312 simpliciter,
1895 3259 2015 3311 oro,

428 3340 629 3392 lucrum
657 3347 956 3392 nostrarum
986 3335 1281 3389 animarum
1309 3345 1361 3388 et
1383 3335 1678 3390 remedium
1712 3344 2016 3389 nostrorum

430 3431 722 3484 vulnerum.
755 3427 868 3482 Hoc
889 3426 1052 3490 enim,
1107 3426 1209 3480 hoc
1235 3427 1523 3482 maximum
1566 3426 1910 3496 pharmacum
1942 3428 2013 3482 ita

427 3523 631 3576 ι·ιιι·.ιι)ἰι
666 3531 720 3576 et
747 3521 981 3575 abolebit
1011 3521 1192 3575 ulcera
1237 3522 1535 3574 animarum
1587 3531 1890 3576 nostrarum
1912 3564 1927 3586 ,
1961 3532 2020 3577 ut

431 3631 599 3682 neque
626 3614 902 3682 vestigium
927 3628 1098 3680 neque
1122 3612 1336 3665 cicatrix
1361 3612 1535 3681 aliqua
1563 3615 1867 3683 apparitura
1899 3615 1969 3669 sit
1999 3633 2012 3669 :

435 3704 482 3754 nl
534 3700 674 3768 quod
724 3701 776 3752 in
818 3701 1058 3768 corporis
1102 3701 1406 3754 vulneribus
1454 3716 1558 3754 non
1611 3711 1694 3755 est
1745 3703 2014 3771 possibile.

435 3792 563 3842 Nam
596 3791 718 3843 licet
755 3789 871 3856 quis
907 3789 1098 3843 millies
1144 3792 1524 3857 cataplasmata
1555 3804 1769 3861 accepta
1795 3810 1822 3846 a
1852 3795 2020 3848 medi-

443 3886 521 3938 i-is
547 3890 892 3954 superponat,
910 3898 1129 3939 necesse
1149 3893 1230 3939 est
1267 3885 1565 3940 cicatricem
1587 3886 1640 3942 in
1655 3903 1877 3956 corpore
1907 3904 2022 3942 ma-

436 3990 600 4039 nere;
632 3984 684 4028 et
711 3975 900 4027 merito
927 3991 941 4027 :
969 3989 1160 4042 corpus
1185 3976 1325 4030 enim
1359 3986 1438 4029 est
1485 3976 1626 4045 quod
1655 3986 1890 4032 curatur.
1923 3979 2020 4032 llic

436 4075 610 4119 autem
639 4064 758 4133 quia
782 4065 954 4118 anima
990 4073 1073 4119 est
1101 4081 1216 4134 qua:
1246 4074 1461 4120 curatur
1484 4106 1500 4132 ,
1535 4067 1746 4134 quando
1775 4068 1892 4136 quis
1922 4068 2017 4121 bo-

441 4169 559 4206 nam
598 4166 748 4204 suam
790 4153 1122 4208 voluntatem
1163 4153 1417 4220 declarat,
1463 4155 1680 4208 multam
1728 4157 1779 4208 in
1830 4157 2020 4210 melius

441 4243 784 4296 mutationem
809 4243 1004 4311 accipit
1035 4259 1047 4294 :
1083 4253 1136 4296 et
1172 4244 1249 4296 sic
1275 4243 1450 4296 omnia
1485 4244 1664 4298 ulcera
1696 4245 1938 4315 depellit,
1965 4256 2022 4300 ιιι

438 4342 624 4388 ventus
674 4331 962 4388 vehemens
1005 4333 1277 4402 pulverem
1321 4333 1588 4389 deturbat.
1632 4337 1806 4406 Atque
1831 4337 2018 4391 horum

433 4423 674 4478 omnium
723 4424 982 4493 exemplis
1009 4423 1181 4493 plena:
1229 4432 1353 4478 sunt
1381 4423 1693 4494 Scripturae.
1723 4425 1794 4480 lta
1827 4427 2022 4482 Paulus

436 4518 708 4585 apostolus
736 4517 902 4572 factus
931 4529 1018 4575 est
1047 4535 1110 4574 ex
1136 4528 1536 4588 persequutore,
1561 4531 1611 4576 et
1634 4525 1723 4592 qui
1753 4527 1896 4594 prius
1924 4526 2022 4578 im-

439 4609 701 4678 pugnahat
730 4610 1044 4674 Ecclesiam,
1089 4619 1266 4678 postea
1293 4609 1465 4667 factus
1490 4622 1572 4668 est
1590 4616 1705 4684 ejus
1730 4614 2018 4685 pronubas.

515 4698 567 4749 4.
618 4697 760 4750 Brevi
803 4709 1024 4768 tempore
1053 4710 1213 4768 potest
1258 4701 1554 4756 tlclictomm
1596 4706 1820 4759 remissio
1868 4707 2022 4776 impc-

445 4788 587 4838 trari.
627 4786 964 4857 Eiecmosynw
991 4790 1300 4858 magnitudo.
1323 4822 1394 4832 -
1411 4792 1598 4848 Vidisti
1628 4805 1820 4864 quanta
1845 4813 2020 4851 rerum

444 4878 786 4932 vicissitudo?
815 4881 989 4933 vidisti
1020 4895 1210 4948 quanta
1236 4888 1641 4939 transmutatio?
1669 4887 1755 4942 Sic
1785 4899 1839 4942 et
1863 4892 2018 4955 latro,

445 4972 531 5038 qui
565 4969 724 5022 multa
755 4966 948 5022 [cernat
980 4971 1281 5036 hmnicidia,
1317 4976 1497 5029 inuno
1524 4980 1780 5047 temporis
1807 4991 2019 5048 puncto,

447 5071 661 5129 propter
691 5075 852 5128 pauca
883 5060 968 5111 illa
1003 5061 1162 5114 verba
1197 5063 1264 5114 ita
1295 5066 1471 5118 omnia
1497 5067 1663 5121 abluit
1706 5081 1940 5137 peccata,
1970 5081 2028 5126 ut

447 5153 654 5207 audiret
683 5167 710 5204 a
761 5151 983 5205 Domino
1026 5169 1038 5203 ε
1095 5151 1260 5206 Hodie
1312 5171 1504 5211 mecum
1552 5161 1649 5213 eris
1694 5162 1746 5214 in
1790 5164 2026 5231 paradiso

453 5245 600 5308 (Luc.
623 5244 712 5298 ‘23.
748 5245 815 5299 45
839 5246 876 5312 ).
907 5244 996 5298 Sic
1020 5253 1073 5297 et
1095 5245 1428 5313 publicanus,
1455 5250 1544 5318 qui
1575 5265 1907 5320 percusserat
1935 5273 2028 5324 pc...

450 5344 584 5394 ctus,
619 5343 672 5387 et
693 5349 788 5388 sua
822 5342 1034 5402 peccata
1064 5334 1344 5391 confessus
1363 5348 1498 5405 erat,
1532 5341 1808 5399 descendit
1829 5345 2026 5415 justiﬁ-

453 5435 595 5476 i-atus
624 5428 808 5492 magis,
836 5441 992 5494 quam
1040 5427 1398 5500 Pharisazusi
1432 5429 1518 5484 Id.
1552 5433 1638 5488 i8.
1673 5435 1738 5488 15
1759 5434 1798 5505 ).
1831 5437 2026 5493 Verum

457 5527 640 5568 omnes
673 5516 722 5567 hi
771 5516 962 5569 animae
1001 5531 1110 5571 suae
1140 5518 1337 5574 bonum
1380 5521 1625 5578 afl'ectum
1671 5526 2028 5594 declararunt,
2073 5585 2084 5595 .

458 5611 508 5649 et.
549 5603 717 5667 priora
761 5603 988 5658 confessi
1023 5618 1260 5674 peccata,
1313 5614 1680 5670 remissionem
1731 5619 2025 5674 obtinuere.
2065 5607 2091 5627 ’ί

469 5687 738 5750 Videamus
768 5702 944 5747 autem
967 5707 1016 5750 et
1044 5695 1202 5767 hujus
1232 5703 1462 5757 mandati
1489 5708 1662 5776 robur,
1693 5721 1746 5764 et
1774 5725 2022 5784 quantam

1166 309 1221 364 s.
1262 304 1538 364 JO.\N.\'IS
1577 293 2044 355 euavsosrout
2085 293 2400 352 ARCHIEP.
2441 295 2972 353 CONSTANTINOP.

3591 297 3692 354 481

2115 411 2452 467 abundantia:
2481 413 2588 468 vim
2628 414 2896 484 possideat
2924 414 3068 484 larga
3097 414 3438 484 elccmosyna
3465 455 3479 478 ,
3508 424 3566 468 ut
3591 429 3706 469 cum

2115 500 2456 556 didicerimus
2481 503 2684 558 lucrum
2706 502 2849 574 quod
2876 503 2999 559 inde
3024 506 3280 568 nascitur,
3310 505 3564 559 alacriter
3593 520 3708 560 eam

2116 591 2416 662 largiamur.
2447 594 2605 649 Forte
2629 597 2772 650 enim
2805 604 2950 651 tanta
2981 597 3097 666 ejus
3123 603 3202 650 est
3230 605 3489 667 potestas,
3520 606 3576 650 ut
3607 612 3706 651 non

2115 686 2286 738 solum
2323 695 2536 752 peccata
2579 702 2824 757 purgare,
2853 687 2946 743 sed
2977 697 3030 742 et
3057 697 3283 742 mortem
3310 687 3496 756 fugare
3519 689 3712 742 valeat.

2115 775 2182 828 Et
2211 776 2492 845 quomodo,
2519 792 2620 847 ego
2647 777 2841 832 dicam.
2875 777 2939 832 Et
2967 778 3107 847 quis,
3137 777 3276 832 dicet
3306 778 3530 848 aliquis,
3559 778 3706 833 elee-

2117 879 2390 935 mosynam
2426 865 2642 932 faciens,
2660 869 2901 937 superior
2924 879 3094 922 morte
3114 867 3282 922 factus
3298 879 3379 923 est
3398 871 3420 922 ’ἒ
3440 867 3586 924 Sane
3599 884 3717 924 om-

2117 972 2210 1010 nes
2243 956 2486 1010 videmur
2508 959 2607 1012 sub
2642 959 2828 1012 mortis
2853 958 3187 1028 tyrannidem
3220 961 3450 1013 venisse.
3487 957 3564 1012 Ne
3595 969 3705 1013 tur-

2115 1046 2275 1108 beris,
2309 1045 2519 1110 dilecte,
2552 1047 2645 1101 sed
2673 1047 2831 1101 rebus
2848 1048 2974 1116 ipsis
2998 1047 3147 1102 disce
3173 1047 3441 1117 quomodo
3458 1048 3699 1103 elcemo—

2115 1152 2264 1208 syua:
2319 1141 2396 1192 vis
2445 1149 2498 1192 ct
2551 1139 2737 1192 mortis
2767 1138 2893 1191 vicit
2923 1137 3278 1208 tjrannidcm.
3335 1137 3570 1192 Tabitha
3601 1148 3716 1192 erat

2115 1231 2342 1294 mulier,
2377 1229 2530 1298 cujus
2580 1245 2774 1284 nomen
2810 1230 2853 1283 si
2885 1230 3004 1299 quis
3061 1231 3446 1300 interpretatur
3472 1271 3487 1294 ,
3517 1229 3712 1285 dicitur

2117 1319 2356 1374 Dorcas:
2399 1319 2513 1373 hinc
2529 1319 2764 1388 quotidie
2783 1318 3196 1387 dabatoperam,
3239 1329 3296 1373 ut
3321 1319 3597 1388 colligeret
3639 1333 3708 1373 ex

2115 1413 2455 1480 cleemosyna
2485 1411 2714 1464 divitias.
2753 1410 2819 1464 Et
2865 1412 3144 1475 vestiebat,
3175 1411 3387 1480 inquit,
3408 1409 3624 1475 viduas,
3658 1421 3714 1464 ct

2115 1504 2249 1557 alios
2277 1517 2467 1557 omnes
2506 1511 2754 1571 sumptus
2783 1502 2863 1556 eis
2895 1502 3185 1571 praebebat.
3236 1503 3452 1556 Factum
3486 1511 3586 1558 est
3614 1517 3716 1555 aii-

2118 1602 2225 1648 tem
2249 1603 2304 1648 ut
2355 1595 2622 1649 infirmata
2655 1595 2766 1663 ipsa
2803 1605 3120 1648 moreretur.
3150 1595 3252 1648 Sed
3285 1595 3403 1648 vide
3443 1594 3715 1665 quomodo

2118 1688 2199 1742 ha:
2227 1704 2346 1757 qua:
2374 1690 2442 1742 ab
2490 1688 2577 1742 illa
2607 1688 2948 1752 curabantur,
2980 1697 3035 1742 et
3064 1703 3196 1758 quas
3223 1687 3507 1753 vestiebat,
3549 1688 3715 1742 benc-

2117 1778 2269 1833 iicam
2301 1787 2598 1848 Opportune
2633 1779 3047 1834 remunerarint.
3091 1779 3306 1832 Stantes
3330 1778 3473 1832 circa
3499 1787 3716 1847 aposto-

2116 1868 2224 1922 lum
2254 1910 2268 1934 ,
2300 1869 2690 1934 monstrabant,
2728 1869 2933 1940 inquit,
2961 1869 3010 1924 ei
3042 1878 3239 1936 vestes,
3268 1879 3323 1923 et
3370 1880 3562 1924 cuncta
3594 1885 3715 1940 quae

2116 1959 2365 2025 faciebat,
2411 1975 2532 2016 cum
2560 1962 2733 2016 adhuc
2771 1962 2825 2016 in
2873 1962 3121 2016 humanis
3149 1973 3330 2032 ageret
3383 1963 3583 2017 Dorcas
3614 1981 3626 2016 :
3659 1971 3714 2018 et

2115 2052 2384 2106 alumnam
2413 2053 2774 2122 requirebant,
2809 2053 3074 2124 lacrymas
3114 2055 3530 2124 profundebaut,
3563 2065 3617 2108 et
3647 2056 3712 2110 ad

2116 2159 2361 2215 magnam
2390 2146 2787 2201 miserationem
2816 2147 3120 2214 apostolum
3162 2149 3545 2216 provocahant.
3577 2148 3713 2216 Quid

2117 2236 2278 2307 igitur
2305 2236 2497 2292 beatus
2525 2237 2758 2292 Petrus?
2787 2237 3006 2292 Genibus
3052 2239 3249 2306 positis,
3283 2239 3472 2308 inquit,
3497 2240 3666 2291 oravit
3694 2253 3714 2290 :

2116 2336 2162 2382 et
2181 2343 2445 2382 conversus
2481 2328 2549 2382 ad
2574 2345 2780 2398 corpus,
2810 2329 2938 2382 dixit
2960 2345 2978 2382 :
3004 2329 3239 2394 Tabitha,
3284 2347 3456 2401 surgo.
3491 2329 3596 2384 Illa
3621 2347 3714 2383 au-

2116 2431 2214 2475 tem
2249 2422 2447 2492 aperuit
2476 2422 2647 2476 oculos
2690 2438 2808 2476 suos
2831 2462 2846 2489 ,
2890 2431 3019 2475 etut
3062 2422 3184 2476 vidit
3227 2421 3457 2488 Petrum,
3509 2423 3710 2475 resedit.

2117 2512 2254 2567 Data
2278 2522 2448 2568 autem
2475 2513 2520 2566 ei
2547 2529 2721 2579 manu,
2743 2512 2898 2566 erexit
2913 2528 3022 2566 eam
3053 2527 3072 2566 :
3097 2521 3146 2566 et
3169 2513 3427 2566 accersitis
3456 2512 3646 2565 sanctis
3666 2521 3714 2564 et

2116 2603 2299 2669 viduis,
2327 2603 2691 2656 commendavit
2710 2603 2814 2656 illis
2839 2619 2949 2657 eam
2968 2604 3126 2656 vivam
3159 2602 3295 2674 (Act.
3323 2603 3377 2657 9.
3401 2603 3521 2671 40).
3556 2601 3707 2656 Vidi-

2117 2695 2184 2748 sti
2208 2695 2455 2749 virtutem
2484 2695 2730 2764 apostoli,
2761 2694 2869 2748 imo
2885 2694 3157 2762 Operantis
3190 2710 3285 2765 per
3314 2709 3436 2750 cum
3463 2693 3714 2748 Domini?

2117 2785 2295 2839 vidisti
2318 2797 2512 2855 quanta
2540 2787 2818 2841 retributio
2838 2786 3202 2843 beneficentia:
3225 2787 3276 2842 in
3306 2787 3513 2852 viduas,
3543 2787 3706 2842 etiam

2119 2877 2172 2932 in
2197 2878 2484 2948 pra-senti?
2526 2879 2662 2945 Quid
2693 2879 2834 2934 enim
2863 2889 3090 2945 tantum,
3128 2895 3331 2949 quaeso,
3365 2879 3594 2949 przcbuit
3624 2878 3710 2930 illa

2121 2971 2312 3038 viduis,
2338 2981 2592 3041 quantum
2623 2972 2726 3026 illa:
2763 2974 2812 3028 ei
2841 2973 3238 3040 rependerunt?
3267 2973 3453 3027 Vestes
3487 2972 3715 3042 pra‘buit

2121 3071 2176 3115 ct
2198 3061 2470 3124 alimenta,
2501 3063 2592 3115 sed
2637 3063 2739 3116 illa:
2780 3063 2847 3116 ad
2871 3065 3033 3116 vitam
3058 3062 3196 3116 hanc
3241 3062 3614 3128 reduxerunt;
3662 3077 3715 3120 et

2121 3162 2348 3208 mortem
2377 3154 2442 3206 ah
2463 3169 2523 3208 ea
2570 3156 2817 3223 fugarunt
2845 3171 2858 3206 :
2891 3154 2996 3207 imo
3025 3170 3128 3207 non
3177 3155 3299 3214 illie,
3329 3154 3422 3208 sed
3465 3156 3714 3212 clemens

2123 3245 2376 3299 Dominus
2399 3254 2579 3298 noster
2606 3253 2818 3314 propter
2841 3259 3023 3299 curam
3046 3260 3204 3315 quam
3233 3245 3336 3299 illis
3359 3246 3712 3316 impenderat.

2125 3334 2342 3388 Vidistis
2388 3334 2658 3402 pharmaci
2705 3336 3020 3404 potentiam,
3053 3336 3429 3390 dilectissimi?
3458 3337 3570 3392 lloc
3601 3355 3719 3393 om-

2122 3439 2219 3479 nes
2265 3425 2550 3495 nobisipsis
2593 3441 2884 3496 paremus:
2925 3442 3100 3497 neque
3152 3429 3293 3482 enim
3343 3438 3716 3498 sumptuosum

2122 3524 2226 3582 est,
2259 3518 2502 3585 quamvis
2525 3526 2687 3572 tanta:
2713 3518 2783 3572 sit
2811 3519 3038 3583 virtutis,
3065 3518 3157 3574 sed
3181 3529 3235 3573 et
3259 3519 3348 3573 vili
3370 3522 3589 3587 emitur,
3622 3538 3719 3576 nec

2123 3606 2290 3658 multo
2318 3614 2533 3674 smnptu
2582 3607 2803 3675 indiget.
2858 3607 3164 3678 Magnitudo
3192 3611 3332 3664 enim
3359 3610 3718 3682 eleemosynx

2124 3711 2227 3750 non
2257 3697 2308 3750 in
2341 3697 2676 3753 multitudine
2699 3701 3042 3769 pecuniarum
3067 3700 3148 3753 vel
3169 3715 3328 3768 opum
3360 3701 3459 3754 sita
3490 3712 3600 3762 est,
3625 3702 3717 3755 sed

2123 3803 2186 3841 ex
2219 3788 2487 3842 alacritate
2513 3788 2748 3843 dantiuiu
2775 3789 3040 3857 judicatur
3065 3789 3275 3860 (Matth.
3309 3792 3396 3845 i0.
3434 3791 3550 3860 42).
3580 3792 3717 3846 Pro-

2126 3890 2242 3952 pter
2263 3878 2361 3933 hoc
2388 3888 2441 3932 et
2471 3881 2560 3949 qui
2609 3890 2790 3950 potum
2820 3895 2974 3950 aqua:
3016 3881 3220 3951 frigidm
3249 3880 3418 3948 dedit,
3463 3893 3718 3952 acceptus

2124 3951 2226 4035 est,
2267 3986 2475 4024 necnon
2508 3986 2567 4026 ea
2615 3987 2734 4042 qua:
2761 3971 2868 4025 duo
2891 3973 3095 4027 minuta
3138 3973 3189 4026 in
3233 3974 3523 4028 corbonam
3575 3975 3721 4030 misit

2124 4059 2277 4128 (Luc.
2308 4061 2398 4114 2f.
2422 4061 2458 4113 2
2481 4062 2498 4134 )
2520 4103 2532 4125 ,
2583 4071 2640 4116 υι
2683 4062 2969 4125 discamus,
3002 4063 3197 4131 ubique
3246 4072 3447 4118 rectam
3481 4075 3715 4118 mentem

2124 4152 2320 4222 requiri
2350 4153 2417 4206 ab
2445 4153 2812 4207 universorum
2856 4154 3103 4207 Domino.
3139 4154 3277 4209 Fieri
3322 4164 3498 4224 potest
3532 4166 3587 4209 ut
3628 4158 3714 4226 qui

2127 4257 2309 4310 parum
2340 4243 2515 4307 habet,
2547 4259 2795 4313 magnam
2829 4259 2938 4314 pra:
2979 4260 3038 4299 se
3080 4244 3217 4299 ferat
3242 4245 3643 4310 liberalitatem,
3673 4249 3715 4300 si

2126 4351 2314 4406 magna
2344 4341 2481 4391 valet
2507 4337 2776 4391 alacritate
2808 4353 2822 4390 :
2852 4346 2906 4392 et
2928 4337 3018 4406 qui
3050 4337 3213 4392 multa
3240 4339 3513 4407 possidet,
3544 4339 3717 4393 minor

2138 4427 2382 4481 videatttr
2415 4427 2476 4481 iis
2502 4427 2590 4496 qui
2627 4443 2809 4496 parum
2839 4427 3054 4496 habent,
3086 4443 3204 4498 pro;
3225 4437 3304 4483 ter
3329 4429 3530 4484 sordidi
3554 4430 3716 4483 animi

2129 4518 2482 4573 tenacitatem.
2559 4517 2904 4574 Efl‘undamus
2968 4521 3163 4590 igitur,
3217 4535 3436 4591 quaeso,
3490 4521 3715 4576 faculta-

2131 4619 2208 4662 tes
2252 4618 2459 4662 nostras
2520 4608 2572 4662 in
2596 4625 2794 4678 egenos
2819 4621 2996 4665 mente
3027 4611 3254 4677 liberali,
3287 4629 3352 4666 ex
3381 4612 3444 4666 iis
3472 4627 3592 4681 quae
3619 4627 3716 4666 nov

2130 4702 2210 4757 bis
2238 4701 2490 4755 Dominus
2535 4701 2680 4756 dedit
2711 4720 2724 4755 :
2753 4711 2806 4756 et
2835 4718 2952 4772 qua:
2981 4703 3048 4756 ab
3070 4718 3135 4758 eo
3161 4702 3283 4756 data
3311 4713 3454 4769 sunt,
3485 4703 3586 4773 ipsi
3615 4705 3717 4758 ite-

2129 4810 2246 4850 rum
2271 4795 2477 4860 demus,
2535 4804 2591 4850 ut
2628 4798 2708 4849 sic
2745 4795 2935 4850 iterum
2978 4806 3157 4852 nostra
3201 4813 3323 4852 cum
3375 4799 3521 4853 lucro
3567 4799 3712 4852 tiant.

2131 4889 2297 4942 Tanta
2348 4889 2492 4942 enim
2547 4888 2664 4957 ejus
2716 4897 2799 4942 est
2852 4889 3176 4955 liberalitas,
3233 4901 3290 4945 ut
3333 4891 3456 4946 licet
3491 4878 3720 4960 accipiat

2131 4979 2197 5033 de
2229 4979 2292 5033 iis
2345 4997 2462 5049 qua:
2506 4981 2619 5048 ipse
2663 4980 2831 5048 dedit,
2874 4997 2977 5035 non
3011 4993 3157 5052 putet
3203 4992 3379 5039 tamen
3415 4987 3631 5055 propria
3662 5001 3719 5040 se

2131 5073 2394 5142 accipere,
2441 5072 2534 5127 sed
2582 5088 2770 5142 magna
2815 5073 3174 5129 munificentia
3203 5076 3356 5130 nobis
3383 5093 3445 5130 ea
3481 5077 3718 5131 redditu-

2133 5179 2246 5219 rum
2276 5179 2334 5218 se
2363 5163 2677 5232 pollicetur;
2735 5171 2938 5218 tantum
2989 5165 3034 5220 si
3065 5181 3164 5220 nos
3202 5182 3322 5236 qua:
3372 5178 3554 5222 nostra
3596 5177 3724 5222 sunt

2133 5254 2310 5310 facere
2357 5255 2616 5320 velimus,
2661 5265 2715 5310 et
2741 5255 2819 5309 sic
2861 5259 3180 5328 pauperibus
3207 5275 3512 5330 erogemus,
3571 5263 3720 5331 quasi

2133 5345 2463 5415 deponentes
2515 5360 2574 5399 ca
2633 5345 2687 5400 in
2732 5362 2922 5402 manus
2980 5349 3188 5403 Domini
3241 5367 3254 5403 :
3309 5351 3542 5406 scientes
3569 5369 3717 5422 quie-

2133 5453 2360 5508 cumque
2406 5438 2672 5508 acceperit
2727 5454 2914 5494 manus
2949 5441 3060 5503 illa,
3117 5457 3178 5496 ea
3218 5457 3323 5496 non
3372 5445 3545 5498 solum
3601 5445 3720 5498 red-

2134 5531 2385 5595 dituram,
2432 5531 2526 5586 sed
2561 5532 2905 5600 multiplicata
2950 5535 3102 5589 nobis
3140 5537 3332 5590 iterum
3388 5537 3715 5608 largituram,

2135 5637 2248 5678 suae
2298 5622 2625 5678 librralitatis
2660 5623 2881 5693 gloriam
2927 5624 3309 5682 declarantem.
3355 5628 3422 5682 Et
3469 5629 3596 5697 qunl
3638 5643 3718 5682 aso

2139 5730 2280 5779 sero,
2305 5729 2364 5768 ea
2404 5713 2629 5768 reddere
2657 5713 3004 5783 multiplicata
3030 5717 3052 5770 ?
3078 5715 3261 5772 Manus
3284 5716 3373 5772 illa
3403 5735 3508 5774 non
3542 5736 3602 5776 ea
3629 5736 3708 5773 so-
