3974 6424
291 430 403 489 £83

293 541 394 594 καὶ
425 537 602 593 ποιεῖν
627 535 725 601 τὰς
751 535 966 600 ἐντολὰς
999 533 1184 591 αὐτοῦ.
1227 533 1287 590 ’O
1316 536 1425 608 γὰρ
1452 535 1679 605 ἀγαπῶν
1705 537 1866 590 αὑτὸν

295 620 421 678 καθ’
446 620 507 675 δν
554 622 638 676 δεῖ
669 619 868 691 τρόπον
916 620 1154 690 ἀγαπᾷν,
1190 618 1431 688 δηλονότι
1462 618 1674 683 καὶτὰς
1704 617 1868 673 αὑτοῦ

294 704 581 773 ἐπείγεται
626 701 842 764 ἐντολὰς
875 704 1068 756 ποιεῖν.
1103 702 1271 755 Ὅταν
1305 701 1413 772 γάρ
1442 719 1527 764 τις
1574 701 1701 772 περί
1751 717 1872 753 τινα

296 787 541 856 γνησίως
562 784 847 847 διάκειται,
881 784 1060 836 πάντα
1099 785 1359 854 πράττειν
1389 782 1699 848 σπουδάζει,
1725 782 1760 836 ἀ
1779 782 1870 836 τὸν

292 866 665 939 ἀγαπώμενον
714 864 1036 934 ἐφέλκεσθαι
1064 865 1281 920 δύναται
1320 867 1399 929 είς
1425 865 1516 918 τὸν
1550 869 1678 936 περὶ
1709 865 1871 917 αὐτὸν

297 950 489 1005 πόθον.
529 948 638 1002 Καὶ
671 949 831 1018 ἡμεῖς
861 947 1061 1011 τοίνυν,
1093 947 1188 1001 ἐὰν
1231 949 1603 1017 ἀγαπήσωμεν
1634 946 1871 1017 γνησίως

295 1033 392 1087 τὸν
427 1031 728 1098 Δεσπότην.
761 1032 854 1083 καὶ
876 1028 976 1093 τὰς
1005 1029 1222 1094 ἐντολὰς
1257 1030 1419 1083 αὐτοῦ
1460 1030 1745 1101 πληρῶσαι
1779 1027 1869 1081 δυ-

295 1112 602 1185 νησόμεθα,
636 1113 729 1164 καὶ
761 1111 926 1182 μηδὲν
955 1112 1213 1182 πράττειν
1242 1112 1462 1166 ἐκείνων
1493 1112 1599 1164 τῶν
1631 1108 1870 1181 παροξῦ-

293 1215 391 1253 ναι
442 1193 753 1264 δυναμένων
784 1193 876 1246 τὸν
908 1193 1287 1264 ἀγαπώμενον,
1344 1194 1515 1247 Τοῦτο
1547 1197 1579 1264 ἡ
1627 1190 1873 1263 βασιλεία

293 1282 410 1335 τῶν
441 1278 708 1349 οὐρανῶν,
738 1275 894 1330 τοῦτο
928 1279 960 1347 ἡ
998 1277 1295 1340 ἀπόλαυσις
1313 1277 1420 1332 τῶν
1450 1277 1692 1346 ἀγαθῶν,
1714 1274 1873 1328 τοῦτο

295 1364 369 1417 τὰ
404 1363 572 1433 μυρία
596 1359 798 1428 ἀγαθά,
828 1359 888 1412 τὸ
924 1359 1323 1430 καταξιωθῆναι
1361 1359 1597 1430 γνησίως
1626 1359 1719 1412 καί
1751 1357 1873 1411 καθ’

295 1447 361 1499 δν
381 1445 489 1515 χρὴ
517 1444 580 1514 δὴ
608 1443 807 1515 τρόπον
831 1444 1050 1512 ἀγαπᾷν
1069 1460 1084 1474 ⁸
1110 1443 1466 1513 ἀγαπήσομεν
1487 1442 1542 1494 δὲ
1567 1441 1729 1494 αὐτὸν
1751 1458 1876 1510 γνη-

299 1530 458 1593 σίως,
489 1528 583 1581 ἐὰν
614 1525 704 1580 διὰ
728 1526 825 1596 τὴν
856 1528 984 1596 περί
1014 1525 1176 1579 αὑτὸν
1199 1526 1448 1599 ἀγάπην,
1481 1526 1574 1577 καί
1602 1525 1729 1588 περί
1754 1525 1873 1586 τοὺς

295 1610 629 1681 ὁμοδούλους
685 1608 882 1680 πολλὴν
932 1607 1324 1678 ἐπιδειξώμεθα
1356 1610 1452 1679 τὴν
1491 1608 1731 1677 ἀγάπην.
1779 1607 1874 1660 Ἐν

296 1694 546 1755 ταύταις
575 1690 717 1760 γὰρ,
759 1691 918 1761 φησί.
964 1690 1093 1756 ταῖς
1131 1691 1315 1744 δυσίν
1351 1690 1626 1756 ἐντολαῖς
1658 1690 1804 1755 ὅλος
1841 1693 1875 1743 ὀ

297 1777 488 1844 νόμος
508 1774 604 1826 καὶ
634 1777 687 1826 οι
709 1773 1003 1843 προφῆται
1035 1773 1371 1840 κρέμανται,
1403 1774 1462 1825 ἐν
1488 1773 1565 1842 τῷ
1593 1772 1873 1841 ἀγαπῆσαι

300 1859 509 1930 Κύριον
532 1858 622 1910 τὸν
651 1857 783 1910 θεόν
811 1874 903 1909 σου
937 1856 997 1921 ἐξ
1019 1857 1145 1924 ὅλης
1177 1857 1274 1925 τῆς
1297 1856 1517 1925 καρδίας
1543 1873 1634 1908 σου
1652 1895 1670 1919 ,
1700 1857 1793 1907 καὶ
1817 1855 1875 1921 ἐξ

298 1942 434 2013 ὅλης
459 1941 558 2011 τῆς
589 1939 771 2009 ἰσχύος
809 1955 933 2001 σου,
970 1940 1062 1992 καὶ
1086 1938 1149 2003 ἐξ
1176 1939 1303 2008 ὅλης
1350 1941 1448 2008 τῆς
1478 1938 1713 2000 διανοίας
1756 1954 1872 2002 σου,

301 2026 515 2079 καὶτὸν
550 2023 776 2093 πλησίον
805 2039 896 2075 σου
925 2021 1000 2085 ὡς
1033 2022 1276 2076 σεαυτόν.
1325 2021 1494 2075 Τοῦτο
1525 2022 1634 2074 τῶν
1667 2021 1876 2091 ἀρετῶν

297 2110 367 2163 τὸ
386 2109 698 2178 κεφάλαιον,
723 2106 880 2159 τοῦτο
920 2105 1107 2158 πασῶν
1144 2105 1251 2158 τῶν
1276 2104 1369 2158 τοῦ
1418 2104 1552 2158 Θεοῦ
1597 2104 1827 2157 ἐντολῶν
1849 2105 1877 2157 6

302 2191 575 2263 θεμέλιος.
608 2190 687 2261 Τῇ
713 2190 820 2260 γὰρ
858 2188 1046 2259 ἀγάπη
1080 2190 1146 2258 τῇ
1175 2189 1302 2258 περὶ
1333 2188 1423 2240 τὸν
1442 2186 1571 2240 Θεὸν
1603 2186 1879 2257 συνεισέρ-

301 2291 462 2347 χεται
484 2272 577 2326 καὶ
605 2273 639 2342 ἡ
664 2272 792 2342 περί
816 2271 908 2324 τὸν
933 2269 1158 2341 πλησίον
1183 2270 1397 2340 ἀγάπη.
1430 2271 1489 2322 '0
1521 2269 1628 2339 γὰρ
1649 2267 1879 2337 ἀγαπῶν

298 2358 399 2411 τὴν
430 2356 565 2409 Θεὸν
601 2357 663 2408 οὺ
695 2353 1011 2426 περιόψεται
1067 2354 1158 2406 τὸν
1208 2352 1456 2423 ἀδελφὸν,
1490 2353 1610 2405 ούδέ
1639 2351 1710 2405 τά
1745 2353 1880 2422 χρή-

301 2457 458 2513 ματα
502 2439 596 2507 τοῦ
650 2438 850 2492 οἰκείου
884 2437 1077 2508 μέλους
1134 2437 1475 2508 προτιμήσει,
1518 2435 1654 2489 ἀλλά
1680 2435 1879 2506 πολλὴν

301 2523 439 2594 περὶ
469 2521 628 2575 αὐτὸν
656 2520 980 2585 ἐπιδείξεται
1030 2519 1130 2591 τὴν
1158 2519 1489 2588 φιλοτιμίαν,
1539 2520 1880 2589 μεμνημένος

298 2605 401 2659 τοῦ
449 2606 749 2675 εἰρηκότος,
802 2605 883 2657 ὅτι
925 2604 986 2655 '0
1044 2602 1304 2669 ποιήσας
1340 2603 1427 2656 ἐνί
1491 2605 1711 2656 τούτων
1763 2600 1881 2655 τῶν

298 2685 585 2756 ἀδελφῶν
601 2705 721 2755 μου
746 2685 865 2739 τῶν
894 2686 1248 2754 ἐλαχίστων,
1304 2684 1434 2754 ἐμοὶ
1475 2685 1743 2751 ἐποίησε.
1774 2682 1881 2736 Καὶ

300 2771 525 2836 ἐννοῶν,
547 2771 627 2824 ὅτι
643 2770 728 2822 διὰ
748 2770 845 2840 τῆς
861 2772 941 2832 εἰς
970 2769 1060 2822 τὸν
1093 2767 1382 2837 ὁμόδουλον
1398 2767 1692 2838 θεραπείας
1721 2766 1881 2830 αὑτός

299 2858 460 2910 ἐστιν
488 2857 518 2907 6
540 2854 608 2906 τὰ
640 2852 895 2923 γινόμενα
923 2853 1290 2921 οἰκειούμενος
1329 2853 1357 2904 6
1385 2852 1491 2904 τῶν
1517 2851 1769 2906 ἁπάντων
1794 2853 1883 2902 Δε-

302 2938 532 3007 σπότης,
564 2936 701 3006 μετὰ
737 2935 934 3005 πολλῆς
958 2935 1057 3004 τῆς
1088 2934 1392 3005 προθυμίας
1413 2935 1626 2988 ἅπαντα
1654 2934 1881 3005 ἐργάσε-

299 3038 419 3084 ται,
452 3020 543 3073 καὶ
570 3019 766 3090 πολλὴν
792 3019 890 3089 τὴν
922 3018 1214 3086 δαψίλειαν
1229 3020 1357 3089 περὶ
1389 3019 1486 3088 τὴν
1517 3017 1881 3088 ἐλεημοσύνην

301 3102 669 3167 ἐπιδείξεται,
698 3102 760 3154 οὑ
814 3102 949 3170 πρὸς
971 3100 1068 3170 τὴν
1096 3101 1368 3153 εὐτέλειαν
1402 3099 1544 3171 ὁρῶν
1571 3100 1675 3153 τοῦι
1699 3118 1883 3170 φαινο-

306 3187 501 3258 μένου,
535 3184 668 3239 ἀλλὰ
694 3184 829 3254 πρὸς
860 3184 921 3237 τὸ
950 3183 1177 3253 μέγεθος
1228 3183 1322 3236 τοῦ
1352 3183 1679 3237 οἰκειοῦσθαι
1707 3186 1882 3252 ἐπαγο

302 3269 632 3339 γειλαμένου
661 3268 729 3321 τά
752 3270 829 3330 εἰς
859 3267 984 3328 τοὺς
1009 3266 1245 3336 πένητας
1272 3266 1549 3336 γινόμενα.
1581 3267 1670 3337 Μὴ
1702 3268 1765 3336 δὴ
1787 3284 1884 3320 πα-

306 3353 670 3425 ρατρέχωμεν
697 3349 904 3413 ἅπλῶς,
946 3349 1358 3420 παρακαλῶ,-τὺ
1389 3351 1577 3419 κέρδος
1605 3349 1712 3403 τῶν
1746 3352 1887 3421 ἡμεο

304 3436 489 3505 τςέρων
503 3432 711 3502 ψυχῶν,
727 3432 788 3484 τὺ
805 3430 1094 3501 φάρμακον
1109 3429 1216 3483 τῶν
1238 3432 1519 3503 ἡμετέρων
1533 3434 1882 3504 τραυμάτων.

307 3515 489 3568 Τοῦτο
540 3514 668 3585 γὰρ,
717 3512 874 3566 τοῦτο
920 3512 1152 3583 μάλιστα
1190 3514 1251 3566 τὸ
1292 3514 1580 3585 φάρμακον
1620 3515 1886 3585 τοσαύτην

306 3602 446 3669 ἡμῖν
474 3598 697 3667 παρέξει
741 3597 839 3668 τὴν
870 3597 1184 3668 θεραπείαν,
1215 3598 1309 3650 καὶ
1337 3596 1507 3661 οὕτως
1539 3599 1792 3667 ἀφανίσει
1820 3598 1889 3652 τὰ

306 3682 447 3750 ἕλκη
495 3681 603 3732 τῶν
645 3679 927 3751 ἡμετέρων
976 3679 1159 3749 ψυχῶν
1174 3702 1198 3743 ·,
1243 3680 1315 3744 ὡς
1384 3680 1516 3750 μηδέ
1562 3682 1707 3751 ἴχνος
1755 3682 1888 3752 μηδέ

308 3764 478 3834 οὐλὴν
494 3763 918 3833 καταλειφθῆναι
941 3777 955 3791 ⁸
983 3764 1117 3835 ὅπερ
1138 3763 1356 3817 ἐπὶτῶν
1383 3764 1705 3834 σωματικῶν
1726 3783 1890 3837 τραυ-

313 3847 511 3917 μάτων
534 3847 632 3917 οὐχ
649 3841 760 3900 οἷόν
786 3864 845 3899 τε
871 3844 1142 3915 γενέσθαι.
1166 3846 1285 3899 Κᾶν
1301 3845 1406 3917 γάρ
1430 3847 1686 3917 μυριάκις
1714 3865 1796 3910 τις
1822 3847 1889 3900 τὰ

312 3930 590 3999 φάρμακα
623 3928 702 3999 τῷ
748 3930 934 3999 οἰκείῳ
984 3929 1257 3999 τραύματι
1294 3928 1453 3998 ἐπιθῇ
1503 3929 1572 3981 τά
1607 3929 1756 3999 παρὰ
1781 3929 1890 3981 τῶν

317 4012 526 4083 ἰατρῶν
556 4014 1095 4084 κατασκευαζόμενα,
1127 4014 1339 4083 ἀνάγκη
1378 4012 1476 4082 τὴν
1507 4012 1668 4082 οὐλὴν
1702 4014 1761 4065 ἐν
1814 4011 1892 4081 τῷ

316 4096 537 4165 σώματι
554 4095 906 4165 ἐναπομένειν
930 4112 943 4127 ⁸
974 4096 1067 4149 καὶ
1089 4096 1314 4159 εἰκότως
1332 4111 1345 4125 ⁸
1374 4095 1533 4166 σῶμα
1562 4094 1666 4165 γάρ
1689 4096 1805 4148 ἐστι
1833 4095 1895 4147 τὸ

312 4178 778 4248 θεραπευόμενον.
810 4178 1075 4232 Ἐνταῦθα
1101 4178 1159 4232 δέ
1184 4178 1368 4248 ἐπειδὴ
1390 4177 1534 4249 ψυχή
1564 4180 1709 4230 ἐστιν
1742 4179 1775 4247 ἡ
1807 4177 1894 4230 θε-

320 4260 700 4333 ραπευομένη,
728 4260 946 4314 ἐπειδὰν
973 4260 1070 4332 τὴν
1101 4262 1307 4315 οἰκείαν
1332 4261 1751 4331 εὐγνωμοσύνην
1776 4262 1896 4313 ἐπι-

314 4341 586 4411 δείξηται,
621 4341 822 4414 πολλὴν
845 4342 1055 4414 δέχεται
1089 4343 1186 4412 τὴν
1220 4345 1313 4397 ἐπὶ
1336 4344 1395 4397 τὸ
1427 4342 1631 4412 βέλτιον
1665 4343 1897 4412 μεταϐο-

317 4424 443 4494 λὴν,
475 4424 570 4476 καί
602 4423 771 4489 οὕτως
800 4427 1016 4480 ἅπαντα
1055 4424 1410 4495 φυγαδεύεται
1434 4426 1501 4479 τά
1526 4425 1682 4494 ἕλκη,
1715 4424 1789 4488 ὼς
1834 4424 1900 4478 ἂν

320 4507 625 4577 κσνιορτδς,
656 4508 858 4579 ἀνέμου
890 4509 1117 4580 σφοδροῦ
1141 4508 1527 4580 διεγερθέντος.
1569 4509 1678 4562 Καὶ
1699 4507 1901 4560 τούτων

315 4590 582 4643 ἁπάντων
628 4591 736 4644 τῶν
777 4592 1192 4662 ὗποδειγμάτων
1244 4593 1611 4663 ὑπερπλήρεις
1664 4593 1793 4662 ἡμῖν
1844 4592 1900 4643 αἰ

319 4673 563 4745 Γραφαί.
590 4673 775 4738 οὕτως
799 4677 826 4728 6
848 4676 1114 4745 μακάριος
1143 4674 1352 4737 Παῦλος
1373 4675 1666 4738 ἀπόστολος
1681 4675 1901 4742 γέγονεν

318 4758 433 4811 ἀπὸ
455 4755 705 4823 διῶκτου,
733 4759 828 4811 καί
852 4761 878 4811 6
904 4758 1168 4831 πρότερον
1197 4758 1412 4829 πορθῶν
1431 4758 1527 4829 τὴν
1555 4758 1898 4830 Ἐκκλησίαν,

320 4839 555 4910 ὕστερον
595 4840 754 4902 αὐτὸς
789 4841 958 4911 αὐτῆς
985 4840 1174 4908 γέγονε
1205 4841 1587 4911 νυμφαγωγός.

394 4944 459 4997 δ’.
484 4939 639 5007 Εἶδες
666 4943 841 5014 ἄκραν
875 4942 975 5013 τὴν
1014 4942 1350 5014 μεταϐολήν;
1391 4941 1527 5006 εἶδες
1558 4944 1763 5013 ἄφατον
1800 4945 1902 5014 τὴν

323 5030 660 5103 μετάστασιν
681 5046 695 5094 ;
724 5028 879 5083 Οὕτω
895 5030 988 5083 καὶ
1015 5032 1044 5084 6
1061 5029 1263 5101 λῃστὴς
1285 5031 1508 5101 μυρίους
1532 5032 1904 5101 ἐργασάμενος

320 5120 543 5189 φόνους,
576 5119 633 5170 ἐν
679 5118 778 5188 μιᾷ
814 5116 1003 5188 καιροῦ
1033 5120 1170 5190 ῥοπῇ
1200 5117 1287 5171 διὰ
1313 5118 1420 5171 τῶν
1452 5118 1647 5186 ὀλίγων
1677 5118 1898 5171 ἐκείνων

322 5205 594 5277 ῥημάτων
618 5203 788 5267 οὕτως
822 5204 1040 5258 ἅπαντα
1073 5204 1371 5274 ἀπενίψατο
1398 5205 1466 5258 τὰ
1505 5206 1897 5276 ἁμαρτήματα,

323 5293 404 5355 ὡς
442 5290 676 5345 ἀκοῦσαι
710 5291 861 5361 παρά
890 5291 984 5344 τοῦ
1030 5292 1318 5354 Δεσπότου,
1346 5292 1426 5344 ὅτι
1472 5290 1741 5361 Σήμερον
1774 5286 1902 5360 μετ’

324 5378 476 5447 ἐμοῦ
499 5377 615 5445 ἔσῃ
641 5377 712 5430 ἐν
728 5377 804 5443 τῷ
820 5377 1182 5448 παραδείσῳ.
1216 5375 1365 5448 [536]
1390 5376 1546 5430 Οὕτω
1571 5379 1663 5431 καί
1688 5379 1717 5430 6
1736 5377 1902 5431 τελώ-

327 5480 448 5535 νης,
475 5462 673 5534 στῆθος
700 5463 929 5535 πλήξας,
969 5463 1149 5519 καίτὰ
1177 5466 1351 5518 οἰκεῖα
1380 5465 1745 5536 ἁμαρτήματα
1768 5467 1899 5536 ὁμο.

327 5552 589 5621 λογήσας,
613 5550 848 5621 κατῆλθε
870 5550 1281 5621 δεδικαιωμένος
1314 5551 1457 5621 ὑπὲρ
1484 5550 1573 5605 τὸν
1588 5553 1897 5623 Φαρισαῖον.

339 5638 506 5693 Ἀλλὰ
528 5637 733 5691 τούτων
757 5637 853 5707 μὲν
876 5638 1105 5701 ἕκαστος
1140 5637 1319 5708 ψυχῆς
1344 5637 1761 5708 εὐγνωμοσύνην
1782 5640 1902 5691 ἐπι-

323 5724 668 5797 δειξάμενος,
700 5726 796 5779 καὶ
822 5724 891 5778 τὰ
918 5725 1158 5797 πρότερα
1183 5724 1519 5795 ὁμολογήσας
1562 5725 1895 5797 πταίσματα,

323 5811 476 5869 οὕτω
488 5815 590 5885 τῆς
614 5813 1011 5882 συγχωρήσεως
1027 5811 1359 5881 ἀπήλαυσεν.
1382 5811 1607 5881 Ἴδωμεν
1631 5810 1685 5864 δὲ
1702 5811 1904 5880 ταύτης

326 5902 427 5971 τῆς
454 5902 680 5972 ἐντολῆς
706 5900 802 5970 τὴν
844 5901 1014 5969 ἰσχὺν,
1037 5900 1131 5955 καὶ
1162 5901 1292 5970 ὅσην
1334 5900 1649 5970 περιουσίας
1680 5900 1908 5971 δύναμιν

332 5990 594 6065 κέκτηται
623 5991 656 6060 η
684 5986 910 6058 δαψιλὴς
935 5987 1285 6060 ἐλεημοσύνη,
1332 5989 1417 6042 ἵνα
1452 5988 1714 6060 μαθόντες
1737 5989 1795 6044 τὸ
1850 5989 1908 6058 ἐξ

1280 419 1359 477 1N
1385 419 1540 476 CAP.
1578 419 1751 475 XXIX
1787 420 2039 478 GENES.
2078 419 2314 478 ΒΟΜΙΕ.
2346 422 2456 478 LV.

3432 423 3536 478 ινδ

1967 537 2135 608 αὐτῆς
2170 540 2301 610 ἡμῖν
2349 539 2696 610 ἐγγινόμενον
2741 537 2929 609 κέρδος
2951 576 2967 602 ,
3016 536 3306 609 προθύμως
3368 538 3536 607 αὐτὴν

1968 607 2333 690 μετέλθωμεν.
2360 620 2513 691 Τάχα
2539 607 2667 694 γάρ
2691 607 2928 690 τοσαύτη
2953 607 3123 691 αὐτῆς
3160 622 3193 690 ἡ
3226 621 3534 691 περιουσία,

1962 700 2040 763 ὡς
2071 702 2145 772 μὴ
2179 702 2339 773 μόνον
2362 703 2734 775 ἁμαρτήματα
2765 703 3134 776 ἐκκαθαίρειν,
3163 703 3298 757 ἀλλά
3329 704 3420 756 καὶ
3448 705 3541 758 αὖα

1965 782 2057 835 τὸν
2083 783 2173 835 τὸν
2206 782 2433 838 θάνατον
2466 786 2804 853 φυγαδεύειν.
2838 785 2947 838 Καὶ
3004 785 3146 853 λέγω
3190 786 3281 838 τὸν
3313 785 3533 858 τρόπον.

1968 863 2077 916 Καὶ
2100 864 2201 929 τίς,
2235 867 2422 936 φησὶν,
2457 867 2827 937 ἐλεημοσύνην
2855 867 3282 938 ἐπιδειξάμενος,
3317 868 3413 921 τοῦ
3438 867 3538 921 θα-

1969 945 2126 999 νάτου
2167 948 2428 1017 κρείττων
2475 948 2705 1017 γέγονε;
2759 949 2867 1001 Καὶ
2912 949 3019 1020 μὴν
3053 950 3294 1013 ἅπαντας
3321 952 3539 1020 ορῶμεν

1964 1028 2074 1082 ὑπὸ
2095 1029 2194 1100 τὴν
2215 1031 2504 1101 τυραννίδα
2523 1031 2615 1084 τοῦ
2646 1031 2877 1085 θανάτου
2910 1032 3244 1101 γινομένους.
3272 1032 3363 1103 Μὴ
3381 1032 3540 1104 θορυ-

1970 1109 2161 1181 6ηθῇς,
2193 1112 2461 1184 ἀγαπητέ,
2490 1113 2624 1167 ἀλλά
2656 1113 2796 1185 μάθε
2828 1115 2894 1168 δι’
2925 1115 3104 1168 αὐτῶν
3147 1115 3257 1167 τῶν
3283 1114 3542 1187 πραγμά-

1969 1210 2098 1255 των,
2131 1195 2278 1257 ὃπως
2307 1197 2339 1265 ὴ
2366 1196 2464 1264 τῆς
2517 1196 2886 1266 ἐλεημοσύνης
2942 1196 3168 1266 δύναμις
3204 1197 3421 1267 ἐνίκησε
3446 1197 3545 1249 καὶ

1971 1277 2160 1330 τούτου
2193 1278 2291 1347 τὴν
2321 1279 2627 1351 τυραννίδα.
2660 1279 2872 1333 Ταὸιθά
2890 1297 2974 1342 τις
2999 1279 3216 1347 ἐγένετο
3241 1279 3395 1350 γυνὴ,
3420 1280 3545 1349 ἣτις

1971 1357 2429 1431 διερμηνευομένη
2459 1361 2671 1430 λέγεται
2698 1364 2904 1432 Δορκάς
2926 1378 2939 1392 ⁸
2965 1361 3103 1433 αὕτη
3125 1362 3284 1434 ἔργον
3310 1365 3545 1417 ἐποιεῖτο

1973 1440 2091 1492 καθ’
2116 1441 2350 1511 ἑκάστην
2390 1445 2599 1513 ἡμέραν
2619 1443 2714 1514 τὴν
2736 1444 2842 1495 ἀπὸ
2866 1447 2973 1514 τῆς¹
2992 1443 3364 1517 ἐλεημοσύνης
3388 1445 3547 1498 εὐπο-

1977 1523 2094 1593 ρίαν
2123 1524 2395 1592 συλλέγειν
2416 1527 2583 1597 ἐαυτῇ
2606 1545 2618 1555 ·
2651 1529 2743 1579 καὶ
2779 1527 3105 1588 ἐνεδίδοσκε,
3134 1530 3287 1597 φησὶ,
3321 1527 3419 1591 τὰς
3445 1528 3547 1597 χή-

1976 1623 2091 1675 ρας,
2115 1609 2207 1661 καὶ
2230 1608 2329 1680 τὴν
2349 1609 2514 1677 ἀλλην
2536 1611 2755 1664 ἅπασαν
2773 1611 3033 1680 εὐπορίαν
3050 1611 3238 1674 αὑταῖς
3266 1613 3542 1682 παρεῖχεν.

1986 1689 2231 1757 Ἐγένετο
2259 1690 2317 1744 δέ
2371 1691 2746 1762 ἀσθενήσασαν
2797 1692 2965 1762 αὐτὴν
3000 1691 3310 1745 ἀποθανεῖν.
3389 1693 3546 1746 Ἀλλά

1975 1770 2135 1840 βλέπε
2163 1790 2252 1842 μοι
2300 1773 2555 1839 ἐνταῦθα,
2595 1773 2864 1844 ἀγαπητέ,
2891 1774 3007 1837 πῶς
3034 1776 3090 1827 αί
3122 1774 3222 1844 τῆς
3253 1774 3546 1847 θεραπείας

1972 1855 2362 1922 ἀπολαύουσαι,
2396 1857 2490 1908 καὶ
2512 1856 2581 1908 τὰ
2608 1856 2833 1926 σώματα
2868 1857 3204 1927 σκεπόμεναι
3228 1858 3327 1911 ἀπ’
3352 1858 3544 1928 αὐτῆς,

1974 1938 2031 1989 ἐν
2058 1937 2231 2008 καιρῷ
2253 1937 2349 2009 τὴν
2374 1938 2651 2007 εὐεργέτιν
2672 1938 3051 2009 ἀμειϐόμεναι,
3073 1938 3433 2009 περιεστῶσαι
3454 1940 3546 1991 τὸν

1974 2019 2290 2085 ἀπόστολον,
2322 2021 2683 2085 ἐπεδείκνυον,
2738 2021 2891 2091 φησί,
2932 2020 3000 2075 τὰ
3035 2023 3245 2091 ἱμάτια.
3306 2022 3394 2077 καὶ
3447 2022 3546 2076 ὅσα

1976 2102 2147 2156 ἐποίει
2182 2105 2297 2173 μετ’
2333 2104 2509 2157 αὐτῶν
2548 2100 2746 2175 οῦσαή
2798 2105 3038 2175 Δορκὰς,
3069 2107 3162 2158 καὶ
3207 2105 3302 2174 τὴν
3355 2106 3547 2175 τροφὸν

1976 2185 2292 2257 ἐπεζήτουν,
2322 2186 2415 2239 καὶ
2436 2185 2644 2258 δάκρυα
2671 2186 2807 2249 ἴσως
2824 2187 3133 2258 προσέχεον,
3163 2190 3256 2241 καὶ
3282 2189 3361 2252 εἰς
3382 2189 3548 2241 πολὺν

1976 2262 2154 2321 οἶκτον
2182 2269 2271 2322 τὸν
2307 2269 2624 2321 Ἀπόστολον
2650 2269 2980 2337 ἐφείλκοντο.
3014 2271 3078 2323 Τί
3102 2267 3194 2324 οῦν
3225 2274 3253 2324 6
3283 2271 3550 2341 μακάριος

1977 2352 2216 2423 Πέτρος;
2272 2353 2347 2406 Τὰ
2379 2354 2599 2422 γόνατα
2631 2354 2772 2418 θείς,
2818 2354 2970 2421 φησί,
3006 2356 3411 2422 προσηύξατο,
3448 2357 3548 2410 καὶ

1975 2438 2344 2505 ἐπιστρέψας
2381 2437 2529 2504 πρὸς
2578 2438 2644 2491 τὸ
2674 2436 2843 2507 σῶμα
2863 2478 2877 2500 ,
2909 2438 3038 2493 εἶπε
3062 2456 3074 2470 ⁸
3115 2443 3323 2495 Ταϐιθὰ
3344 2483 3358 2505 ,
3403 2442 3551 2497 ἀνά-

1976 2523 2173 2587 στηθι.
2222 2520 2281 2575 Ἡ
2306 2519 2373 2572 δὲ
2394 2519 2599 2588 ἤνοιξε
2632 2520 2774 2587 τοὺς
2818 2524 3158 2592 ὀφθαλμοὺς
3202 2525 3412 2593 αὐτῆς,
3452 2526 3551 2580 καί

1981 2601 2195 2657 ἰδοῦσα
2239 2603 2345 2655 τὸν
2388 2603 2647 2671 Πέτρον,
2684 2604 3023 2659 ἀνεκάθισε.
3081 2607 3228 2671 Δοὺς
3284 2607 3353 2661 δὲ
3395 2608 3551 2677 αὐτῇ

1978 2684 2165 2755 χεῷα,
2176 2685 2519 2753 ἀνέστησεν
2532 2688 2643 2739 αὐτ
2653 2688 2745 2753 ὴν,
2764 2686 2861 2739 καὶ
2878 2689 3167 2756 φωνήσας
3188 2690 3329 2756 τοὺς
3343 2691 3554 2760 ἁγίους

1979 2767 2080 2821 καί
2110 2766 2218 2834 τὰς
2249 2768 2459 2837 χήρας,
2489 2768 2876 2837 παρέστησεν
2906 2770 3104 2839 αὐτὴν
3136 2769 3349 2832 ζῶσαν.
3400 2768 3554 2836 Εἶδες

1979 2850 2205 2920 δύναμιν
2241 2850 2333 2903 τοῦ
2397 2851 2716 2930 ἀποστόλου,
2755 2851 2953 2921 μᾶλλον
2975 2853 3033 2906 δὲ
3070 2853 3165 2906 τοῦ
3208 2856 3557 2930 ἐνεργοῦντος

1980 2933 2039 2985 ἐν
2062 2932 2211 3003 αὐτῷ
2255 2933 2560 2997 Δεσπότου;
2603 2929 2739 2996 εἶδες
2766 2936 2866 3003 ὅση
2900 2935 3000 3004 τῆς
3027 2938 3108 2999 εἰς
3127 2938 3223 3000 τὰς
3255 2939 3430 3009 χήρας
3461 2938 3556 2990 εὐ·-

1982 3015 2163 3078 ποιίας
2214 3015 2416 3086 ἀμοιϐὴ
2443 3016 2537 3068 καὶ
2569 3016 2627 3069 ἐν
2656 3015 2734 3086 τῷ
2774 3017 3001 3088 παρόντι
3030 3019 3205 3090 καιρῷ
3233 3022 3454 3088 γέγονε;
3490 3019 3558 3072 Τί

1982 3099 2091 3169 ’γὰρ
2117 3098 2389 3161 τοσοῦτον,
2424 3099 2544 3151 εἰπέ
2573 3117 2683 3170 μοι,
2713 3100 2987 3172 παρέσχεν
3011 3100 3149 3172 αῦτη
3180 3105 3301 3165 ταῖς
3338 3104 3554 3174 χήραις,

1982 3182 2104 3238 ὅσον
2138 3177 2297 3234 αὗται
2323 3181 2491 3252 αὐτὴν
2534 3182 2872 3252 ἡμείψαντος
2918 3183 3133 3254 Ἰμάτια
3178 3185 3422 3255 παρέσχε
3465 3187 3561 3239 καὶ

1982 3262 2188 3333 τροφάς
2217 3262 2427 3324 αὐταῖς,
2466 3262 2576 3317 ἀλλ’
2594 3259 2754 3318 αὗται
2772 3266 2906 3335 πρὸς
2932 3265 3075 3336 ζωὴν
3108 3267 3276 3337 αὐτὴν
3293 3269 3562 3337 ἐπανήγα-

1983 3363 2100 3416 γον,
2125 3346 2330 3400 καὶτὸν
2352 3346 2580 3400 θάνατον
2600 3346 2660 3412 ἐξ
2685 3349 2854 3417 αὐτῆς
2869 3350 2970 3420 δρα
2980 3350 3235 3405 πετεῦσαι
3263 3352 3525 3423 ἐποίησαν
3543 3368 3557 3382 ⁸

1990 3428 2187 3499 μᾶλλον
2216 3429 2273 3483 δέ
2300 3430 2396 3499 οὐχ
2422 3423 2607 3495 αὗται,
2637 3430 2773 3483 ἀλλά
2796 3432 2883 3485 διὰ.
2911 3434 3010 3503 τὴν
3054 3435 3134 3497 εἰς
3163 3433 3364 3497 ταύτας
3402 3437 3563 3506 θερα-

1988 3511 2146 3565 πείαν
2173 3513 2202 3564 6
2229 3512 2613 3582 φιλάνθρωπος
2633 3513 2792 3583 ἡμῶν
2826 3516 3121 3585 Δεσπότης.
3150 3516 3332 3568 Εἴδετε
3350 3516 3563 3587 φαρμά-

1989 3611 2085 3647 κου
2120 3594 2368 3665 δύναμιν,
2401 3595 2673 3665 ἀγαπητοί
2697 3613 2711 3662 ;
2736 3596 2904 3649 Τοῦτο
2925 3597 3123 3663 πάντες
3143 3600 3355 3663 ἑαυτοῖς
3392 3616 3561 3652 κατα-

1992 3676 2345 3747 σκευάσωμεν
2368 3696 2381 3709 ⁸
2438 3678 2558 3732 ούδέ
2614 3679 2722 3749 γὰρ
2778 3679 3066 3744 πολυτελές
3119 3682 3257 3744 ἐστι,
3290 3679 3465 3735 καίτοι
3500 3697 3563 3750 γε

1989 3759 2257 3830 τοσαύτην
2280 3760 2401 3829 ἔχον
2432 3760 2531 3831 τὴν
2551 3760 2799 3831 δύναμιν,
2825 3760 2959 3815 ἀλλά
2982 3763 3076 3814 καὶ
3108 3763 3311 3834 σφόδρα
3339 3763 3563 3827 εὔωνον,

1992 3843 2087 3894 καὶ
2113 3841 2234 3895 οὔτε
2270 3841 2516 3913 δαπάνης
2536 3843 2706 3897 δεῖται
2738 3845 2956 3914 πολλῆς.
2980 3845 3053 3897 Τὸ
3078 3845 3188 3916 γὰρ
3211 3846 3311 3914 τῆς
3342 3846 3568 3915 ἐλεημοο

1994 3923 2158 3993 σύνης
2194 3922 2421 3993 μέγεθος
2450 3925 2549 3977 οὐκ
2574 3925 2629 3977 ἐν
2667 3926 2746 3996 τῷ
2784 3926 2975 3997 πλήθει
3000 3928 3109 3981 τῶν
3128 3928 3424 3997 χρημάτων
3449 3927 3567 3997 κρί-

1992 4021 2164 4067 νεται,
2197 4005 2310 4057 ἀλλ’
2340 4005 2397 4057 ἐν
2423 4009 2487 4076 τῇ
2520 4007 2801 4081 προθυμίᾳ
2838 4008 2945 4061 τῶν
2977 4008 3243 4062 διδόντων.
3275 4010 3374 4063 Διά
3411 4009 3569 4064 τοῦτο

1995 4088 2089 4142 καί
2109 4090 2137 4141 6
2169 4089 2426 4159 ποτήριον
2452 4089 2662 4161 ψυχροῦ
2695 4090 2818 4154 δοὺς
2844 4092 3139 4156 ἀπόδεκτος
3167 4092 3379 4162 γέγονε,
3409 4094 3504 4147 καὶ
3534 4096 3568 4163 ἡ

1995 4168 2066 4222 τὰ
2091 4169 2183 4222 δύο
2210 4170 2385 4224 λεπτά
2413 4172 2817 4237 καταϐαλοῦσα,
2853 4174 2939 4228 ἴνα
2972 4174 3230 4246 μάθωμεν
3254 4175 3335 4228 ὄτι
3371 4192 3574 4229 πανταη

1999 4253 2093 4325 χοῦ
2129 4253 2354 4324 γνώμην
2380 4254 2545 4324 ὀρθὴν
2578 4256 2826 4327 ἐπιζητεί
2852 4259 2881 4310 6
2932 4258 3038 4311 τῶν
3070 4258 3326 4312 ἁπάντων
3369 4260 3574 4310 Δεσπὸ⁴

1997 4352 2117 4405 της.
2159 4337 2312 4388 Ἐστι
2360 4337 2622 4401 πολλάκις
2656 4339 2751 4391 καὶ
2801 4340 2957 4409 ὀλίγα
3010 4341 3201 4411 ἔχοντα
3247 4340 3444 4410 πολλὴν
3472 4342 3572 4409 τὴν

1999 4418 2281 4488 δαψίλειαν
2310 4420 2411 4490 τῆς
2440 4420 2810 4493 ἐλεημοσύνης
2857 4424 3255 4490 ἐπιδείξασθαι,
3305 4425 3436 4477 ὅταν
3539 4424 3572 4492 ἡ

2001 4502 2282 4574 προθυμία
2336 4506 2654 4576 ἐρρωμένη⁸
2713 4507 2806 4559 καὶ
2841 4507 3003 4560 πάλιν
3049 4507 3108 4560 τὸ
3147 4508 3408 4571 ἐναντίον,
3457 4507 3574 4559 ἔστι

2002 4587 2096 4639 καὶ
2126 4585 2296 4639 πολλά
2335 4589 2669 4657 κεκτημένον
2706 4588 2963 4642 ἐλάττονα
3011 4588 3241 4658 ὀφθῆναι
3276 4589 3577 4658 τῶνόλίγα

2003 4668 2233 4738 ἐχόντων
2254 4668 2341 4721 διὰ
2368 4668 2465 4739 τὴν
2495 4670 2593 4741 τῆς
2616 4670 2751 4733 ἰδίας
2776 4670 2999 4740 γνώμης
3029 4673 3397 4743 μικρολογίαν.
3424 4672 3575 4746 [557]

2014 4751 2326 4822 Ἐκχέωμεν
2347 4747 2461 4816 οῦν,
2497 4754 2816 4823 παρακαλῶ,
2841 4754 2909 4807 τὰ
2928 4756 3058 4808 ὄντα
3088 4758 3165 4819 εἰς
3192 4758 3317 4819 τοὺς
3343 4759 3400 4809 ἐν
3422 4758 3579 4830 χρείᾳ

2001 4834 2161 4895 ὄντας
2201 4834 2338 4903 μετὰ
2391 4833 2646 4904 δαψιλοῦς
2683 4836 2907 4908 γνώμης
2934 4880 2947 4902 ,
3010 4839 3069 4903 ἐξ
3105 4834 3179 4891 ὧν
3225 4843 3255 4893 6
3299 4841 3580 4911 Δεσπότης

2003 4918 2133 4986 ἡμῖν
2162 4917 2522 4986 κεχάρισται,
2562 4919 2654 4971 καί
2681 4919 2818 4972 αὐτὰ
2852 4920 2919 4972 τὰ
2954 4922 3087 4993 παρ’
3118 4922 3284 4975 αὐτοῦ
3319 4926 3452 4993 ἡμῖν
3493 4924 3580 4976 δη,

2005 4998 2163 5051 θέντα
2187 4998 2336 5069 αὐτῴ
2368 4998 2528 5053 πάλιν
2553 5002 2714 5071 ἡμεῖς
2739 5000 2940 5072 δῶμεν,
2978 5003 3065 5057 ἵνα
3093 5003 3417 5058 οῦτω.πάλιν
3442 5006 3580 5074 μετά

2006 5082 2206 5150 πολλῆς
2250 5083 2569 5153 προσθήκης
2604 5085 2849 5155 ἡμέτερα
2886 5087 3129 5155 γένηται.
3186 5088 3432 5156 Τοσαύτη
3472 5086 3580 5160 γὰρ

2005 5163 2168 5217 αὐτοῦ
2195 5166 2227 5234 ἡ
2259 5164 2541 5235 φιλοτιμία
2561 5207 2576 5231 ,
2607 5167 2687 5219 ὅτι
2725 5169 2819 5220 καὶ
2850 5169 2944 5237 ἀφ’
2976 5164 3050 5222 ὧν
3077 5169 3240 5222 ἔδωκε
3266 5169 3578 5238 λαμϐάνων,

2005 5247 2104 5317 οὐχ
2148 5249 2359 5317 ἡγεῖται
2399 5248 2467 5301 τά
2514 5249 2620 5302 ίδια
2666 5250 2961 5320 λαμϐάνειν
2985 5291 2999 5312 ,
3036 5251 3170 5304 ἀλλά
3205 5251 3341 5322 μετά
3380 5252 3582 5322 πολλῆς

2011 5331 2141 5401 ἡμῖν
2184 5331 2323 5385 αὐτά
2360 5333 2458 5401 τῆς
2495 5331 2807 5403 φιλοτιμίας
2853 5334 3156 5386 ἀποδιδόναι
3197 5335 3535 5406 ὑπισχνεῖται
3564 5350 3580 5367 ⁸

2014 5414 2170 5483 μόνον
2206 5413 2300 5466 ἐὰν
2336 5415 2496 5483 ἡμεῖς
2534 5415 2599 5469 τὰ
2627 5417 2752 5485 παρ’
2781 5414 2986 5468 ἐαυτῶν
3008 5415 3373 5480 ἐπιδείξασθαι
3395 5417 3583 5487 βουλη-

2010 5495 2212 5566 θῶμεν,
2242 5499 2337 5550 καὶ
2371 5496 2620 5565 καθάπερ
2651 5500 2715 5567 τῇ
2745 5496 2838 5549 τοῦ
2875 5496 3008 5550 Θεοῦ
3039 5500 3183 5569 χειρί
3204 5498 3374 5554 ταῦτα
3404 5518 3585 5574 παρα-

2010 5580 2455 5650 κατατιθέμενοι,
2491 5578 2663 5641 οὕτως
2687 5578 2827 5632 αὐτὰ
2858 5582 2968 5643 τοῖς
2998 5581 3191 5654 πένησι
3222 5584 3548 5657 χορηγῶμεν
3571 5628 3586 5650 ,

2012 5663 2211 5724 εἰδότες
2232 5662 2314 5714 ὅτι
2341 5662 2483 5731 ἀπερ
2516 5661 2582 5713 ἂν
2604 5661 2636 5730 ὴ
2667 5661 2789 5731 χεὶρ
2814 5662 2994 5735 ἐκείνη
3019 5664 3257 5736 δέξηται,
3282 5667 3381 5720 οὐκ
3405 5669 3602 5722 ἐκεῖνα·

2013 5743 2170 5797 μόνον
2197 5743 2539 5809 ἀποδίδωσιν,
2563 5743 2699 5797 ἀλλά
2727 5745 2822 5799 καὶ
2851 5746 3248 5804 πολυπλασίονα
3272 5748 3342 5802 τὰ
3364 5750 3585 5805 δοθέντα

2014 5822 2168 5891 οὗτος
2192 5828 2321 5897 ἡμῖν
2344 5827 2482 5880 αὒτά
2504 5827 2665 5880 πάλιν
2704 5829 2985 5901 χαρίζεται
3011 5872 3024 5894 ,
3059 5830 3160 5902 τὴν
3195 5833 3400 5887 οἰκείαν
3441 5834 3589 5905 φιλο-

2017 5910 2206 5981 τιμίαν
2227 5911 2314 5989 διά
2339 5911 2552 5964 πάντων
2575 5911 3034 5984 ἐπιδεικνύμενος.
3079 5915 3188 5969 Καὶ
3217 5917 3269 5968 τί
3298 5916 3441 5986 λέγω
3465 5958 3479 5982 ,
3508 5919 3589 5969 ὄτι

2018 5996 2154 6050 αὐτὰ
2196 5995 2351 6050 πάλιν
2392 5995 2848 6064 πολυπλασιάξει;
2905 6001 2968 6052 Ἡ
3007 6001 3128 6072 χεὶρ
3169 6001 3585 6077 ἐκείνηδίδωσιν
