3974 6418
299 380 408 436 ιὸὃ

303 493 416 545 lum
445 486 641 553 reddit,
682 483 785 540 sed
805 496 926 538 cum
966 480 1068 534 illis
1092 490 1309 548 regnum
1340 474 1590 530 caelorum
1613 471 1794 534 donat,
1825 475 1880 521 et

303 581 566 642 celebrat,
594 585 757 647 atque
782 582 1021 640 coronat,
1065 572 1447 636 innumeraque
1474 565 1610 619 bona
1639 560 1880 630 largitur,

305 672 470 725 modo
498 685 562 722 ex
587 667 652 721 iis
677 680 794 735 qute
822 665 890 718 ab
919 664 1034 732 ipso
1071 660 1193 715 data
1239 665 1362 712 sunt
1391 669 1608 725 parvum
1635 648 1883 720 quiddam

305 761 509 816 inferre
534 758 880 812 voluerimus.
909 754 1040 808 Num
1083 766 1244 822 grave
1272 746 1469 817 aliquid
1506 752 1560 798 et
1601 752 1883 796 onerosum

303 870 332 904 a
368 851 522 904 nobis
552 846 818 917 requirit?
859 845 932 899 Ea
964 859 1079 914 qua:
1105 839 1372 895 abundant
1391 845 1446 891 et
1493 842 1886 904 supervacanea

304 949 436 994 sunt
467 939 638 1003 nobis,
667 935 962 991 necessaria
991 932 1142 988 nobis
1169 929 1344 985 facere
1366 927 1484 982 vult
1508 944 1524 980 :
1551 934 1604 980 et
1630 937 1748 992 quae
1775 922 1885 974 fru-

306 1043 420 1086 stra
449 1039 503 1085 et
520 1031 570 1082 in
589 1042 781 1081 vanum
803 1027 853 1080 in
875 1022 1253 1094 promptuariis
1276 1018 1505 1090 reposita
1529 1023 1672 1076 sunt,
1699 1027 1760 1066 ea
1780 1010 1890 1064 vult

309 1137 338 1174 a
370 1120 526 1174 nobis
552 1119 684 1172 bene
707 1115 973 1179 distribui,
999 1123 1055 1166 nt
1080 1111 1357 1166 occasione
1374 1116 1590 1176 accepta
1617 1104 1760 1168 hinc,
1791 1116 1890 1156 nos

307 1209 594 1280 splendide
619 1215 856 1262 coronet.
891 1203 1125 1258 Festinat
1145 1202 1290 1256 enim
1318 1209 1370 1254 et
1395 1207 1562 1266 urget,
1593 1204 1749 1264 atque
1777 1207 1890 1248 om-

313 1279 403 1354 nia
425 1299 550 1352 facit
594 1305 646 1352 ct
672 1296 906 1360 molitur,
945 1303 1000 1348 ut
1024 1279 1212 1363 dignos
1236 1305 1332 1345 nos
1359 1288 1541 1344 reddat
1566 1286 1628 1340 iis
1654 1299 1772 1354 quas
1806 1283 1894 1336 ille

310 1389 584 1462 promisit.

391 1481 446 1533 5.
479 1478 812 1546 Eleemosyna
842 1471 1236 1526 commendatur.
1258 1498 1328 1507 —
1354 1465 1432 1521 Ne
1458 1465 1636 1536 igitur,
1665 1474 1846 1532 quaeso
1875 1500 1890 1526 ,

313 1571 566 1638 nosipsos
621 1567 886 1634 privemus
941 1560 1098 1615 tantis
1144 1559 1318 1613 bonis.
1371 1556 1500 1610 Nam
1546 1555 1590 1608 si
1646 1548 1893 1605 laboriosi

311 1658 567 1729 agricola:
592 1670 786 1726 penum
819 1667 967 1707 suum
986 1657 1260 1713 evacuant,
1293 1656 1346 1700 et
1373 1644 1573 1698 semina
1596 1651 1750 1695 terra:
1770 1655 1897 1693 eon-

313 1747 564 1810 credunt,
595 1755 648 1800 et
675 1746 799 1798 olim
827 1743 1044 1797 collecta
1067 1740 1399 1808 dispergunt,
1429 1735 1586 1803 idque
1627 1746 1749 1785 eum
1798 1744 1896 1783 vo-

319 1841 523 1908 luptate
557 1836 778 1898 faciunt,
799 1849 892 1903 spe
913 1832 1114 1901 majora
1135 1825 1424 1897 recipiendi
1453 1840 1510 1878 se
1540 1823 1771 1877 solantes
1803 1838 1816 1873 :
1846 1828 1900 1873 et

318 1929 564 2002 quamvis
581 1927 750 1982 sciant
773 1922 1064 1993 swpeaeris
1088 1918 1477 1988 intemperiem,
1503 1925 1898 1980 nonnumquam

320 2031 376 2078 et
405 2031 562 2076 terra!
593 2019 926 2073 sterilitatem
971 2014 1181 2082 aliaque
1209 2011 1370 2065 multa
1400 2006 1711 2071 accidentia,
1745 2013 1800 2058 ut
1822 2003 1903 2057 lo—

319 2123 594 2169 custarum
625 2107 916 2163 exercitum
947 2107 962 2136 ¹
983 2146 997 2170 ,
1030 2113 1083 2158 et
1113 2101 1368 2171 rubiginis
1394 2100 1686 2163 incursum,
1714 2109 1901 2163 exspe-

319 2202 610 2257 ctationem
660 2212 809 2252 suam
860 2194 1112 2250 fefellisse
1140 2209 1155 2258 ;
1185 2200 1419 2245 attamen
1468 2188 1605 2243 bona
1652 2200 1748 2254 spe
1784 2197 1904 2238 sese

321 2295 556 2356 alentes,
585 2305 645 2344 ea
669 2303 788 2357 qtae
813 2287 865 2340 in
891 2284 1270 2356 promptuariis
1296 2281 1516 2335 collecta
1546 2287 1702 2343 sunt,
1747 2286 1905 2330 terrae

320 2384 656 2441 eonercdunt
686 2399 699 2434 :
731 2379 896 2434 multo
919 2377 1084 2446 magis
1102 2390 1198 2431 nos
1212 2389 1330 2443 qua:
1355 2371 1554 2442 absque
1584 2385 1682 2424 usu
1711 2382 1903 2422 recon-

321 2475 436 2530 dita
465 2484 606 2537 sunt,
639 2471 946 2539 dispergere
967 2467 1018 2520 in
1050 2479 1338 2535 pauperum
1370 2476 1497 2516 usus
1533 2469 1586 2514 et
1631 2457 1904 2514 educatio-

326 2579 452 2619 nem
481 2562 746 2626 convenit,
775 2558 861 2612 ubi
887 2569 1176 2625 numquam
1199 2567 1320 2622 spes
1342 2551 1590 2616 eluditur,
1621 2561 1791 2616 neque
1837 2545 1906 2600 ti-

324 2653 518 2708 menda
542 2651 714 2720 aliqua
766 2658 919 2702 teme
947 2645 1218 2701 sterilitas.
1249 2643 1382 2696 Dicit
1409 2641 1550 2696 enim
1581 2656 1595 2693 :
1625 2636 1904 2707 Dispersit,

322 2747 470 2801 dedit
488 2742 816 2815 pauperibus.
843 2739 949 2794 Sed
979 2738 1102 2792 audi
1127 2737 1286 2791 etiam
1311 2750 1428 2804 qua:
1450 2739 1744 2802 sequuntur
1775 2746 1793 2784 :
1818 2727 1912 2782 Ju-

285 2850 291 2855 '
323 2840 468 2895 stitia
495 2841 604 2907 ejus
621 2843 787 2889 manet
808 2835 859 2886 in
883 2831 1126 2886 saeculum
1148 2828 1322 2883 seculi
1347 2825 1521 2898 (Psal.
1559 2823 1679 2878 Hi.
1713 2821 1746 2877 9
1772 2819 1816 2893 ).
1866 2820 1910 2874 Ο

326 2931 627 2988 mirabilem
659 2926 986 2982 sementem!
1018 2922 1170 2978 Brevi
1203 2931 1441 2990 tempore
1468 2915 1758 2982 distribuit,
1781 2923 1836 2969 et
1857 2914 1909 2967 in

328 3033 582 3094 perpetua
608 3018 802 3074 saecula
821 3015 1022 3086 justitia
1044 3014 1159 3082 ejus
1192 3017 1484 3082 permanet.
1504 3006 1638 3076 Quid
1659 3006 1761 3060 hoc
1780 3005 1911 3059 bea-

332 3115 444 3168 tius
471 3126 720 3180 umquam
748 3107 943 3162 fuerit?
970 3105 1170 3160 idcirco
1196 3116 1314 3167 oro,
1345 3108 1402 3154 ut
1425 3097 1682 3168 justitiam
1709 3111 1827 3165 quae
1843 3110 1911 3150 ex

331 3203 677 3270 eleemosyna
699 3206 783 3253 est
811 3196 961 3250 nobis
988 3193 1347 3262 acquiramus,
1371 3199 1428 3243 ut
1452 3197 1506 3243 et
1533 3188 1599 3241 de
1625 3187 1778 3241 nobis
1827 3185 1911 3238 di-

326 3305 521 3350 catur:
559 3292 955 3360 Disperscrunt,
1003 3285 1264 3341 dederunt
1315 3280 1668 3352 pauperibus,
1710 3276 1914 3346 justitia

327 3401 520 3440 eorum
549 3391 725 3436 manet
753 3382 804 3433 in
835 3378 1086 3433 sa-culum
1112 3373 1312 3430 saeculi.
1345 3372 1630 3440 Postquam
1658 3367 1799 3422 enim
1834 3365 1915 3419 di-

330 3478 430 3538 xit,
462 3473 735 3543 Dispersit,
765 3470 925 3533 dedit,
960 3482 1028 3522 ne
1067 3475 1222 3536 putes
1249 3463 1487 3532 dispersa
1518 3458 1763 3528 periisse,
1797 3455 1915 3508 ideo

331 3565 514 3619 statim
544 3562 777 3616 subdidit
805 3579 816 3612 :
840 3558 1049 3611 Iustitia
1079 3557 1186 3624 ejus
1214 3563 1378 3606 manet
1392 3553 1443 3604 in
1461 3549 1702 3604 saxulum
1719 3546 1912 3600 sa'culi.

333 3655 467 3717 Illis,
495 3652 685 3720 inquit,
714 3647 992 3717 dispersis,
1011 3643 1214 3714 justitia
1238 3635 1910 3702 mancatinexpugnabilis,

331 3745 474 3801 etin
502 3757 661 3798 omne
708 3741 962 3794 secutum
1015 3751 1075 3790 se
1123 3732 1378 3790 extendat
1420 3743 1707 3798 numquam
1758 3726 1915 3780 linem

333 3837 604 3892 habitura.
642 3835 811 3902 Atque
833 3845 954 3884 cum
982 3829 1320 3894 clecmosyna
1353 3824 1512 3878 etiam
1537 3821 1668 3874 alias
1697 3819 1917 3872 virtutes

331 3927 618 3996 diligenter
638 3936 905 3983 curemus,
939 3927 993 3972 et
1018 3916 1325 3970 affectiones
1348 3913 1522 3967 carnis
1541 3913 1916 3978 reprimamus,

332 4029 392 4072 et
445 4016 784 4070 eliminemus
816 4027 882 4066 ex
920 4010 1094 4062 anima
1128 4019 1342 4061 omnem
1387 4002 1620 4056 illicitam
1662 3998 1916 4068 concupi-

333 4107 614 4167 scentiam,
638 4117 849 4158 omnem
869 4100 1059 4155 malam
1077 4097 1470 4166 cogitationem,
1499 4092 1652 4155 iram,
1679 4089 1920 4159 indigna-

335 4199 563 4261 tionem,
597 4193 886 4257 invidiam;
909 4200 964 4244 et
981 4201 1234 4243 orncmus
1255 4183 1502 4239 omnibus
1531 4181 1702 4238 modis
1727 4180 1920 4234 animae

337 4288 809 4360 pulchritudinem,
833 4293 888 4338 ut
915 4284 1154 4337 claritate
1191 4278 1598 4349 pulchritudinis
1637 4275 1752 4345 ejus
1793 4289 1922 4330 con-

334 4382 589 4434 ciliemus
615 4376 770 4431 nobis
801 4374 1054 4429 caelorum
1085 4371 1390 4434 Dominum,
1425 4377 1480 4422 et
1508 4367 1644 4436 apud
1692 4380 1788 4418 nos
1828 4365 1921 4418 ha-

338 4474 513 4525 bitare
540 4469 804 4538 dignetur.
841 4465 972 4520 Nam
1009 4464 1097 4517 ubi
1144 4461 1534 4515 videritanima:
1563 4465 1920 4519 venustatem,

336 4561 522 4616 statim
551 4559 814 4613 adveniet.
844 4553 1141 4610 Dixitcnim
1171 4569 1185 4604 :
1218 4550 1386 4620 Super
1404 4564 1552 4619 quem
1578 4547 1735 4600 alium
1757 4546 1921 4614 respi-

332 4654 473 4707 ciam
495 4666 643 4722 quam
670 4664 824 4716 super
852 4653 1169 4698 mansuetum
1195 4649 1242 4694 et
1268 4641 1490 4709 quietum
1516 4646 1559 4691 et
1585 4637 1845 4699 humilem,
1873 4643 1919 4688 et

337 4749 629 4796 trementem
655 4751 913 4792 sermones
939 4749 1074 4786 meos
1097 4729 1260 4803 (Isai.
1289 4729 1376 4784 66.
1407 4729 1462 4799 2)
1490 4727 1512 4779 ?
1569 4725 1754 4780 Vidisti
1783 4741 1919 4793 quo-

339 4832 506 4887 modo
550 4844 647 4884 nos
671 4827 853 4882 docuit
881 4837 1067 4879 omnes
1105 4815 1408 4891 spirituales
1449 4817 1680 4881 colores,
1732 4816 1923 4886 quibus

337 4925 536 4978 anima:
564 4917 902 4990 pulchritudo
931 4923 1106 4985 potest
1152 4910 1432 4968 decorari?
1479 4909 1649 4978 Super
1687 4924 1921 4960 mansue-

337 5028 472 5079 tum,
499 5011 686 5080 inquit,
727 5019 772 5062 et
792 5009 1038 5080 quietum,
1071 5013 1120 5058 et
1145 5003 1405 5057 humilem.
1438 4999 1639 5056 Deinde
1655 4998 1794 5069 quod
1811 4999 1923 5054 ham

336 5105 522 5159 atnnia
553 5100 722 5156 efficit
763 5097 1004 5152 addidit:
1038 5093 1104 5149 Et
1149 5103 1436 5148 trementem
1467 5106 1720 5146 sermones
1767 5105 1918 5142 meos.

335 5197 482 5263 Quid
524 5205 626 5258 est,
685 5193 1001 5247 Tremeutem
1049 5207 1298 5246 sermones
1344 5188 1521 5242 meos?
1557 5184 1921 5240 Obedientiam

340 5289 436 5342 Dei
468 5286 731 5340 mandatis
752 5301 845 5353 per
866 5286 978 5354 ipsa
1001 5297 1161 5351 opera
1194 5281 1524 5350 implentem,
1549 5275 1690 5346 quod
1721 5283 1774 5329 et
1798 5275 1923 5328 alibi

337 5380 473 5434 dicit
498 5396 512 5430 :
545 5377 730 5431 Beatus
758 5377 841 5446 qui
874 5377 1007 5429 timet
1035 5372 1203 5427 omnia
1229 5380 1428 5441 propter
1461 5372 1697 5438 pietatem
1726 5367 1922 5437 (Prov.

335 5472 430 5524 ‘23.
451 5471 540 5539 Μ)
577 5467 709 5522 Nam
723 5469 894 5530 sinos,
919 5481 1038 5521 cum
1058 5464 1295 5517 videmus
1307 5462 1558 5516 famulum
1580 5460 1667 5530 qui
1682 5459 1925 5514 mandata

340 5568 527 5616 nostra
549 5574 669 5612 cum
684 5557 954 5626 diligentia
987 5557 1278 5624 timoreque
1303 5552 1470 5608 multo
1489 5567 1550 5607 ac
1570 5561 1802 5606 tremore
1824 5550 1925 5604 im-

396 5732 407 5759 ι
445 5726 574 5784 Vox,
589 5721 857 5776 exercintm
878 5721 1252 5785 (στρατόπεδον),
1271 5721 1415 5768 deest
1436 5715 1795 5781 inquibnsdam
1817 5717 1928 5767 lllss.

1329 365 1393 419 IN
1433 361 1581 418 CAP.
1627 355 1816 412 XXIX.
1858 350 2102 408 GENES‘.
2132 350 2358 406 HOMlL.
2400 349 2538 406 LVI.

3458 346 3562 402 £85

1988 463 2135 532 plere
2163 471 2330 530 curat,
2358 463 2621 531 majorem
2639 475 2764 530 erga
2793 460 2939 515 illum
2969 459 3302 514 declaramus
3328 459 3560 514 benevo—

1990 552 2206 609 lentiam
2259 563 2313 608 et
2357 554 2875 609 commiserationem
2915 568 2930 607 :
2977 551 3144 605 multo
3187 552 3353 621 magis
3391 553 3562 605 bonus

1991 647 2244 700 Dominus
2264 662 2390 716 erga
2412 661 2509 702 nos
2529 646 2580 700 id
2605 645 2912 700 declarabit.
2946 645 3172 714 PrOpter
3199 643 3300 697 hoc
3330 643 3558 696 dicebat:

1991 735 2160 805 Super
2187 737 2332 790 illum
2363 737 2626 806 respiciam
2665 744 2979 788 mansuetum
3012 744 3058 787 et
3085 734 3303 802 quietum
3329 774 3343 798 ,
3386 742 3433 786 et
3475 743 3564 785 tre-

1993 839 2202 882 mentem
2220 844 2474 883 sermones
2505 844 2658 882 meos.
2693 827 3004 881 Tremamus
3031 825 3211 895 igitur,
3242 832 3562 886 oro,etcum

1993 931 2184 986 magno
2224 918 2413 973 timore
2443 931 2718 974 sermones
2757 917 2871 985 ejus
2907 916 3253 985 impleamus;
3283 928 3404 966 nam
3448 910 3567 980 ejus

1993 1019 2118 1064 sunt
2142 1024 2416 1064 sermones
2441 1010 2595 1064 nobis
2617 1009 2686 1063 ab
2714 1010 2802 1062 illo
2828 1009 3017 1062 tradita
3042 1006 3288 1060 mandata
3320 1022 3332 1058 :
3367 1013 3562 1058 etcum

1994 1099 2334 1154 didicerimus
2356 1115 2472 1167 the
2497 1099 2574 1152 illi
2599 1098 2838 1167 placent,
2885 1105 2940 1152 et
2966 1112 3084 1166 quae
3127 1096 3332 1164 prohat,
3371 1108 3432 1147 ea
3473 1093 3572 1146 ob-

1997 1208 2200 1257 eamus,
2220 1201 2271 1245 et
2299 1193 2431 1247 tales
2458 1191 2571 1245 fieri
2601 1192 2944 1255 Studeamus;
2975 1190 3230 1258 quietem,
3261 1187 3582 1240 mansuetu-'

1995 1283 2196 1348 dinem,
2224 1283 2573 1336 humilitatem
2600 1296 2844 1351 magnam
2897 1281 3262 1342 cxhibeamus,
3306 1287 3359 1331 et
3387 1276 3567 1330 omnia

1996 1392 2114 1446 qua:
2154 1377 2222 1430 ab
2257 1390 2322 1430 eo
2359 1373 2604 1429 mandata
2648 1385 2919 1427 suntcum
2957 1373 3255 1426 reverentia
3295 1379 3349 1424 et
3385 1370 3576 1421 timore

1997 1468 2516 1537 adimpleamuszut
2571 1480 2692 1519 cum
2737 1464 3042 1533 approbarit
3086 1461 3332 1515 allectum
3382 1458 3576 1512 mentis

1999 1569 2217 1626 nostrae,
2249 1558 2484 1626 placatus
2531 1566 2708 1610 nostra
2739 1553 3061 1616 obedientia,
3107 1551 3370 1618 respicere
3413 1547 3576 1600 etiam

1999 1664 2162 1717 super
2189 1662 2287 1702 nos
2313 1647 2576 1716 dignetur.
2616 1643 2769 1712 Quod
2789 1644 2834 1697 si
2873 1642 3028 1696 nobis
3052 1641 3346 1708 continget,
3380 1636 3579 1690 erimus

2003 1756 2098 1810 per
2124 1739 2300 1794 omnia
2331 1737 2507 1792 securi
2531 1755 2545 1790 :
2579 1736 2707 1790 dicit
2727 1735 2892 1797 enim,
2946 1732 3234 1802 Respiciam
3256 1771 3270 1793 ,
3322 1729 3422 1784 hoc
3449 1738 3530 1782 est
3557 1767 3572 1791 ,

2002 1831 2344 1886 Providentia
2367 1843 2483 1883 mea
2508 1828 2786 1897 dignabor,
2817 1839 3032 1878 manum
3064 1822 3354 1891 porrigam,
3390 1819 3440 1872 in
3460 1833 3576 1872 om-

2004 1921 2160 1974 nibus
2188 1918 2470 1972 auxiliator
2493 1932 2610 1981 ero,
2643 1914 2870 1969 ubertim
2894 1912 2944 1966 in
2976 1926 3097 1966 eum
3129 1925 3301 1963 meam
3349 1906 3580 1962 liberali—

2004 2023 2166 2068 tatem
2184 2010 2515 2080 profundant.
2535 2009 2658 2062 llaec
2674 2008 2829 2077 igitur
2844 2005 3022 2058 omnia
3043 2003 3315 2063 faciamus,
3333 1999 3580 2064 obsecro,

2006 2111 2064 2156 ut
2093 2101 2340 2170 rCSpiciat
2371 2114 2530 2168 super
2563 2115 2661 2152 nos
2690 2097 2974 2160 Dominus,
3028 2109 3132 2162 quo
3167 2099 3221 2145 et
3267 2097 3580 2159 prtescntetn

2007 2195 2167 2248 vitam
2199 2191 2398 2260 absque
2431 2189 2641 2244 tristitia
2677 2187 3027 2255 transigamus
3049 2223 3063 2246 ,
3112 2191 3166 2236 et
3216 2181 3389 2235 futura
3438 2179 3576 2233 bona

2007 2282 2259 2352 consequi
2283 2281 2568 2350 possimus,
2590 2279 2755 2349 gratia
2804 2288 2857 2331 et
2884 2275 3208 2344 benignitate
3251 2270 3453 2325 Domini
3495 2285 3588 2322 no-

2009 2377 2105 2430 stri
2126 2375 2251 2430 Jesu
2272 2373 2488 2438 Christi,
2511 2385 2754 2440 cumquo
2784 2369 2924 2424 Patri
2951 2365 3109 2421 simul
3138 2374 3190 2418 et
3221 2361 3438 2431 Spiritui
3467 2376 3590 2414 san-

2009 2475 2096 2520 cto
2122 2466 2190 2519 sit
2210 2464 2398 2534 gloria,
2427 2461 2730 2530 imperium,
2766 2459 2958 2523 honor,
2990 2471 3129 2511 nunc
3159 2464 3212 2508 et
3241 2467 3451 2520 semper
3472 2492 3488 2518 ,
3531 2458 3588 2504 et

2013 2561 2064 2614 in
2092 2557 2286 2613 saecula
2309 2555 2648 2612 swculorum.
2673 2553 2865 2606 Amen.

2577 2666 2851 2722 HOMILIA
2891 2664 3024 2718 LVI.

2015 2773 2155 2842 Dixit
2179 2779 2343 2824 autem
2370 2765 2527 2820 Iacob
2556 2763 2622 2816 ad
2652 2760 2826 2816 Laban
2853 2777 2872 2814 :
2905 2758 2984 2811 Da
3007 2756 3127 2809 mihi
3150 2767 3357 2808 uxorem
3387 2765 3550 2802 meam
3569 2765 3589 2803 :

2085 2859 2275 2930 impleti
2295 2867 2411 2911 sunt
2437 2859 2570 2908 enim
2595 2853 2722 2916 dies,
2763 2859 2815 2903 ut
2859 2849 3115 2919 ingrediar
3159 2845 3226 2898 ad
3270 2859 3381 2896 eam
3427 2839 3590 2911 (Gen.

2083 2951 2314 3022 29.21).

2089 3047 2140 3098 t.
2170 3043 2293 3097 ﬂeri
2324 3058 2354 3096 a
2377 3038 2660 3095 dilectione
2686 3033 2872 3099 Iacob,
2923 3046 3082 3101 quam
3131 3043 3254 3098 erga
3306 3023 3594 3079 Rachelem

2015 3135 2272 3199 exhibuit,
2300 3133 2366 3187 ad
2396 3131 2542 3186 Pauli
2567 3129 2840 3185 caritatem
2859 3135 2913 3180 et
2936 3121 3350 3192 magnitudinem
3377 3115 3596 3180 amoris,

2016 3242 2175 3297 queui
2204 3239 2328 3293 erga
2355 3221 2624 3277 Christum
2651 3217 2886 3288 gerebat,
2930 3219 3266 3268 transeuntes
3286 3250 3302 3275 ,
3347 3207 3497 3277 quasi
3532 3206 3599 3259 ab

2019 3294 2319 3386 impetuoso
2349 3312 2576 3381 quodam
2612 3315 2848 3363 torrente
2874 3305 3032 3374 rapti,
3081 3317 3186 3354 non
3225 3299 3493 3368 potuimus
3532 3294 3600 3349 ad

2017 3410 2211 3465 seriem
2238 3415 2292 3462 ct
2312 3414 2616 3460 contextum
2642 3398 2905 3455 sermonis
2931 3395 3156 3464 regredi.
3179 3391 3322 3452 Ideo,
3341 3389 3385 3443 si
3407 3389 3597 3457 placet,

2021 3499 2180 3554 hodie
2223 3496 2499 3566 sequentia
2525 3490 2781 3562 aggressi,
2829 3503 2891 3540 ca
2930 3501 3049 3556 quae
3085 3493 3211 3536 tunc
3254 3481 3436 3535 relicta
3479 3490 3602 3533 sunt

2021 3590 2376 3660 impleamus:
2403 3595 2458 3638 ut
2495 3599 2564 3637 ex
2603 3582 2669 3636 iis
2713 3593 2832 3648 qua:
2877 3576 3035 3630 hodie
3080 3573 3325 3627 dicuntur
3356 3576 3602 3639 percepta

2023 3681 2252 3736 utilitate
2299 3677 2494 3746 aliqua,
2529 3674 2746 3728 domum
2776 3676 3105 3738 repetamus.
3141 3664 3298 3732 Igitur
3326 3669 3604 3730 pestquam

2023 3772 2274 3841 impletus
2293 3777 2376 3823 est
2401 3776 2604 3836 septem
2633 3776 2894 3817 annorum
2925 3771 3200 3820 numerus,
3250 3752 3342 3807 ΞΟ.
3390 3750 3458 3804 Et
3498 3753 3605 3820 fue-

2024 3872 2161 3926 runt,
2188 3862 2374 3930 inquit,
2405 3872 2574 3911 coram
2594 3854 2756 3908 Iacob
2777 3852 2918 3922 quasi
2949 3850 3057 3902 dies
3079 3847 3229 3918 pauci
3260 3853 3340 3899 tot
3368 3843 3491 3897 anni
3541 3841 3602 3894 ob

2023 3953 2210 4006 amoris
2235 3949 2614 4013 vehementiam,
2662 3947 2752 4000 ﬁt.
2786 3943 2913 3998 dixit
2956 3941 3024 3994 ad
3067 3939 3246 3991 Laban
3295 3951 3314 3990 :
3359 3933 3443 3987 Da
3484 3933 3608 3987 mihi

2024 4061 2232 4100 uxorem
2256 4059 2417 4096 meam
2444 4057 2462 4095 :
2488 4039 2681 4110 impleti
2701 4038 2836 4092 enim
2859 4045 2974 4089 sunt
2999 4034 3105 4086 dies
3123 4031 3238 4093 mei,
3269 4040 3324 4082 ut
3349 4026 3609 4096 ingrediar

2029 4138 2096 4190 ad
2127 4153 2256 4190 eant.
2285 4134 2374 4187 ‘22.
2410 4129 2743 4202 Congregavit
2764 4137 2930 4180 autem
2958 4123 3132 4177 Laban
3163 4135 3334 4176 omnes
3368 4119 3501 4170 viros
3531 4115 3610 4168 lo-

2025 4230 2092 4294 ci,
2122 4237 2166 4280 et
2194 4225 2308 4298 fecit
2337 4226 2560 4292 nuptias.
2585 4221 2674 4276 9.5.
2699 4219 2762 4273 Et
2791 4220 2979 4289 factum
3008 4225 3078 4268 est
3101 4226 3320 4283 vespere,
3345 4219 3389 4262 et
3414 4205 3604 4275 accepit

2026 4297 2204 4375 Laban
2228 4317 2375 4370 Liam
2411 4315 2572 4384 ﬁliam
2594 4329 2761 4375 suam,
2792 4307 3170 4375 introduxitque
3196 4319 3305 4356 eam
3331 4301 3397 4353 ad
3423 4297 3605 4351 Jacob.

2099 4412 2164 4465 In
2194 4411 2446 4464 satanicas
2471 4407 2762 4477 nuptiarum
2794 4417 3004 4472 pompas
3027 4396 3294 4451 invehitur.
3314 4421 3384 4432 --
3417 4389 3618 4444 Vidisti.

2028 4521 2146 4557 cum
2175 4512 2369 4572 quanta
2398 4498 2522 4552 olim
2569 4497 2848 4549 honestate
2880 4489 3089 4558 nuptias
3130 4482 3369 4555 egerint?
3417 4478 3610 4532 Audite

2027 4597 2114 4666 qui
2148 4592 2410 4648 satanieas
2434 4601 2655 4658 pompas
2682 4579 3039 4643 admiramini,
3070 4586 3123 4631 ct
3153 4573 3332 4628 statim
3361 4572 3429 4624 ah
3455 4568 3612 4623 initio

2030 4663 2330 4755 nuptiarum
2357 4683 2688 4736 honestatem
2717 4674 2979 4729 dedecore
3019 4667 3247 4722 afficitis.
3300 4663 3435 4718 Num
3484 4670 3611 4716 tunc

2031 4751 2206 4833 tibim?
2236 4790 2360 4829 num
2388 4780 2515 4826 tunc
2544 4766 2821 4839 cymbala?
2858 4777 2982 4817 num
3022 4768 3147 4814 tunc
3185 4757 3395 4810 chorem
3423 4751 3612 4807 diabo-

2029 4869 2178 4926 licze?
2209 4868 2384 4936 Quare
2407 4863 2574 4931 enim,
2603 4861 2688 4915 dic
2717 4858 2870 4924 mihi,
2900 4864 3103 4909 tantum
3135 4850 3316 4907 statim
3344 4848 3412 4902 ab
3461 4845 3610 4900 initio

2029 4965 2281 5019 damnum
2325 4957 2536 5014 inducis
2586 4956 2636 5009 in
2679 4953 2896 5008 domum
2952 4957 3134 5009 tuam,
3179 4953 3231 4998 et
3273 4955 3366 4997 eos
3411 4939 3498 5011 qui
3551 4937 3600 4990 in

2031 5055 2206 5112 scenis
2234 5061 2290 5107 et
2319 5046 2610 5104 orchestris
2641 5057 2860 5114 operam
2883 5039 3060 5094 locant
3086 5049 3263 5098 vocas,
3291 5039 3347 5084 ut
3377 5044 3496 5081 cum
3533 5025 3614 5079 in-

2034 5147 2350 5218 tempestivo
2384 5149 2597 5210 sumptu
2641 5135 2861 5207 virginis
2898 5131 3061 5186 laedas
3100 5121 3480 5182 continentiam
3505 5158 3518 5180 ,
3563 5128 3616 5172 et

2028 5211 2278 5311 juvenem
2308 5231 2755 5304 impudentiorem
2777 5224 2980 5280 facias?
3004 5215 3248 5288 Optabile
3277 5211 3419 5266 enim
3445 5218 3498 5263 et
3526 5223 3611 5261 ar-

2032 5309 2194 5390 duum
2220 5339 2356 5395 erat,
2382 5327 2584 5395 absque
2628 5322 2730 5376 illis
2759 5314 3028 5371 fomitibus
3072 5309 3215 5363 illam
3264 5311 3474 5355 nitatem
3524 5314 3616 5369 po-

2036 5427 2196 5481 tnisse
2219 5394 2654 5476 inoderateferre
2678 5413 3045 5476 tempestatem
3077 5394 3411 5450 aﬂ'ectionum
3445 5409 3458 5444 :
3491 5403 3610 5443 cum

2034 5526 2209 5572 autem
2261 5521 2316 5568 et
2364 5509 2480 5564 hare
2524 5503 2797 5563 accedant,
2851 5508 2956 5548 tam
2999 5507 3117 5562 quae
3163 5487 3432 5549 videntur,
3458 5496 3616 5552 quam

2035 5625 2153 5682 qua:
2192 5603 2499 5662 audiuntur,
2523 5597 2647 5651 dum
2677 5590 2849 5659 majus
2874 5583 3179 5642 accenditur
3207 5576 3508 5634 incendium
3529 5613 3542 5638 ,
3565 5583 3617 5626 et

2041 5675 2226 5759 fernax
2275 5684 2824 5761 concupiscentiarum
2854 5678 3019 5750 magis
3051 5675 3435 5734 inﬂammatur,
3478 5685 3613 5736 quo-
