3974 6426
481 364 578 422 ιιι-ι

483 480 643 535 modo
664 495 769 535 non
799 494 1013 552 pessum
1058 481 1100 536 it
1143 480 1495 539 adolescentis
1521 485 1738 540 anima?
1764 485 1898 540 llinc
1922 488 2063 540 enim

480 573 657 627 omnia
681 580 906 641 pereunt
929 581 984 628 ct
1007 571 1452 645 corrumpuntur:
1481 573 1604 646 quia
1633 575 1704 631 ab
1725 575 1876 630 initio
1905 575 2061 631 casti-

488 663 571 713 tas
588 671 773 712 eorum
798 657 888 728 qui
920 659 1058 713 inter
1076 673 1136 714 se
1153 661 1464 714 eonventuri
1487 667 1610 715 sunt
1636 669 1994 730 oppugnatur,
2013 667 2066 714 et

479 757 622 815 saepe
641 746 812 816 primo
823 747 910 803 die
925 747 1158 817 juvenis,
1185 748 1354 803 oculis
1376 748 1562 804 videns
1587 749 2060 814 incontinentibus,

477 837 587 892 tolo
610 839 872 895 diabolico
899 840 952 895 in
979 841 1156 895 anin'ta
1186 841 1498 896 vulneratur
1523 858 1537 894 :
1569 848 1622 895 et
1651 841 1821 910 puclla
1863 855 1958 910 per
2000 855 2062 894 ea

471 946 595 1001 qua:
616 931 762 984 audit
788 941 846 987 et
872 931 1018 987 videt
1043 932 1252 1002 captiva
1283 931 1358 996 fit,
1387 943 1441 987 ct
1461 931 1528 985 ab
1553 946 1618 986 co
1636 931 1725 986 die
1747 942 1929 1000 postea
1944 946 2063 986 cre-

477 1030 628 1075 scunt
656 1021 894 1087 vulnera,
917 1023 1197 1092 majusque
1221 1023 1277 1077 fit
1300 1023 1517 1078 malum.
1549 1022 1760 1078 Etenim
1782 1023 1924 1077 illinc
1947 1033 2060 1076 sta-

475 1111 568 1164 tim
595 1121 652 1166 et
693 1120 933 1167 mutuam
957 1114 1302 1168 concordiam
1331 1113 1666 1182 dilacerant,
1711 1123 1766 1168 et
1821 1130 2058 1168 amorem

471 1199 772 1257 debilitant.
796 1203 1023 1271 Quando
1042 1204 1186 1258 enim
1212 1204 1300 1259 ille
1327 1212 1562 1259 mentem
1589 1204 1654 1258 ad
1686 1205 1845 1258 aliam
1874 1205 2055 1270 vertit,

471 1295 596 1349 hinc
625 1305 678 1349 et
705 1295 830 1352 inde
858 1295 1103 1351 dividens
1131 1297 1388 1362 animum,
1411 1311 1440 1350 a
1463 1296 1676 1350 diabolo
1699 1297 1814 1366 ipso
1841 1295 2052 1362 ductus,

471 1385 636 1439 multa
664 1385 1020 1443 amaritudine
1059 1388 1276 1442 domum
1317 1387 1518 1457 implet.
1565 1387 1714 1453 Quod
1763 1389 1808 1442 si
1864 1397 1918 1442 et
1966 1388 2054 1442 illa

468 1477 794 1546 comperitur
822 1478 892 1531 ita
913 1477 1101 1533 affecta
1131 1493 1273 1545 esse,
1304 1494 1368 1533 ex
1391 1478 1522 1548 ipsis
1547 1478 1903 1533 fundamentis
1931 1493 2054 1532 om-

469 1566 578 1635 nia,
608 1577 665 1623 ut
693 1569 764 1623 ita
792 1569 967 1625 dicam
990 1611 1004 1636 ,
1057 1569 1477 1626 subvertantur:
1510 1579 1694 1640 postea
1721 1569 1856 1625 alter
1885 1569 1952 1624 ab
1975 1571 2052 1624 alo

468 1667 584 1712 tero
621 1661 937 1726 occultatur,
980 1668 1034 1715 et
1070 1663 1160 1720 ille
1213 1661 1426 1730 quidem
1471 1662 1765 1730 suspiciose
1805 1661 2054 1714 observat

469 1765 712 1819 uxorem,
741 1763 798 1808 ct
846 1753 1091 1807 similiter
1117 1751 1205 1805 illa
1234 1753 1427 1806 virum.
1455 1753 1631 1821 Atque
1656 1752 1742 1807 ubi
1772 1753 2052 1822 oportebat

463 1845 804 1899 concordiam
853 1861 973 1900 esse
1011 1855 1066 1902 et
1101 1846 1364 1916 copulam,
1398 1845 1594 1916 quippe
1623 1846 1888 1902 debebant
1929 1861 2051 1902 esse

460 1950 587 1990 caro
627 1950 731 1990 una
761 1935 962 2005 (Erunt
991 1938 1155 2005 cnim,
1203 1938 1393 2008 inquit,
1433 1937 1534 1992 duo
1573 1938 1626 1992 in
1666 1954 1868 1992 carnem
1895 1954 2051 1992 unum

459 2023 624 2099 [Gem
650 2027 705 2080 2.
727 2025 879 2099 24]).
919 2027 970 2082 hi
1000 2028 1053 2082 in
1083 2038 1226 2084 tanta
1260 2029 1448 2084 vivunt
1485 2029 1852 2093 dissensione.
1895 2030 2046 2100 quasi

459 2115 686 2186 sejuncti
730 2127 932 2172 essent.
966 2119 1218 2174 Diabolus
1241 2120 1389 2175 enim
1418 2120 1795 2190 subingressus
1844 2128 2046 2174 tantam

458 2209 510 2260 in
541 2207 620 2261 eis
649 2208 940 2277 perniciem
968 2219 1242 2279 operatur,
1269 2219 1328 2265 ut
1349 2211 1670 2281 quotidiana:
1693 2227 1886 2282 pugnae
1907 2212 2047 2267 inter

459 2312 554 2352 eos
581 2310 871 2354 nascantur
890 2310 944 2356 et
965 2315 998 2356 a
1023 2302 1180 2356 malis
1210 2317 1500 2373 numquam
1529 2303 1761 2358 habeant
1783 2305 2040 2374 quietem.

453 2389 593 2458 Quid
637 2390 783 2446 cnim
825 2393 946 2464 quis
989 2392 1183 2450 dixerit
1211 2395 1479 2465 quomodo
1530 2407 1714 2465 postea
1756 2411 1785 2448 a
1828 2396 2042 2451 famulis

451 2490 886 2550 contemnantur,
916 2485 1183 2553 quomodo
1224 2502 1256 2542 a
1294 2487 1483 2542 vicinis
1522 2487 1824 2554 rideantur,
1879 2504 2039 2560 quam

449 2572 598 2628 fueda'
615 2575 950 2644 operentur?
978 2575 1113 2631 Nam
1139 2576 1277 2632 sicut
1306 2577 1519 2648 quando
1545 2579 1926 2649 gubernatores
1956 2580 2038 2634 in.

448 2678 529 2721 ter
557 2682 617 2723 se
641 2667 922 2735 dissident,
949 2671 1112 2725 etiam
1135 2671 1222 2741 qui
1241 2673 1362 2726 navi
1384 2672 1672 2738 vehuntur,
1703 2688 1804 2726 una
1826 2673 2040 2742 pericli-

449 2766 649 2824 tantur,
675 2771 740 2812 ae
769 2758 958 2814 timent
985 2774 1052 2814 nc
1074 2776 1198 2814 cum
1235 2762 1356 2816 navi
1381 2763 1792 2832 submergantur
1819 2781 1832 2817 :
1864 2765 1934 2818 ita
1981 2772 2037 2819 et

448 2849 552 2915 hie,
583 2849 628 2903 si
656 2847 934 2905 discordes
978 2850 1087 2906 sint
1115 2853 1273 2908 viret
1315 2853 1532 2920 mulier,
1577 2869 1913 2924 consequens
1952 2864 2036 2910 est

445 2955 635 2995 omnes
662 2942 753 3013 qui
785 2940 929 3012 apud
976 2942 1097 2998 illos
1121 2951 1250 2998 sunt
1281 2945 1565 3016 participes
1593 2960 1714 3000 esse
1741 2946 2026 3001 malorum.

447 3033 740 3102 Propterea
766 3047 864 3089 oro
892 3043 949 3088 ut
973 3032 1090 3090 luce
1119 3035 1296 3090 omnia
1323 3036 1706 3107 pragvidentcs,
1753 3047 2035 3093 consuetu-

441 3126 622 3182 dinem
645 3143 714 3183 ne
741 3129 1041 3184 sectemini.
1072 3128 1197 3184 Scio
1216 3130 1363 3185 enim
1385 3130 1582 3186 multos
1605 3142 1884 3203 receptum
1909 3147 2029 3187 mo-

441 3233 555 3274 rem
580 3219 894 3285 obtendere,
920 3235 1092 3291 neque
1119 3220 1380 3290 patienter
1421 3220 1563 3277 ferre
1590 3235 1646 3277 ut
1674 3221 1790 3278 hmo
1815 3239 1846 3278 a
1875 3223 2032 3279 nobis

438 3311 684 3366 dicantur
709 3327 723 3365 :
752 3319 991 3368 attamen
1015 3325 1236 3368 necesse
1261 3325 1344 3369 est
1367 3321 1424 3368 ut
1449 3328 1548 3369 nos
1571 3314 1717 3369 utilia
1745 3314 1992 3372 dicamus
2008 3355 2025 3382 ,

440 3409 634 3474 etquae
664 3403 792 3459 illos-
835 3418 865 3458 a
909 3402 1089 3460 futuro
1115 3405 1379 3476 supplicio
1427 3405 1676 3462 liberent.
1727 3405 1830 3462 Ubi
1880 3407 2028 3461 enim

440 3501 649 3550 tantum
669 3497 863 3551 anima:
889 3495 1165 3562 damnum,
1197 3512 1300 3568 qua
1327 3497 1396 3553 de
1437 3512 1598 3553 causa
1639 3498 1776 3553 mihi
1799 3513 2025 3554 consuc-

435 3586 673 3641 tudinem
696 3596 1000 3656 prtetexere
1018 3588 1224 3644 audes?
1254 3589 1393 3644 Ecce
1419 3591 1562 3645 enim
1587 3599 1643 3646 et
1666 3591 1878 3660 egotibi
1890 3606 2024 3647 con-

433 3677 770 3732 suetudinem
796 3679 1074 3735 meliorem
1100 3680 1318 3750 objicio,
1351 3698 1471 3752 qua:
1486 3684 1626 3754 apud
1655 3693 1870 3740 veteres
1881 3697 2021 3753 crat,

433 3767 648 3836 quando
672 3769 909 3823 nondum
937 3777 1083 3828 tanta
1114 3772 1214 3842 pia:
1239 3773 1514 3844 religionis
1539 3783 1656 3831 erat
1700 3777 1921 3847 agnitio.
1955 3778 2025 3834 Et

434 3874 501 3912 ne
525 3858 727 3928 justum
759 3859 845 3915 hic
865 3860 1031 3918 Jacob
1060 3871 1272 3918 tantum
1310 3865 1532 3937 cogites,
1586 3867 1680 3922 sed
1731 3878 1786 3922 et
1836 3867 2019 3925 Laban

431 3952 606 4010 adhuc
649 3955 916 4011 idolorum
955 3957 1122 4013 cultui
1152 3957 1414 4028 deditum,
1461 3975 1561 4017 nec
1611 3962 1693 4017 vel
1742 3963 2020 4019 minimam

429 4061 571 4101 verae
601 4047 873 4116 religionis
898 4049 1141 4106 notitiam
1172 4051 1480 4119 habentem,
1528 4062 1584 4109 et
1608 4062 1784 4110 tamen
1815 4065 2016 4111 tantam

430 4150 540 4205 pra:
567 4149 625 4190 se
646 4137 901 4192 ferentem
929 4139 1344 4211 philosomtiam.
1396 4142 1580 4213 Neque
1603 4145 1748 4200 enim
1775 4145 1890 4200 haec
1919 4145 2017 4200 ho-

429 4237 610 4282 nestas
632 4228 748 4300 ejus
800 4239 938 4298 erat,
997 4231 1089 4302 qui
1132 4232 1393 4288 ducturus
1439 4235 1691 4304 puellam,
1721 4237 1818 4291 sed
1847 4239 2017 4308 patris

424 4335 544 4376 eam
574 4321 853 4376 tradentis.
879 4321 1003 4378 Ideo
1030 4332 1085 4378 ct
1112 4323 1259 4379 illum
1282 4325 1382 4382 feci
1419 4341 1746 4396 sermonem,
1795 4344 1899 4384 non
1946 4331 2013 4386 ad

421 4424 648 4480 sponsos
672 4421 876 4468 tantum
904 4423 1153 4484 spectans
1183 4425 1442 4486 quantum
1462 4419 1527 4473 ad
1567 4429 1836 4488 parentes,
1863 4432 1915 4477 et
1945 4422 2013 4478 ad

424 4512 626 4570 patrem
643 4505 733 4576 qui
752 4505 1009 4576 virginem
1037 4507 1196 4562 locat.
1225 4507 1508 4575 Quomodo
1532 4512 1674 4565 enim
1701 4527 1806 4567 non
1827 4513 2015 4569 absur-

421 4594 546 4648 dum
567 4636 584 4662 ,
616 4599 661 4650 si
715 4611 815 4652 nos
851 4598 942 4668 qui
975 4608 1176 4653 tantam
1207 4602 1512 4672 accepimus
1559 4603 2005 4673 misericordiam,

418 4693 474 4738 et
516 4694 622 4739 tam
669 4688 988 4744 terribilium
1041 4690 1498 4764 ineﬂ'abiliumque
1547 4708 2006 4753 sacramentorum

416 4775 706 4845 participes
734 4795 938 4848 sumus,
971 4783 1144 4838 hacin
1169 4800 1231 4839 re
1260 4785 1542 4842 inferiores
1568 4788 1734 4845 simus
1765 4789 2003 4859 Labano,

419 4869 516 4940 qui
538 4871 702 4924 cultui
735 4872 996 4928 idolorum
1020 4876 1194 4933 adhuc
1215 4887 1329 4933 erat
1356 4881 1608 4938 deditus?
1633 4886 1825 4941 Annon
1850 4887 2007 4942 audis

414 4957 639 5016 Pauium
667 4961 933 5018 dicentem
964 4979 1358 5028 sacramentum
1385 4987 1506 5030 esse
1546 4976 1760 5046 nuptias
1794 4989 1849 5032 et
1872 4979 2006 5034 ima-

413 5053 591 5122 ginem
616 5052 922 5110 dilectionis
946 5055 1164 5126 Christi,
1197 5077 1355 5131 quam
1387 5080 1511 5134 erga
1553 5066 1850 5124 Ecclesiam
1897 5085 2001 5125 ex-

418 5143 588 5200 hibuit
621 5144 844 5218 (Ephes.
874 5149 927 5204 5.
955 5148 1089 5222 52)?
1115 5151 1192 5206 Ne
1221 5153 1378 5224 igitur
1403 5158 1793 5218 confundamus
1817 5164 2000 5235 nosip-

417 5251 528 5304 sos,
561 5249 615 5294 et
641 5238 976 5298 honestatem
1005 5247 1310 5315 nuptiarum
1336 5265 1762 5321 corrumpamus.
1794 5257 1925 5316 Nam
1953 5264 1996 5317 si

415 5327 628 5396 quidem
679 5331 879 5389 bonum
930 5345 984 5390 et
1030 5337 1163 5394 utile
1201 5338 1363 5397 fuerit
1411 5346 1691 5402 consilium
1721 5389 1737 5416 ,
1786 5353 1992 5410 etiamsi

411 5431 518 5472 non
547 5419 618 5474 sit
642 5427 994 5496 consuetudo,
1022 5429 1113 5485 fiat
1139 5445 1152 5485 :
1183 5432 1266 5487 sin
1294 5433 1614 5492 damnosum
1646 5448 1701 5495 et
1727 5445 1993 5511 pernicio-

409 5520 529 5563 sum
550 5520 633 5566 est
659 5511 710 5566 id
732 5518 873 5584 quod
890 5533 922 5572 a
949 5523 1099 5578 vobis
1125 5523 1377 5596 efficitur,
1412 5530 1624 5587 etiamsi
1655 5540 1992 5593 consuetudo

407 5599 808 5698 sit,rejiciatur.
839 5608 974 5665 Nam
1021 5614 1066 5668 si
1121 5616 1221 5672 hoc
1247 5620 1640 5693 adn‘tiserimus,
1687 5638 1742 5684 et
1788 5629 1895 5698 fur,
1939 5643 1990 5687 et

409 5688 636 5757 adulter,
668 5703 725 5749 et
748 5705 1088 5766 quantumvis
1131 5708 1300 5764 malus
1325 5712 1497 5782 alius,
1543 5688 1987 5778 consuetudinem

404 5779 661 5838 obtendet
686 5805 699 5845 ;
723 5799 777 5840 at
807 5789 1011 5848 nullum
1043 5795 1169 5851 hinc
1197 5799 1298 5854 illis
1330 5779 1532 5861 lucrum
1563 5819 1644 5866 cst
1671 5813 1751 5868 vcl
1783 5817 1936 5872 venia
1962 5861 1977 5886 ,

1215 367 1270 424 S.
1309 365 1586 426 JOANNIS
1615 366 2088 426 CHRYSOSTOMI
2128 366 2444 431 ARCﬂlEP.
2484 371 3022 443 CONSTANTINOP.

3669 402 3768 462 £88

2173 487 2273 547 sed
2303 490 2474 560 major
2499 495 2679 563 potius
2703 503 2995 570 accusatio,
3027 501 3174 577 quod
3196 509 3393 568 malam
3421 521 3764 578 consuetudi-

2171 593 2292 634 nem
2324 596 2580 652 superare
2604 603 2712 644 non
2745 592 3037 652 valuerint.

2237 671 2291 726 2.
2333 672 2390 729 Si
2429 677 2572 732 enim
2612 681 2936 741 voluerimus
2968 688 3201 759 vigilare,
3229 701 3284 748 et
3327 710 3518 753 curam
3563 697 3761 760 habere

2169 772 2365 818 nostrae
2388 766 2596 836 salutis,
2626 783 2910 841 possumus
2935 782 2991 832 et
3023 793 3053 833 a
3080 782 3216 837 mala
3245 789 3643 846 consuetudine
3666 793 3760 848 de-

2165 853 2380 922 sistere,
2418 868 2473 913 et
2513 861 2564 913 in
2609 861 2800 919 bonam
2845 872 3286 928 consuetudinem
3329 892 3428 932 nos
3454 879 3757 940 reducere:

2165 947 2352 1018 sicque
2381 955 2608 1020 posteris
2637 957 2835 1013 nostris
2863 975 2968 1016 non
3001 978 3216 1033 parvam
3245 966 3491 1028 dabimus
3520 977 3760 1032 occasio-

2164 1053 2286 1093 nem
2313 1041 2498 1097 eadem
2540 1045 2800 1114 imitandi,
2831 1059 2887 1105 et
2914 1054 3242 1123 accipiemus
3275 1061 3437 1115 etiam
3480 1079 3582 1120 nos
3611 1082 3759 1123 mer-

2161 1130 2346 1225 cedem
2373 1149 2558 1191 eorum
2594 1154 2712 1209 qua:
2753 1141 2821 1197 ab
2852 1143 2919 1198 iis
2947 1157 3198 1216 aguntur.
3240 1149 3374 1206 Nam
3417 1155 3509 1225 qui
3543 1158 3755 1215 initium

2161 1223 2314 1280 bona:
2343 1228 2442 1282 via:
2468 1231 2714 1300 praabuit,
2749 1233 2836 1290 hic
2881 1249 3068 1294 auctor
3105 1251 3184 1296 est
3213 1257 3400 1298 eorum
3437 1223 3566 1317 qua:
3605 1260 3660 1306 et
3685 1253 3755 1310 ab

2158 1317 2278 1372 aliis
2309 1328 2453 1376 recte
2478 1322 2630 1387 fiunt.
2659 1338 2714 1381 et
2741 1327 3005 1398 duplicem
3030 1334 3252 1404 recipiet
3278 1339 3609 1408 mercedem,
3643 1351 3750 1398 tam

2160 1423 2257 1476 pro
2288 1411 2352 1465 iis
2381 1427 2501 1482 quae
2541 1414 2656 1484 ipse
2699 1427 2844 1473 recte
2889 1419 3036 1488 facit,
3081 1438 3240 1494 quam
3283 1427 3478 1496 quibus
3512 1429 3648 1486 alios
3696 1433 3751 1488 in

2157 1501 2411 1570 optimam
2452 1505 2593 1560 illam
2618 1507 2820 1564 inducit
2862 1511 3280 1584 philosophiam.
3310 1515 3388 1573 Ne
3415 1523 3745 1588 prtetexatis,

2153 1591 2400 1659 obsecro,
2435 1594 2620 1666 frigida
2649 1606 2704 1652 et
2731 1600 2951 1655 ridicula
2978 1604 3139 1659 verba
3169 1605 3305 1674 lucc,
3338 1608 3584 1666 dicentes
3612 1613 3743 1684 legi-

2155 1683 2279 1737 tima
2312 1686 2554 1753 quadam
2592 1703 2713 1744 esse
2749 1690 2885 1760 hzec,
2927 1703 2981 1749 et
3023 1705 3302 1766 propterea
3331 1699 3542 1770 impleri
3583 1683 3747 1773 oper--

2154 1783 2285 1830 tere.
2314 1775 2430 1832 Non
2454 1781 2594 1834 enim
2619 1780 2734 1839 lucc
2751 1784 3042 1855 legitimum
3071 1790 3269 1845 faciunt
3293 1794 3626 1864 conjugium,
3647 1797 3741 1852 sed

2149 1869 2193 1922 si
2223 1871 2512 1928 secundum
2540 1873 2683 1945 leges
2714 1876 2804 1932 Dei
2837 1893 2956 1932 cum
2985 1881 3229 1938 castitate
3256 1893 3309 1938 et
3336 1883 3622 1943 honestate
3654 1887 3740 1943 fiat

2149 1973 2466 2032 conventus,
2511 1978 2566 2022 et
2593 1968 2638 2022 si
2669 1969 2954 2025 concordia
2998 1987 3188 2043 magna
3232 1975 3546 2032 cohaereant
3585 1978 3619 2032 ii
3650 1979 3736 2049 qui

2148 2053 2492 2109 conveniunt.
2535 2057 2810 2114 Noverunt
2850 2061 2950 2116 hoc
2976 2063 3141 2118 etiam
3191 2075 3429 2122 externa:
3459 2065 3608 2139 leges
3641 2086 3655 2123 :
3685 2079 3736 2126 et

2146 2144 2333 2201 audies
2374 2161 2488 2212 eos,
2534 2151 2624 2219 qui
2678 2151 2763 2206 his
2805 2153 3142 2222 studuerunt,
3187 2155 3387 2224 dicere,
3427 2160 3732 2229 conjugium

2146 2235 2278 2290 nihil
2306 2237 2450 2293 aliud
2489 2241 2816 2298 constituere
2840 2259 3002 2314 quam
3034 2247 3502 2304 consuetudinem.
3532 2249 3611 2306 Nc
3641 2250 3732 2322 igi-

2145 2337 2231 2385 tur
2258 2330 2466 2388 divinas
2493 2333 2639 2406 leges
2676 2351 2798 2392 cum
2828 2336 3077 2394 humanis
3124 2341 3603 2411 transgrediuntur,
3636 2358 3732 2400 nec

2144 2423 2494 2492 praeferamus
2537 2427 2826 2485 diabolicas
2878 2430 3023 2502 leges
3087 2441 3142 2487 et
3191 2434 3547 2502 perniciosam
3597 2437 3732 2496 hanc

2139 2518 2581 2574 consuetudinem
2613 2538 2626 2574 :
2657 2520 2800 2576 illius
2820 2524 2965 2577 enim
2993 2523 3078 2579 lex
3105 2535 3228 2580 sunt
3256 2525 3395 2594 haec,
3417 2529 3509 2598 qui
3536 2529 3730 2600 gaudet

2138 2606 2205 2661 de
2226 2607 2444 2664 interitu
2473 2621 2677 2667 nostro.
2711 2612 2851 2681 Quid
2888 2615 3047 2685 igitur
3074 2615 3175 2671 hac
3195 2619 3588 2676 consuetudine
3616 2637 3728 2678 ma-

2135 2699 2216 2771 gis
2241 2701 2547 2767 ridiculum,
2585 2705 2800 2775 quando
2824 2707 2906 2761 vir
2947 2717 3004 2763 et
3043 2725 3184 2764 uxor
3213 2711 3512 2768 innumeris
3543 2715 3731 2769 convi-

2135 2791 2233 2847 ciis
2253 2803 2309 2848 et
2337 2795 2644 2851 scommatis
2662 2810 2694 2850 a
2720 2797 2891 2853 servis
2911 2799 3217 2870 nulliusque
3239 2802 3394 2872 pretii
3424 2803 3729 2860 hominibus

2136 2885 2494 2954 incessantur,
2523 2902 2586 2943 ac
2612 2903 2770 2944 nemo
2797 2891 2995 2962 estqui
3027 2891 3307 2962 increpet:
3336 2895 3432 2950 sed
3459 2895 3588 2952 licet
3613 2898 3727 2951 cui-

2135 2977 2214 3031 vis
2239 2977 2439 3034 volenti
2468 2979 2534 3034 ad
2567 2996 2844 3052 vesperam
2875 2985 3053 3039 omnia
3089 2985 3255 3056 loqui,
3297 2997 3353 3043 et
3380 2990 3624 3044 convicia
3649 2991 3728 3059 ja-

2130 3084 2256 3126 cere
2284 3070 2336 3126 in
2380 3086 2634 3142 sponsum
2662 3083 2718 3131 et
2745 3077 3041 3146 sponsam?
3070 3077 3138 3133 Et
3183 3080 3236 3133 in
3265 3080 3371 3134 alio
3399 3080 3491 3136 die
3532 3083 3578 3136 si
3606 3082 3724 3153 quis

2129 3171 2418 3220 conaretur
2441 3163 2513 3219 ita
2542 3165 2742 3221 salibus
2771 3167 3042 3236 mordere,
3083 3169 3498 3239 periclitaretur,
3524 3171 3594 3227 ad
3633 3173 3728 3228 tri-

2132 3253 2290 3309 bunal
2320 3255 2679 3313 abduceretur
2703 3266 2757 3314 et
2788 3259 3064 3329 puniretur
3089 3278 3103 3315 :
3133 3269 3260 3317 tunc
3296 3273 3475 3319 autem
3506 3264 3724 3334 quando

2129 3343 2411 3412 plurimam
2455 3348 2737 3416 oportebat
2775 3363 2896 3406 esse
2935 3353 3312 3420 reverentiam,
3351 3353 3724 3428 majorcmque

2129 3435 2464 3492 honestatem
2493 3447 2551 3494 et
2575 3441 2896 3508 castitatem,
2930 3451 3074 3498 tanta
3102 3443 3456 3501 obscenitate
3485 3447 3723 3518 implen-

2128 3535 2216 3582 tur
2249 3529 2429 3584 omnia
2475 3529 2587 3597 illa,
2645 3542 2701 3587 ut
2733 3533 3009 3603 probabile
3051 3536 3122 3591 sit
3161 3535 3377 3592 diabolo
3417 3536 3558 3596 duce
3605 3539 3724 3596 htec

2126 3618 2304 3673 omnia
2336 3619 2550 3675 inventa
2577 3636 2717 3679 esse.
2748 3623 2946 3679 Verum
2963 3641 3032 3681 ue
3060 3642 3204 3698 aegre
3228 3629 3431 3695 feratis,
3456 3645 3556 3686 oro
3577 3649 3591 3686 :
3612 3647 3721 3686 non

2123 3709 2268 3765 enim
2294 3711 2499 3782 absque
2517 3729 2682 3770 causa
2702 3715 2756 3771 in
2781 3716 2921 3773 hunc
2935 3733 3239 3776 sermonem
3261 3721 3486 3792 digressi
3508 3740 3719 3793 sumus,

2124 3799 2221 3855 scd
2267 3815 2450 3857 curam
2483 3803 2690 3862 habens
2735 3815 2928 3862 vestrae
2947 3809 3135 3865 salutis
3162 3821 3218 3868 et
3249 3811 3577 3883 honestatis,
3610 3817 3716 3873 vcl-

2123 3891 2229 3948 lem
2255 3894 2509 3964 optimam
2545 3897 2682 3953 hanc
2709 3900 3056 3957 mutationem
3085 3902 3218 3971 fieri,
3269 3920 3471 3976 vosque
3497 3911 3714 3979 optima

2122 3985 2282 4056 hujus
2302 3990 2708 4046 consuetudinis
2737 4007 2858 4050 esse
2883 3994 3067 4051 duces.
3109 3996 3245 4052 Nam
3273 3999 3319 4054 si
3362 4001 3536 4057 solum
3567 4005 3710 4073 prin—

2118 4079 2317 4150 cipium
2342 4089 2398 4136 et
2425 4082 2508 4138 via
2537 4083 2630 4139 fiat
2657 4087 2856 4156 operis,
2892 4089 3146 4157 paulatim
3195 4107 3302 4148 uno
3333 4095 3564 4151 alterum
3595 4097 3706 4153 lau-

2119 4171 2280 4227 dabili
2294 4172 2394 4228 hac
2406 4177 2747 4233 aemulatione
2773 4181 3081 4251 aemulante,
3096 4199 3286 4242 omnes
3299 4187 3608 4245 laudatores
3621 4189 3716 4247 ha-

2116 4263 2310 4320 hebitis
2326 4286 2340 4322 :
2355 4277 2403 4321 et
2420 4283 2524 4324 non
2543 4275 2744 4324 tantum
2759 4272 2849 4342 qui
2867 4271 3135 4332 civitatem
3151 4277 3407 4346 incolunt,
3427 4281 3708 4338 imitabuno

2116 4362 2202 4412 tur
2217 4357 2472 4427 Optimam
2497 4361 2632 4415 hanc
2651 4361 3046 4420 innovationem
3063 4408 3080 4434 ,
3111 4368 3206 4424 sed
3223 4380 3277 4426 et
3291 4386 3388 4427 eos
3406 4373 3497 4442 qui
3528 4375 3714 4444 procul

2114 4445 2352 4504 habitant
2396 4451 2764 4520 conciliabitis,
2817 4463 2872 4510 et
2918 4456 3216 4516 imitatores
3256 4471 3470 4519 vestros
3507 4466 3709 4521 conSti-

2115 4540 2274 4595 tuetis
2303 4559 2317 4597 :
2346 4551 2506 4612 atque
2531 4545 2751 4616 insuper
2777 4548 2934 4619 longe
2957 4551 3274 4622 ampliorem
3313 4571 3344 4610 a
3375 4556 3489 4612 Deo
3524 4574 3708 4629 repor-

2112 4635 2292 4690 tabitis
2329 4652 2602 4704 coronam,
2643 4641 2784 4711 quod
2815 4653 3036 4715 propter
3077 4646 3168 4703 Dei
3213 4649 3460 4706 timorem
3507 4663 3562 4707 et
3591 4653 3707 4723 ejus

2111 4727 2417 4783 mandatum
2441 4730 2758 4788 diabolicam
2796 4735 2933 4791 hanc
2952 4742 3333 4808 superaveritis
3360 4745 3706 4802 consuetudi-

2110 4835 2254 4875 nem.
2282 4822 2388 4878 Sed
2405 4815 2558 4895 'quod
2580 4831 2884 4900 suscepturi
2914 4833 3033 4888 sitis
3061 4851 3252 4907 magna
3293 4839 3574 4897 alacritate
3603 4841 3702 4900 hoc

2107 4921 2348 4969 nostrum
2391 4918 2698 4984 consilium,
2739 4930 2796 4977 et
2836 4938 3002 4993 opere
3033 4927 3324 4996 impleturi,
3377 4931 3535 4986 valde
3576 4947 3697 4988 com

2107 5004 2232 5060 ﬁdo.
2266 5004 2468 5062 Videtis
2495 5011 2638 5064 enim
2689 5027 2787 5068 vos
2829 5030 3018 5086 magna
3063 5031 3186 5072 cum
3212 5020 3488 5089 voluptate
3517 5025 3703 5081 audire

2103 5112 2165 5152 ea
2190 5115 2308 5170 qtae
2329 5100 2598 5169 dicuntur,
2633 5103 2682 5158 id
2704 5119 2768 5159 ex
2791 5105 3051 5176 applausu
3077 5118 3131 5163 ct
3160 5109 3409 5166 laudibus
3429 5115 3696 5185 conjecto,

2103 5203 2198 5244 vos
2223 5191 2382 5246 etiam
2414 5195 2664 5262 operibus
2692 5195 2833 5251 idem
2870 5198 3046 5267 ipsum
3076 5203 3532 5272 conlprobaturos
3555 5222 3696 5262 esse.

2104 5281 2390 5352 Propterea
2427 5297 2711 5344 contentus
2736 5289 2914 5356 dictis,
2961 5292 3027 5346 ad
3067 5303 3357 5350 contextus
3386 5298 3586 5354 seriem
3613 5316 3695 5355 rc-

2097 5374 2330 5442 grediar.
2359 5374 2428 5429 Et
2458 5382 2593 5447 facta
2617 5390 2710 5444 est,
2744 5383 2932 5451 inquit,
2961 5399 3190 5453 vespera,
3218 5397 3264 5440 et
3294 5390 3492 5458 accepit
3517 5388 3694 5444 Laban

2098 5462 2243 5518 Liam
2271 5466 2433 5534 ﬁliam
2461 5485 2629 5536 suam,
2656 5483 2704 5526 et
2729 5474 3008 5529 introduxit
3033 5493 3147 5530 eam
3174 5479 3244 5532 ad
3275 5477 3460 5534 Jacob.

2169 5555 2436 5620 Quomodo
2453 5576 2485 5613 a
2507 5559 2719 5617 Labano
2745 5564 2985 5636 deceptus
3009 5569 3161 5638 fuerit
3180 5567 3345 5623 Iacob
3369 5587 3390 5636 ;
3420 5572 3533 5643 ejus
3566 5575 3693 5628 sim-

2093 5647 2314 5714 plicitas.
2342 5681 2414 5690 —
2436 5651 2512 5708 Ne
2551 5653 2727 5711 obiter
2770 5658 2931 5712 etiam
2973 5658 3076 5714 hoc
3108 5671 3493 5731 praetereamus
3525 5686 3541 5722 :
3571 5682 3688 5724 nam

2093 5738 2179 5794 hic
2204 5757 2416 5812 quoque
2441 5749 2604 5802 multa
2633 5751 2962 5808 considerari
2996 5767 3220 5824 possunt
3247 5777 3260 5814 :
3290 5759 3525 5828 primum
3565 5762 3692 5818 sim-

2097 5829 2304 5898 plicitas
2332 5832 2516 5905 Jacob,
2563 5849 2613 5894 ct
2653 5843 2922 5912 quomodo
2952 5845 3021 5901 ab
3049 5849 3194 5903 omni
3239 5850 3442 5907 malitia
3483 5854 3688 5908 alienus
