3974 6434
250 390 348 449 187

252 502 421 572 ἀκοῆς
458 499 858 575 δαψιλεστέραν
895 504 1200 559 άνάπτοντα
1236 507 1334 578 τὴν
1377 507 1557 578 πυράν
1577 548 1591 572 ,
1624 509 1717 563 καὶ
1741 511 1840 580 τὴν

253 585 484 656 κάμινον
517 584 628 636 τῶν
656 585 842 639 παθῶν
870 587 1308 659 φλογωδεστέραν
1336 589 1698 660 ἐργαζόμενα,
1723 592 1840 656 πῶς

249 669 376 738 οὐχὶ
401 667 732 738 ὑποϐρύχιος
763 670 794 739 ἡ
825 669 918 722 τοῦ
948 670 1068 723 νέου
1093 670 1238 740 ψυχὴ
1276 673 1600 743 γενήσεται;
1638 675 1846 730 Ἐντεῦ-

250 749 346 803 θεν
385 749 494 820 γὰρ
543 749 762 809 ἅπαντα
804 751 1047 805 ἀπόλωλε
1087 755 1183 806 καὶ
1223 753 1573 825 διέφθαρται,
1618 757 1725 809 ἀπὸ
1751 755 1844 809 τοῦ

248 832 354 901 τὴν
386 831 742 903 σωφροσύνην
771 833 832 897 ἐξ
864 835 1038 905 ἀρχῆς
1065 835 1434 905 διορύττεσθαι
1463 837 1574 890 τῶν
1629 837 1846 908 μελλόνο

249 929 363 966 των
410 913 665 984 ἀλλήλοις
723 916 1014 969 συνιέναι·
1057 919 1148 972 καὶ
1201 918 1458 982 πολλάκις
1513 922 1577 974 ἐκ
1625 921 1847 992 πρώτης

252 997 472 1068 ἡμέρας
505 997 599 1049 καὶ
630 1000 658 1051 6
687 998 805 1062 νέος
830 999 1047 1062 ἐδέξατο
1073 1000 1226 1069 βέλος
1256 1001 1540 1056 σατανικδν
1569 1005 1626 1056 ἐν
1654 1007 1720 1074 τῇ
1744 1003 1847 1073 ψυ-

251 1081 322 1148 χῇ
345 1121 361 1143 ,
397 1079 719 1143 ἀκολάστοις
755 1079 878 1134 ἰδὼν
919 1081 1251 1153 ὀφθαλμοῖς,
1285 1086 1430 1155 καὶή
1459 1086 1594 1157 κόρη
1630 1087 1722 1139 καὶ
1757 1086 1847 1139 διά

255 1163 351 1230 τῆς
379 1162 547 1232 ἀκοῆς
581 1163 674 1215 καὶ
699 1163 788 1218 διά
815 1164 914 1234 τῆς
940 1165 1115 1234 ὅψεως
1141 1166 1482 1236 αἰχμάλωτος
1509 1169 1720 1237 γέγονε,
1751 1169 1845 1222 καὶ

253 1244 428 1296 ταῦτα
474 1245 531 1310 ἐξ
582 1246 797 1317 ἐκείνης
836 1246 1022 1301 λοιπὸν
1070 1248 1171 1318 τῆς
1211 1250 1421 1320 ἡμέρας
1455 1251 1524 1304 τά
1557 1251 1844 1322 τραύματα

251 1327 597 1398 αὐξανόμενα
657 1331 840 1398 μεῖζον
903 1331 1192 1402 ἐργάζεται
1245 1332 1308 1386 τὸ
1354 1333 1544 1386 κακόν.
1588 1335 1694 1388 Καὶ
1739 1334 1846 1406 7&9

253 1409 476 1480 πρῶτον
523 1411 619 1480 μὲν
661 1413 760 1482 τὴν
802 1412 938 1484 πρὸς
977 1415 1242 1486 ἀλλήλους
1276 1415 1457 1468 αὐτῶν
1481 1416 1733 1486 ὁμόνοιαν
1764 1417 1846 1470 δι·

250 1491 494 1560 ορύττει,
531 1493 624 1546 καὶ
647 1494 737 1547 τὸν
770 1494 933 1547 πόθον
961 1496 1560 1566 καταμαραίνει.”οταν
1581 1499 1689 1568 7&9
1711 1499 1845 1568 πρὸς

250 1575 452 1646 ἑτέραν
488 1577 694 1640 ἐκεῖνος
717 1581 928 1650 προσχῇ
961 1582 1024 1652 τῇ
1060 1579 1286 1651 διανοίᾳ,
1313 1575 1414 1634 ὦδε
1435 1584 1658 1636 κάκεῖσε
1690 1601 1846 1654 μερι-

253 1655 485 1725 ζόμενος
527 1658 619 1712 τὸν
663 1659 955 1730 λογισμὸν,
1005 1661 1100 1713 καὶ
1129 1661 1233 1714 ὑπὸ
1261 1661 1355 1714 τοῦ
1391 1663 1637 1716 διαϐόλου
1679 1663 1842 1717 αὑτοῦ

255 1740 760 1810 στρατηγούμενος,
783 1742 983 1812 πολλῆς
1010 1743 1200 1814 ἀηδίας
1227 1744 1504 1816 πληρώσει
1525 1747 1621 1816 τὴν
1648 1747 1843 1800 οἰκίαν.

253 1822 316 1874 ΕΞ
342 1821 400 1874 δέ
430 1822 659 1894 κάκείνη
682 1825 927 1896 εὑρεθείη
950 1825 1188 1879 τοιοῦτόν
1203 1845 1252 1879 τι
1269 1827 1533 1892 παθοῦσα,
1563 1829 1620 1895 ἐξ
1643 1829 1841 1894 αὑτῶν,

252 1902 330 1966 ὡς
356 1905 555 1969 εἰπεῖν,
588 1906 696 1958 τῶν
727 1906 941 1976 βάθρων
966 1908 1178 1963 ἅπαντα
1211 1910 1590 1981 ἀνατρέπεται,
1617 1912 1710 1964 καὶ
1736 1911 1844 1964 λοι-

254 1987 359 2041 πὸν
388 1987 652 2060 ἀλλήλους
679 1989 1031 2060 κρύπτοντες,
1070 1993 1098 2045 6
1129 1992 1228 2060 μὲν
1261 1993 1327 2046 δι’
1355 1994 1588 2064 ὑποψίας
1613 1994 1726 2064 ἔχει
1751 1994 1846 2065 τὴν

253 2070 535 2141 γαμετὴν,
576 2074 609 2142 ή
645 2073 702 2124 δὲ
741 2073 830 2126 τὸν
871 2073 1058 2146 ἄνδρα.
1098 2077 1206 2128 Καὶ
1241 2076 1368 2130 ἔνθα
1399 2078 1564 2148 ἐχρῆν
1595 2077 1844 2147 ὁμόνοιαν

252 2150 398 2205 εἶναι
433 2154 528 2206 καὶ
561 2152 874 2225 σύνδεσμον,
897 2156 990 2209 καὶ
1015 2158 1062 2209 οἰ
1087 2157 1392 2226 ὀφείλοντες
1423 2159 1558 2230 σάρξ
1578 2155 1717 2214 εἶναι
1749 2159 1846 2230 μία

253 2233 572 2313 (ξεσονται
614 2235 743 2305 7&9,
789 2238 976 2306 φησὶν,
1026 2241 1080 2292 οι
1128 2239 1238 2293 δύο
1288 2243 1376 2307 είς
1422 2243 1621 2310 σάρκα
1652 2242 1842 2313 μίαν),

252 2309 404 2368 οὗτοι
439 2316 591 2389 1-540]
625 2319 684 2371 ἐν
716 2320 952 2391 τοσαύτῃ
988 2319 1248 2392 διαιρέσει
1276 2309 1666 2393 τυγχάνουσιν,
1683 2324 1758 2388 ὡς
1797 2309 1846 2378 εἰ

254 2401 351 2454 καὶ
391 2403 866 2473 κατατετμημένοι
889 2399 1046 2473 ἦσαν.
1093 2405 1451 2460 Ἐπεισελθὼν
1475 2408 1582 2479 γὰρ
1609 2409 1637 2460 ό
1661 2408 1844 2462 διάϐο-

252 2483 346 2546 λος
385 2483 658 2554 τοσαύτην
709 2486 766 2538 ἐν
812 2487 995 2550 αὑτοῖς
1043 2487 1334 2558 ἐργάζεται
1381 2490 1480 2560 τὴν
1525 2490 1723 2562 λύμην,
1769 2493 1845 2556 ώς

251 2565 530 2636 πολέμους
559 2568 655 2619 καὶ
689 2569 868 2638 μάχας
897 2569 1268 2641 καθημερινὰς
1291 2571 1589 2635 τίκτεσθαι,
1621 2575 1712 2626 καὶ
1744 2592 1846 2645 μη-

249 2648 447 2701 δέποτε
484 2649 802 2703 ἀνάπαυλαν
834 2651 978 2722 ἐχειν
1005 2653 1113 2705 τῶν
1155 2653 1360 2708 κακῶν.
1395 2655 1460 2708 Τί
1506 2657 1615 2725 γὰρ
1651 2656 1716 2709 ἄν
1762 2674 1847 2720 τις

249 2735 399 2788 εἴποι
453 2734 635 2789 λοιπὸν
671 2736 779 2790 τῶν
827 2739 1054 2791 οἰκετῶν
1100 2739 1200 2803 τάς
1247 2743 1699 2814 καταφρονήσεις,
1738 2744 1846 2796 τῶν

254 2818 489 2886 πλησίον
520 2819 813 2872 οἰκούντων
853 2821 944 2874 τὸν
996 2821 1230 2889 γέλωτα,
1283 2823 1382 2887 τάς
1427 2826 1844 2896 ἀσχημοσύναςς

255 2898 526 2971 Καθάπερ
559 2903 669 2974 7&9
696 2902 806 2956 τῶν
837 2903 1186 2976 κυϐερνητῶν
1221 2907 1639 2973 στασιαζόντων,
1668 2910 1758 2962 καὶ
1796 2911 1846 2964 οἱ

253 2983 585 3049 ἐμπλέοντες
608 2985 718 3038 τῶν
758 2985 1016 3040 κινδύνων
1047 2989 1507 3057 συναπολαύουσι,
1539 2992 1632 3045 καὶ
1653 2990 1847 3047 αὔταν-

251 3067 381 3137 δρον
409 3067 622 3136 ἀνάγκη
650 3069 751 3140 τὴν
779 3069 912 3122 ναῦν
946 3072 1436 3142 καταποντισθῆναι
1453 3091 1467 3105 ο
1497 3074 1638 3128 οὑτω
1657 3075 1720 3145 δὴ
1752 3078 1845 3130 καὶ

253 3149 511 3212 ἐνταῦθα,
549 3149 641 3203 τοῦ
674 3151 867 3222 ἀνδρὸς
895 3154 987 3206 καὶ
1019 3155 1118 3224 τῆς
1147 3155 1403 3222 γυναικὸς
1431 3157 1566 3227 πρὸς
1589 3157 1846 3227 ἀλλήλους

249 3228 780 3296 διαστασιαζόντων,
814 3234 908 3286 καὶ
947 3235 1074 3300 τοὺς
1106 3235 1298 3300 ἄλλους
1331 3237 1574 3302 ἅπαντας
1614 3257 1847 3295 συναπο-

249 3314 443 3368 λαύειν
468 3315 575 3367 τῶν
604 3315 791 3369 κακῶν
824 3317 991 3380 εἰκός.
1013 3317 1110 3370 Διά
1142 3319 1300 3372 τοῦτο
1326 3321 1644 3392 παρακαλῶ,
1670 3324 1848 3378 ταῦτα

254 3398 476 3450 ’ἅπαντα
493 3398 930 3468 προορωμένους,
956 3399 1030 3471 μὴ
1045 3403 1111 3471 τῇ
1129 3401 1384 3474 συνηθείᾳ
1409 3404 1843 3461 κατακολουθεῖν.

250 3477 387 3534 υἷδα
405 3480 515 3551 7&9
539 3481 620 3533 ὅτι
646 3480 829 3534 πολλοὶ
853 3482 1056 3554 ταύτην
1086 3485 1217 3554 ἡμῖν
1250 3485 1676 3557 προϐαλλόμενοι
1723 3489 1846 3542 οὑδέ

250 3563 538 3632 ἀνέχονται
581 3562 692 3616 τῶν
745 3566 874 3636 παρ’
919 3565 1079 3634 ήμῶν
1118 3567 1426 3638 λεγομένων
1461 3585 1476 3600 ο
1528 3569 1642 3622 ἀλλ’
1698 3571 1847 3642 ὅμως

251 3647 406 3716 ἡμᾶς
452 3645 667 3715 ἀνάγκη
723 3646 792 3700 τά
841 3647 1090 3720 λυσιτελῆ
1140 3650 1232 3702 καὶ
1289 3650 1358 3703 τά
1400 3653 1500 3722 τῆς
1552 3652 1848 3724 μελλούσης

249 3733 529 3795 κολάσεως
571 3732 945 3803 ἐξαρπάζοντα
989 3733 1184 3804 λέγειν.
1213 3736 1389 3790 Ὅπου
1414 3738 1523 3810 7&9
1555 3739 1698 3812 λύμη
1723 3758 1850 3794 τοσ-

250 3817 398 3885 αὕτη
439 3814 637 3885 ψυχῆς,
663 3815 807 3878 τίνος
841 3817 1024 3870 ἕνεκέν
1046 3835 1136 3888 μοι
1165 3819 1448 3890 συνήθειαν
1497 3821 1675 3892 βούλει
1713 3841 1849 3894 προ-

250 3897 606 3977 ϐάλλεσθαιὶ
652 3898 782 3950 Ἰδοὺ
825 3899 980 3967 κάγὼ
1029 3900 1313 3971 συνήθειάν
1359 3919 1442 3955 σοι
1476 3904 1848 3977 προϐάλλομαι

249 3981 504 4052 βελτίονα
529 4019 544 4043 ,
639 3980 688 4032 οἰ
712 3980 772 4046 ἐξ
799 3981 972 4053 ἀρχῆς
1003 3981 1298 4054 ἐκέχρηντο
1317 4023 1332 4048 ,
1359 3985 1448 4038 ὅτε
1482 3985 1692 4040 οὐδέπω
1720 3974 1845 4040 τοσ-

250 4066 395 4134 αύτη
445 4063 649 4132 γνῶσις
697 4060 764 4134 ἦν
809 4065 907 4135 τῆς
959 4066 1260 4130 εὐσεϐείας.
1315 4068 1425 4120 Καὶ
1491 4071 1565 4141 μή
1617 4089 1706 4140 μοι
1756 4071 1847 4125 τὸν

249 4149 469 4201 δίκαιον
489 4147 718 4201 ἐνταῦθα
749 4147 965 4216 λογίζου
987 4189 1003 4216 ,
1037 4149 1129 4202 τὸν
1167 4149 1361 4204 Ἰακὼϐ
1394 4151 1538 4220 λέγω
1555 4196 1571 4220 ,
1597 4153 1734 4207 άλλά
1757 4155 1848 4208 τὸν

250 4230 446 4287 Λάϐαν
479 4231 672 4294 ἐννόει,
703 4230 874 4300 ἄνδρα
900 4231 981 4284 ἔτι
1014 4234 1128 4296 τοῖς
1153 4233 1390 4298 εἰδώλοις
1417 4237 1845 4308 προσανέχοντα,

252 4314 355 4367 καὶ
391 4311 652 4383 οὐδεμίαν
678 4314 878 4381 γνῶσιν
907 4313 1100 4384 ἔχοντα
1137 4315 1238 4385 τῆς
1271 4317 1574 4380 εὐσεϐείας,
1605 4321 1696 4372 καὶ
1722 4337 1848 4372 τοσ-

254 4395 436 4464 αύτην
484 4395 797 4465 φιλοσοφίαν
831 4396 1290 4467 ἐπιδεικνύμενον.
1343 4398 1515 4452 Τοῦτο
1542 4400 1650 4472 7&9
1668 4402 1731 4454 οὐ
1754 4401 1846 4456 τοῦ

255 4476 549 4548 μέλλοντος
567 4472 635 4548 ἦν
658 4477 884 4545 ἄγεσθαι
914 4479 1012 4547 τὴν
1043 4477 1213 4550 κόρην
1234 4480 1296 4533 τὸ
1318 4481 1672 4552 κατόρθωμα,
1712 4483 1847 4538 ἀλλά

250 4559 355 4613 τοῦ
388 4559 599 4630 πατρὸς
638 4559 731 4612 τοῦ
765 4561 865 4630 τὴν
903 4560 1070 4631 κόρην
1090 4561 1406 4626 ἐκδιδόντος.
1443 4564 1520 4616 Δι’
1547 4563 1576 4616 ὅ
1601 4565 1694 4618 καὶ
1723 4567 1849 4620 τοῦ-

254 4660 356 4695 τον
400 4642 630 4713 ἐκίνησα
652 4642 742 4695 τὸν
770 4642 946 4711 λόγον,
977 4645 1097 4713 οὐχὶ
1127 4644 1262 4716 πρὸς
1287 4646 1412 4709 τοὺς
1440 4646 1705 4716 νυμφίους
1726 4665 1850 4702 τοσ-

251 4723 420 4780 οῦτον
457 4725 898 4796 ἀποτεινόμενος,
939 4728 1062 4780 ὅσον
1107 4727 1242 4798 πρὸς
1280 4729 1404 4791 τούς
1433 4731 1847 4801 γεγεννηκότας,

256 4809 403 4879 1:96;
452 4809 543 4860 τὸν
595 4809 807 4880 πατέρα
855 4809 950 4863 τοῦ
991 4810 1246 4879 νυμφίου,
1301 4812 1393 4864 καὶ
1446 4811 1582 4883 πρὸς
1626 4813 1715 4866 τὸν
1750 4815 1848 4886 τὴν

254 4893 432 4961 κόρην
484 4890 759 4944 ἐκδιδόντα
812 4891 977 4961 φημί.
1033 4892 1158 4954 Πῶς
1186 4892 1293 4962 7&9
1330 4893 1428 4945 οὑκ
1467 4893 1664 4950 ἄτοπον
1702 4897 1848 4967 ημᾶς

254 4975 390 5037 τοὺς
419 4973 687 5043 τοσαύτης
715 4973 1124 5036 ἀπολαύσαντας
1154 4973 1557 5046 φιλανθρωπίας
1580 5017 1594 5042 ,
1620 4979 1713 5030 καὶ
1740 4980 1848 5033 τῶν

255 5054 511 5128 φρικτῶν
565 5057 660 5110 καὶ
710 5057 1037 5128 ἀπορρήτων
1095 5057 1410 5128 μυστηρίων
1473 5058 1798 5124 ἀξιωθέντας
1830 5105 1844 5128 ,

254 5139 526 5200 ἐλάττους
573 5137 713 5191 κατά
753 5139 912 5191 τοῦτο
959 5137 1201 5204 γίνεσθαι
1243 5138 1336 5192 τοῦ
1373 5140 1588 5204 Λάϐαν,
1632 5142 1724 5195 τοῦ
1769 5142 1848 5196 ἔτι

256 5219 464 5273 εἴδωλα
493 5219 916 5291 θεραπεύοντος;
955 5222 1025 5273 Ἢ
1053 5220 1152 5274 οὐκ
1179 5221 1394 5284 ἀκούεις
1423 5223 1633 5276 Παύλου
1664 5223 1847 5293 λέγον-

255 5317 375 5364 τος,
400 5301 485 5353 ὅτι
513 5301 807 5372 μυστήριόν
840 5306 985 5356 ἐστιν
1017 5303 1046 5354 6
1079 5303 1274 5372 γάμος,
1309 5305 1401 5356 καὶ
1428 5305 1589 5358 εἰκών
1614 5306 1728 5359 ἐστι
1751 5308 1850 5375 τῆς

258 5383 490 5453 ἀγάπης
512 5383 604 5436 τοῦ
635 5385 870 5454 Χριστοῦ
891 5423 906 5448 ,
955 5385 1022 5456 ἢν
1051 5385 1180 5456 περὶ
1222 5385 1320 5456 τὴν
1384 5387 1706 5459 Ἐκκλησίαν
1749 5391 1848 5442 ἐπ-

257 5465 537 5531 ιδείξατος
563 5465 654 5535 Μὴ
687 5467 863 5519 τοίνυν
899 5466 1346 5538 καταισχύνωμεν
1379 5470 1622 5534 ἐαυτοὺς,
1655 5471 1748 5524 καὶ
1781 5471 1850 5524 τά

261 5547 444 5617 σεμνά
481 5545 574 5599 τοῦ
612 5549 788 5619 γάμου
830 5549 1248 5621 διαφθείρωμεν.
1312 5551 1375 5603 Εἰ
1417 5551 1516 5620 μὲν
1547 5553 1654 5623 7&9
1686 5553 1848 5606 καλόν

261 5628 382 5682 ἐστι
405 5629 470 5681 τὸ
495 5629 593 5698 τῆς
631 5630 939 5701 συμϐουλῆς
966 5633 1059 5685 καὶ
1086 5632 1363 5701 ἐπωφελές
1386 5673 1400 5696 ,
1443 5633 1546 5686 κᾶν
1598 5636 1672 5705 μὴ
1723 5653 1848 5689 συν-

263 5711 423 5782 ἠθεια
444 5709 505 5784 ᾗ,
534 5713 768 5781 γινέσθω
802 5729 816 5742 ·
857 5717 906 5766 εἰ
949 5715 1005 5768 δέ
1039 5714 1242 5785 βλάϐην
1279 5715 1401 5785 ἕχον
1443 5717 1535 5769 καὶ
1569 5717 1734 5772 πολὺν
1757 5719 1848 5773 τὸν

265 5793 488 5866 ὃλεθρον
535 5793 598 5848 τὸ
646 5792 742 5846 νῦν
779 5796 908 5865 παρ’
931 5796 1084 5865 ὑμῶν
1113 5796 1557 5868 ἐπιτελούμενον,
1596 5797 1697 5852 κᾶν
1725 5817 1846 5854 συν·
1889 5834 1896 5839 -

1291 396 1357 453 ΙΝ
1391 397 1545 454 CAP.
1584 399 1750 456 XXIX
1793 399 2040 459 GENES.
2085 405 2312 462 IIOMIL.
2356 405 2468 462 LVI

3415 414 3521 470 488

1947 514 2169 570 ἃπασαν
2211 516 2406 570 κακίαν
2443 519 2876 590 ἐπιδεικνύμενος
2899 561 2912 584 ,
2947 519 3044 592 τὴν
3075 520 3357 592 συνήθειαν
3393 526 3528 595 ἡμῖν

1903 595 2328 668 ’προϐαλεϊταιν
2373 601 2488 654 ἀλλ’
2542 603 2694 656 οὐδὲν
2739 603 2846 656 ἀπὸ
2890 603 3078 656 τούτου
3133 604 3322 675 κέρδος
3376 607 3527 678 αὑτῷ
3593 621 3620 636 ⁸

1943 681 2115 745 ἔσται,
2145 683 2265 736 οὐδέ
2301 685 2618 758 συγγνώμη,
2644 686 2780 740 ἀλλά
2806 687 2900 741 καὶ
2941 687 3108 758 πολλὴ
3137 690 3170 758 ἡ
3200 691 3525 762 κατηγορία,

1944 765 2025 818 ὄτι
2053 765 2152 818 οὐκ
2185 765 2372 836 ἴσχυσε
2398 769 2683 839 συνηθείας
2714 770 3092 841 περιγενέσθαι
3123 773 3383 842 πονηρᾶς.

2016 846 2080 916 β’.
2121 848 2246 901 Ἐἀν
2283 851 2392 921 7&9
2432 850 2749 922 βουλώμεθα
2782 853 3005 922 νήφειν,
3054 853 3149 906 καὶ
3193 853 3394 923 πολλὴν
3429 853 3530 924 τῆς

1943 929 2151 983 ἐαυτῶν
2186 933 2458 1002 σωτηρίας
2480 934 2745 987 ποιεῖσθαι
2773 935 2870 1005 τὴν
2895 933 3170 1006 φροντίδα,
3191 934 3529 1006 δυνησόμεθα

1945 1015 2038 1066 καὶ
2082 1015 2180 1085 τῆς
2233 1017 2410 1086 κακῆς
2454 1016 2740 1088 συνηθείας
2761 1017 3094 1087 ἀποστῆναι,
3125 1016 3220 1070 καὶ
3245 1019 3324 1080 εἰς
3360 1016 3529 1085 καλὴν

1945 1095 2231 1166 συνήθειαν
2269 1098 2495 1162 ἐαυτοὺς
2528 1101 2752 1168 ἀγαγεῖν
2779 1117 2794 1130 ·
2853 1101 2946 1154 καὶ
2976 1100 3115 1152 οὑτω
3143 1100 3238 1153 καὶ
3269 1103 3380 1163 τοῖς
3407 1099 3528 1170 μεθ’

1944 1177 2093 1246 ἡμᾶς
2141 1180 2204 1232 οὐ
2264 1181 2462 1250 μικράν
2515 1182 2824 1252 παρέξομεν
2862 1183 3116 1252 ἀφορμὴν
3153 1181 3247 1235 τοῦ
3284 1181 3352 1234 τά
3390 1180 3528 1235 αὑτά

1945 1258 2172 1329 ζηλοῦν.
2224 1261 2318 1315 καὶ
2354 1262 2464 1318 τῶν
2502 1263 2595 1316 ὑπ’
2628 1265 2851 1317 ἐκείνων
2882 1264 3330 1335 κατορθουμένων
3367 1266 3527 1334 ἡμεῖς

1946 1340 2232 1412 ληψόμεθα
2265 1343 2356 1396 τὸν
2406 1345 2615 1415 μισθόν.
2659 1346 2716 1398 '0
2744 1347 2850 1417 7&9
2879 1347 2977 1416 τὴν
3013 1345 3187 1416 ἀρχὴν
3231 1343 3528 1416 παρασχὼν

1943 1424 2045 1492 τῆς
2074 1426 2244 1495 καλῆς
2279 1427 2420 1493 ὀδοῦ,
2455 1422 2610 1492 οὗτος
2639 1429 2734 1482 καὶ
2758 1429 2865 1482 τῶν
2890 1429 2979 1498 ὑφ’
3012 1430 3211 1499 ἐτέρων
3231 1429 3529 1498 γινομένων

1946 1504 2094 1578 [541]
2120 1509 2289 1572 αἴτιος
2315 1509 2488 1573 ἔσται,
2521 1511 2616 1564 καὶ
2643 1511 2867 1564 διπλοῦν
2893 1514 3168 1582 κομιεῖται
3195 1511 3285 1564 τὸν
3317 1509 3526 1581 μισθὸν,

1945 1589 2084 1660 ὑπὲρ
2106 1583 2180 1642 ὧν
2200 1608 2258 1644 τε
2280 1592 2442 1656 αὐτὸς
2465 1594 2737 1664 κατορθοῖ,
2759 1594 2900 1666 ὑπὲρ
2925 1589 3000 1648 ὧν
3019 1611 3078 1646 τε
3105 1593 3528 1664 ἐτέῳυςέπάγει

1944 1673 2024 1734 εἰς
2042 1673 2141 1742 τὴν
2167 1674 2395 1744 ἀρίστην
2424 1675 2626 1746 ταύτην
2663 1676 2998 1744 φιλοσοφίαν.
3024 1677 3112 1746 Μή
3140 1693 3231 1746 μοι
3255 1675 3322 1729 τά
3347 1675 3530 1748 ψυχρά

1944 1755 2125 1807 ἐκεῖνα
2174 1759 2390 1826 ῥήματα
2422 1758 2529 1810 ’καὶ
2574 1758 2810 1826 γέλωτος
2848 1759 3086 1828 γέμοντα
3127 1759 3527 1829 προϐάλλεσθε,

1943 1835 2190 1904 λέγοντες
2221 1839 2428 1909 νόμιμά
2449 1857 2569 1892 τινα
2588 1837 2727 1894 εἶναι
2754 1841 2946 1902 ταῦτα,
2981 1841 3074 1893 καὶ
3098 1841 3187 1894 διά
3211 1841 3370 1894 τοῦτο
3389 1841 3528 1911 πλη-

1947 1919 2170 1988 ροῦσθαι
2197 1923 2322 1991 χρή.
2346 1922 2420 1974 Οὐ
2442 1922 2615 1976 ταῦτα
2629 1924 2736 1994 γὰρ
2759 1923 2987 1993 νόμιμον
3011 1925 3158 1975 ποιεῖ
3171 1923 3526 1984 συνοικέσιον,

1945 2001 2080 2054 ἀλλά
2125 2001 2185 2055 τὸ
2237 2003 2378 2056 κατά
2422 2005 2548 2068 τοὺς
2590 2005 2684 2058 τοῦ
2723 2005 2858 2059 Θεοῦ
2897 2006 3092 2076 νόμους
3132 2004 3269 2075 μετά
3314 2021 3528 2075 σωφρο-

1947 2083 2112 2153 σύνης
2145 2085 2239 2138 καὶ
2282 2087 2609 2157 σεμνότητος
2642 2089 2740 2160 τὴν
2769 2087 3079 2141 συνέλευσιν
3112 2086 3354 2156 γίνεσθαι
3377 2128 3390 2152 ,
3435 2089 3529 2140 καὶ

1945 2170 2010 2238 τῇ
2040 2169 2260 2238 ὁμονοίᾳ
2293 2169 2707 2240 συμπεπλέχθαι
2760 2170 2887 2236 τούς
2931 2171 3182 2241 ἀλλήλοις
3227 2169 3526 2233 συνιόντας.

1945 2249 2115 2303 Τοῦτο
2157 2251 2252 2303 καὶ
2293 2252 2343 2304 οἰ
2396 2251 2594 2318 ἔξωθεν
2643 2253 2790 2307 ῐσασι
2824 2253 3014 2324 νόμοι,
3062 2254 3156 2306 καὶ
3184 2251 3389 2324 ἀκούσῃ
3423 2251 3530 2305 τῶν

1945 2332 2074 2403 περὶ
2118 2332 2292 2387 ταῦτα
2335 2335 2708 2404 ἐσχολακότων
2752 2336 3017 2404 λεγόντων
3040 2377 3054 2400 ,
3087 2336 3169 2388 ὃτι
3201 2334 3530 2388 συνοικέσιον

1944 2414 2094 2466 οὐδὲν
2140 2415 2325 2486 ἕτερον
2365 2417 2679 2488 συνίστησιν
2729 2417 2761 2488 ἢ
2815 2417 3089 2488 συνήθεια.
3121 2417 3211 2488 Μὴ
3231 2417 3408 2470 τοίνυν
3437 2417 3528 2470 καὶ

1943 2497 2070 2559 τοὺς
2114 2496 2208 2550 τοῦ
2251 2498 2384 2551 Θεοῦ
2427 2500 2624 2568 νόμους
2653 2499 2988 2570 παραϐῶμεν
3024 2500 3162 2570 μετά
3187 2501 3298 2552 τῶν
3323 2499 3531 2571 ἀνθρω-

1945 2578 2132 2641 πίνων,
2174 2581 2268 2632 καὶ
2299 2581 2656 2652 προτιμῶμεν
2682 2582 2810 2644 τοὺς
2842 2582 3179 2645 διαϐολικοὺς
3210 2581 3406 2652 νόμους
3435 2583 3529 2634 καὶ

1943 2661 2042 2733 τὴν
2091 2661 2337 2733 ὀλεθρίαν
2387 2664 2589 2733 ταύτην
2633 2665 2960 2735 συνήθειαν·
2998 2665 3206 2719 ἐκείνου
3255 2665 3365 2736 γάρ
3413 2667 3530 2718 ἐστι

1944 2745 2106 2813 νόμος
2133 2745 2326 2810 ταῦτα,
2362 2746 2455 2800 τοῦ
2486 2749 2766 2818 χαίροντος
2799 2749 2886 2801 ἀεὶ
2921 2751 2988 2819 τῇ
3028 2747 3274 2818 ἀπωλείᾳ
3300 2749 3366 2818 τῇ
3397 2749 3532 2817 ἡμε-

1943 2827 2098 2897 τέρᾳ.
2157 2828 2222 2880 Τί
2253 2825 2344 2882 οὖν
2371 2827 2437 2882 ἂν
2468 2829 2676 2898 γένοιτο
2708 2831 3236 2902 καταγελαστότερον
3269 2831 3367 2900 τῆς
3401 2846 3531 2882 συν-

1945 2910 2132 2981 ηθείας
2158 2911 2362 2983 ταύτης
2381 2951 2396 2976 ,
2431 2913 2556 2966 ὅταν
2587 2913 2692 2966 ὑπὸ
2728 2915 2955 2967 οἰκετῶν
2976 2915 3071 2968 καὶ
3094 2911 3530 2985 τριωϐολιμαίων

1946 2993 2249 3065 ἀνθρώπων
2279 2995 2589 3066 σκώμματα
2619 2996 2710 3048 καὶ
2735 2995 3000 3068 λοιδορίας
3032 2996 3298 3068 ἀπείρους
3329 2996 3528 3065 δέχων-

1946 3093 2037 3129 ται
2073 3077 2165 3130 καὶ
2191 3079 2218 3130 6
2251 3077 2389 3149 ἀνὴρ
2418 3079 2511 3132 καὶ
2533 3080 2566 3149 ἡ
2594 3077 2766 3150 γυνὴ,
2792 3081 2886 3132 καὶ
2913 3079 3087 3144 οὐδεὶς
3187 3081 3214 3133 6
3236 3079 3529 3150 ἐπιτιμῶν.

1945 3158 2058 3210 ἀλλ’
2099 3159 2274 3223 ἔξεστι
2313 3160 2391 3230 τῷ
2429 3161 2734 3233 βουλομένῳ
2788 3161 2958 3226 ἀδεῶς
3001 3161 3146 3216 κατά
3167 3161 3266 3232 τὴν
3292 3161 3530 3232 ἑσπέραν

1947 3240 2163 3294 ἃπαντα
2208 3242 2557 3311 φθέγγεσθαι,
2589 3247 2680 3296 καὶ
2716 3244 2928 3313 βάλλειν
2962 3247 3075 3306 τοῖς
3107 3242 3406 3313 σκώμμασι
3434 3242 3530 3296 καὶ

1945 3324 2037 3378 τὸν
2087 3325 2318 3394 νυμφίον
2378 3324 2472 3377 καὶ
2527 3325 2626 3395 τὴν
2681 3325 2929 3396 νύμφην;
2985 3327 3095 3380 Καὶ
3133 3327 3192 3378 ἐν
3230 3325 3394 3398 ἐτέρᾳ
3429 3324 3530 3395 μὲν

1947 3410 2130 3479 ἡμέρα
2162 3408 2256 3461 ἐάν
2288 3425 2370 3471 τις
2392 3409 2715 3480 ἐπιχειρήσῃ
2741 3408 3180 3479 λοιδορήσασθαι,
3204 3407 3529 3478 δικαστήρια

1947 3492 2117 3562 αὐτῷ,
2174 3492 2267 3545 καὶ
2315 3492 2628 3559 ἀπαγωγαὶ,
2682 3493 2778 3546 καὶ
2829 3491 3062 3544 κίνδυνοι
3093 3506 3108 3520 '
3155 3491 3277 3542 τότε
3325 3489 3404 3554 δὲ,
3438 3491 3529 3544 ὅτε

1950 3577 2183 3647 μάλιστα
2221 3574 2420 3646 πολλὴν
2461 3574 2625 3645 ἐχρῆν
2670 3569 2808 3626 εἶναι
2853 3573 2953 3644 τὴν
2988 3572 3140 3640 αἱδὼ,
3185 3573 3386 3644 πολλὴν
3429 3573 3530 3645 τὴν

1946 3658 2279 3727 κοσμιότητα
2297 3697 2312 3720 ,
2362 3656 2562 3726 πολλὴν
2598 3657 2698 3726 τὴν
2729 3656 2949 3724 ἁγνείαν
2969 3695 2983 3720 ,
3018 3654 3286 3725 τοσαύτης
3315 3655 3530 3710 ᾶπαντα

1948 3739 2280 3810 πληροῦνται
2308 3739 2405 3810 τῆς
2433 3738 2821 3810 ἀσχημοσύνης
2842 3779 2857 3803 ,
2884 3739 2960 3802 ὼς
2998 3738 3146 3802 εἰκὸς
3169 3738 3261 3792 τὸν
3288 3737 3530 3793 διάϐολον

1947 3821 2357 3894 στρατηγοῦντα
2411 3820 2583 3874 ταῦτα
2636 3821 2852 3874 ἅπαντα
2901 3820 3325 3874 ἐπιδείκνυσθαι.
3369 3820 3528 3876 Ἀλλά

1950 3907 2025 3977 μὴ
2071 3905 2470 3974 δυσχεραίνετε,
2519 3903 2820 3973 παρακαλῶ
2854 3921 2867 3934 ·
2907 3904 3029 3956 οὐδὲ
3072 3903 3180 3974 7&9
3217 3902 3405 3966 ἁπλῶς
3448 3904 3530 3968 εἰς

1945 3988 2132 4042 τοῦτον
2179 3987 2371 4057 ἐξέϐην
2413 3986 2502 4038 τόν
2545 3986 2722 4055 λόγον,
2763 3986 2900 4040 ἀλλά
2930 3985 3225 4057 κηδόμενος
3248 3985 3401 4056 ὑμῶν
3433 3989 3527 4042 καὶ

1946 4071 2044 4142 τῆς
2087 4070 2357 4141 σωτηρίας
2407 4071 2500 4122 καὶ
2543 4071 2640 4140 τῆς
2692 4068 3008 4139 εὐκοσμίας,
3059 4068 3154 4122 καὶ
3210 4067 3529 4139 βουλόμενος

1948 4154 2092 4226 ὑμᾶς
2128 4153 2226 4223 τὴν
2271 4153 2499 4222 ἀρίστην
2534 4151 2737 4222 ταύτην
2779 4150 3077 4221 μεταϐολὴν
3117 4149 3482 4216 ἐπιδείξασθαι
3507 4188 3525 4215 ,

1948 4237 2042 4290 καὶ
2072 4236 2174 4305 τῆς
2205 4235 2378 4305 καλῆς
2411 4235 2612 4304 ταύτης
2641 4233 2922 4304 συνηθείας
2957 4233 3231 4304 ἀρχηγονς
3255 4232 3528 4302 καταπῆ.

1947 4336 2052 4372 ναι.
2091 4317 2214 4370 Ἐἀν
2242 4318 2349 4386 7&9
2377 4317 2534 4387 μόνον
2567 4315 2711 4388 ἀρχὴ
2754 4315 2849 4369 καὶ
2878 4315 3000 4379 ὁδὸς
3020 4315 3245 4384 γένηται
3274 4313 3368 4366 τοῦ
3390 4314 3527 4384 πρά-

1947 4417 2177 4471 γματος,
2211 4402 2353 4453 κατὰ
2389 4399 2580 4470 μικρὸν
2609 4393 2689 4461 εἰς
2715 4397 2806 4452 τὸν
2831 4397 2926 4450 ἕνα
2949 4396 3233 4467 ζηλοῦντες
3255 4395 3346 4449 τὸν
3364 4395 3526 4449 καλὸν

1946 4483 2134 4536 τοῦτον
2171 4482 2264 4536 καὶ
2293 4471 2574 4534 ἐπαινετὸν
2601 4479 2784 4550 ζῆλον,
2811 4481 3018 4542 πάντας
3039 4478 3324 4541 ἐπαινέτας
3353 4478 3523 4542 ἕξετε,

1949 4565 2045 4618 καὶ
2065 4565 2124 4617 οὐ
2168 4564 2327 4633 μόνον
2361 4565 2409 4616 οἰ
2449 4564 2549 4632 τὴν
2579 4561 2733 4613 πόλιν
2761 4561 3036 4624 οἰκοῦντες
3060 4562 3388 4631 μιμήσονται
3426 4559 3525 4631 τὴν

1950 4645 2242 4715 καλλίστην
2277 4644 2481 4714 ταύτην
2509 4642 2808 4713 μεταϐολὴν
2832 4681 2846 4707 ,
2875 4642 3011 4696 ἀλλά
3039 4643 3130 4695 καί⁵
3159 4642 3279 4704 τοὺς
3308 4641 3526 4713 πόρρω-

1949 4729 2040 4782 θεν
2070 4728 2349 4789 οἰκοῦντας
2373 4724 2770 4790 ἐπισπάσεσθε,
2813 4725 2906 4779 καὶ
2948 4725 3193 4796 ζηλωτάς
3229 4725 3528 4795 ὑμετέρους

1949 4810 2346 4878 καταστήσετε,
2392 4808 2486 4862 καὶ
2519 4807 2916 4862 πολυπλασίονα
2955 4809 3046 4862 τὸν
3079 4808 3231 4879 παρὰ
3260 4807 3353 4861 τοῦ
3390 4806 3526 4860 Θεοῦ

1949 4892 2225 4964 κομιεῖσθε
2263 4891 2556 4959 στέφανον,
2583 4891 2665 4944 ὃτι
2694 4891 2782 4944 διὰ
2815 4891 2906 4944 τὸν
2940 4891 3034 4944 τοῦ
3076 4890 3211 4944 Θεοῦ
3245 4890 3407 4959 φόϐον
3431 4888 3528 4942 καὶ

1948 4975 2046 5046 τὴν
2074 4976 2204 5044 παρ’
2236 4972 2400 5026 αὑτοῦ
2434 4973 2671 5044 ἐντολὴν,
2701 4974 2800 5044 τῆς
2825 4975 3117 5044 σατανικῆς
3147 4973 3348 5042 ταύτης
3373 4989 3528 5042 περι-

1948 5058 2208 5126 γεγόνατε
2260 5057 2564 5126 συνηθείας.
2635 5057 2773 5109 Ἀλλ’
2825 5058 2906 5110 ὅτι
2959 5058 3057 5127 μὲν
3116 5055 3330 5120 δέξεσθε
3387 5053 3527 5124 μετά

1950 5141 2256 5212 προθυμίας
2284 5141 2486 5208 ταύτην
2514 5139 2670 5211 ἡμῶν
2690 5140 2788 5210 τὴν
2807 5157 2869 5192 συ
2878 5140 3134 5210 μϐουλὴν,
3153 5139 3244 5191 καὶ
3267 5139 3344 5198 εἰς
3365 5137 3524 5206 ἔργον

1947 5224 2116 5294 αὐτὴν
2149 5223 2334 5289 ἄξετε,
2377 5223 2578 5293 σφόδρα
2615 5223 2932 5291 πέπεισμαι.
2999 5221 3168 5288 Ὁρῶν
3215 5220 3324 5289 7&9
3381 5220 3522 5288 ὑμᾶς

1953 5307 2089 5377 μετά
2119 5307 2384 5376 τοσαύτης
2411 5307 2600 5376 ἡδονῆς
2628 5305 2920 5366 ἀκούοντας
2941 5302 3048 5355 τῶν
3071 5302 3393 5370 λεγομένων,
3415 5301 3524 5355 ἀπὸ

1947 5389 2042 5442 τοῦ
2077 5389 2268 5460 κρότου
2304 5389 2398 5441 καὶ
2425 5389 2530 5441 τῶν
2553 5385 2788 5439 ἐπαίνων
2815 5383 3162 5453 στοχάζομαι,
3184 5384 3264 5436 ὅτι
3281 5383 3520 5454 καὶπρὸς

1947 5474 2045 5544 τὴν
2087 5473 2176 5525 διά
2211 5472 2319 5525 τῶν
2364 5471 2540 5542 ἔργων
2582 5468 2914 5537 κατόρθωσιν
2967 5466 3373 5535 ἐπειχθήσεσθε.
3434 5465 3524 5518 Διὸ

1948 5555 2235 5626 ἀρκεσθεὶς
2268 5555 2376 5616 τοῖς
2406 5550 2713 5623 εἰρημένοις
2734 5548 2825 5601 ἐπὶ
2850 5547 2947 5618 τὴν
2974 5548 3295 5602 ἀκολουθίαν
3319 5549 3413 5602 τοῦ
3435 5548 3522 5601 λὸ-

1949 5654 2047 5705 γου
2095 5636 2368 5705 ἐπανήξω.
2423 5633 2534 5685 Καὶ
2580 5630 2848 5698 ἐγένετο,
2902 5631 3098 5700 φησὶν,
3130 5631 3390 5698 ἑσπέρα,
3425 5631 3522 5684 καί

1947 5722 2124 5774 ἔλαϐε
2152 5717 2352 5773 Λάϐαν
2386 5714 2501 5781 τὴν
2530 5714 2710 5768 Λείαν
2733 5712 2844 5782 τὴν
2871 5713 3164 5783 θυγατέρα
3190 5713 3396 5778 αὐτοῦ,
3425 5713 3524 5768 καί

1955 5801 2270 5871 εισήγαγεν
2317 5797 2512 5864 αὐτὴν
2560 5796 2709 5864 πρὸς
2754 5797 2860 5850 τὸν
2910 5797 3132 5852 Ἰακώϐ.

274 5865 421 5948 ηθειά
451 5875 508 5954 ᾖ,
536 5876 906 5945 ὲγκθπτέσθω.
923 5879 1073 5932 Ἐπεὶ
1103 5881 1151 5934 εἰ
1178 5879 1334 5934 τοῦτο
1368 5865 1842 5954 συγχωρήσαιμεν,
1875 5865 1938 5916 τί·
2022 5865 2113 5954 Μή
2147 5865 2326 5944 ἀτελῶς
2371 5881 2506 5952 μηδέ
2538 5879 2696 5933 τοῦτο
2742 5880 3212 5951 παραδράμωμεν·
3259 5881 3372 5936 ἔστι
3419 5881 3522 5948 7&9

273 5962 357 6016 καί
397 5964 426 6018 6
476 5961 752 6024 κλέπτων,
795 5961 884 6012 καὶ
922 5963 946 6016 ὁ
981 5964 1273 6037 πορνεεύων,
1331 5965 1418 6020 καὶ
1457 5969 1484 6020 ό
1539 5967 1635 6037 τὴν
1681 5967 1844 6038 ἄλλην

1953 5967 2045 6020 καὶ
2077 5967 2140 6020 ἐκ
2167 5965 2352 6019 τούτου
2404 5962 2571 6018 πολλὰ
2611 5963 2857 6018 συνιδεῖν·
2978 5964 3076 6033 μὲν
3109 5963 3198 6018 τοῦ
3245 5963 3432 6018 Ἰακὼϐ
3463 5961 3521 6014 τὸ
