3974 6396
218 424 318 482 as?)

220 540 479 608 deceptus
521 538 593 593 sit
621 557 635 594 :
666 540 980 607 secundum,
1012 538 1154 611 quod
1184 548 1328 595 tanta
1351 537 1605 593 facilitate
1632 533 1810 592 omnia

225 632 375 694 fluit,
405 639 459 682 et
480 644 747 700 nusquam
776 632 1067 700 lampades,
1096 632 1325 697 chorea),
1357 630 1603 699 facesque
1627 636 1821 698 pra-ter
1854 695 1895 713 ρ

170 726 175 731 “
225 736 355 773 usus
396 720 812 776 necessitatem:
843 723 911 775 ita
952 733 1010 776 ut
1050 732 1105 777 et
1141 722 1383 791 deeeptio
1422 720 1602 774 Laban
1632 718 1812 772 locum

228 813 500 866 habuerit.
545 813 842 867 Possumus
887 823 1065 868 autem
1107 822 1162 868 et
1191 813 1275 868 hic
1309 812 1506 878 videre,
1551 807 1821 880 quomodo

229 903 414 958 Laban
463 919 655 973 magna
701 902 982 960 aﬂectione
1020 905 1265 960 dilexerit
1301 903 1484 959 Jacob.
1531 901 1642 956 lloc
1677 899 1824 954 enim

227 1004 571 1049 commentus
612 1004 714 1061 est,
744 1005 802 1050 ut
826 996 1025 1051 diutius
1068 997 1207 1067 apud
1236 1012 1294 1052 se
1316 997 1521 1065 justum
1548 994 1820 1049 retineret.

221 1086 443 1139 Sciebat
464 1085 680 1155 quidem
706 1087 849 1157 quod
885 1088 1104 1143 alterius
1134 1103 1317 1143 amore
1356 1086 1626 1157 ﬂagraret,
1658 1096 1821 1154 atque

224 1179 271 1229 si
300 1177 411 1230 voti
451 1191 673 1247 compos
702 1178 872 1245 fieret,
904 1194 1011 1233 non
1031 1180 1251 1250 eligeret
1272 1178 1492 1249 posthac
1511 1177 1825 1231 servitutem

234 1278 462 1339 propter
490 1268 643 1323 Liam
670 1270 959 1333 sustinere,
994 1286 1092 1325 nec
1117 1269 1276 1325 vellet
1299 1285 1423 1325 cum
1448 1284 1514 1324 eo
1540 1267 1779 1323 habitare
1804 1280 1821 1318 :

228 1368 286 1413 et
312 1371 598 1431 propterea
635 1359 758 1430 quia
791 1359 920 1414 vidit
948 1359 1128 1414 Laban
1160 1361 1412 1415 virtutem
1438 1359 1559 1426 viri,
1588 1367 1639 1413 et
1672 1356 1823 1427 cogi-

233 1451 364 1504 tavit
393 1464 455 1504 se
484 1464 593 1503 non
631 1450 787 1505 aliter
818 1464 943 1505 eum
975 1450 1192 1505 vincere
1220 1460 1273 1505 et
1300 1450 1623 1520 persuadere
1644 1462 1823 1518 posse,

227 1540 304 1595 ita
326 1556 454 1596 eum
480 1540 712 1611 decepit,
735 1550 788 1595 et
808 1540 955 1595 dedit
976 1542 1022 1596 ei
1051 1541 1200 1595 Liam
1230 1556 1352 1596 cum
1383 1540 1579 1609 Zelpha
1611 1538 1822 1593 ancilla.

234 1632 440 1687 Deinde
470 1647 592 1686 cum
617 1641 931 1702 argueretur
954 1647 984 1686 a
1010 1632 1157 1701 justo
1186 1632 1327 1702 quod
1361 1646 1483 1685 eum
1504 1630 1823 1699 decepisset,

233 1728 519 1781 honestam
548 1725 725 1779 attulit
770 1726 1193 1780 excusationem.
1224 1724 1355 1778 Nam
1379 1732 1661 1794 postquam
1690 1722 1825 1775 dixit

227 1817 397 1871 Jacoh
426 1834 440 1869 :
473 1817 563 1872 25.
595 1816 764 1883 Quare
789 1816 913 1869 mihi
939 1816 1033 1870 hoc
1056 1816 1261 1887 fecisti?
1286 1831 1452 1869 nonne
1484 1824 1689 1883 propter
1715 1812 1824 1866 Ra-

230 1908 347 1960 chel
376 1908 553 1960 servivi
590 1906 722 1959 tibi?
748 1916 794 1960 et
822 1923 979 1976 quare
1005 1906 1246 1973 decepisti
1274 1905 1394 1959 me?
1414 1904 1539 1975 quid
1568 1920 1695 1973 ergo
1723 1903 1824 1956 La-

232 1997 378 2050 lian?
416 1996 508 2050 26.
551 1994 673 2050 Non
716 2005 789 2049 est
823 1996 896 2049 sic
938 1995 992 2048 in
1022 1995 1117 2048 hoc
1166 1995 1277 2049 loco
1318 2001 1371 2048 ut
1406 1994 1627 2047 elocetur
1646 1992 1828 2062 junior

232 2090 375 2156 prius
399 2106 549 2159 quam
577 2089 745 2159 major
772 2098 913 2141 natu.
935 2088 1024 2142 27.
1056 2088 1255 2158 Perﬁce
1276 2087 1433 2157 igitur
1461 2084 1826 2140 hebdomadam

230 2182 401 2245 istius,
449 2189 493 2232 et
538 2180 669 2232 dabo
713 2179 803 2233 tibi
844 2179 995 2232 etiam
1038 2178 1171 2230 hanc
1210 2194 1301 2248 pro
1331 2177 1520 2239 labore,
1567 2183 1614 2229 et
1653 2190 1823 2241 opere,

231 2272 370 2340 quod
397 2270 683 2340 aperaberis
725 2270 865 2337 apud
910 2286 989 2324 me
1033 2269 1201 2322 adhuc
1243 2268 1391 2321 annis
1426 2276 1634 2337 septem.
1668 2265 1830 2320 Vides

234 2366 387 2417 illum
417 2378 481 2418 ea
510 2362 578 2417 de
598 2376 755 2416 causa
788 2362 901 2416 ιιωο
923 2362 1102 2416 omnia
1134 2368 1492 2415 commentum
1520 2373 1661 2413 esse.
1694 2356 1826 2411 Nam

235 2455 362 2523 quia
392 2452 523 2507 vidit
565 2467 805 2506 amorem
839 2466 998 2521 quem
1041 2466 1165 2521 erga
1194 2449 1423 2521 puellam
1455 2448 1706 2513 habebat,
1749 2448 1831 2501 in-

232 2547 352 2616 quit
380 2562 395 2598 :
425 2543 501 2598 Ne
526 2552 679 2613 putes
724 2542 911 2612 injuria
954 2550 1007 2597 te
1031 2540 1169 2595 allici
1201 2559 1213 2594 :
1246 2539 1506 2606 Quoniam
1540 2537 1656 2592 haec
1688 2536 1828 2606 apud

232 2654 336 2691 nos
367 2636 457 2690 lex
486 2643 586 2700 est,
621 2643 675 2688 ut
697 2633 925 2703 primum
956 2632 1154 2702 nuptiis
1194 2630 1432 2685 tradatur
1462 2628 1633 2698 major
1662 2637 1786 2681 natu
1812 2645 1827 2682 :

235 2738 522 2798 propterea
556 2727 658 2782 hoc
690 2727 905 2797 quidem
942 2726 1136 2781 factum
1173 2733 1288 2790 est;
1319 2723 1549 2793 accipies
1574 2732 1753 2777 autem
1777 2730 1833 2778 et

236 2822 378 2875 hanc
406 2834 565 2890 quam
587 2833 756 2885 amas,
782 2820 824 2873 si
851 2818 1056 2873 similes
1079 2825 1283 2887 septem
1306 2831 1477 2870 annos
1501 2829 1598 2885 pro
1620 2829 1682 2870 ea
1711 2828 1830 2870 ser-

234 2912 425 2967 vicris.
464 2911 669 2979 Quibus
712 2909 903 2964 auditis
925 2910 1100 2981 justus
1139 2909 1317 2964 omnia
1361 2916 1609 2979 prompto
1651 2907 1835 2962 animo

234 3003 514 3072 suscepit:
545 3011 600 3057 et
621 3011 742 3071 post
765 3002 863 3056 hos
888 3002 1022 3056 alios
1044 3014 1214 3055 annos
1252 3008 1456 3069 septem
1484 2998 1581 3069 (a),
1613 2998 1706 3054 ‘28.
1735 2998 1833 3053 De-

236 3095 339 3159 dit,
369 3094 556 3163 inquit,
590 3093 767 3147 Laban
794 3092 989 3147 Rachel
1009 3094 1170 3162 ﬁliam
1190 3108 1335 3145 suam
1360 3093 1404 3145 ei
1427 3107 1655 3145 umorem.

310 3188 370 3241 ὅ.
396 3185 697 3256 Polygamia
712 3185 866 3250 olim;
899 3201 1032 3238 nunc
1069 3184 1424 3253 monogamia;
1448 3198 1557 3235 cur.
1581 3211 1652 3223 —-
1674 3181 1836 3237 Vides

239 3280 439 3333 iterum
462 3278 671 3347 nuptias
694 3278 807 3331 ﬁeri
823 3292 943 3332 cum
967 3290 1154 3346 magna
1176 3275 1471 3329 honestate.
1493 3272 1599 3329 Sed
1615 3273 1836 3328 audiens

237 3385 369 3423 eum
393 3369 667 3438 accepisse
694 3370 953 3437 majorem
981 3376 1129 3433 natu,
1160 3376 1215 3421 et
1240 3375 1422 3437 postea
1450 3366 1734 3432 minorem,
1767 3381 1837 3420 ne

241 3461 514 3515 turberis:
543 3474 715 3529 neque
740 3458 1032 3513 secundum
1060 3467 1255 3511 statum
1282 3458 1371 3527 qui
1391 3472 1532 3511 nunc
1553 3465 1655 3522 est,
1676 3470 1838 3526 opera

239 3567 364 3620 quae
396 3560 521 3605 tunc
548 3548 682 3606 facta
710 3558 836 3603 sunt
852 3547 1082 3619 judices.
1133 3547 1283 3602 Tunc
1307 3547 1449 3602 enim
1481 3548 1606 3617 quia
1636 3546 1839 3616 princi-

245 3644 333 3712 pia
364 3652 541 3708 erant,
576 3642 895 3711 permissum
924 3640 1023 3694 fuit
1047 3654 1170 3694 cum
1214 3639 1418 3693 duabus
1447 3638 1527 3692 vel
1558 3638 1724 3692 tribus
1754 3636 1840 3692 vel

246 3735 491 3806 pluribus
522 3732 779 3787 uxoribus
808 3731 1054 3795 misceri,
1096 3740 1155 3785 ut
1189 3729 1482 3783 humanum
1510 3740 1678 3796 genus
1718 3741 1842 3795 pro—

248 3835 573 3896 pagaretur;
602 3839 744 3879 nunc
770 3839 897 3879 vero
924 3824 1046 3893 quia
1070 3838 1164 3892 per
1184 3821 1277 3876 Dei
1302 3824 1523 3891 gratiam
1553 3819 1839 3873 humanum

245 3932 422 3989 genus
459 3916 612 3971 valde
642 3916 1051 3985 multiplicatum
1079 3923 1161 3968 est
1181 3955 1195 3979 ,
1225 3914 1393 3967 virtus
1434 3927 1644 3982 quoque
1674 3912 1844 3965 incre-

248 4018 491 4062 mentum
520 4006 744 4076 acccpit.
792 4005 1097 4061 Adveniens
1126 4004 1268 4058 enim
1298 4004 1562 4066 Christus,
1592 4009 1646 4057 et
1674 4004 1843 4055 virtu-

249 4110 364 4153 tem
396 4098 448 4151 in
480 4096 786 4150 hominibus
814 4094 1443 4165 plantans,angelosque,
1468 4101 1525 4147 ut
1552 4093 1621 4146 ita
1646 4091 1841 4159 dicam,

247 4207 318 4243 ex
346 4189 653 4243 hominibus
683 4187 903 4251 faciens,
933 4201 1151 4241 omnem
1184 4186 1325 4240 illam
1353 4193 1588 4239 veterem
1619 4197 1848 4237 consue-

251 4281 494 4337 tudinem
524 4279 775 4334 abolevit.
803 4277 967 4333 Vides
1000 4277 1271 4347 quomodo
1301 4292 1405 4330 non
1436 4283 1679 4344 oporteat
1715 4289 1847 4328 con-

250 4372 591 4425 suetudinem
626 4379 961 4444 prtetexere_,
1008 4368 1102 4424 sed
1143 4367 1284 4439 quod
1319 4368 1518 4435 justum
1558 4374 1641 4421 est
1668 4366 1846 4435 inqui-

251 4465 419 4520 rere?
443 4463 582 4518 Ecce
606 4463 746 4517 enim
770 4461 1021 4531 quoniam
1045 4460 1183 4514 mala
1212 4467 1326 4513 erat
1354 4458 1468 4512 haec
1495 4456 1844 4529 consuetudo,

251 4557 478 4624 explosa
520 4567 623 4618 est,
674 4564 728 4609 ct
755 4569 862 4608 non
903 4554 1029 4608 licet
1058 4552 1149 4606 ulli
1189 4566 1305 4605 eam
1351 4558 1665 4621 prwtexere.
1704 4548 1847 4604 Nus-

253 4663 419 4716 quam
451 4645 609 4716 igitur
630 4686 645 4710 ,
678 4645 903 4699 obsecro
926 4684 942 4708 ,
974 4641 1416 4698 consuetudinem
1446 4640 1721 4711 inquiras;
1753 4638 1849 4695 sed

254 4737 400 4809 quod
424 4737 493 4793 sit
520 4735 651 4791 utile
679 4750 859 4805 qumre
878 4775 894 4801 ,
936 4749 1043 4788 non
1071 4732 1212 4803 quod
1241 4732 1434 4786 animae
1461 4731 1846 4800 perniciosum;

256 4838 318 4883 et
338 4829 383 4882 si
415 4826 542 4897 quid
570 4834 655 4881 est
672 4825 891 4889 bonum,
924 4823 1132 4879 etiamsi
1162 4836 1269 4877 non
1309 4821 1377 4877 sit
1408 4818 1769 4885 consuetudo,
1799 4818 1850 4873 id

257 4921 356 4974 tiat
379 4937 409 4975 a
440 4919 593 4973 nobis
623 4917 702 4973 :si
724 4931 851 4971 vero
882 4914 1238 4987 perniciosum
1268 4920 1371 4979 est,
1394 4911 1602 4966 etiamsi
1624 4925 1854 4966 consue-

258 5011 393 5066 tudo
422 5011 513 5074 sit,
536 5009 799 5078 fugiamus
827 5016 881 5063 et
909 5020 1241 5061 aversemur.
1268 5003 1361 5059 29.
1386 5002 1451 5056 Et
1468 5002 1627 5066 dedit.
1658 5002 1847 5071 inquit,

264 5101 435 5155 Jacob
465 5098 737 5153 Rachelem
764 5114 881 5151 cum
906 5095 1059 5151 Balla
1085 5095 1294 5150 ancilla.
1339 5093 1529 5149 VidiSIi
1559 5103 1753 5162 quanta
1784 5092 1853 5147 sit

258 5194 382 5249 hzec
409 5190 742 5261 philos0phia
761 5189 861 5261 (b)?
882 5188 1018 5243 Num
1043 5202 1320 5242 servorum
1334 5200 1523 5255 greges
1538 5184 1561 5237 ‘l
1576 5200 1699 5239 num
1722 5198 1853 5255 syn-

323 5326 417 5388 (a).
437 5327 520 5374 Hic
542 5324 782 5388 memoria
797 5322 958 5388 lapsus
978 5319 1168 5388 videtur
1181 5318 1542 5388 chrysostomus
1556 5329 1667 5388 enim
1689 5315 1755 5364 ait
1768 5320 1854 5362 La-

257 5379 443 5438 banan
475 5387 650 5436 Iacobo
683 5379 938 5433 ttaehelem
959 5381 1154 5429 dedisse
1184 5379 1291 5441 post
1327 5379 1448 5428 alios
1477 5387 1671 5441 septem
1702 5389 1855 5441 annos

259 5451 530 5499 servitutis.
571 5455 683 5497 Nam
718 5459 769 5494 tn
803 5444 1037 5493 Hebraico
1071 5438 1208 5490 textu
1253 5448 1306 5489 et
1337 5442 1387 5488 in
1423 5438 1640 5500 Vulgata,
1679 5438 1857 5501 quibus

262 5514 412 5560 etiam
437 5514 821 5560 mmomnthx
838 5508 1151 5565 Interpretes,
1170 5502 1362 5565 ductam
1386 5502 1435 5549 in
1457 5513 1663 5565 uxorem
1675 5499 1855 5548 Rache—

263 5572 363 5622 lem
389 5585 501 5622 esse
525 5572 700 5620 dicitur
732 5577 848 5617 ante
884 5562 992 5615 illos
1013 5571 1208 5626 septem
1243 5563 1364 5626 alios
1388 5562 1647 5626 servitutis
1668 5572 1820 5610 annos
1838 5599 1851 5619 ,

262 5642 320 5698 et
338 5635 619 5698 conjugium
636 5631 846 5693 septimo
869 5634 977 5691 post
997 5623 1189 5675 ductam
1221 5624 1349 5673 Liam
1370 5623 1452 5673 die
1474 5629 1854 5672 consummatum

260 5694 428 5743 fuisse.

324 5756 402 5817 (ιι)
436 5752 735 5814 Philosophia
765 5752 843 5799 hic
875 5749 1103 5817 accipitur
1147 5762 1234 5817 pro
1256 5744 1565 5817 shuplicitate
1589 5757 1777 5817 morum
1802 5749 1856 5817 et.

260 5804 347 5877 prd
371 5804 659 5877 ti-ugalitat'e
677 5850 691 5874 ,
718 5820 770 5861 ut
791 5822 922 5874 saepe
963 5804 1078 5860 alias
1099 5804 1223 5871 apud
1244 5804 1627 5873 Chrjsostomum
1652 5814 1703 5858 et
1724 5804 1853 5869 apud

262 5896 284 5925 ν
292 5888 472 5931 atere»

1337 427 1401 482 ΙΝ
1442 424 1592 480 CAP.
1638 414 1828 475 ΧΧΞΧ.
1860 410 2101 468 ΟΕΝΕΞ.
2148 413 2379 470 ιιοιιιι..
2424 413 2553 471 LVI.

3359 416 3362 420 ’
3414 417 3520 474 490

1928 532 2172 603 grapha?
2207 541 2259 586 ct
2288 542 2438 601 pacta
2461 574 2476 601 ,
2506 542 2663 603 atque
2703 532 3039 590 conditiones
3089 533 3192 589 illa:
3238 535 3470 593 ridicula:
3499 558 3514 593 :

1931 627 1994 684 Si
2011 629 2103 682 hoc
2131 628 2303 696 fuerit,
2323 628 2366 679 si
2385 627 2480 679 hoc
2501 628 2715 681 evenerit
2733 626 2758 681 ?
2775 627 2839 681 Et
2857 628 3157 698 priusquam
3176 630 3516 693 conveniant,

1891 704 1914 719 ν
1933 720 2234 774 nescientes
2264 734 2330 771 an
2365 733 2530 787 usque
2554 718 2617 772 ad
2647 734 2923 788 vesperam
2957 731 3226 781 maneant.
3252 737 3370 790 qua:
3400 731 3519 791 post

1933 810 2098 864 multa
2128 818 2365 878 tempora
2408 820 2627 864 ventura
2676 820 2801 864 sunt
2828 850 2845 877 ,
2895 811 2947 864 in
2977 812 3144 865 literis
3188 814 3299 866 suis
3337 817 3517 869 consi-

1930 910 2096 971 guant
2124 920 2137 956 :
2181 902 2243 957 Si
2269 902 2436 957 liberis
2464 920 2668 969 carens,
2707 904 2908 973 inquit,
2949 904 3217 975 defunctas
3252 906 3404 973 fuerit
3432 923 3453 962 .'
3474 909 3520 961 si

1934 993 2070 1062 ﬁlios
2091 994 2340 1059 habuerit,
2373 1003 2426 1048 et
2452 1009 2799 1063 quaicumque
2831 994 2971 1049 talia.
3018 1000 3083 1050 At
3112 996 3197 1050 hic
3228 997 3358 1051 nihil
3390 999 3516 1064 tale,

1934 1084 2026 1138 Sed
2055 1099 2173 1137 cum
2204 1085 2412 1153 utrique
2440 1099 2589 1138 suam
2620 1084 2866 1138 ancillam
2888 1085 3143 1151 dedisset,
3174 1087 3309 1141 filias
3338 1089 3519 1143 eloca-

1931 1177 2011 1231 vit
2032 1186 2201 1247 pater.
2257 1177 2346 1232 50.
2398 1175 2587 1230 Dilexit
2624 1186 2833 1241 autem,
2871 1177 3073 1246 inquit,
3127 1176 3317 1232 Rachel
3360 1180 3521 1249 magis

1932 1284 2085 1339 quam
2131 1267 2277 1321 Liam
2323 1283 2342 1321 :
2371 1279 2418 1322 et
2461 1269 2661 1321 servivit
2704 1269 2750 1322 ei
2776 1278 2963 1337 septem
3005 1270 3154 1324 annis
3198 1271 3333 1325 aliis.
3384 1270 3520 1338 Quia

1932 1362 2075 1414 enim
2125 1359 2193 1412 ab
2236 1358 2387 1412 initio
2419 1358 2686 1412 adamavit
2716 1358 2941 1427 puellam
2984 1368 3199 1428 propter
3244 1371 3519 1415 venustam

1933 1450 2184 1515 formam,
2213 1458 2267 1503 et
2286 1450 2371 1503 vix
2393 1465 2510 1503 eam
2533 1460 2892 1519 consequutus
2917 1459 2999 1505 est
3023 1468 3034 1503 :
3070 1450 3191 1505 ideo
3215 1467 3331 1505 eam
3353 1453 3521 1521 magis

1932 1540 2118 1596 dilexit
2167 1555 2323 1609 quam
2374 1539 2544 1595 Liam.
2598 1541 2806 1594 Etenim
2857 1541 2994 1594 illius
3045 1555 3292 1596 venuStas
3338 1544 3524 1598 allexit

1934 1647 2056 1685 eum
2102 1630 2167 1684 ad
2216 1646 2331 1685 eam
2377 1631 2678 1685 amandum.
2716 1631 2909 1685 Verqu
2939 1632 3021 1686 hic
3046 1632 3237 1685 iterum
3268 1632 3387 1687 vide
3416 1633 3522 1688 Do-

1937 1723 2063 1776 mini
2092 1721 2408 1777 ineffabilem
2443 1722 2859 1776 miscricordiam
2884 1764 2898 1790 ,
2936 1733 2990 1777 et
3018 1724 3287 1793 quomodo
3312 1741 3430 1794 qum.
3454 1727 3524 1780 ab

1934 1814 2050 1883 ipso
2098 1814 2305 1868 fuerant
2347 1813 2607 1882 promissa
2660 1815 2910 1883 paulatim
2942 1816 3227 1886 compleat.
3274 1816 3406 1871 Nam
3432 1818 3523 1887 qui

1935 1903 2068 1959 dixit
2098 1922 2111 1957 :
2147 1904 2256 1958 Ero
2283 1915 2468 1970 tecum,
2497 1906 2778 1960 custodiens
2804 1917 2849 1960 te
2878 1907 3088 1960 inomni
3115 1910 3193 1961 via
3220 1925 3320 1977 qua
3346 1909 3523 1963 ambu-

1936 1995 2117 2048 laveris
2145 2003 2260 2062 :et,
2293 1996 2496 2066 Augebo
2533 2006 2578 2050 et
2620 1996 2967 2067 multiplicabo
2998 2007 3043 2051 te
3085 1997 3234 2069 (Gen.
3266 1998 3357 2053 28.
3392 1998 3520 2071 15):

1938 2087 2052 2156 ipse
2074 2087 2233 2142 etiam
2256 2104 2397 2142 nunc
2427 2089 2604 2142 omnia
2635 2088 2924 2158 dispensat.
2959 2089 3027 2143 Et
3050 2099 3103 2142 ut
3132 2089 3181 2142 id
3213 2090 3372 2156 scias,
3402 2091 3525 2145 audi

1937 2179 2103 2248 ipsam
2154 2178 2386 2233 divinam
2413 2179 2739 2248 Scripturam
2769 2181 2870 2233 hoc
2914 2179 3193 2234 manifeste
3235 2179 3523 2235 dicentem.

1938 2271 2027 2325 51.
2062 2270 2129 2324 Ut
2156 2272 2280 2325 vidit
2301 2281 2467 2325 autem
2494 2271 2745 2325 Dominus
2776 2270 2929 2334 Deus,
2962 2271 3098 2336 quod
3123 2272 3239 2325 odio
3262 2272 3530 2328 haberetur

1936 2354 2052 2421 Lia,
2084 2356 2281 2423 aperuit
2311 2356 2507 2409 vulvam
2538 2356 2649 2426 ejus
2678 2371 2697 2409 :
2737 2355 2931 2409 Rachel
2974 2367 3141 2409 autem
3179 2366 3287 2410 erat
3316 2358 3527 2412 sterilis.

1933 2449 2025 2504 59..
2067 2448 2135 2502 Et
2162 2451 2390 2520 concepit
2435 2448 2567 2515 Lia,
2613 2461 2661 2504 et
2707 2450 2897 2520 peperit
2941 2450 3101 2517 ﬁlium
3129 2449 3342 2505 Iacobo.
3393 2451 3529 2507 Vide

1935 2541 2186 2594 solertem
2237 2540 2328 2596 Dei
2374 2541 2710 2610 sapientiam.
2756 2541 3015 2608 Quoniam
3056 2542 3143 2596 illa
3170 2543 3381 2612 quidem
3414 2544 3529 2613 pul-

1936 2630 2239 2687 chritudine
2263 2647 2357 2685 sua
2385 2632 2695 2687 conciliarat
2722 2633 2821 2687 sibi
2848 2632 3072 2702 gratiam
3101 2634 3222 2701 viri,
3262 2633 3378 2689 haec
3401 2650 3529 2690 vero

1937 2722 2157 2777 minime
2198 2721 2431 2778 formosa
2462 2722 2586 2777 odio
2614 2723 2794 2778 haberi
2818 2724 2925 2777 visa
2956 2732 3039 2780 est
3066 2743 3078 2777 :
3112 2725 3247 2779 hanc
3278 2726 3527 2781 idoneam

1938 2814 2062 2870 facit
2085 2816 2293 2886 partui,
2334 2816 2477 2871 illam
2506 2830 2635 2871 vero
2664 2816 2902 2871 inutilem
2927 2832 2943 2882 ;
2984 2817 3097 2872 lucc
3124 2818 3284 2872 ambo
3313 2833 3405 2872 sua
3435 2819 3533 2873 mi-

1939 2906 2231 2961 sericordia
2261 2907 2578 2977 dispensans
2602 2916 2658 2962 ut
2678 2916 2730 2962 et
2752 2907 2869 2963 haec
2894 2924 2986 2976 per
3010 2908 3209 2963 liberos
3238 2908 3327 2980 qui
3359 2926 3425 2963 ex
3468 2925 3531 2966 ea

1941 3000 2296 3055 nascebantur
2330 3000 2577 3056 solatium
2615 2999 2867 3065 haberet,
2896 3001 2947 3055 in
2979 3001 3058 3055 sui
3089 3015 3325 3055 amorem
3356 3003 3529 3057 virum

1940 3092 2214 3157 alliciens;
2244 3100 2298 3147 et
2326 3092 2416 3146 illa
2443 3108 2511 3147 ne
2537 3101 2753 3162 propter
2778 3091 3223 3162 pulchritudinem
3252 3102 3307 3148 et
3336 3093 3534 3148 formo-

1943 3185 2155 3240 sitatem
2200 3184 2456 3240 adversus
2504 3200 2745 3241 sororem
2798 3184 3115 3255 insurgeret.
3172 3184 3237 3239 Et
3284 3188 3484 3256 aperuit
3516 3228 3533 3253 ,

1943 3276 2146 3346 inquit,
2194 3277 2394 3329 vulvam
2432 3277 2563 3343 ejus.
2606 3276 2761 3330 Disce
2798 3274 2904 3339 hic,
2934 3276 3160 3342 dilecte,
3190 3277 3533 3331 Conditorem

1944 3369 2185 3423 omnium
2215 3368 2393 3422 omnia
2432 3367 2697 3421 moderari
2725 3382 2787 3420 ac
2826 3366 3171 3435 dispensare,
3210 3377 3262 3422 et
3294 3378 3533 3423 naturam

1946 3460 2114 3528 ipsam
2140 3458 2205 3514 ad
2234 3467 2441 3530 partum
2464 3458 2718 3523 excitare,
2742 3458 3046 3529 nullamque
3076 3474 3197 3514 esse
3222 3461 3534 3516 concubitus

1947 3552 2249 3619 utilitatem,
2281 3552 2324 3607 si
2352 3552 2487 3608 absit
2515 3552 2691 3606 divina
2721 3554 3048 3622 eooperatio.
3083 3554 3369 3623 Propterea
3392 3556 3533 3609 enim

1948 3644 2103 3709 dixit,
2135 3644 2344 3715 Aperuit
2373 3645 2571 3699 vulvam
2598 3644 2728 3713 ejus,
2756 3653 2815 3697 ut
2836 3645 3068 3699 sciamus
3098 3646 3329 3699 voluisse
3353 3646 3535 3700 Domi-

1949 3751 2077 3790 num
2108 3734 2255 3789 Liam
2286 3734 2631 3805 procreandis
2680 3733 2863 3789 liberis
2890 3744 3069 3804 aptam
3121 3735 3257 3799 ﬁeri,
3290 3751 3395 3805 quo
3422 3736 3538 3806 ejus

1950 3841 2151 3880 maeror
2181 3825 2458 3879 leniretur.
2504 3824 2623 3893 lpse
2667 3824 2808 3878 enim
2839 3833 2919 3878 est
2945 3825 3034 3893 qui
3084 3824 3133 3877 in
3159 3824 3313 3877 vulva
3346 3825 3541 3895 figurat

1950 3926 2003 3972 et
2030 3917 2232 3972 animat
2260 3915 2421 3971 fmtus
2448 3958 2463 3983 ,
2508 3918 2643 3969 sicut
2670 3925 2724 3970 et
2754 3916 2914 3970 David
2946 3918 3073 3971 dicit
3103 3935 3115 3969 :
3161 3918 3440 3988 Suscepisti
3462 3936 3545 3973 me

1950 4009 2014 4062 de
2042 4017 2181 4062 utero
2204 4009 2380 4063 matris
2409 4025 2533 4062 mea:
2553 4007 2723 4078 (Psal.
2758 4009 2880 4063 158.
2910 4009 3016 4079 15).
3044 4010 3110 4063 Ει
3136 4009 3253 4064 vide
3270 4011 3548 4080 quomodo

1953 4108 2211 4154 monstrat
2252 4099 2405 4155 nobis
2435 4099 2611 4153 divina
2648 4099 2921 4168 Scriptura
2961 4110 3162 4154 naturae
3192 4100 3543 4157 Conditorem

1955 4200 2176 4260 utraque
2211 4206 2306 4245 sua
2339 4191 2533 4245 virtute
2559 4190 2918 4255 efﬁcientem;
2953 4207 3142 4259 nempe
3173 4193 3391 4246 alterius
3424 4194 3542 4247 vul-

1952 4298 2071 4335 vam
2110 4280 2353 4336 idoneam
2395 4282 2706 4337 rcddentem
2729 4323 2744 4348 ,
2778 4282 3026 4337 Rachelis
3070 4293 3245 4337 autem
3277 4287 3543 4339 constrin-

1953 4382 2186 4443 gentem.
2229 4373 2501 4443 Siquidem
2532 4383 2736 4429 natura:
2778 4374 3031 4428 Dominus
3058 4390 3177 4429 cum
3215 4376 3313 4441 sit,
3363 4378 3539 4431 omnia

1957 4465 2110 4518 facile
2137 4474 2407 4534 operatur.
2453 4465 2520 4518 Et
2559 4466 2806 4532 concepit,
2844 4466 3051 4534 inquit,
3104 4465 3220 4531 Lia,
3267 4476 3314 4519 et
3351 4468 3542 4534 peperit

1958 4556 2119 4624 [ilium
2142 4555 2374 4622 Jacobo;
2405 4559 2694 4626 vocavitque
2720 4573 2901 4611 nomen
2932 4557 3043 4624 ejus
3075 4556 3250 4610 Ruben
3272 4598 3285 4619 ,
3320 4558 3489 4611 dicens
3524 4574 3543 4612 :

1962 4651 2092 4718 Quia
2122 4650 2242 4702 vidit
2274 4649 2521 4702 Dominus
2548 4648 2791 4702 vilitatem
2824 4665 3009 4715 meam,
3060 4665 3194 4702 nunc
3239 4648 3415 4719 diliget
3465 4667 3544 4703 me

1956 4744 2031 4797 vir
2064 4760 2222 4797 meus.
2273 4742 2401 4797 Vide
2426 4756 2583 4811 quam
2624 4748 2774 4811 grata
2821 4740 3013 4794 mulier
3054 4740 3183 4795 dicit
3227 4758 3241 4795 :
3289 4741 3547 4797 Dominus

1956 4838 2066 4892 visa
2116 4834 2412 4889 humilitate
2455 4847 2572 4887 mea
2618 4832 2840 4902 praebuit
2873 4831 3001 4885 mihi
3031 4842 3239 4902 partum
3265 4874 3281 4899 ,
3328 4843 3549 4903 pr0plcr

1956 4944 2112 5001 quem
2143 4925 2352 4996 diligar.
2383 4926 2450 4980 Et
2475 4933 2657 4994 specta
2701 4924 2787 4978 hic
2816 4926 3005 4978 iterum
3032 4966 3047 4991 ,
3093 4923 3361 4994 quomodo
3408 4925 3547 4980 Deus

1959 5020 2267 5076 muneribus
2319 5028 2527 5072 certare
2577 5015 2849 5071 contendit
2895 5031 3017 5071 cum
3048 5030 3147 5080 eo,
3193 5025 3247 5070 et
3288 5015 3550 5069 benelicia

1958 5112 2275 5175 accumulat,
2302 5110 2460 5164 simul
2486 5119 2536 5164 et
2554 5108 2682 5178 justi
2711 5123 2893 5162 semen
2922 5107 3125 5177 augeri,
3149 5118 3201 5160 et
3225 5106 3359 5159 hanc
3380 5106 3549 5175 magis

1958 5203 2159 5259 Jacobo
2177 5201 2459 5257 amabilem
2487 5198 2637 5253 reddi
2656 5199 2859 5253 volens.
2878 5198 2967 5251 35.
3000 5196 3070 5262 Et,
3085 5197 3328 5265 concepit,
3355 5194 3551 5265 inquit,

1959 5299 2160 5362 iterum,
2209 5303 2255 5348 et
2300 5291 2492 5364 peperit
2536 5290 2700 5359 ﬁlium
2727 5287 3006 5343 secundum
3031 5286 3261 5350 Jacobo,
3299 5296 3345 5337 et
3371 5285 3498 5339 dixit
3528 5297 3553 5340 :

1960 5389 2164 5443 Audiuit
2210 5386 2459 5441 Dominus
2498 5384 2632 5454 quod
2661 5382 2779 5435 odio
2807 5380 2992 5433 habeor
3015 5420 3030 5445 ,
3072 5388 3117 5431 et
3158 5377 3392 5448 apposuit
3422 5378 3546 5431 mihi

1960 5481 2198 5545 ethunc;
2226 5488 2269 5533 et
2296 5476 2493 5532 vocavit
2529 5488 2707 5527 nomen
2728 5472 2838 5543 ejus
2884 5469 3128 5541 Symeon.
3160 5468 3387 5524 Attende
3410 5485 3550 5539 quo—

1961 5572 2122 5628 modo
2154 5586 2249 5640 per
2277 5567 2515 5639 singulos
2544 5577 2739 5634 pueros
2766 5561 2966 5632 gratias
2991 5561 3100 5632 agit
3126 5560 3373 5626 Domino,
3399 5569 3454 5616 et
3481 5560 3562 5618 ob

1964 5663 2223 5719 beneficia
2273 5668 2478 5729 gratum
2516 5655 2754 5710 animum
2805 5653 3061 5709 declarat.
3093 5652 3317 5719 Audiuit,
3363 5656 3505 5707 enim
3532 5691 3562 5720 ν

1964 5755 2166 5824 inquit,
2213 5752 2480 5817 Dominus,
2508 5749 2643 5820 quod
2684 5749 2802 5803 odio
2845 5746 3049 5812 habeor,
3089 5754 3136 5800 et
3162 5746 3397 5816 apposuit
3429 5745 3565 5801 mihi

1963 5852 2115 5906 etiam
2141 5848 2275 5901 hunc
2303 5861 2320 5899 :
2348 5852 2631 5912 propterea
2661 5839 2865 5895 Vocavit
2892 5855 3069 5894 nomen
3098 5839 3206 5908 ejus
3235 5836 3478 5907 Symeon.
