3974 6472
451 433 551 489 491

525 548 581 601 4.
616 542 803 600 Vidisti
831 540 1095 613 quomodo
1120 554 1223 593 non
1247 536 1586 607 simpliciter,
1618 547 1790 604 neque
1833 540 2035 586 temere

458 637 671 691 nomina
685 634 820 689 uatis
835 631 1111 687 indiderit?
1127 628 1491 684 Vocavitenitn
1509 642 1627 681 eum
1645 625 1898 695 Symron,
1914 635 2039 690 quo-

459 727 599 779 niam
637 724 836 779 audivit
870 722 1119 776 Dominus
1145 717 1243 791 (u).
1281 717 1442 772 Nobis
1479 715 1739 785 siquidem
1781 710 2037 766 llehraico

461 818 709 869 idiomate
741 829 833 883 per
858 812 957 867 hoc
1000 826 1193 865 nomen
1235 809 1495 878 signatur,
1539 803 1679 875 quod
1723 800 1899 857 audita
1946 798 2034 853 sit.

459 905 547 960 Si.
576 903 641 957 Et
669 903 896 971 concepit
937 902 1154 965 iterum,
1206 908 1253 952 et
1295 896 1487 968 peperit
1532 895 1735 963 ﬁlium,
1777 900 1822 944 et
1868 888 2038 942 dixit:

462 994 515 1049 Ν
519 1013 613 1048 nnc
642 994 878 1065 temporis
902 992 1042 1062 apud
1063 1008 1140 1045 me
1181 990 1272 1043 erit
1312 989 1385 1042 vir
1418 1002 1594 1051 meus;
1637 983 1808 1054 peperi
1836 982 1969 1037 enim
1994 978 2039 1033 ei

458 1098 556 1139 trcs
581 1087 717 1155 ﬁlios
739 1102 759 1140 :
784 1094 988 1157 propter
1017 1087 1110 1137 Itoc
1131 1083 1320 1136 vocavit
1351 1096 1529 1134 nomen
1552 1078 1690 1132 illius
1714 1074 1854 1129 Levi.
1884 1072 2041 1127 Vide-

462 1190 546 1233 tur
572 1178 700 1233 mihi
745 1177 832 1232 hic
858 1174 1162 1247 significari,
1192 1188 1310 1228 eam
1333 1171 1470 1226 natis
1500 1168 1706 1225 duobus
1749 1166 1871 1220 ﬁliis
1908 1178 2042 1219 non-

458 1274 585 1328 dum
617 1272 849 1341 potuisse
877 1270 1093 1323 allicere
1119 1269 1319 1333 virum,
1347 1265 1434 1334 qui
1469 1262 1640 1317 adhuc
1674 1262 1725 1315 in
1754 1256 2041 1314 Rachclcm

464 1363 776 1434 propensior
795 1369 951 1416 erat:
985 1359 1106 1414 ideo
1130 1357 1296 1422 dicit,
1332 1354 1485 1409 Nunc
1520 1352 1758 1423 temporis
1790 1348 1928 1418 apud
1964 1362 2044 1400 me

462 1456 553 1508 erit
583 1455 657 1507 vir
688 1469 849 1507 meus.
896 1449 1162 1506 Fortassis
1204 1448 1443 1502 accessio
1487 1442 1626 1498 tertii
1658 1443 1829 1494 virum
1866 1452 2043 1491 meum

465 1545 652 1600 reddet
694 1541 1052 1603 benevolum,
1108 1548 1163 1595 ct
1215 1538 1405 1593 melius
1425 1535 1552 1589 mihi
1597 1532 1859 1587 affectum.
1908 1528 2045 1582 Ecce

462 1636 606 1690 enim
648 1645 754 1689 tres
786 1632 922 1687 filios
950 1632 997 1686 ei
1039 1630 1238 1700 peperi.
1284 1629 1373 1682 55.
1408 1624 1475 1679 Ει
1505 1624 1728 1693 concepit
1771 1621 1936 1674 adhuc
1975 1619 2037 1687 [i-

469 1728 623 1790 lium,
654 1741 714 1778 ac
739 1723 950 1795 peperit,
974 1731 1019 1775 et
1047 1721 1173 1774 dixit
1200 1735 1219 1773 :
1244 1717 1397 1772 Nunc
1422 1716 1588 1769 adhuc
1616 1714 1752 1768 istud
1777 1708 2047 1779 conﬁlrbor

468 1817 685 1871 Domino
711 1830 731 1868 :
763 1823 1026 1883 prapterea
1070 1812 1259 1863 vocarit
1301 1823 1481 1861 nomen
1518 1807 1629 1876 ejus
1664 1802 1877 1857 Iudam.
1909 1797 2045 1866 Quid

464 1918 566 1971 est,
600 1907 746 1960 Istud
773 1903 1046 1973 conﬁtebor
1069 1900 1328 1954 Domino?
1357 1896 1645 1967 Conﬁtebor
1671 1894 1757 1948 hic
1789 1894 1925 1946 idem
1968 1898 2050 1943 est

465 2017 551 2064 ac,
573 1999 781 2056 Gratias
805 2012 978 2068 agam,
1003 2004 1057 2051 et
1079 1992 1390 2067 gloriﬁcabo
1410 2006 1555 2057 eum,
1584 1990 1707 2060 quia
1728 1998 1782 2043 et
1803 1994 2048 2056 quartum

467 2093 595 2147 mihi
622 2090 816 2160 adjecit
844 2089 1034 2151 filium,
1058 2095 1113 2140 et
1134 2093 1332 2140 tantam
1364 2082 1492 2137 mihi
1521 2077 1897 2135 abundantiam
1923 2090 2057 2129 con-

468 2184 627 2239 cessit
658 2201 672 2237 :
703 2192 758 2237 et
786 2195 905 2251 quae
933 2178 1003 2234 ob
1027 2176 1268 2246 corporis
1295 2172 1687 2228 deformitatem
1715 2168 1783 2223 de
1805 2167 1901 2221 viri
1929 2180 2052 2234 erga

472 2292 557 2331 me
594 2270 966 2329 benevolentia
998 2267 1353 2338 periclitatum
1395 2278 1575 2329 eram,
1624 2273 1764 2315 nunc
1803 2273 2053 2328 procrea-

472 2371 616 2424 tione
657 2365 881 2419 ﬁliorum
903 2380 932 2415 a
976 2362 1085 2415 Deo
1115 2356 1243 2413 mihi
1274 2356 1426 2420 data,
1473 2362 1529 2409 et
1553 2350 1800 2407 mmmris
1828 2362 2054 2403 excessu

469 2459 713 2514 discusso
736 2496 752 2521 ,
796 2467 913 2518 me,
944 2465 1063 2519 qua:
1096 2448 1169 2502 ob
1193 2446 1588 2503 deformitatem
1627 2440 1752 2496 odio
1800 2438 2053 2503 habchar,

469 2547 773 2604 consolatus
793 2551 895 2606 est,
919 2540 1206 2609 odiumque
1226 2534 1494 2591 transtulit
1513 2534 1566 2587 in
1589 2545 1829 2586 sororem
1857 2543 2055 2583 meam.

474 2639 543 2696 Ut
576 2635 761 2708 peperit
782 2643 948 2687 autem
986 2629 1178 2684 Iudam
1204 2669 1218 2693 ,
1272 2626 1481 2696 inquit,
1522 2622 1731 2677 cessavit
1773 2636 1971 2693 parere.
2003 2619 2055 2673 i.

471 2729 597 2787 Cum
623 2736 789 2781 autem
819 2724 1017 2777 vidisset
1043 2720 1236 2773 Rachel
1262 2719 1379 2790 quia
1400 2733 1499 2770 non
1528 2714 1800 2787 peperisset
1828 2711 2021 2767 Iacobo
2040 2752 2056 2778 ,

473 2821 711 2877 wnmlata
734 2825 806 2871 est
839 2815 984 2870 Liam
1017 2828 1240 2867 sororem
1266 2827 1446 2876 suam,
1488 2818 1534 2863 et
1557 2808 1682 2861 dixit
1719 2805 1911 2861 Iacobo
1930 2847 1947 2872 ,
1978 2804 2059 2859 Da

475 2912 598 2966 mihi
629 2910 763 2980 ﬁlios
783 2925 801 2962 :
832 2906 911 2960 sin
938 2906 1124 2970 minus,
1158 2902 1348 2957 moriar
1372 2917 1464 2972 ego
1503 2898 1655 2972 (Cap.
1683 2894 1794 2970 30).
1820 2898 2058 2953 lnconsi-

475 3004 658 3058 derata
684 3009 739 3056 et
764 2997 1039 3053 muliebris
1065 3004 1147 3050 est
1184 2994 1299 3049 lucc
1325 2993 1509 3064 petitio
1537 2992 1834 3061 anima-que
1860 2991 2064 3063 zeloty-

473 3097 561 3166 pia
594 3094 933 3163 impugnata',
967 3087 1048 3142 Da
1069 3086 1192 3141 mihi
1217 3086 1370 3149 ﬁlios.
1398 3083 1515 3140 Non
1545 3082 1761 3147 audisti,
1793 3081 1931 3152 quod
1956 3096 2062 3136 non

476 3186 576 3240 viri
621 3181 934 3237 concubitus
976 3179 1053 3233 illi
1100 3187 1308 3247 partum
1335 3173 1639 3245 przebucrit,
1683 3173 1775 3227 sed
1811 3171 2063 3226 Dominus

478 3280 659 3333 Deus:
685 3275 774 3346 qui
799 3271 865 3328 Ut
894 3272 1049 3337 vidit,
1081 3267 1281 3339 inquit,
1311 3266 1445 3340 quod
1471 3264 1588 3319 odio
1621 3263 1903 3328 traheretur,
1943 3277 2065 3331 ape-

476 3371 579 3426 ruit
624 3369 822 3423 vulvam
851 3363 1007 3438 cjus?
1044 3363 1220 3430 Quare
1268 3374 1299 3414 a
1347 3358 1460 3412 viro
1489 3356 1626 3427 petis
1651 3369 1713 3410 ea
1739 3370 1856 3424 quae
1904 3368 2064 3422 supra

479 3472 721 3519 naturam
752 3466 897 3524 sunt,
926 3465 981 3512 et
1008 3454 1195 3509 relicto
1234 3458 1436 3505 natura:
1487 3446 1713 3501 Domino
1760 3445 1930 3498 virum
1974 3457 2064 3496 ar-

478 3555 597 3626 guis
625 3593 641 3618 ,
669 3550 758 3620 qui
779 3547 845 3603 ad
880 3548 981 3601 hoc
1006 3543 1139 3598 nihil
1177 3538 1421 3596 conferre
1446 3536 1537 3591 tibi
1571 3535 1801 3605 poterit?
1833 3532 1912 3585 Da
1945 3532 2068 3585 mihi

481 3625 638 3717 filios:
671 3645 749 3699 sin
775 3641 964 3703 minus,
989 3636 1176 3689 moriar
1203 3650 1315 3704 ego.
1341 3630 1513 3686 Grave
1540 3627 1739 3708 malum
1759 3634 1842 3680 est
1868 3625 2068 3695 zeloty-

481 3738 592 3809 pia,
622 3745 677 3790 et
705 3731 902 3787 desinit
931 3729 983 3781 in
1010 3724 1371 3795 insipientiam
1401 3738 1416 3775 :
1447 3720 1498 3775 id
1532 3718 1674 3790 quod
1709 3728 1764 3773 et
1797 3717 1917 3770 huic
1942 3730 2069 3770 eve-

482 3828 578 3884 nit.
610 3824 807 3882 Videns
826 3822 969 3878 enim
989 3820 1212 3876 chorum
1244 3817 1472 3870 filiorum
1501 3828 1603 3868 sor.
1627 3812 1724 3878 ris,
1755 3821 1809 3866 et
1830 3811 2067 3881 cogitans

482 3936 636 3977 suam
679 3914 1022 3973 solitudinem
1045 3954 1060 3979 ,
1111 3925 1216 3966 non
1246 3908 1446 3965 ferebat
1486 3906 1623 3962 hanc
1649 3904 2068 3970 contumeliam,

483 4027 657 4082 neque
682 4008 958 4064 continere
986 4011 1196 4075 poterat
1222 4001 1601 4071 cogitationem
1625 4012 1745 4068 quae
1790 4011 1848 4049 sc
1888 3996 2069 4050 turba-

484 4070 605 4167 bat',
636 4102 731 4157 sed
769 4100 855 4155 illa
882 4070 1200 4168 insipientia:
1239 4070 1392 4164 plena
1422 4092 1580 4147 verba
1607 4090 1959 4160 Ιοψιιιιιιιιιικ
1992 4070 2091 4140 Da‘

485 4194 611 4248 mihi
638 4192 772 4260 filios
802 4207 821 4244 :
846 4191 924 4244 sin
952 4189 1136 4253 minus,
1162 4185 1350 4239 moriar
1377 4199 1489 4254 ego.
1524 4181 1788 4236 Fortassis
1814 4178 1944 4233 vidit
1969 4178 2072 4232 viri

486 4300 611 4356 erga
641 4283 786 4337 illam
812 4294 1047 4335 amorem
1073 4318 1089 4345 ,
1136 4285 1189 4330 ct
1214 4274 1431 4344 putabat
1456 4288 1519 4327 ea
1541 4272 1609 4326 de
1638 4286 1793 4325 causa
1824 4270 1965 4324 illam
1997 4277 2075 4323 tot

490 4378 631 4434 ﬁlios
656 4373 924 4439 habuisse,
955 4378 1009 4426 et
1036 4384 1095 4424 se
1136 4365 1372 4423 nondum
1391 4365 1663 4436 peperisse
1696 4381 1709 4417 :
1745 4362 1883 4418 unde
1904 4362 2070 4430 dicit,

490 4468 571 4522 Da
600 4466 724 4520 milii
751 4466 907 4535 ﬁlios.
958 4460 1157 4516 Deinde
1188 4467 1385 4513 terrere
1429 4454 1616 4509 volens
1640 4453 1831 4519 virum,
1854 4453 2029 4507 subdit
2055 4469 2069 4505 :

490 4559 641 4627 Quod
665 4558 709 4612 si
735 4557 898 4610 minus
923 4596 938 4618 ,
989 4553 1179 4607 moriar
1201 4566 1310 4621 ego.
1357 4548 1494 4616 Quid
1521 4546 1678 4617 igitur
1705 4546 1821 4615 pius
1850 4554 1905 4600 et
1947 4545 2073 4599 teli-

487 4652 666 4721 giosus
691 4647 897 4704 Jacobi
924 4647 978 4700 Ξ.
1013 4641 1312 4700 Succensuit
1330 4683 1345 4705 ,
1373 4639 1562 4709 inquit,
1592 4638 1660 4691 ad
1689 4635 1836 4691 verba
1862 4637 2000 4699 lucc,
2027 4645 2075 4691 et

491 4743 616 4795 dixit
646 4741 690 4793 ei
717 4756 736 4795 :
764 4738 1029 4808 Numquid
1051 4752 1141 4806 pro
1171 4734 1277 4788 Deo
1298 4749 1387 4804 ego
1408 4748 1519 4786 sum
1543 4772 1558 4799 ,
1585 4729 1673 4801 qui
1697 4728 1867 4800 fructu
1891 4728 2076 4782 ventris

491 4840 538 4884 te
559 4830 766 4900 priravit
785 4830 809 4881 .9
829 4827 1002 4894 Quare
1023 4825 1278 4879 derelicto
1303 4832 1504 4876 natura:
1533 4820 1756 4875 Domino
1779 4819 2073 4888 reprehen-

490 4925 696 4978 sionem
742 4918 869 4973 mihi
914 4917 1157 4972 inducis?
1189 4915 1279 4969 Ille
1317 4922 1399 4968 cst
1439 4913 1527 4983 qui
1556 4912 1778 4981 privavit
1828 4921 1879 4966 te
1902 4911 2075 4965 fructu

491 5012 713 5070 ventris.
741 5010 917 5077 Quare
947 5023 1051 5062 non
1089 5006 1156 5059 ab
1184 5006 1272 5059 illo
1298 5005 1431 5074 petis
1453 5045 1467 5069 ,
1515 5003 1605 5074 qui
1652 5012 1825 5073 potest
1864 5001 2075 5071 aperire

491 5114 701 5161 natura:
724 5098 1014 5162 ofﬁcinam,
1041 5105 1093 5150 et
1115 5094 1414 5150 foecundam
1444 5094 1620 5148 facere
1640 5092 1890 5146 vulvam?
1922 5091 2077 5146 Disce

490 5200 650 5270 igitur
676 5196 824 5251 illum
852 5206 971 5247 esse
997 5190 1084 5260 qui
1114 5200 1165 5243 te
1196 5187 1418 5258 privavit
1448 5188 1620 5241 fructu
1647 5187 1847 5241 ventris
1872 5186 1978 5252 tui,
2022 5196 2077 5240 et

490 5291 660 5346 sorori
694 5299 798 5344 tua:
826 5292 1025 5342 tantam
1055 5281 1450 5339 facunditatem
1479 5280 1743 5352 praestitit.
1766 5278 1843 5333 Ne
1867 5278 2024 5349 igitur
2045 5294 2075 5332 a

492 5398 577 5437 me
604 5395 812 5451 quaeras
832 5393 949 5448 quce
978 5375 1216 5446 praebere
1243 5387 1350 5427 non
1380 5386 1615 5440 possum,
1640 5379 1691 5426 et
1717 5385 1941 5441 quorum
1969 5385 2074 5423 non

491 5487 607 5526 sum
636 5469 901 5524 dominus.
933 5467 1063 5522 Nam
1098 5465 1146 5522 si
1175 5464 1275 5520 hoc
1300 5463 1355 5519 in
1386 5477 1473 5517 me
1517 5460 1736 5528 fuisset,
1779 5461 1996 5515 omnino
2024 5470 2078 5515 te

491 5559 659 5617 sorori
692 5560 1041 5632 przetulissem
1064 5604 1079 5627 ,
1112 5558 1370 5628 majorem
1410 5571 1534 5627 erga
1572 5564 1623 5611 te
1651 5555 2073 5611 benevolentiam

494 5651 710 5735 bibens.
765 5654 833 5706 At
872 5656 1083 5720 quando
1123 5650 1329 5705 etiamsi
1384 5650 1435 5703 in
1488 5650 1749 5704 inﬁnitum
1791 5649 1977 5719 majori
2026 5658 2077 5705 te

554 5840 629 5902 (η)
653 5848 682 5885 Α
702 5851 815 5887 voce
838 5847 1045 5897 namque
1061 5835 1204 5890 Τῶν]
1220 5834 1417 5895 audivit,
1435 5835 1678 5885 derivatur
1696 5833 1844 5910 ζητεῖς
1859 5848 2073 5898 synieon.

1161 425 1216 482 S.
1257 420 1534 480 JOANNIS
1571 413 2054 477 CHRYSOSTOMI
2091 411 2406 468 ARCIIIEP.
2438 411 2970 473 CONSTANTINOP.

3629 418 3755 474 19'!

2139 531 2462 600 complectar
2490 532 2857 588 benevolentia
2881 574 2898 601 ,
2943 532 3075 587 nihil
3120 531 3213 587 tibi
3240 533 3294 589 in
3327 534 3433 589 hoc
3475 534 3742 603 prodesse

2141 632 2328 692 potero
2352 666 2367 688 ,
2409 624 2475 678 ah
2504 625 2593 679 illo
2621 641 2801 694 qtnere
2825 667 2839 691 ,
2882 627 2969 695 qui
2997 635 3051 680 et
3079 627 3420 681 sterilitatem
3454 626 3658 681 afferre
3682 639 3740 681 et

2140 713 2351 769 solvere
2375 725 2566 784 potest.
2594 715 2728 772 Vide
2746 716 2873 785 justi
2898 715 3250 786 prudentiam,
3275 717 3550 787 quomodo
3569 719 3741 772 etiam
3782 723 3794 736 '

2142 804 2210 858 ob
2241 804 2386 860 illius
2412 804 2549 860 dicta
2575 821 2915 870 succensens,
2950 821 3263 875 reSponsum
3297 808 3370 862 illi
3399 807 3501 861 dat
3513 808 3742 877 sapien-

2145 893 2363 949 tissimis
2390 897 2565 951 verbis
2592 914 2607 949 :
2635 896 2834 952 docens
2862 897 3145 968 diligenter
3172 898 3373 961 omnia,
3403 913 3744 969 caueturque

2143 984 2512 1053 manifestans,
2544 996 2601 1041 ut
2624 1002 2726 1042 non
2756 987 2943 1043 relicto
2965 988 3191 1043 Domino
3211 999 3418 1057 qua:rat
3440 989 3512 1043 ab
3533 989 3650 1044 alio
3676 1005 3743 1045 ea

2144 1090 2263 1145 qua:
2294 1075 2382 1129 ille
2407 1075 2551 1130 solus
2590 1087 2839 1146 praestare
2867 1086 3060 1148 potest.
3106 1077 3269 1148 Igitur
3298 1087 3357 1132 ut
3378 1078 3568 1133 didicit
3592 1080 3747 1150 quod

2145 1167 2340 1221 sterilis
2360 1167 2498 1223 facta
2524 1179 2665 1224 esset
2689 1184 2719 1223 a
2752 1169 2862 1224 Deo
2885 1210 2900 1235 ,
2946 1179 3002 1225 et
3043 1170 3229 1225 videns
3265 1184 3511 1227 sororem
3550 1172 3741 1228 liberis

2147 1255 2340 1312 florere
2365 1298 2382 1323 ,
2432 1259 2513 1315 vel
2557 1259 2825 1314 mediocre
2867 1260 3114 1316 solatium
3150 1261 3464 1331 requirens,
3516 1262 3653 1317 dicit
3673 1264 3742 1318 ad

2146 1346 2311 1403 Jacoh
2341 1366 2354 1403 :
2385 1348 2647 1415 Quoniam
2676 1364 2817 1404 nunc
2839 1350 3067 1405 docuisti
3109 1366 3196 1406 me
3219 1367 3326 1406 non
3368 1351 3528 1421 culpa
3555 1362 3647 1407 tua
3670 1352 3743 1407 li-

2153 1438 2184 1492 b
2221 1440 2294 1493 ris
2323 1453 2540 1503 carere,
2574 1440 2759 1495 saltem
2791 1441 3038 1495 ancillam
3061 1456 3233 1496 meam
3256 1442 3460 1512 accipe,
3491 1442 3744 1513 filiosque

2149 1546 2215 1584 cx
2243 1547 2304 1586 ea
2333 1546 2551 1601 procrea
2573 1571 2588 1595 ,
2636 1540 2690 1586 ut
2711 1547 2931 1601 parvum
2978 1531 3191 1602 aliquod
3217 1533 3465 1587 solatium
3498 1533 3746 1590 invenire

2152 1625 2371 1694 possim,
2395 1640 2456 1679 ca
2474 1625 2602 1679 mihi
2627 1626 2897 1679 vindicans
2921 1640 3040 1696 quae
3058 1625 3126 1680 ab
3147 1626 3236 1681 illa
3263 1636 3573 1682 nascentur.
3596 1628 3654 1683 4.
3678 1627 3746 1684 Et

2151 1716 2289 1769 dedit
2327 1717 2393 1782 ei,
2425 1716 2593 1786 inquit
2614 1757 2627 1779 ,
2664 1715 2868 1769 Ballam
2891 1716 3132 1771 ancillam
3156 1733 3301 1771 suam
3330 1734 3542 1772 uxorem
3566 1734 3588 1773 :
3608 1718 3665 1774 5.
3702 1729 3747 1774 et

2153 1809 2354 1862 intravit
2383 1807 2452 1862 ad
2480 1824 2624 1874 eam;
2662 1818 2709 1863 et
2737 1810 2996 1880 concepit,
3039 1818 3086 1863 et
3115 1811 3305 1881 peperit
3325 1810 3492 1880 ﬁlium
3514 1810 3749 1880 Iacobo,

2154 1900 2205 1956 6.
2237 1909 2282 1953 et
2304 1900 2431 1954 dixit
2462 1898 2653 1955 Rachel
2677 1900 2975 1956 :Iudicarit
3018 1903 3142 1956 milii
3183 1902 3361 1971 Deus,
3402 1913 3453 1958 et
3486 1904 3747 1958 exaudivit

2155 2007 2324 2046 vocent
2349 2010 2531 2059 meant,
2563 1995 2798 2064 deditque
2818 1996 2942 2050 mihi
2969 1996 3155 2064 ﬁliuni.
3191 1995 3409 2066 Propter
3437 1998 3536 2052 hoc
3554 2000 3747 2052 vocarit

2156 2100 2339 2138 nomen
2364 2087 2472 2156 ejus
2497 2085 2613 2140 Dan
2647 2086 2747 2157 (α).
2787 2086 2982 2141 llabuit
3005 2087 3185 2157 aliquo
3204 2086 3364 2143 modo
3384 2088 3631 2157 pariente
3654 2103 3747 2146 att-

2156 2179 2279 2235 cilla
2319 2180 2402 2235 vel
2448 2181 2663 2237 brevem
2707 2183 3177 2239 consolationem:
3221 2184 3343 2240 ideo
3388 2185 3504 2256 ipsa
3551 2200 3743 2241 uomat:

2161 2290 2327 2344 puero
2358 2277 2581 2346 imponit
2601 2318 2616 2342 ,
2643 2278 2946 2347 gratiasque
2986 2278 3096 2347 agit
3130 2278 3354 2332 Domino
3388 2293 3489 2349 pro
3517 2288 3666 2334 nato.
3694 2281 3743 2333 7.

2161 2365 2227 2419 Et
2255 2367 2504 2437 concepit,
2525 2368 2714 2436 inquit,
2737 2367 2914 2422 iterum
2943 2365 3093 2421 Bulla
3114 2409 3129 2434 ,
3163 2378 3211 2421 et
3239 2370 3429 2439 peperit
3450 2370 3624 2439 ﬁlium
3644 2387 3665 2437 ;
3689 2371 3743 2426 8.

2159 2470 2207 2512 et
2234 2458 2363 2513 dixit
2394 2458 2588 2513 Rachel
2614 2475 2632 2513 :
2661 2459 2864 2529 Adjuvit
2892 2476 2970 2513 me
3002 2458 3141 2515 Deus
3160 2500 3176 2524 ,
3226 2471 3271 2515 et
3306 2470 3615 2516 conuersata
3640 2478 3749 2515 sunt

2159 2566 2276 2604 cum
2304 2566 2475 2604 sorore
2499 2567 2628 2617 mea,
2655 2560 2700 2605 et
2727 2551 2939 2605 invalui.
2981 2549 3047 2604 Et
3080 2551 3274 2606 vocavit
3301 2568 3487 2606 nomen
3506 2553 3621 2624 ejus
3646 2552 3751 2608 Ne-

2161 2640 2433 2710 plultalim.
2474 2641 2540 2695 Et
2582 2641 2762 2696 didicit
2797 2650 2980 2712 postea
3017 2640 3299 2697 manifeste
3334 2657 3430 2711 per
3462 2644 3761 2712 ancillam,

2162 2732 2417 2788 Jacobum
2460 2747 2565 2786 non
2607 2733 2660 2786 in
2700 2748 2861 2787 causa
2902 2731 3066 2788 fuisse
3093 2747 3261 2802 quare
3299 2732 3482 2788 liberis
3519 2743 3747 2789 careret.

2165 2821 2291 2878 Ideo
2319 2831 2474 2877 natos
2493 2823 2645 2892 quasi
2670 2836 2798 2877 suos
2833 2822 2974 2877 ﬁlios
2998 2821 3281 2888 educavit,
3329 2832 3386 2879 et
3427 2824 3647 2877 nomina
3677 2825 3751 2879 cis

2172 2915 2445 2984 imposuit,
2479 2915 2763 2969 maximam
2796 2913 2919 2970 inde
2944 2915 3042 2971 sibi
3065 2914 3166 2985 ipsi
3189 2915 3615 2971 consolationem
3636 2931 3753 2971 esse

2167 3014 2303 3060 rata.
2328 3003 2385 3058 9.
2411 3003 2478 3059 Ut
2502 3015 2669 3058 autent
2692 3005 2812 3058 vidit
2834 3005 2929 3058 Lia
2951 3006 3086 3074 quod
3104 3015 3342 3060 cessasset
3362 3021 3563 3076 parere,
3586 3006 3755 3077 αὖρα

2167 3096 2410 3150 ancillam
2455 3112 2601 3150 suam
2645 3095 2894 3166 Zelpham
2931 3096 3069 3150 dedit
3091 3094 3284 3150 Iacobo
3312 3112 3563 3152 uxorem:
3592 3098 3677 3152 it).
3709 3107 3754 3151 et

2167 3187 2430 3255 concepit,
2457 3197 2507 3241 et
2536 3190 2758 3259 peperit,
2793 3188 2878 3241 ll.
2908 3186 2975 3240 Et
3002 3187 3127 3242 dixit
3148 3187 3245 3241 Lia
3272 3204 3291 3241 :
3325 3186 3613 3242 Fortunata
3642 3189 3717 3259 {ui
3737 3229 3753 3255 ,

2170 3277 2273 3333 hoc
2296 3286 2417 3342 est,
2484 3278 2600 3333 Voti
2645 3291 2864 3349 compos
2890 3278 3025 3332 facta
3062 3293 3205 3332 sum.
3250 3277 3315 3332 Et
3343 3281 3535 3333 vocavit
3577 3296 3756 3335 nomen

2169 3371 2281 3440 ejus
2322 3368 2457 3424 God.
2504 3369 2572 3425 Et
2600 3370 2847 3440 quoniam
2893 3370 3067 3439 reipsa
3109 3369 3288 3425 evenit
3323 3370 3463 3442 quod
3504 3372 3754 3440 optabat,

2169 3459 2372 3514 vocavit
2418 3474 2613 3513 nomen
2647 3460 2763 3530 ejus
2800 3458 2935 3515 Gad.
2971 3459 3058 3514 12.
3111 3457 3177 3512 Et
3210 3460 3436 3529 concepit
3477 3462 3684 3530 adhuc,
3713 3474 3756 3518 et

2173 3552 2363 3621 peperit
2406 3550 2567 3605 alium
2597 3553 2732 3607 :13.
2786 3552 3012 3622 dixitque
3055 3550 3152 3605 Lia
3200 3569 3220 3609 :
3261 3551 3419 3606 Beata
3459 3570 3555 3625 ego
3580 3594 3598 3620 ,
3643 3557 3758 3627 quia

2171 3642 2367 3697 beatam
2392 3658 2471 3696 me
2489 3642 2654 3697 dicent
2680 3643 2914 3698 mulieres
2940 3660 2960 3697 :
2984 3653 3034 3698 et
3053 3646 3246 3699 vocavit
3271 3661 3451 3700 nomen
3476 3646 3590 3716 ejus
3615 3648 3754 3701 Aser.

2243 3735 2298 3791 5.
2342 3733 2531 3790 Vidisti
2562 3734 2831 3804 quomodo
2855 3743 2911 3790 et
2933 3734 3048 3791 hcce
3076 3745 3230 3791 natos
3253 3751 3321 3791 ex
3353 3736 3546 3791 ancilla
3572 3746 3635 3791 ut
3661 3738 3756 3791 sibi

2174 3830 2419 3900 proprios
2441 3828 2680 3895 haberet,
2709 3837 2762 3883 et
2788 3827 2998 3883 beatam
3029 3842 3087 3882 se
3114 3842 3234 3882 esse
3257 3826 3423 3893 dicat,
3448 3835 3506 3882 et
3529 3828 3758 3883 beatitu-

2174 3923 2298 3979 dine
2321 3920 2531 3992 dignam
2562 3924 2632 3975 ob
2659 3920 3080 3990 procreationem
3119 3918 3369 3973 ﬁliorum.
3404 3918 3512 3974 Sed
3556 3919 3682 3975 vide
3701 3935 3759 3975 ea

2174 4027 2386 4084 quoque
2404 4027 2522 4083 qua:
2547 4022 2666 4082 post
2694 4010 2810 4067 haec
2836 4018 2985 4082 gesta
3014 4019 3158 4078 sunt,
3183 4020 3239 4064 ut
3266 4010 3445 4066 discas
3491 4011 3761 4082 quomodo

2175 4106 2451 4177 zelotypite
2476 4105 2685 4161 affectio
2712 4105 2816 4160 huc
2836 4114 2891 4161 et
2915 4104 3041 4159 illuc
3065 4104 3339 4167 transibat,
3372 4112 3433 4157 et
3455 4118 3601 4157 nunc
3628 4102 3757 4168 hate,

2178 4212 2320 4252 nunc
2359 4196 2445 4251 illa
2482 4194 2904 4266 impugnabatur.
2932 4196 3017 4250 M.
3047 4192 3114 4248 Et
3142 4195 3250 4261 ivit,
3283 4194 3474 4264 inquit,
3508 4193 3686 4247 Ruben
3711 4194 3759 4246 iu

2177 4290 2353 4344 diebus
2376 4289 2550 4344 messis
2580 4289 2811 4353 triticeaz,
2843 4298 2889 4341 et
2915 4287 3101 4340 invenit
3137 4286 3275 4340 mala
3303 4286 3760 4355 mandragoram

2176 4381 2231 4435 in
2256 4398 2402 4453 agro,
2429 4390 2478 4435 et
2506 4379 2673 4435 attulit
2699 4396 2759 4434 ea
2785 4380 2934 4433 matri
2959 4395 3086 4433 suae.
3118 4378 3358 4448 Dixitque
3379 4377 3575 4432 Rachel
3612 4375 3720 4431 Lit:
3743 4391 3762 4430 :

2178 4475 2261 4530 Da
2292 4475 2416 4528 milii
2441 4473 2504 4528 de
2528 4473 2878 4543 mandragoris
2903 4474 2999 4542 ﬁlii
3025 4472 3120 4526 tui.
3145 4471 3228 4526 15.
3258 4468 3403 4524 Dixit
3428 4464 3723 4523 autem’Lia
3747 4487 3761 4522 :

2183 4570 2302 4625 Non
2327 4570 2448 4624 satis
2471 4568 2558 4621 tibi
2578 4567 2713 4639 quod
2735 4566 2968 4635 accepisti
2999 4566 3162 4619 virum
3182 4579 3349 4616 meum
3367 4563 3393 4615 .9
3419 4579 3542 4615 num
3561 4571 3609 4614 et
3630 4576 3761 4613 ninn-

2179 4664 2422 4734 dragoras
2451 4661 2546 4729 ﬁlii
2576 4662 2672 4714 mei
2699 4657 2953 4728 accipies?
2997 4655 3155 4711 Vides
3193 4652 3464 4723 quomodo
3491 4650 3758 4721 :rgritudi-

2181 4769 2304 4809 nem
2348 4754 2510 4807 animi
2539 4751 2716 4806 verbis
2741 4748 3074 4803 tnanifestam
3127 4744 3283 4800 facit?
3325 4742 3448 4797 Non
3489 4743 3614 4798 satis
3654 4741 3755 4805 tibi,

2181 4846 2368 4916 inquit,
2400 4844 2534 4915 quod
2552 4843 2789 4913 accepisti
2814 4843 2977 4896 virum
3003 4838 3206 4894 meum?
3234 4853 3356 4890 num
3377 4846 3426 4889 et
3456 4834 3755 4903 mandrago.

2179 4954 2266 4992 ras
2298 4938 2393 5007 ﬁlii
2419 4937 2514 4991 mei
2539 4934 2795 5005 πεέρὶιιιῖ
2829 4932 2969 4986 Dixit
3017 4939 3187 4984 autem
3237 4927 3434 4982 Rachel
3460 4943 3477 4979 :
3505 4924 3630 4980 Non
3654 4926 3757 4979 sic:

2182 5030 2402 5083 dormiat
2427 5039 2592 5082 tecum
2622 5037 2764 5080 nocte
2791 5025 2887 5079 hac
2915 5040 3007 5094 pro
3037 5020 3390 5093 mandragoris
3428 5018 3524 5087 ﬁlii
3567 5032 3662 5071 tut.
3693 5017 3756 5070 Da

2183 5122 2310 5177 mihi
2326 5121 2393 5175 de
2409 5120 2794 5189 mandragoris,
2817 5126 2870 5172 et
2887 5117 3069 5185 accipe
3089 5113 3248 5169 hodie
3270 5122 3447 5168 tecum
3476 5111 3649 5165 virum
3668 5110 3754 5180 (ό).

2187 5215 2315 5269 Vide
2342 5212 2611 5283 quomodo
2634 5210 2916 5265 exhibetur
2929 5207 3139 5262 affectat
3164 5203 3410 5259 liaehelis
3434 5202 3657 5256 omnino
3675 5203 3757 5255 de-

2182 5306 2342 5361 ditus.
2378 5304 2509 5358 Nam
2538 5304 2582 5359 si
2615 5309 2760 5357 ιιιιιιυ
2781 5301 2947 5355 choro
2977 5300 3205 5353 filiorqu
3235 5296 3344 5351 Liui
3375 5304 3522 5359 nato,
3552 5295 3648 5348 fuit
3670 5295 3754 5348 ad-

2245 5527 2317 5590 (a)
2352 5527 2589 5577 ttebraice
2623 5531 2697 5609 rt.
2732 5525 2872 5575 Radix
2910 5531 2987 5575 est
3011 5530 3106 5609 ΓΠ,
3114 5520 3375 5584 judicavit.
3423 5521 3544 5571 uiue
3593 5530 3754 5568 nomen

2182 5633 2337 5685 puero
2359 5620 2537 5680 datum,
2560 5626 2612 5671 ut
2636 5622 2685 5668 in
2711 5626 2849 5668 textu
2872 5617 3066 5666 dicitur.

2247 5704 2318 5767 (υ)
2354 5705 2646 5767 Existimavit
2672 5711 2813 5751 vetus
2850 5709 3094 5767 Interpres
3127 5701 3231 5750 inec
3256 5679 3408 5767 verba
3429 5711 3495 5749 ex
3520 5706 3658 5767 textu
3688 5695 3753 5767 bif

2185 5758 2461 5877 ὺὶῇεὲὶοεδο.
2501 5766 2592 5815 Sed
2630 5773 2743 5815 sunt
2780 5777 2806 5813 a
2842 5758 3173 5824 Chrysbstomo
3209 5761 3393 5824 adjecta
3438 5758 3750 5823 exﬁicatimis
