  <div class='ocr_page' id='page_1' title='image "/cluster/home/n/w/nwhite01/storage/ocr_20150623/54:no.4:pt.2/coo.31924054869544/122.png"; bbox 0 0 3974 6424; ppageno 0'>
   <div class='ocr_carea' id='block_1_1' title="bbox 229 268 334 323">
    <p class='ocr_par' dir='ltr' id='par_1_1' title="bbox 229 268 334 323">
     <span class='ocr_line' id='line_1_1' title="bbox 229 268 334 323; baseline -0.019 0"><span class='ocrx_word' id='word_1_1' title='bbox 229 268 334 323; x_wconf 61' lang='grc' dir='ltr'><strong><em>«62ῐὸ</em></strong></span> 
     </span>
    </p>
   </div>
   <div class='ocr_carea' id='block_1_2' title="bbox 236 381 1826 452">
    <p class='ocr_par' dir='ltr' id='par_1_2' title="bbox 236 381 1826 452">
     <span class='ocr_line' id='line_1_2' title="bbox 236 381 1826 452; baseline 0.004 -19"><span class='ocrx_word' id='word_1_2' title='bbox 236 381 338 434; x_wconf 90' lang='lat' dir='ltr'><strong><em>huc</em></strong></span> <span class='ocrx_word' id='word_1_3' title='bbox 371 382 758 452; x_wconf 82' lang='lat' dir='ltr'><strong><em>amoremagis</em></strong></span> <span class='ocrx_word' id='word_1_4' title='bbox 789 395 1078 452; x_wconf 75' lang='lat' dir='ltr'><strong><em>propensus</em></strong></span> <span class='ocrx_word' id='word_1_5' title='bbox 1109 381 1159 436; x_wconf 92' lang='lat' dir='ltr'><strong><em>in</em></strong></span> <span class='ocrx_word' id='word_1_6' title='bbox 1190 381 1474 438; x_wconf 79' lang='lat' dir='ltr'><strong><em>Rachelcm</em></strong></span> <span class='ocrx_word' id='word_1_7' title='bbox 1495 402 1506 437; x_wconf 91' lang='lat'><strong>:</strong></span> <span class='ocrx_word' id='word_1_8' title='bbox 1529 385 1573 438; x_wconf 89' lang='lat' dir='ltr'><strong><em>si</em></strong></span> <span class='ocrx_word' id='word_1_9' title='bbox 1605 383 1826 439; x_wconf 87' lang='lat' dir='ltr'><strong><em>hocuon</em></strong></span> 
     </span>
    </p>
   </div>
   <div class='ocr_carea' id='block_1_3' title="bbox 236 473 1830 545">
    <p class='ocr_par' dir='ltr' id='par_1_3' title="bbox 236 473 1830 545">
     <span class='ocr_line' id='line_1_3' title="bbox 236 473 1830 545; baseline 0.003 -18"><span class='ocrx_word' id='word_1_10' title='bbox 236 475 427 527; x_wconf 85' lang='lat' dir='ltr'><strong><em>fuisset</em></strong></span> <span class='ocrx_word' id='word_1_11' title='bbox 456 473 678 539; x_wconf 83' lang='lat' dir='ltr'><strong><em>factum,</em></strong></span> <span class='ocrx_word' id='word_1_12' title='bbox 712 473 976 544; x_wconf 91' lang='lat' dir='ltr'><strong><em>quomodo</em></strong></span> <span class='ocrx_word' id='word_1_13' title='bbox 1017 473 1156 530; x_wconf 91' lang='lat' dir='ltr'><strong><em>ferre</em></strong></span> <span class='ocrx_word' id='word_1_14' title='bbox 1200 479 1457 545; x_wconf 88' lang='lat' dir='ltr'><strong><em>potuisset</em></strong></span> <span class='ocrx_word' id='word_1_15' title='bbox 1501 475 1591 530; x_wconf 87' lang='lat' dir='ltr'><strong><em>Lia</em></strong></span> <span class='ocrx_word' id='word_1_16' title='bbox 1630 477 1830 532; x_wconf 86' lang='lat' dir='ltr'><strong><em>sororis</em></strong></span> 
     </span>
    </p>
   </div>
   <div class='ocr_carea' id='block_1_4' title="bbox 237 565 1827 637">
    <p class='ocr_par' dir='ltr' id='par_1_4' title="bbox 237 565 1827 637">
     <span class='ocr_line' id='line_1_4' title="bbox 237 565 1827 637; baseline 0.001 -18"><span class='ocrx_word' id='word_1_17' title='bbox 237 565 689 620; x_wconf 81' lang='lat' dir='ltr'><strong><em>contubernium?</em></strong></span> <span class='ocrx_word' id='word_1_18' title='bbox 718 565 785 621; x_wconf 87' lang='lat' dir='ltr'><strong><em>Ut</em></strong></span> <span class='ocrx_word' id='word_1_19' title='bbox 823 566 963 620; x_wconf 89' lang='lat' dir='ltr'><strong><em>enim</em></strong></span> <span class='ocrx_word' id='word_1_20' title='bbox 1007 582 1220 622; x_wconf 93' lang='lat' dir='ltr'><strong><em>omnem</em></strong></span> <span class='ocrx_word' id='word_1_21' title='bbox 1256 567 1353 621; x_wconf 87' lang='lat' dir='ltr'><strong><em>viri</em></strong></span> <span class='ocrx_word' id='word_1_22' title='bbox 1386 577 1693 637; x_wconf 87' lang='lat' dir='ltr'><strong><em>potestatem</em></strong></span> <span class='ocrx_word' id='word_1_23' title='bbox 1732 567 1827 621; x_wconf 81' lang='lat' dir='ltr'><strong><em>ha-</em></strong></span> 
     </span>
    </p>
   </div>
   <div class='ocr_carea' id='block_1_5' title="bbox 243 657 1826 728">
    <p class='ocr_par' dir='ltr' id='par_1_5' title="bbox 243 657 1826 728">
     <span class='ocr_line' id='line_1_5' title="bbox 243 657 1826 728; baseline 0.002 -20"><span class='ocrx_word' id='word_1_24' title='bbox 243 657 398 720; x_wconf 89' lang='lat' dir='ltr'><strong><em>bens,</em></strong></span> <span class='ocrx_word' id='word_1_25' title='bbox 422 657 491 710; x_wconf 88' lang='lat' dir='ltr'><strong><em>ita</em></strong></span> <span class='ocrx_word' id='word_1_26' title='bbox 515 657 775 725; x_wconf 87' lang='lat' dir='ltr'><strong><em>permittit</em></strong></span> <span class='ocrx_word' id='word_1_27' title='bbox 801 658 849 711; x_wconf 89' lang='lat' dir='ltr'><strong><em>ei</em></strong></span> <span class='ocrx_word' id='word_1_28' title='bbox 881 673 976 726; x_wconf 92' lang='lat' dir='ltr'><strong><em>pro</em></strong></span> <span class='ocrx_word' id='word_1_29' title='bbox 999 659 1363 728; x_wconf 82' lang='lat' dir='ltr'><strong><em>mandragoris</em></strong></span> <span class='ocrx_word' id='word_1_30' title='bbox 1387 659 1579 724; x_wconf 87' lang='lat' dir='ltr'><strong><em>virum,</em></strong></span> <span class='ocrx_word' id='word_1_31' title='bbox 1608 669 1662 712; x_wconf 92' lang='lat' dir='ltr'><strong><em>et</em></strong></span> <span class='ocrx_word' id='word_1_32' title='bbox 1681 658 1826 712; x_wconf 83' lang='lat' dir='ltr'><strong><em>dicit:</em></strong></span> 
     </span>
    </p>
   </div>
   <div class='ocr_carea' id='block_1_6' title="bbox 245 747 1827 820">
    <p class='ocr_par' dir='ltr' id='par_1_6' title="bbox 245 747 1827 820">
     <span class='ocr_line' id='line_1_6' title="bbox 245 747 1827 820; baseline 0.002 -20"><span class='ocrx_word' id='word_1_33' title='bbox 245 747 646 800; x_wconf 88' lang='lat' dir='ltr'><strong><em>Dormiathodie</em></strong></span> <span class='ocrx_word' id='word_1_34' title='bbox 664 757 823 801; x_wconf 89' lang='lat' dir='ltr'><strong><em>tecunt</em></strong></span> <span class='ocrx_word' id='word_1_35' title='bbox 849 765 940 817; x_wconf 90' lang='lat' dir='ltr'><strong><em>pro</em></strong></span> <span class='ocrx_word' id='word_1_36' title='bbox 966 749 1334 819; x_wconf 81' lang='lat' dir='ltr'><strong><em>mandragoris.</em></strong></span> <span class='ocrx_word' id='word_1_37' title='bbox 1361 748 1606 816; x_wconf 83' lang='lat' dir='ltr'><strong><em>Satisfac,</em></strong></span> <span class='ocrx_word' id='word_1_38' title='bbox 1640 750 1827 820; x_wconf 82' lang='lat' dir='ltr'><strong>inquit,</strong></span> 
     </span>
    </p>
   </div>
   <div class='ocr_carea' id='block_1_7' title="bbox 245 838 1829 908">
    <p class='ocr_par' dir='ltr' id='par_1_7' title="bbox 245 838 1829 908">
     <span class='ocr_line' id='line_1_7' title="bbox 245 838 1829 908; baseline 0.001 -15"><span class='ocrx_word' id='word_1_39' title='bbox 245 856 372 895; x_wconf 88' lang='lat' dir='ltr'><strong><em>meo</em></strong></span> <span class='ocrx_word' id='word_1_40' title='bbox 397 838 684 902; x_wconf 88' lang='lat' dir='ltr'><strong><em>desiderio,</em></strong></span> <span class='ocrx_word' id='word_1_41' title='bbox 716 849 768 894; x_wconf 86' lang='lat' dir='ltr'><strong><em>et</em></strong></span> <span class='ocrx_word' id='word_1_42' title='bbox 795 840 975 908; x_wconf 88' lang='lat' dir='ltr'><strong><em>accipe</em></strong></span> <span class='ocrx_word' id='word_1_43' title='bbox 995 842 1187 894; x_wconf 91' lang='lat' dir='ltr'><strong><em>virum.</em></strong></span> <span class='ocrx_word' id='word_1_44' title='bbox 1209 842 1292 896; x_wconf 75' lang='grc'><strong><em>16.</em></strong></span> <span class='ocrx_word' id='word_1_45' title='bbox 1324 841 1626 896; x_wconf 77' lang='grc' dir='ltr'><strong><em>Αάυεηὶεηιε</em></strong></span> <span class='ocrx_word' id='word_1_46' title='bbox 1642 852 1829 908; x_wconf 88' lang='lat' dir='ltr'><strong><em>autem,</em></strong></span> 
     </span>
    </p>
   </div>
   <div class='ocr_carea' id='block_1_8' title="bbox 248 926 1832 998">
    <p class='ocr_par' dir='ltr' id='par_1_8' title="bbox 248 926 1832 998">
     <span class='ocr_line' id='line_1_8' title="bbox 248 926 1832 998; baseline 0.001 -15"><span class='ocrx_word' id='word_1_47' title='bbox 248 929 442 998; x_wconf 81' lang='lat' dir='ltr'><strong>inquit,</strong></span> <span class='ocrx_word' id='word_1_48' title='bbox 471 926 656 994; x_wconf 89' lang='lat' dir='ltr'><strong><em>Iacob,</em></strong></span> <span class='ocrx_word' id='word_1_49' title='bbox 690 946 889 998; x_wconf 82' lang='lat' dir='ltr'><strong><em>egressa</em></strong></span> <span class='ocrx_word' id='word_1_50' title='bbox 930 930 982 982; x_wconf 83' lang='lat' dir='ltr'><strong><em>in</em></strong></span> <span class='ocrx_word' id='word_1_51' title='bbox 1013 947 1276 983; x_wconf 88' lang='lat' dir='ltr'><strong><em>occursum</em></strong></span> <span class='ocrx_word' id='word_1_52' title='bbox 1304 931 1413 998; x_wconf 88' lang='lat' dir='ltr'><strong><em>ejus</em></strong></span> <span class='ocrx_word' id='word_1_53' title='bbox 1440 931 1534 984; x_wconf 86' lang='lat' dir='ltr'><strong><em>Lia</em></strong></span> <span class='ocrx_word' id='word_1_54' title='bbox 1560 932 1688 986; x_wconf 76' lang='lat' dir='ltr'><strong><em>dixit</em></strong></span> <span class='ocrx_word' id='word_1_55' title='bbox 1713 947 1731 984; x_wconf 84' lang='lat'><strong><em>.&#39;</em></strong></span> <span class='ocrx_word' id='word_1_56' title='bbox 1755 931 1832 984; x_wconf 82' lang='lat' dir='ltr'><strong><em>Ad</em></strong></span> 
     </span>
    </p>
   </div>
   <div class='ocr_carea' id='block_1_9' title="bbox 249 1019 1832 1091">
    <p class='ocr_par' dir='ltr' id='par_1_9' title="bbox 249 1019 1832 1091">
     <span class='ocr_line' id='line_1_9' title="bbox 249 1019 1832 1091; baseline 0.001 -19"><span class='ocrx_word' id='word_1_57' title='bbox 249 1036 331 1073; x_wconf 86' lang='lat' dir='ltr'><strong><em>me</em></strong></span> <span class='ocrx_word' id='word_1_58' title='bbox 355 1019 655 1089; x_wconf 87' lang='lat' dir='ltr'><strong><em>ingredieris</em></strong></span> <span class='ocrx_word' id='word_1_59' title='bbox 679 1019 856 1083; x_wconf 81' lang='lat' dir='ltr'><strong><em>hodie;</em></strong></span> <span class='ocrx_word' id='word_1_60' title='bbox 887 1019 1110 1073; x_wconf 79' lang='lat' dir='ltr'><strong><em>mercede</em></strong></span> <span class='ocrx_word' id='word_1_61' title='bbox 1129 1021 1260 1073; x_wconf 85' lang='lat' dir='ltr'><strong><em>enim</em></strong></span> <span class='ocrx_word' id='word_1_62' title='bbox 1285 1020 1502 1075; x_wconf 68' lang='lat' dir='ltr'><strong><em>conduxi</em></strong></span> <span class='ocrx_word' id='word_1_63' title='bbox 1528 1030 1574 1074; x_wconf 91' lang='lat' dir='ltr'><strong><em>te</em></strong></span> <span class='ocrx_word' id='word_1_64' title='bbox 1599 1023 1721 1074; x_wconf 89' lang='lat' dir='ltr'><strong><em>mihi</em></strong></span> <span class='ocrx_word' id='word_1_65' title='bbox 1742 1037 1832 1091; x_wconf 87' lang='lat' dir='ltr'><strong><em>pro</em></strong></span> 
     </span>
    </p>
   </div>
   <div class='ocr_carea' id='block_1_10' title="bbox 249 1110 1829 1179">
    <p class='ocr_par' dir='ltr' id='par_1_10' title="bbox 249 1110 1829 1179">
     <span class='ocr_line' id='line_1_10' title="bbox 249 1110 1829 1179; baseline 0.002 -16"><span class='ocrx_word' id='word_1_66' title='bbox 249 1111 608 1179; x_wconf 81' lang='lat' dir='ltr'><strong><em>mandragoris</em></strong></span> <span class='ocrx_word' id='word_1_67' title='bbox 633 1111 731 1173; x_wconf 81' lang='lat' dir='ltr'><strong><em>ﬁlii</em></strong></span> <span class='ocrx_word' id='word_1_68' title='bbox 754 1110 884 1163; x_wconf 89' lang='lat' dir='ltr'><strong><em>mei:</em></strong></span> <span class='ocrx_word' id='word_1_69' title='bbox 915 1118 960 1164; x_wconf 93' lang='lat' dir='ltr'><strong><em>et</em></strong></span> <span class='ocrx_word' id='word_1_70' title='bbox 1001 1110 1234 1164; x_wconf 84' lang='lat' dir='ltr'><strong><em>dormivit</em></strong></span> <span class='ocrx_word' id='word_1_71' title='bbox 1280 1127 1395 1164; x_wconf 89' lang='lat' dir='ltr'><strong><em>cum</em></strong></span> <span class='ocrx_word' id='word_1_72' title='bbox 1443 1127 1501 1164; x_wconf 89' lang='lat' dir='ltr'><strong><em>ea</em></strong></span> <span class='ocrx_word' id='word_1_73' title='bbox 1551 1121 1696 1166; x_wconf 87' lang='lat' dir='ltr'><strong><em>nocte</em></strong></span> <span class='ocrx_word' id='word_1_74' title='bbox 1719 1112 1829 1166; x_wconf 84' lang='lat' dir='ltr'><strong><em>illa.</em></strong></span> 
     </span>
    </p>
   </div>
   <div class='ocr_carea' id='block_1_11' title="bbox 251 1199 1832 1271">
    <p class='ocr_par' dir='ltr' id='par_1_11' title="bbox 251 1199 1832 1271">
     <span class='ocr_line' id='line_1_11' title="bbox 251 1199 1832 1271; baseline -0.001 -15"><span class='ocrx_word' id='word_1_75' title='bbox 251 1203 341 1256; x_wconf 79' lang='grc' dir='ltr'><strong><em>ΓΙ.</em></strong></span> <span class='ocrx_word' id='word_1_76' title='bbox 378 1201 446 1255; x_wconf 83' lang='grc' dir='ltr'><strong><em>Ει</em></strong></span> <span class='ocrx_word' id='word_1_77' title='bbox 471 1202 725 1254; x_wconf 73' lang='lat' dir='ltr'><strong><em>exaudivit</em></strong></span> <span class='ocrx_word' id='word_1_78' title='bbox 754 1200 886 1254; x_wconf 87' lang='lat' dir='ltr'><strong><em>Deus</em></strong></span> <span class='ocrx_word' id='word_1_79' title='bbox 916 1199 1082 1268; x_wconf 86' lang='lat' dir='ltr'><strong><em>Liam,</em></strong></span> <span class='ocrx_word' id='word_1_80' title='bbox 1114 1210 1158 1254; x_wconf 90' lang='lat' dir='ltr'><strong><em>et</em></strong></span> <span class='ocrx_word' id='word_1_81' title='bbox 1198 1202 1421 1270; x_wconf 76' lang='lat' dir='ltr'><strong><em>concepit</em></strong></span> <span class='ocrx_word' id='word_1_82' title='bbox 1448 1210 1493 1254; x_wconf 92' lang='lat' dir='ltr'><strong><em>et</em></strong></span> <span class='ocrx_word' id='word_1_83' title='bbox 1520 1203 1708 1271; x_wconf 82' lang='lat' dir='ltr'><strong><em>peperit</em></strong></span> <span class='ocrx_word' id='word_1_84' title='bbox 1734 1200 1832 1255; x_wconf 90' lang='lat' dir='ltr'><strong><em>Ia-</em></strong></span> 
     </span>
    </p>
   </div>
   <div class='ocr_carea' id='block_1_12' title="bbox 248 1291 1836 1362">
    <p class='ocr_par' dir='ltr' id='par_1_12' title="bbox 248 1291 1836 1362">
     <span class='ocr_line' id='line_1_12' title="bbox 248 1291 1836 1362; baseline 0.001 -16"><span class='ocrx_word' id='word_1_85' title='bbox 248 1293 376 1346; x_wconf 81' lang='lat' dir='ltr'><strong><em>cobo</em></strong></span> <span class='ocrx_word' id='word_1_86' title='bbox 399 1294 628 1362; x_wconf 83' lang='lat' dir='ltr'><strong><em>quintum</em></strong></span> <span class='ocrx_word' id='word_1_87' title='bbox 657 1293 836 1360; x_wconf 81' lang='lat' dir='ltr'><strong><em>ﬁlium.</em></strong></span> <span class='ocrx_word' id='word_1_88' title='bbox 865 1293 950 1346; x_wconf 76' lang='grc'><strong><em>18.</em></strong></span> <span class='ocrx_word' id='word_1_89' title='bbox 977 1291 1044 1344; x_wconf 84' lang='lat' dir='ltr'><strong><em>Et</em></strong></span> <span class='ocrx_word' id='word_1_90' title='bbox 1072 1293 1199 1346; x_wconf 73' lang='lat' dir='ltr'><strong><em>dixit</em></strong></span> <span class='ocrx_word' id='word_1_91' title='bbox 1225 1291 1318 1345; x_wconf 85' lang='lat' dir='ltr'><strong><em>Lia</em></strong></span> <span class='ocrx_word' id='word_1_92' title='bbox 1337 1308 1356 1346; x_wconf 90' lang='lat'><strong><em>:</em></strong></span> <span class='ocrx_word' id='word_1_93' title='bbox 1378 1291 1526 1346; x_wconf 87' lang='lat' dir='ltr'><strong>Dedit</strong></span> <span class='ocrx_word' id='word_1_94' title='bbox 1555 1293 1679 1346; x_wconf 90' lang='lat' dir='ltr'><strong><em>mihi</em></strong></span> <span class='ocrx_word' id='word_1_95' title='bbox 1699 1293 1836 1348; x_wconf 78' lang='lat' dir='ltr'><strong><em>Deus</em></strong></span> 
     </span>
    </p>
   </div>
   <div class='ocr_carea' id='block_1_13' title="bbox 252 1383 1831 1452">
    <p class='ocr_par' dir='ltr' id='par_1_13' title="bbox 252 1383 1831 1452">
     <span class='ocr_line' id='line_1_13' title="bbox 252 1383 1831 1452; baseline 0 -16"><span class='ocrx_word' id='word_1_96' title='bbox 252 1383 534 1437; x_wconf 74' lang='lat' dir='ltr'><strong><em>mercedem</em></strong></span> <span class='ocrx_word' id='word_1_97' title='bbox 554 1399 733 1445; x_wconf 85' lang='lat' dir='ltr'><strong><em>nteant,</em></strong></span> <span class='ocrx_word' id='word_1_98' title='bbox 759 1398 816 1436; x_wconf 91' lang='lat' dir='ltr'><strong><em>eo</em></strong></span> <span class='ocrx_word' id='word_1_99' title='bbox 836 1383 972 1452; x_wconf 81' lang='lat' dir='ltr'><strong><em>quod</em></strong></span> <span class='ocrx_word' id='word_1_100' title='bbox 987 1383 1104 1435; x_wconf 84' lang='lat' dir='ltr'><strong><em>dedi</em></strong></span> <span class='ocrx_word' id='word_1_101' title='bbox 1127 1384 1365 1436; x_wconf 86' lang='lat' dir='ltr'><strong><em>ancillam</em></strong></span> <span class='ocrx_word' id='word_1_102' title='bbox 1393 1400 1554 1437; x_wconf 88' lang='lat' dir='ltr'><strong><em>meam</em></strong></span> <span class='ocrx_word' id='word_1_103' title='bbox 1583 1384 1687 1436; x_wconf 90' lang='lat' dir='ltr'><strong><em>viro</em></strong></span> <span class='ocrx_word' id='word_1_104' title='bbox 1705 1399 1831 1436; x_wconf 91' lang='lat' dir='ltr'><strong><em>meo.</em></strong></span> 
     </span>
    </p>
   </div>
   <div class='ocr_carea' id='block_1_14' title="bbox 253 1471 1839 1543">
    <p class='ocr_par' dir='ltr' id='par_1_14' title="bbox 253 1471 1839 1543">
     <span class='ocr_line' id='line_1_14' title="bbox 253 1471 1839 1543; baseline -0.002 -15"><span class='ocrx_word' id='word_1_105' title='bbox 253 1475 323 1529; x_wconf 84' lang='lat' dir='ltr'><strong><em>Et</em></strong></span> <span class='ocrx_word' id='word_1_106' title='bbox 349 1474 541 1527; x_wconf 84' lang='lat' dir='ltr'><strong><em>vocavit</em></strong></span> <span class='ocrx_word' id='word_1_107' title='bbox 567 1490 746 1526; x_wconf 86' lang='lat' dir='ltr'><strong><em>nomen</em></strong></span> <span class='ocrx_word' id='word_1_108' title='bbox 775 1475 885 1541; x_wconf 82' lang='lat' dir='ltr'><strong><em>ejus</em></strong></span> <span class='ocrx_word' id='word_1_109' title='bbox 911 1471 1144 1538; x_wconf 84' lang='lat' dir='ltr'><strong><em>Isachar,</em></strong></span> <span class='ocrx_word' id='word_1_110' title='bbox 1169 1473 1301 1543; x_wconf 91' lang='lat' dir='ltr'><strong><em>quod</em></strong></span> <span class='ocrx_word' id='word_1_111' title='bbox 1325 1483 1396 1527; x_wconf 91' lang='lat' dir='ltr'><strong><em>est</em></strong></span> <span class='ocrx_word' id='word_1_112' title='bbox 1424 1490 1626 1527; x_wconf 86' lang='lat' dir='ltr'><strong><em>merces.</em></strong></span> <span class='ocrx_word' id='word_1_113' title='bbox 1663 1473 1839 1527; x_wconf 76' lang='lat' dir='ltr'><strong><em>Exau-</em></strong></span> 
     </span>
    </p>
   </div>
   <div class='ocr_carea' id='block_1_15' title="bbox 251 1562 1832 1633">
    <p class='ocr_par' dir='ltr' id='par_1_15' title="bbox 251 1562 1832 1633">
     <span class='ocr_line' id='line_1_15' title="bbox 251 1562 1832 1633; baseline -0.001 -17"><span class='ocrx_word' id='word_1_114' title='bbox 251 1565 399 1628; x_wconf 89' lang='lat' dir='ltr'><strong><em>divit,</em></strong></span> <span class='ocrx_word' id='word_1_115' title='bbox 431 1565 620 1633; x_wconf 85' lang='lat' dir='ltr'><strong>inquit,</strong></span> <span class='ocrx_word' id='word_1_116' title='bbox 654 1562 790 1615; x_wconf 89' lang='lat' dir='ltr'><strong><em>Deus</em></strong></span> <span class='ocrx_word' id='word_1_117' title='bbox 818 1562 982 1615; x_wconf 90' lang='lat' dir='ltr'><strong><em>Liam.</em></strong></span> <span class='ocrx_word' id='word_1_118' title='bbox 1016 1562 1143 1630; x_wconf 86' lang='lat' dir='ltr'><strong><em>Quia</em></strong></span> <span class='ocrx_word' id='word_1_119' title='bbox 1167 1563 1379 1618; x_wconf 82' lang='lat' dir='ltr'><strong>videbat</strong></span> <span class='ocrx_word' id='word_1_120' title='bbox 1402 1580 1518 1617; x_wconf 80' lang='lat' dir='ltr'><strong><em>eam</em></strong></span> <span class='ocrx_word' id='word_1_121' title='bbox 1546 1563 1832 1628; x_wconf 96' lang='lat' dir='ltr'><strong><em>dolentem,</em></strong></span> 
     </span>
    </p>
   </div>
   <div class='ocr_carea' id='block_1_16' title="bbox 252 1653 1834 1724">
    <p class='ocr_par' dir='ltr' id='par_1_16' title="bbox 252 1653 1834 1724">
     <span class='ocr_line' id='line_1_16' title="bbox 252 1653 1834 1724; baseline -0.003 -14"><span class='ocrx_word' id='word_1_122' title='bbox 252 1671 432 1724; x_wconf 90' lang='lat' dir='ltr'><strong><em>neque</em></strong></span> <span class='ocrx_word' id='word_1_123' title='bbox 461 1653 613 1707; x_wconf 88' lang='lat' dir='ltr'><strong><em>valde</em></strong></span> <span class='ocrx_word' id='word_1_124' title='bbox 641 1655 831 1706; x_wconf 90' lang='lat' dir='ltr'><strong><em>marito</em></strong></span> <span class='ocrx_word' id='word_1_125' title='bbox 860 1663 1152 1722; x_wconf 89' lang='lat' dir='ltr'><strong><em>acceptam,</em></strong></span> <span class='ocrx_word' id='word_1_126' title='bbox 1185 1653 1453 1707; x_wconf 76' lang='lat' dir='ltr'><strong><em>exaudivit</em></strong></span> <span class='ocrx_word' id='word_1_127' title='bbox 1477 1669 1613 1719; x_wconf 91' lang='lat' dir='ltr'><strong><em>eam,</em></strong></span> <span class='ocrx_word' id='word_1_128' title='bbox 1649 1655 1834 1724; x_wconf 89' lang='lat' dir='ltr'><strong>inquit,</strong></span> 
     </span>
    </p>
   </div>
   <div class='ocr_carea' id='block_1_17' title="bbox 255 1744 1834 1816">
    <p class='ocr_par' dir='ltr' id='par_1_17' title="bbox 255 1744 1834 1816">
     <span class='ocr_line' id='line_1_17' title="bbox 255 1744 1834 1816; baseline -0.001 -15"><span class='ocrx_word' id='word_1_129' title='bbox 255 1749 419 1811; x_wconf 85' lang='lat' dir='ltr'><strong><em>Deus,</em></strong></span> <span class='ocrx_word' id='word_1_130' title='bbox 449 1758 503 1801; x_wconf 88' lang='lat' dir='ltr'><strong><em>et</em></strong></span> <span class='ocrx_word' id='word_1_131' title='bbox 532 1748 756 1814; x_wconf 84' lang='lat' dir='ltr'><strong><em>peperit,</em></strong></span> <span class='ocrx_word' id='word_1_132' title='bbox 788 1760 851 1799; x_wconf 89' lang='lat' dir='ltr'><strong><em>ac</em></strong></span> <span class='ocrx_word' id='word_1_133' title='bbox 874 1744 1037 1800; x_wconf 81' lang='lat' dir='ltr'><strong>dixit:</strong></span> <span class='ocrx_word' id='word_1_134' title='bbox 1062 1745 1178 1798; x_wconf 91' lang='lat' dir='ltr'><strong><em>Tuli</em></strong></span> <span class='ocrx_word' id='word_1_135' title='bbox 1221 1746 1541 1810; x_wconf 88' lang='lat' dir='ltr'><strong><em>mercedem,</em></strong></span> <span class='ocrx_word' id='word_1_136' title='bbox 1584 1761 1651 1802; x_wconf 92' lang='lat' dir='ltr'><strong><em>co</em></strong></span> <span class='ocrx_word' id='word_1_137' title='bbox 1694 1746 1834 1816; x_wconf 89' lang='lat' dir='ltr'><strong><em>quod</em></strong></span> 
     </span>
    </p>
   </div>
   <div class='ocr_carea' id='block_1_18' title="bbox 251 1835 1838 1904">
    <p class='ocr_par' dir='ltr' id='par_1_18' title="bbox 251 1835 1838 1904">
     <span class='ocr_line' id='line_1_18' title="bbox 251 1835 1838 1904; baseline -0.001 -13"><span class='ocrx_word' id='word_1_138' title='bbox 251 1837 375 1892; x_wconf 89' lang='lat' dir='ltr'><strong><em>dedi</em></strong></span> <span class='ocrx_word' id='word_1_139' title='bbox 409 1837 654 1890; x_wconf 73' lang='lat' dir='ltr'><strong><em>ancillam</em></strong></span> <span class='ocrx_word' id='word_1_140' title='bbox 696 1851 892 1889; x_wconf 82' lang='lat' dir='ltr'><strong><em>meam.</em></strong></span> <span class='ocrx_word' id='word_1_141' title='bbox 944 1835 1226 1904; x_wconf 79' lang='lat' dir='ltr'><strong><em>Propterea</em></strong></span> <span class='ocrx_word' id='word_1_142' title='bbox 1269 1836 1476 1889; x_wconf 89' lang='lat' dir='ltr'><strong><em>vocavit</em></strong></span> <span class='ocrx_word' id='word_1_143' title='bbox 1506 1851 1696 1889; x_wconf 87' lang='lat' dir='ltr'><strong><em>nomen</em></strong></span> <span class='ocrx_word' id='word_1_144' title='bbox 1723 1835 1838 1903; x_wconf 86' lang='lat' dir='ltr'><strong>ejus</strong></span> 
     </span>
    </p>
   </div>
   <div class='ocr_carea' id='block_1_19' title="bbox 253 1924 1838 1994">
    <p class='ocr_par' dir='ltr' id='par_1_19' title="bbox 253 1924 1838 1994">
     <span class='ocr_line' id='line_1_19' title="bbox 253 1924 1838 1994; baseline -0.002 -13"><span class='ocrx_word' id='word_1_145' title='bbox 253 1927 490 1981; x_wconf 85' lang='lat' dir='ltr'><strong><em>Isachar.</em></strong></span> <span class='ocrx_word' id='word_1_146' title='bbox 524 1927 611 1981; x_wconf 80' lang='lat' dir='ltr'><strong><em>I9.</em></strong></span> <span class='ocrx_word' id='word_1_147' title='bbox 648 1924 712 1978; x_wconf 84' lang='lat' dir='ltr'><strong><em>Et</em></strong></span> <span class='ocrx_word' id='word_1_148' title='bbox 755 1925 981 1994; x_wconf 85' lang='lat' dir='ltr'><strong><em>concepit</em></strong></span> <span class='ocrx_word' id='word_1_149' title='bbox 1021 1925 1188 1978; x_wconf 84' lang='lat' dir='ltr'><strong><em>adhuc</em></strong></span> <span class='ocrx_word' id='word_1_150' title='bbox 1234 1924 1348 1988; x_wconf 87' lang='lat' dir='ltr'><strong><em>Lia,</em></strong></span> <span class='ocrx_word' id='word_1_151' title='bbox 1382 1935 1428 1977; x_wconf 89' lang='lat' dir='ltr'><strong><em>et</em></strong></span> <span class='ocrx_word' id='word_1_152' title='bbox 1453 1926 1644 1994; x_wconf 81' lang='lat' dir='ltr'><strong><em>peperit</em></strong></span> <span class='ocrx_word' id='word_1_153' title='bbox 1675 1926 1838 1992; x_wconf 78' lang='lat' dir='ltr'><strong><em>[ilium</em></strong></span> 
     </span>
    </p>
   </div>
   <div class='ocr_carea' id='block_1_20' title="bbox 253 2014 1839 2072">
    <p class='ocr_par' dir='ltr' id='par_1_20' title="bbox 253 2014 1839 2072">
     <span class='ocr_line' id='line_1_20' title="bbox 253 2014 1839 2072; baseline -0.003 -1"><span class='ocrx_word' id='word_1_154' title='bbox 253 2027 469 2072; x_wconf 64' lang='lat' dir='ltr'><strong><em>satum.</em></strong></span> <span class='ocrx_word' id='word_1_155' title='bbox 502 2016 592 2071; x_wconf 75' lang='lat'><strong><em>20.</em></strong></span> <span class='ocrx_word' id='word_1_156' title='bbox 633 2015 702 2069; x_wconf 88' lang='lat' dir='ltr'><strong><em>Et</em></strong></span> <span class='ocrx_word' id='word_1_157' title='bbox 736 2017 863 2070; x_wconf 76' lang='lat' dir='ltr'><strong><em>dixit</em></strong></span> <span class='ocrx_word' id='word_1_158' title='bbox 894 2015 991 2068; x_wconf 88' lang='lat' dir='ltr'><strong><em>Lia</em></strong></span> <span class='ocrx_word' id='word_1_159' title='bbox 1012 2034 1031 2068; x_wconf 78' lang='lat'><strong><em>.&#39;</em></strong></span> <span class='ocrx_word' id='word_1_160' title='bbox 1056 2014 1268 2068; x_wconf 81' lang='lat' dir='ltr'><strong><em>Donavit</em></strong></span> <span class='ocrx_word' id='word_1_161' title='bbox 1309 2015 1433 2068; x_wconf 88' lang='lat' dir='ltr'><strong><em>mihi</em></strong></span> <span class='ocrx_word' id='word_1_162' title='bbox 1471 2014 1606 2068; x_wconf 88' lang='lat' dir='ltr'><strong><em>Deus</em></strong></span> <span class='ocrx_word' id='word_1_163' title='bbox 1651 2014 1839 2068; x_wconf 86' lang='lat' dir='ltr'><strong><em>donum</em></strong></span> 
     </span>
    </p>
   </div>
   <div class='ocr_carea' id='block_1_21' title="bbox 255 2104 1838 2176">
    <p class='ocr_par' dir='ltr' id='par_1_21' title="bbox 255 2104 1838 2176">
     <span class='ocr_line' id='line_1_21' title="bbox 255 2104 1838 2176; baseline -0.004 -13"><span class='ocrx_word' id='word_1_164' title='bbox 255 2110 464 2163; x_wconf 88' lang='lat' dir='ltr'><strong><em>bonunt.</em></strong></span> <span class='ocrx_word' id='word_1_165' title='bbox 497 2106 549 2160; x_wconf 85' lang='grc' dir='ltr'><em>Ν</em></span> <span class='ocrx_word' id='word_1_166' title='bbox 555 2123 650 2160; x_wconf 87' lang='lat' dir='ltr'><strong><em>unc</em></strong></span> <span class='ocrx_word' id='word_1_167' title='bbox 678 2107 914 2175; x_wconf 87' lang='lat' dir='ltr'><strong><em>temporis</em></strong></span> <span class='ocrx_word' id='word_1_168' title='bbox 940 2123 1018 2159; x_wconf 91' lang='lat' dir='ltr'><strong><em>me</em></strong></span> <span class='ocrx_word' id='word_1_169' title='bbox 1046 2107 1188 2176; x_wconf 85' lang='lat' dir='ltr'><strong><em>eliget</em></strong></span> <span class='ocrx_word' id='word_1_170' title='bbox 1214 2107 1287 2158; x_wconf 90' lang='lat' dir='ltr'><strong><em>vir</em></strong></span> <span class='ocrx_word' id='word_1_171' title='bbox 1312 2122 1480 2170; x_wconf 87' lang='lat' dir='ltr'><strong><em>meus;</em></strong></span> <span class='ocrx_word' id='word_1_172' title='bbox 1513 2106 1678 2175; x_wconf 79' lang='lat' dir='ltr'><strong><em>peperi</em></strong></span> <span class='ocrx_word' id='word_1_173' title='bbox 1706 2104 1838 2157; x_wconf 86' lang='lat' dir='ltr'><strong><em>enim</em></strong></span> 
     </span>
    </p>
   </div>
   <div class='ocr_carea' id='block_1_22' title="bbox 254 2195 1836 2268">
    <p class='ocr_par' dir='ltr' id='par_1_22' title="bbox 254 2195 1836 2268">
     <span class='ocr_line' id='line_1_22' title="bbox 254 2195 1836 2268; baseline -0.004 -14"><span class='ocrx_word' id='word_1_174' title='bbox 254 2203 301 2254; x_wconf 87' lang='lat' dir='ltr'><strong><em>ei</em></strong></span> <span class='ocrx_word' id='word_1_175' title='bbox 330 2202 469 2268; x_wconf 81' lang='lat' dir='ltr'><strong><em>ﬁlios</em></strong></span> <span class='ocrx_word' id='word_1_176' title='bbox 495 2217 601 2254; x_wconf 70' lang='lat' dir='ltr'><strong><em>seat.</em></strong></span> <span class='ocrx_word' id='word_1_177' title='bbox 631 2199 698 2253; x_wconf 87' lang='lat' dir='ltr'><strong><em>Et</em></strong></span> <span class='ocrx_word' id='word_1_178' title='bbox 728 2200 918 2253; x_wconf 86' lang='lat' dir='ltr'><strong><em>vocavit</em></strong></span> <span class='ocrx_word' id='word_1_179' title='bbox 954 2215 1131 2251; x_wconf 82' lang='lat' dir='ltr'><strong><em>nomen</em></strong></span> <span class='ocrx_word' id='word_1_180' title='bbox 1158 2199 1267 2267; x_wconf 88' lang='lat' dir='ltr'><strong><em>ejus</em></strong></span> <span class='ocrx_word' id='word_1_181' title='bbox 1289 2196 1539 2251; x_wconf 88' lang='lat' dir='ltr'><strong><em>Zabulon.</em></strong></span> <span class='ocrx_word' id='word_1_182' title='bbox 1588 2195 1836 2262; x_wconf 87' lang='lat' dir='ltr'><strong><em>Posthac,</em></strong></span> 
     </span>
    </p>
   </div>
   <div class='ocr_carea' id='block_1_23' title="bbox 253 2286 1840 2364">
    <p class='ocr_par' dir='ltr' id='par_1_23' title="bbox 253 2286 1840 2364">
     <span class='ocr_line' id='line_1_23' title="bbox 253 2286 1840 2364; baseline -0.003 -18"><span class='ocrx_word' id='word_1_183' title='bbox 253 2294 444 2364; x_wconf 77' lang='lat' dir='ltr'><strong>inquit,</strong></span> <span class='ocrx_word' id='word_1_184' title='bbox 471 2292 713 2346; x_wconf 81' lang='lat' dir='ltr'><strong><em>amabilis</em></strong></span> <span class='ocrx_word' id='word_1_185' title='bbox 742 2307 833 2345; x_wconf 90' lang='lat' dir='ltr'><strong><em>cro</em></strong></span> <span class='ocrx_word' id='word_1_186' title='bbox 860 2300 914 2345; x_wconf 90' lang='lat' dir='ltr'><strong><em>et</em></strong></span> <span class='ocrx_word' id='word_1_187' title='bbox 941 2307 1061 2360; x_wconf 89' lang='lat' dir='ltr'><strong><em>ego,</em></strong></span> <span class='ocrx_word' id='word_1_188' title='bbox 1083 2291 1204 2360; x_wconf 91' lang='lat' dir='ltr'><strong>quia</strong></span> <span class='ocrx_word' id='word_1_189' title='bbox 1229 2291 1402 2358; x_wconf 92' lang='lat' dir='ltr'><strong><em>peperi</em></strong></span> <span class='ocrx_word' id='word_1_190' title='bbox 1429 2303 1520 2342; x_wconf 89' lang='lat' dir='ltr'><strong><em>sex</em></strong></span> <span class='ocrx_word' id='word_1_191' title='bbox 1545 2288 1697 2342; x_wconf 91' lang='lat' dir='ltr'><strong><em>ﬁlios.</em></strong></span> <span class='ocrx_word' id='word_1_192' title='bbox 1719 2286 1840 2341; x_wconf 92' lang='lat' dir='ltr'><strong><em>ldco</em></strong></span> 
     </span>
    </p>
   </div>
   <div class='ocr_carea' id='block_1_24' title="bbox 251 2378 1839 2449">
    <p class='ocr_par' dir='ltr' id='par_1_24' title="bbox 251 2378 1839 2449">
     <span class='ocr_line' id='line_1_24' title="bbox 251 2378 1839 2449; baseline -0.004 -13"><span class='ocrx_word' id='word_1_193' title='bbox 251 2384 468 2437; x_wconf 84' lang='lat' dir='ltr'><strong><em>vocavit</em></strong></span> <span class='ocrx_word' id='word_1_194' title='bbox 497 2397 687 2437; x_wconf 90' lang='lat' dir='ltr'><strong><em>nomen</em></strong></span> <span class='ocrx_word' id='word_1_195' title='bbox 714 2383 830 2449; x_wconf 87' lang='lat' dir='ltr'><strong><em>ejus</em></strong></span> <span class='ocrx_word' id='word_1_196' title='bbox 865 2381 1119 2434; x_wconf 85' lang='lat' dir='ltr'><strong><em>Zabulon.</em></strong></span> <span class='ocrx_word' id='word_1_197' title='bbox 1163 2380 1251 2432; x_wconf 70' lang='lat'><strong><em>2|.</em></strong></span> <span class='ocrx_word' id='word_1_198' title='bbox 1283 2378 1486 2446; x_wconf 84' lang='lat' dir='ltr'><strong><em>Peperit</em></strong></span> <span class='ocrx_word' id='word_1_199' title='bbox 1511 2387 1676 2431; x_wconf 84' lang='lat' dir='ltr'><strong><em>autent</em></strong></span> <span class='ocrx_word' id='word_1_200' title='bbox 1699 2387 1747 2430; x_wconf 91' lang='lat' dir='ltr'><strong><em>et</em></strong></span> <span class='ocrx_word' id='word_1_201' title='bbox 1775 2379 1839 2446; x_wconf 87' lang='lat' dir='ltr'><strong><em>[i-</em></strong></span> 
     </span>
    </p>
   </div>
   <div class='ocr_carea' id='block_1_25' title="bbox 251 2468 1840 2548">
    <p class='ocr_par' dir='ltr' id='par_1_25' title="bbox 251 2468 1840 2548">
     <span class='ocr_line' id='line_1_25' title="bbox 251 2468 1840 2548; baseline -0.004 -21"><span class='ocrx_word' id='word_1_202' title='bbox 251 2473 399 2538; x_wconf 85' lang='lat' dir='ltr'><strong><em>liam,</em></strong></span> <span class='ocrx_word' id='word_1_203' title='bbox 426 2481 474 2525; x_wconf 86' lang='lat' dir='ltr'><strong><em>et</em></strong></span> <span class='ocrx_word' id='word_1_204' title='bbox 509 2473 697 2548; x_wconf 85' lang='lat' dir='ltr'><strong><em>vocavit</em></strong></span> <span class='ocrx_word' id='word_1_205' title='bbox 728 2488 905 2524; x_wconf 87' lang='lat' dir='ltr'><strong><em>nomen</em></strong></span> <span class='ocrx_word' id='word_1_206' title='bbox 947 2471 1058 2541; x_wconf 85' lang='lat' dir='ltr'><strong><em>ejus</em></strong></span> <span class='ocrx_word' id='word_1_207' title='bbox 1106 2469 1260 2522; x_wconf 88' lang='lat' dir='ltr'><strong><em>Dina.</em></strong></span> <span class='ocrx_word' id='word_1_208' title='bbox 1300 2468 1391 2522; x_wconf 70' lang='lat'><strong><em>22.</em></strong></span> <span class='ocrx_word' id='word_1_209' title='bbox 1436 2468 1743 2521; x_wconf 84' lang='lat' dir='ltr'><strong><em>Recordatus</em></strong></span> <span class='ocrx_word' id='word_1_210' title='bbox 1768 2477 1840 2520; x_wconf 82' lang='lat' dir='ltr'><strong><em>est</em></strong></span> 
     </span>
    </p>
   </div>
   <div class='ocr_carea' id='block_1_26' title="bbox 253 2559 1838 2628">
    <p class='ocr_par' dir='ltr' id='par_1_26' title="bbox 253 2559 1838 2628">
     <span class='ocr_line' id='line_1_26' title="bbox 253 2559 1838 2628; baseline -0.002 -12"><span class='ocrx_word' id='word_1_211' title='bbox 253 2573 428 2616; x_wconf 89' lang='lat' dir='ltr'><strong><em>autent</em></strong></span> <span class='ocrx_word' id='word_1_212' title='bbox 451 2561 587 2616; x_wconf 84' lang='lat' dir='ltr'><strong><em>Deus</em></strong></span> <span class='ocrx_word' id='word_1_213' title='bbox 615 2561 871 2623; x_wconf 72' lang='lat' dir='ltr'><strong><em>Bac/telis,</em></strong></span> <span class='ocrx_word' id='word_1_214' title='bbox 899 2571 943 2616; x_wconf 88' lang='lat' dir='ltr'><strong><em>et</em></strong></span> <span class='ocrx_word' id='word_1_215' title='bbox 974 2561 1229 2614; x_wconf 76' lang='lat' dir='ltr'><strong><em>exaudivit</em></strong></span> <span class='ocrx_word' id='word_1_216' title='bbox 1255 2576 1387 2626; x_wconf 89' lang='lat' dir='ltr'><strong><em>eam,</em></strong></span> <span class='ocrx_word' id='word_1_217' title='bbox 1433 2569 1476 2612; x_wconf 92' lang='lat' dir='ltr'><strong><em>et</em></strong></span> <span class='ocrx_word' id='word_1_218' title='bbox 1506 2559 1701 2628; x_wconf 84' lang='lat' dir='ltr'><strong><em>aperuit</em></strong></span> <span class='ocrx_word' id='word_1_219' title='bbox 1729 2560 1838 2628; x_wconf 82' lang='lat' dir='ltr'><strong><em>ejus</em></strong></span> 
     </span>
    </p>
   </div>
   <div class='ocr_carea' id='block_1_27' title="bbox 252 2652 1841 2724">
    <p class='ocr_par' dir='ltr' id='par_1_27' title="bbox 252 2652 1841 2724">
     <span class='ocr_line' id='line_1_27' title="bbox 252 2652 1841 2724; baseline -0.003 -14"><span class='ocrx_word' id='word_1_220' title='bbox 252 2656 478 2710; x_wconf 81' lang='lat' dir='ltr'><strong><em>vulvam.</em></strong></span> <span class='ocrx_word' id='word_1_221' title='bbox 501 2656 590 2710; x_wconf 74' lang='grc'><strong><em>25.</em></strong></span> <span class='ocrx_word' id='word_1_222' title='bbox 615 2654 682 2708; x_wconf 84' lang='grc' dir='ltr'><strong><em>Ει</em></strong></span> <span class='ocrx_word' id='word_1_223' title='bbox 711 2655 956 2724; x_wconf 86' lang='lat' dir='ltr'><strong><em>concepit,</em></strong></span> <span class='ocrx_word' id='word_1_224' title='bbox 989 2663 1034 2708; x_wconf 93' lang='lat' dir='ltr'><strong><em>et</em></strong></span> <span class='ocrx_word' id='word_1_225' title='bbox 1059 2653 1246 2723; x_wconf 87' lang='lat' dir='ltr'><strong><em>peperit</em></strong></span> <span class='ocrx_word' id='word_1_226' title='bbox 1273 2653 1434 2722; x_wconf 82' lang='lat' dir='ltr'><strong><em>ﬁlium</em></strong></span> <span class='ocrx_word' id='word_1_227' title='bbox 1456 2652 1668 2707; x_wconf 85' lang='lat' dir='ltr'><strong><em>Iacobo.</em></strong></span> <span class='ocrx_word' id='word_1_228' title='bbox 1697 2652 1841 2706; x_wconf 72' lang='lat' dir='ltr'><strong><em>Dixit</em></strong></span> 
     </span>
    </p>
   </div>
   <div class='ocr_carea' id='block_1_28' title="bbox 251 2745 1836 2816">
    <p class='ocr_par' dir='ltr' id='par_1_28' title="bbox 251 2745 1836 2816">
     <span class='ocr_line' id='line_1_28' title="bbox 251 2745 1836 2816; baseline -0.003 -14"><span class='ocrx_word' id='word_1_229' title='bbox 251 2758 424 2803; x_wconf 84' lang='lat' dir='ltr'><strong><em>autem</em></strong></span> <span class='ocrx_word' id='word_1_230' title='bbox 474 2749 698 2802; x_wconf 89' lang='lat' dir='ltr'><strong><em>Rachel:</em></strong></span> <span class='ocrx_word' id='word_1_231' title='bbox 721 2747 938 2801; x_wconf 82' lang='lat' dir='ltr'><strong><em>Abstulit</em></strong></span> <span class='ocrx_word' id='word_1_232' title='bbox 963 2763 995 2800; x_wconf 89' lang='lat' dir='ltr'><strong><em>a</em></strong></span> <span class='ocrx_word' id='word_1_233' title='bbox 1023 2762 1101 2800; x_wconf 88' lang='lat' dir='ltr'><strong><em>me</em></strong></span> <span class='ocrx_word' id='word_1_234' title='bbox 1139 2745 1278 2800; x_wconf 85' lang='lat' dir='ltr'><strong><em>Deus</em></strong></span> <span class='ocrx_word' id='word_1_235' title='bbox 1305 2746 1629 2816; x_wconf 87' lang='lat' dir='ltr'><strong><em>opprobrium</em></strong></span> <span class='ocrx_word' id='word_1_236' title='bbox 1653 2761 1836 2798; x_wconf 85' lang='lat' dir='ltr'><strong><em>meum.</em></strong></span> 
     </span>
    </p>
   </div>
   <div class='ocr_carea' id='block_1_29' title="bbox 251 2834 1841 2907">
    <p class='ocr_par' dir='ltr' id='par_1_29' title="bbox 251 2834 1841 2907">
     <span class='ocr_line' id='line_1_29' title="bbox 251 2834 1841 2907; baseline -0.003 -14"><span class='ocrx_word' id='word_1_237' title='bbox 251 2840 346 2894; x_wconf 65' lang='grc' dir='ltr'><strong><em>ει.</em></strong></span> <span class='ocrx_word' id='word_1_238' title='bbox 392 2838 459 2891; x_wconf 83' lang='lat' dir='ltr'><strong><em>Et</em></strong></span> <span class='ocrx_word' id='word_1_239' title='bbox 508 2839 697 2891; x_wconf 86' lang='lat' dir='ltr'><strong><em>vocavit</em></strong></span> <span class='ocrx_word' id='word_1_240' title='bbox 743 2853 922 2890; x_wconf 90' lang='lat' dir='ltr'><strong><em>nomen</em></strong></span> <span class='ocrx_word' id='word_1_241' title='bbox 969 2837 1078 2907; x_wconf 84' lang='lat' dir='ltr'><strong><em>ejus</em></strong></span> <span class='ocrx_word' id='word_1_242' title='bbox 1118 2834 1327 2906; x_wconf 84' lang='lat' dir='ltr'><strong><em>Ioseph,</em></strong></span> <span class='ocrx_word' id='word_1_243' title='bbox 1366 2834 1841 2904; x_wconf 81' lang='lat' dir='ltr'><strong><em>dicens:Apposuit</em></strong></span> 
     </span>
    </p>
   </div>
   <div class='ocr_carea' id='block_1_30' title="bbox 252 2925 1836 2998">
    <p class='ocr_par' dir='ltr' id='par_1_30' title="bbox 252 2925 1836 2998">
     <span class='ocr_line' id='line_1_30' title="bbox 252 2925 1836 2998; baseline -0.003 -16"><span class='ocrx_word' id='word_1_244' title='bbox 252 2929 386 2983; x_wconf 86' lang='lat' dir='ltr'><strong><em>mihi</em></strong></span> <span class='ocrx_word' id='word_1_245' title='bbox 409 2928 543 2983; x_wconf 89' lang='lat' dir='ltr'><strong><em>Deus</em></strong></span> <span class='ocrx_word' id='word_1_246' title='bbox 565 2929 727 2998; x_wconf 85' lang='lat' dir='ltr'><strong><em>ﬁlium</em></strong></span> <span class='ocrx_word' id='word_1_247' title='bbox 755 2929 934 2982; x_wconf 90' lang='lat' dir='ltr'><strong><em>alium.</em></strong></span> <span class='ocrx_word' id='word_1_248' title='bbox 969 2928 1185 2981; x_wconf 78' lang='lat' dir='ltr'><strong><em>Abstulit</em></strong></span> <span class='ocrx_word' id='word_1_249' title='bbox 1208 2945 1238 2980; x_wconf 91' lang='lat' dir='ltr'><strong><em>a</em></strong></span> <span class='ocrx_word' id='word_1_250' title='bbox 1264 2944 1360 2992; x_wconf 87' lang='lat' dir='ltr'><strong><em>me,</em></strong></span> <span class='ocrx_word' id='word_1_251' title='bbox 1383 2927 1572 2996; x_wconf 89' lang='lat' dir='ltr'><strong>inquit,</strong></span> <span class='ocrx_word' id='word_1_252' title='bbox 1599 2925 1734 2979; x_wconf 82' lang='lat' dir='ltr'><strong><em>Deus</em></strong></span> <span class='ocrx_word' id='word_1_253' title='bbox 1750 2941 1836 2994; x_wconf 84' lang='lat' dir='ltr'><strong><em>op-</em></strong></span> 
     </span>
    </p>
   </div>
   <div class='ocr_carea' id='block_1_31' title="bbox 251 3016 1839 3092">
    <p class='ocr_par' dir='ltr' id='par_1_31' title="bbox 251 3016 1839 3092">
     <span class='ocr_line' id='line_1_31' title="bbox 251 3016 1839 3092; baseline -0.004 -17"><span class='ocrx_word' id='word_1_254' title='bbox 251 3021 512 3092; x_wconf 82' lang='lat' dir='ltr'><strong><em>probrium</em></strong></span> <span class='ocrx_word' id='word_1_255' title='bbox 525 3038 548 3084; x_wconf 89' lang='lat'><em>;</em></span> <span class='ocrx_word' id='word_1_256' title='bbox 567 3021 726 3075; x_wconf 88' lang='lat' dir='ltr'><strong><em>solvit</em></strong></span> <span class='ocrx_word' id='word_1_257' title='bbox 744 3021 1071 3075; x_wconf 87' lang='lat' dir='ltr'><strong><em>sterilitatem</em></strong></span> <span class='ocrx_word' id='word_1_258' title='bbox 1090 3036 1104 3073; x_wconf 93' lang='lat'><strong>:</strong></span> <span class='ocrx_word' id='word_1_259' title='bbox 1129 3018 1384 3088; x_wconf 92' lang='lat' dir='ltr'><strong><em>propitius</em></strong></span> <span class='ocrx_word' id='word_1_260' title='bbox 1402 3018 1570 3072; x_wconf 90' lang='lat' dir='ltr'><strong><em>factus</em></strong></span> <span class='ocrx_word' id='word_1_261' title='bbox 1587 3025 1670 3071; x_wconf 88' lang='lat' dir='ltr'><strong><em>est</em></strong></span> <span class='ocrx_word' id='word_1_262' title='bbox 1687 3016 1839 3082; x_wconf 89' lang='lat' dir='ltr'><strong><em>mihi,</em></strong></span> 
     </span>
    </p>
   </div>
   <div class='ocr_carea' id='block_1_32' title="bbox 251 3107 1844 3180">
    <p class='ocr_par' dir='ltr' id='par_1_32' title="bbox 251 3107 1844 3180">
     <span class='ocr_line' id='line_1_32' title="bbox 251 3107 1844 3180; baseline -0.003 -15"><span class='ocrx_word' id='word_1_263' title='bbox 251 3121 307 3165; x_wconf 90' lang='lat' dir='ltr'><strong><em>ct</em></strong></span> <span class='ocrx_word' id='word_1_264' title='bbox 331 3112 577 3165; x_wconf 84' lang='lat' dir='ltr'><strong><em>idoneam</em></strong></span> <span class='ocrx_word' id='word_1_265' title='bbox 606 3110 732 3166; x_wconf 88' lang='lat' dir='ltr'><strong><em>fecit</em></strong></span> <span class='ocrx_word' id='word_1_266' title='bbox 767 3109 833 3164; x_wconf 90' lang='lat' dir='ltr'><strong><em>ad</em></strong></span> <span class='ocrx_word' id='word_1_267' title='bbox 862 3108 1246 3180; x_wconf 90' lang='lat' dir='ltr'><strong><em>procreandum</em></strong></span> <span class='ocrx_word' id='word_1_268' title='bbox 1284 3109 1419 3162; x_wconf 90' lang='lat' dir='ltr'><strong><em>ﬁlios</em></strong></span> <span class='ocrx_word' id='word_1_269' title='bbox 1441 3107 1680 3174; x_wconf 86' lang='lat' dir='ltr'><strong><em>vulvam,</em></strong></span> <span class='ocrx_word' id='word_1_270' title='bbox 1712 3107 1844 3161; x_wconf 86' lang='lat' dir='ltr'><strong><em>libe-</em></strong></span> 
     </span>
    </p>
   </div>
   <div class='ocr_carea' id='block_1_33' title="bbox 254 3199 1840 3270">
    <p class='ocr_par' dir='ltr' id='par_1_33' title="bbox 254 3199 1840 3270">
     <span class='ocr_line' id='line_1_33' title="bbox 254 3199 1840 3270; baseline -0.004 -12"><span class='ocrx_word' id='word_1_271' title='bbox 254 3219 480 3270; x_wconf 76' lang='lat' dir='ltr'><strong><em>rumque</em></strong></span> <span class='ocrx_word' id='word_1_272' title='bbox 507 3217 593 3256; x_wconf 89' lang='lat' dir='ltr'><strong><em>me</em></strong></span> <span class='ocrx_word' id='word_1_273' title='bbox 619 3201 742 3257; x_wconf 79' lang='lat' dir='ltr'><strong><em>fecit</em></strong></span> <span class='ocrx_word' id='word_1_274' title='bbox 761 3201 829 3255; x_wconf 89' lang='lat' dir='ltr'><strong><em>ab</em></strong></span> <span class='ocrx_word' id='word_1_275' title='bbox 870 3201 1156 3270; x_wconf 89' lang='lat' dir='ltr'><strong><em>opprobrio</em></strong></span> <span class='ocrx_word' id='word_1_276' title='bbox 1177 3215 1320 3254; x_wconf 86' lang='lat' dir='ltr'><strong><em>meo.</em></strong></span> <span class='ocrx_word' id='word_1_277' title='bbox 1347 3199 1414 3252; x_wconf 86' lang='lat' dir='ltr'><strong><em>Et</em></strong></span> <span class='ocrx_word' id='word_1_278' title='bbox 1441 3199 1628 3252; x_wconf 88' lang='lat' dir='ltr'><strong><em>vocavit</em></strong></span> <span class='ocrx_word' id='word_1_279' title='bbox 1663 3214 1840 3252; x_wconf 88' lang='lat' dir='ltr'><strong><em>nomen</em></strong></span> 
     </span>
    </p>
   </div>
   <div class='ocr_carea' id='block_1_34' title="bbox 251 3287 1836 3364">
    <p class='ocr_par' dir='ltr' id='par_1_34' title="bbox 251 3287 1836 3364">
     <span class='ocr_line' id='line_1_34' title="bbox 251 3287 1836 3364; baseline -0.003 -17"><span class='ocrx_word' id='word_1_280' title='bbox 251 3296 366 3364; x_wconf 82' lang='lat' dir='ltr'><strong><em>ejus</em></strong></span> <span class='ocrx_word' id='word_1_281' title='bbox 392 3292 607 3363; x_wconf 89' lang='lat' dir='ltr'><strong><em>Ioseph,</em></strong></span> <span class='ocrx_word' id='word_1_282' title='bbox 635 3292 805 3345; x_wconf 87' lang='lat' dir='ltr'><strong><em>dicens</em></strong></span> <span class='ocrx_word' id='word_1_283' title='bbox 828 3307 846 3344; x_wconf 91' lang='lat'><em>:</em></span> <span class='ocrx_word' id='word_1_284' title='bbox 875 3291 1125 3361; x_wconf 84' lang='lat' dir='ltr'><strong><em>Apposuit</em></strong></span> <span class='ocrx_word' id='word_1_285' title='bbox 1159 3290 1281 3342; x_wconf 88' lang='lat' dir='ltr'><strong><em>ntihi</em></strong></span> <span class='ocrx_word' id='word_1_286' title='bbox 1304 3289 1440 3342; x_wconf 82' lang='lat' dir='ltr'><strong><em>Deus</em></strong></span> <span class='ocrx_word' id='word_1_287' title='bbox 1466 3289 1629 3356; x_wconf 80' lang='lat' dir='ltr'><strong><em>ﬁlium</em></strong></span> <span class='ocrx_word' id='word_1_288' title='bbox 1656 3287 1836 3342; x_wconf 89' lang='lat' dir='ltr'><strong><em>alium.</em></strong></span> 
     </span>
    </p>
   </div>
   <div class='ocr_carea' id='block_1_35' title="bbox 253 3380 1843 3453">
    <p class='ocr_par' dir='ltr' id='par_1_35' title="bbox 253 3380 1843 3453">
     <span class='ocr_line' id='line_1_35' title="bbox 253 3380 1843 3453; baseline -0.002 -16"><span class='ocrx_word' id='word_1_289' title='bbox 253 3385 420 3439; x_wconf 77' lang='lat' dir='ltr'><strong><em>Vides</em></strong></span> <span class='ocrx_word' id='word_1_290' title='bbox 449 3384 715 3453; x_wconf 89' lang='lat' dir='ltr'><strong><em>quomodo</em></strong></span> <span class='ocrx_word' id='word_1_291' title='bbox 752 3382 1006 3452; x_wconf 87' lang='lat' dir='ltr'><strong><em>paulatim</em></strong></span> <span class='ocrx_word' id='word_1_292' title='bbox 1051 3381 1432 3451; x_wconf 87' lang='lat' dir='ltr'><strong><em>promissioncs</em></strong></span> <span class='ocrx_word' id='word_1_293' title='bbox 1477 3380 1571 3435; x_wconf 91' lang='lat' dir='ltr'><strong><em>Dei</em></strong></span> <span class='ocrx_word' id='word_1_294' title='bbox 1620 3380 1670 3434; x_wconf 93' lang='lat' dir='ltr'><strong><em>iu</em></strong></span> <span class='ocrx_word' id='word_1_295' title='bbox 1710 3395 1843 3449; x_wconf 90' lang='lat' dir='ltr'><strong><em>opus</em></strong></span> 
     </span>
    </p>
   </div>
   <div class='ocr_carea' id='block_1_36' title="bbox 249 3470 1843 3544">
    <p class='ocr_par' dir='ltr' id='par_1_36' title="bbox 249 3470 1843 3544">
     <span class='ocr_line' id='line_1_36' title="bbox 249 3470 1843 3544; baseline -0.003 -17"><span class='ocrx_word' id='word_1_296' title='bbox 249 3489 487 3544; x_wconf 78' lang='lat' dir='ltr'><strong><em>egressa:</em></strong></span> <span class='ocrx_word' id='word_1_297' title='bbox 512 3473 668 3526; x_wconf 90' lang='lat' dir='ltr'><strong><em>sunt?</em></strong></span> <span class='ocrx_word' id='word_1_298' title='bbox 696 3471 833 3526; x_wconf 84' lang='lat' dir='ltr'><strong><em>Ecce</em></strong></span> <span class='ocrx_word' id='word_1_299' title='bbox 877 3471 1019 3526; x_wconf 89' lang='lat' dir='ltr'><strong><em>enim</em></strong></span> <span class='ocrx_word' id='word_1_300' title='bbox 1062 3479 1315 3540; x_wconf 87' lang='lat' dir='ltr'><strong><em>quantum</em></strong></span> <span class='ocrx_word' id='word_1_301' title='bbox 1353 3477 1572 3540; x_wconf 86' lang='lat' dir='ltr'><strong><em>repente</em></strong></span> <span class='ocrx_word' id='word_1_302' title='bbox 1620 3470 1843 3524; x_wconf 91' lang='lat' dir='ltr'><strong><em>chorum</em></strong></span> 
     </span>
    </p>
   </div>
   <div class='ocr_carea' id='block_1_37' title="bbox 254 3560 1844 3632">
    <p class='ocr_par' dir='ltr' id='par_1_37' title="bbox 254 3560 1844 3632">
     <span class='ocr_line' id='line_1_37' title="bbox 254 3560 1844 3632; baseline -0.004 -14"><span class='ocrx_word' id='word_1_303' title='bbox 254 3566 492 3618; x_wconf 77' lang='lat' dir='ltr'><strong><em>ﬁliorum</em></strong></span> <span class='ocrx_word' id='word_1_304' title='bbox 521 3565 661 3619; x_wconf 91' lang='lat' dir='ltr'><strong><em>circa</em></strong></span> <span class='ocrx_word' id='word_1_305' title='bbox 706 3579 763 3618; x_wconf 90' lang='lat' dir='ltr'><strong><em>se</em></strong></span> <span class='ocrx_word' id='word_1_306' title='bbox 795 3562 977 3616; x_wconf 84' lang='lat' dir='ltr'><strong><em>habuit</em></strong></span> <span class='ocrx_word' id='word_1_307' title='bbox 1017 3562 1214 3631; x_wconf 87' lang='lat' dir='ltr'><strong><em>justus,</em></strong></span> <span class='ocrx_word' id='word_1_308' title='bbox 1254 3570 1471 3632; x_wconf 86' lang='lat' dir='ltr'><strong><em>propter</em></strong></span> <span class='ocrx_word' id='word_1_309' title='bbox 1510 3560 1844 3615; x_wconf 88' lang='lat' dir='ltr'><strong><em>manifestam</em></strong></span> 
     </span>
    </p>
   </div>
   <div class='ocr_carea' id='block_1_38' title="bbox 258 3651 1842 3724">
    <p class='ocr_par' dir='ltr' id='par_1_38' title="bbox 258 3651 1842 3724">
     <span class='ocr_line' id='line_1_38' title="bbox 258 3651 1842 3724; baseline -0.003 -16"><span class='ocrx_word' id='word_1_310' title='bbox 258 3657 353 3710; x_wconf 80' lang='lat' dir='ltr'><strong><em>Ilei</em></strong></span> <span class='ocrx_word' id='word_1_311' title='bbox 393 3671 517 3724; x_wconf 83' lang='lat' dir='ltr'><strong><em>erga</em></strong></span> <span class='ocrx_word' id='word_1_312' title='bbox 547 3670 607 3709; x_wconf 90' lang='lat' dir='ltr'><strong><em>se</em></strong></span> <span class='ocrx_word' id='word_1_313' title='bbox 653 3653 1054 3724; x_wconf 89' lang='lat' dir='ltr'><strong><em>providentiam.</em></strong></span> <span class='ocrx_word' id='word_1_314' title='bbox 1100 3651 1358 3718; x_wconf 85' lang='lat' dir='ltr'><strong><em>Quoniam</em></strong></span> <span class='ocrx_word' id='word_1_315' title='bbox 1405 3653 1546 3706; x_wconf 91' lang='lat' dir='ltr'><strong><em>enim</em></strong></span> <span class='ocrx_word' id='word_1_316' title='bbox 1598 3665 1842 3720; x_wconf 85' lang='lat' dir='ltr'><strong><em>magnam</em></strong></span> 
     </span>
    </p>
   </div>
   <div class='ocr_carea' id='block_1_39' title="bbox 254 3743 1842 3816">
    <p class='ocr_par' dir='ltr' id='par_1_39' title="bbox 254 3743 1842 3816">
     <span class='ocr_line' id='line_1_39' title="bbox 254 3743 1842 3816; baseline -0.004 -16"><span class='ocrx_word' id='word_1_317' title='bbox 254 3763 368 3816; x_wconf 76' lang='lat' dir='ltr'><strong><em>prze</em></strong></span> <span class='ocrx_word' id='word_1_318' title='bbox 398 3761 458 3800; x_wconf 92' lang='lat' dir='ltr'><strong><em>sc</em></strong></span> <span class='ocrx_word' id='word_1_319' title='bbox 488 3747 604 3800; x_wconf 89' lang='lat' dir='ltr'><strong><em>tulit</em></strong></span> <span class='ocrx_word' id='word_1_320' title='bbox 632 3746 954 3815; x_wconf 87' lang='lat' dir='ltr'><strong><em>patientiam,</em></strong></span> <span class='ocrx_word' id='word_1_321' title='bbox 986 3743 1387 3814; x_wconf 89' lang='lat' dir='ltr'><strong><em>quatuordecim</em></strong></span> <span class='ocrx_word' id='word_1_322' title='bbox 1425 3743 1576 3796; x_wconf 86' lang='lat' dir='ltr'><strong><em>annis</em></strong></span> <span class='ocrx_word' id='word_1_323' title='bbox 1612 3745 1842 3795; x_wconf 84' lang='lat' dir='ltr'><strong><em>servitu-</em></strong></span> 
     </span>
    </p>
   </div>
   <div class='ocr_carea' id='block_1_40' title="bbox 255 3834 1839 3906">
    <p class='ocr_par' dir='ltr' id='par_1_40' title="bbox 255 3834 1839 3906">
     <span class='ocr_line' id='line_1_40' title="bbox 255 3834 1839 3906; baseline -0.005 -15"><span class='ocrx_word' id='word_1_324' title='bbox 255 3848 366 3892; x_wconf 85' lang='lat' dir='ltr'><strong><em>tem</em></strong></span> <span class='ocrx_word' id='word_1_325' title='bbox 388 3840 583 3903; x_wconf 86' lang='lat' dir='ltr'><strong><em>ferens,</em></strong></span> <span class='ocrx_word' id='word_1_326' title='bbox 609 3845 884 3906; x_wconf 87' lang='lat' dir='ltr'><strong><em>propterea</em></strong></span> <span class='ocrx_word' id='word_1_327' title='bbox 904 3846 958 3891; x_wconf 90' lang='lat' dir='ltr'><strong><em>et</em></strong></span> <span class='ocrx_word' id='word_1_328' title='bbox 985 3835 1355 3889; x_wconf 89' lang='lat' dir='ltr'><strong><em>universorum</em></strong></span> <span class='ocrx_word' id='word_1_329' title='bbox 1382 3834 1634 3887; x_wconf 89' lang='lat' dir='ltr'><strong><em>Dominus</em></strong></span> <span class='ocrx_word' id='word_1_330' title='bbox 1657 3848 1839 3886; x_wconf 84' lang='lat' dir='ltr'><strong><em>remu-</em></strong></span> 
     </span>
    </p>
   </div>
   <div class='ocr_carea' id='block_1_41' title="bbox 255 3922 1841 3998">
    <p class='ocr_par' dir='ltr' id='par_1_41' title="bbox 255 3922 1841 3998">
     <span class='ocr_line' id='line_1_41' title="bbox 255 3922 1841 3998; baseline -0.004 -16"><span class='ocrx_word' id='word_1_331' title='bbox 255 3944 456 3983; x_wconf 89' lang='lat' dir='ltr'><strong><em>nerans</em></strong></span> <span class='ocrx_word' id='word_1_332' title='bbox 475 3929 602 3998; x_wconf 89' lang='lat' dir='ltr'><strong><em>justi</em></strong></span> <span class='ocrx_word' id='word_1_333' title='bbox 633 3928 906 3998; x_wconf 81' lang='lat' dir='ltr'><strong><em>pietatem,</em></strong></span> <span class='ocrx_word' id='word_1_334' title='bbox 957 3927 1007 3981; x_wconf 91' lang='lat' dir='ltr'><strong><em>in</em></strong></span> <span class='ocrx_word' id='word_1_335' title='bbox 1051 3934 1255 3980; x_wconf 91' lang='lat' dir='ltr'><strong><em>tantum</em></strong></span> <span class='ocrx_word' id='word_1_336' title='bbox 1280 3940 1403 3979; x_wconf 90' lang='lat' dir='ltr'><strong><em>eum</em></strong></span> <span class='ocrx_word' id='word_1_337' title='bbox 1429 3938 1671 3978; x_wconf 89' lang='lat' dir='ltr'><strong><em>crescere</em></strong></span> <span class='ocrx_word' id='word_1_338' title='bbox 1698 3922 1841 3989; x_wconf 89' lang='lat' dir='ltr'><strong><em>fecit,</em></strong></span> 
     </span>
    </p>
   </div>
   <div class='ocr_carea' id='block_1_42' title="bbox 255 4016 1846 4090">
    <p class='ocr_par' dir='ltr' id='par_1_42' title="bbox 255 4016 1846 4090">
     <span class='ocr_line' id='line_1_42' title="bbox 255 4016 1846 4090; baseline -0.003 -16"><span class='ocrx_word' id='word_1_339' title='bbox 255 4031 314 4074; x_wconf 91' lang='lat' dir='ltr'><strong><em>ut</em></strong></span> <span class='ocrx_word' id='word_1_340' title='bbox 345 4029 399 4073; x_wconf 91' lang='lat' dir='ltr'><strong><em>et</em></strong></span> <span class='ocrx_word' id='word_1_341' title='bbox 426 4020 648 4090; x_wconf 89' lang='lat' dir='ltr'><strong><em>posthac</em></strong></span> <span class='ocrx_word' id='word_1_342' title='bbox 673 4020 963 4074; x_wconf 82' lang='lat' dir='ltr'><strong><em>invidiosus</em></strong></span> <span class='ocrx_word' id='word_1_343' title='bbox 1003 4019 1118 4071; x_wconf 90' lang='lat' dir='ltr'><strong><em>aliis</em></strong></span> <span class='ocrx_word' id='word_1_344' title='bbox 1157 4017 1329 4082; x_wconf 90' lang='lat' dir='ltr'><strong><em>ﬁeret,</em></strong></span> <span class='ocrx_word' id='word_1_345' title='bbox 1361 4016 1496 4070; x_wconf 89' lang='lat' dir='ltr'><strong><em>sicut</em></strong></span> <span class='ocrx_word' id='word_1_346' title='bbox 1523 4031 1587 4071; x_wconf 82' lang='lat' dir='ltr'><strong><em>ex</em></strong></span> <span class='ocrx_word' id='word_1_347' title='bbox 1614 4030 1846 4085; x_wconf 89' lang='lat' dir='ltr'><strong><em>sequen-</em></strong></span> 
     </span>
    </p>
   </div>
   <div class='ocr_carea' id='block_1_43' title="bbox 256 4109 1450 4180">
    <p class='ocr_par' dir='ltr' id='par_1_43' title="bbox 256 4109 1450 4180">
     <span class='ocr_line' id='line_1_43' title="bbox 256 4109 1450 4180; baseline -0.006 -13"><span class='ocrx_word' id='word_1_348' title='bbox 256 4112 402 4167; x_wconf 84' lang='lat' dir='ltr'><strong><em>tibus</em></strong></span> <span class='ocrx_word' id='word_1_349' title='bbox 433 4112 717 4176; x_wconf 85' lang='lat' dir='ltr'><strong><em>discemus,</em></strong></span> <span class='ocrx_word' id='word_1_350' title='bbox 748 4127 866 4180; x_wconf 73' lang='lat' dir='ltr'><strong><em>qua:</em></strong></span> <span class='ocrx_word' id='word_1_351' title='bbox 891 4109 1082 4164; x_wconf 86' lang='lat' dir='ltr'><strong><em>vellem</em></strong></span> <span class='ocrx_word' id='word_1_352' title='bbox 1110 4117 1450 4177; x_wconf 88' lang='lat' dir='ltr'><strong><em>pertractare.</em></strong></span> 
     </span>
    </p>
   </div>
   <div class='ocr_carea' id='block_1_44' title="bbox 362 4201 1843 4274">
    <p class='ocr_par' dir='ltr' id='par_1_44' title="bbox 362 4201 1843 4274">
     <span class='ocr_line' id='line_1_44' title="bbox 362 4201 1843 4274; baseline -0.005 -16"><span class='ocrx_word' id='word_1_353' title='bbox 362 4204 419 4259; x_wconf 83' lang='lat'><strong><em>6.</em></strong></span> <span class='ocrx_word' id='word_1_354' title='bbox 482 4204 696 4257; x_wconf 83' lang='lat' dir='ltr'><strong><em>Moralis</em></strong></span> <span class='ocrx_word' id='word_1_355' title='bbox 758 4202 1045 4274; x_wconf 83' lang='lat' dir='ltr'><strong><em>epilogus;</em></strong></span> <span class='ocrx_word' id='word_1_356' title='bbox 1107 4202 1384 4254; x_wconf 90' lang='lat' dir='ltr'><strong><em>humanum</em></strong></span> <span class='ocrx_word' id='word_1_357' title='bbox 1436 4201 1681 4254; x_wconf 74' lang='lat' dir='ltr'><strong><em>auxilium</em></strong></span> <span class='ocrx_word' id='word_1_358' title='bbox 1743 4215 1843 4252; x_wconf 89' lang='lat' dir='ltr'><strong><em>non</em></strong></span> 
     </span>
    </p>
   </div>
   <div class='ocr_carea' id='block_1_45' title="bbox 253 4293 1845 4367">
    <p class='ocr_par' dir='ltr' id='par_1_45' title="bbox 253 4293 1845 4367">
     <span class='ocr_line' id='line_1_45' title="bbox 253 4293 1845 4367; baseline -0.005 -16"><span class='ocrx_word' id='word_1_359' title='bbox 253 4296 876 4367; x_wconf 65' lang='lat' dir='ltr'><strong><em>querendum—Verum</em></strong></span> <span class='ocrx_word' id='word_1_360' title='bbox 909 4310 976 4348; x_wconf 84' lang='lat' dir='ltr'><strong><em>ne</em></strong></span> <span class='ocrx_word' id='word_1_361' title='bbox 1017 4293 1271 4363; x_wconf 78' lang='lat' dir='ltr'><strong><em>prolixius</em></strong></span> <span class='ocrx_word' id='word_1_362' title='bbox 1313 4307 1614 4346; x_wconf 85' lang='lat' dir='ltr'><strong><em>sermonem</em></strong></span> <span class='ocrx_word' id='word_1_363' title='bbox 1654 4299 1845 4345; x_wconf 82' lang='lat' dir='ltr'><strong><em>exten-</em></strong></span> 
     </span>
    </p>
   </div>
   <div class='ocr_carea' id='block_1_46' title="bbox 252 4381 1840 4449">
    <p class='ocr_par' dir='ltr' id='par_1_46' title="bbox 252 4381 1840 4449">
     <span class='ocr_line' id='line_1_46' title="bbox 252 4381 1840 4449; baseline -0.006 -8"><span class='ocrx_word' id='word_1_364' title='bbox 252 4386 485 4449; x_wconf 89' lang='lat' dir='ltr'><strong><em>damus,</em></strong></span> <span class='ocrx_word' id='word_1_365' title='bbox 530 4400 665 4440; x_wconf 88' lang='lat' dir='ltr'><strong><em>neve</em></strong></span> <span class='ocrx_word' id='word_1_366' title='bbox 710 4385 964 4438; x_wconf 90' lang='lat' dir='ltr'><strong><em>molestus</em></strong></span> <span class='ocrx_word' id='word_1_367' title='bbox 1005 4397 1124 4438; x_wconf 89' lang='lat' dir='ltr'><strong><em>esse</em></strong></span> <span class='ocrx_word' id='word_1_368' title='bbox 1154 4383 1336 4435; x_wconf 90' lang='lat' dir='ltr'><strong><em>videar</em></strong></span> <span class='ocrx_word' id='word_1_369' title='bbox 1376 4381 1580 4434; x_wconf 79' lang='lat' dir='ltr'><strong><em>caritati</em></strong></span> <span class='ocrx_word' id='word_1_370' title='bbox 1617 4389 1840 4444; x_wconf 77' lang='lat' dir='ltr'><strong><em>vestrm,</em></strong></span> 
     </span>
    </p>
   </div>
   <div class='ocr_carea' id='block_1_47' title="bbox 255 4471 1841 4547">
    <p class='ocr_par' dir='ltr' id='par_1_47' title="bbox 255 4471 1841 4547">
     <span class='ocr_line' id='line_1_47' title="bbox 255 4471 1841 4547; baseline -0.006 -15"><span class='ocrx_word' id='word_1_371' title='bbox 255 4478 302 4532; x_wconf 87' lang='lat' dir='ltr'><strong><em>si</em></strong></span> <span class='ocrx_word' id='word_1_372' title='bbox 337 4479 531 4547; x_wconf 87' lang='lat' dir='ltr'><strong><em>placet,</em></strong></span> <span class='ocrx_word' id='word_1_373' title='bbox 582 4491 700 4546; x_wconf 72' lang='lat' dir='ltr'><strong><em>quzc</em></strong></span> <span class='ocrx_word' id='word_1_374' title='bbox 730 4477 927 4545; x_wconf 91' lang='lat' dir='ltr'><strong><em>reliqua</em></strong></span> <span class='ocrx_word' id='word_1_375' title='bbox 954 4485 1076 4528; x_wconf 90' lang='lat' dir='ltr'><strong><em>sunt</em></strong></span> <span class='ocrx_word' id='word_1_376' title='bbox 1102 4475 1153 4528; x_wconf 94' lang='lat' dir='ltr'><strong>in</strong></span> <span class='ocrx_word' id='word_1_377' title='bbox 1193 4481 1502 4541; x_wconf 74' lang='lat' dir='ltr'><strong><em>sequentem</em></strong></span> <span class='ocrx_word' id='word_1_378' title='bbox 1534 4471 1841 4525; x_wconf 86' lang='lat' dir='ltr'><strong><em>concionem</em></strong></span> 
     </span>
    </p>
   </div>
   <div class='ocr_carea' id='block_1_48' title="bbox 257 4563 1840 4632">
    <p class='ocr_par' dir='ltr' id='par_1_48' title="bbox 257 4563 1840 4632">
     <span class='ocr_line' id='line_1_48' title="bbox 257 4563 1840 4632; baseline -0.004 -10"><span class='ocrx_word' id='word_1_379' title='bbox 257 4569 622 4632; x_wconf 77' lang='lat' dir='ltr'><strong><em>reservaturi,</em></strong></span> <span class='ocrx_word' id='word_1_380' title='bbox 658 4568 900 4621; x_wconf 91' lang='lat' dir='ltr'><strong><em>ﬁniamus</em></strong></span> <span class='ocrx_word' id='word_1_381' title='bbox 955 4566 1041 4620; x_wconf 91' lang='lat' dir='ltr'><strong><em>hic</em></strong></span> <span class='ocrx_word' id='word_1_382' title='bbox 1083 4580 1428 4628; x_wconf 89' lang='lat' dir='ltr'><strong><em>sermonem,</em></strong></span> <span class='ocrx_word' id='word_1_383' title='bbox 1474 4563 1596 4616; x_wconf 87' lang='lat' dir='ltr'><strong><em>illttd</em></strong></span> <span class='ocrx_word' id='word_1_384' title='bbox 1629 4563 1840 4616; x_wconf 89' lang='lat' dir='ltr'><strong><em>interim</em></strong></span> 
     </span>
    </p>
   </div>
   <div class='ocr_carea' id='block_1_49' title="bbox 251 4653 1842 4724">
    <p class='ocr_par' dir='ltr' id='par_1_49' title="bbox 251 4653 1842 4724">
     <span class='ocr_line' id='line_1_49' title="bbox 251 4653 1842 4724; baseline -0.006 -9"><span class='ocrx_word' id='word_1_385' title='bbox 251 4661 534 4715; x_wconf 82' lang='lat' dir='ltr'><strong><em>caritatem</em></strong></span> <span class='ocrx_word' id='word_1_386' title='bbox 584 4670 810 4714; x_wconf 83' lang='lat' dir='ltr'><strong><em>vestram</em></strong></span> <span class='ocrx_word' id='word_1_387' title='bbox 839 4658 1221 4723; x_wconf 87' lang='lat' dir='ltr'><strong><em>admonentes,</em></strong></span> <span class='ocrx_word' id='word_1_388' title='bbox 1256 4665 1311 4710; x_wconf 89' lang='lat' dir='ltr'><strong><em>ut</em></strong></span> <span class='ocrx_word' id='word_1_389' title='bbox 1332 4672 1516 4711; x_wconf 89' lang='lat' dir='ltr'><strong><em>eorum</em></strong></span> <span class='ocrx_word' id='word_1_390' title='bbox 1546 4670 1663 4724; x_wconf 64' lang='lat' dir='ltr'><strong><em>qum.</em></strong></span> <span class='ocrx_word' id='word_1_391' title='bbox 1703 4653 1842 4707; x_wconf 88' lang='lat' dir='ltr'><strong><em>dicta</em></strong></span> 
     </span>
    </p>
   </div>
   <div class='ocr_carea' id='block_1_50' title="bbox 253 4745 1844 4816">
    <p class='ocr_par' dir='ltr' id='par_1_50' title="bbox 253 4745 1844 4816">
     <span class='ocr_line' id='line_1_50' title="bbox 253 4745 1844 4816; baseline -0.005 -11"><span class='ocrx_word' id='word_1_392' title='bbox 253 4760 386 4805; x_wconf 86' lang='lat' dir='ltr'><strong><em>sunt</em></strong></span> <span class='ocrx_word' id='word_1_393' title='bbox 414 4765 706 4814; x_wconf 84' lang='lat' dir='ltr'><strong><em>memores,</em></strong></span> <span class='ocrx_word' id='word_1_394' title='bbox 740 4749 1015 4803; x_wconf 88' lang='lat' dir='ltr'><strong><em>imitemini</em></strong></span> <span class='ocrx_word' id='word_1_395' title='bbox 1058 4747 1351 4816; x_wconf 81' lang='lat' dir='ltr'><strong><em>priscorum</em></strong></span> <span class='ocrx_word' id='word_1_396' title='bbox 1395 4747 1642 4800; x_wconf 87' lang='lat' dir='ltr'><strong><em>virtutem</em></strong></span> <span class='ocrx_word' id='word_1_397' title='bbox 1664 4785 1679 4810; x_wconf 98' lang='lat'><strong>,</strong></span> <span class='ocrx_word' id='word_1_398' title='bbox 1710 4745 1844 4798; x_wconf 91' lang='lat' dir='ltr'><strong><em>ﬁlias</em></strong></span> 
     </span>
    </p>
   </div>
   <div class='ocr_carea' id='block_1_51' title="bbox 253 4835 1844 4909">
    <p class='ocr_par' dir='ltr' id='par_1_51' title="bbox 253 4835 1844 4909">
     <span class='ocr_line' id='line_1_51' title="bbox 253 4835 1844 4909; baseline -0.004 -15"><span class='ocrx_word' id='word_1_399' title='bbox 253 4839 522 4895; x_wconf 84' lang='lat' dir='ltr'><strong><em>elocando</em></strong></span> <span class='ocrx_word' id='word_1_400' title='bbox 551 4881 566 4904; x_wconf 93' lang='lat'><strong>,</strong></span> <span class='ocrx_word' id='word_1_401' title='bbox 612 4856 806 4909; x_wconf 89' lang='lat' dir='ltr'><strong><em>pueros</em></strong></span> <span class='ocrx_word' id='word_1_402' title='bbox 852 4838 1034 4908; x_wconf 91' lang='lat' dir='ltr'><strong><em>nuptui</em></strong></span> <span class='ocrx_word' id='word_1_403' title='bbox 1084 4836 1372 4901; x_wconf 84' lang='lat' dir='ltr'><strong><em>tradendo,</em></strong></span> <span class='ocrx_word' id='word_1_404' title='bbox 1431 4844 1607 4888; x_wconf 84' lang='lat' dir='ltr'><strong><em>vestra</em></strong></span> <span class='ocrx_word' id='word_1_405' title='bbox 1650 4835 1844 4888; x_wconf 85' lang='lat' dir='ltr'><strong><em>virtute</em></strong></span> 
     </span>
    </p>
   </div>
   <div class='ocr_carea' id='block_1_52' title="bbox 257 4925 1844 5000">
    <p class='ocr_par' dir='ltr' id='par_1_52' title="bbox 257 4925 1844 5000">
     <span class='ocr_line' id='line_1_52' title="bbox 257 4925 1844 5000; baseline -0.005 -14"><span class='ocrx_word' id='word_1_406' title='bbox 257 4932 353 4986; x_wconf 85' lang='lat' dir='ltr'><strong><em>hei</em></strong></span> <span class='ocrx_word' id='word_1_407' title='bbox 384 4933 608 5000; x_wconf 80' lang='lat' dir='ltr'><strong><em>gratiam</em></strong></span> <span class='ocrx_word' id='word_1_408' title='bbox 641 4931 924 4985; x_wconf 89' lang='lat' dir='ltr'><strong><em>conciliare</em></strong></span> <span class='ocrx_word' id='word_1_409' title='bbox 961 4929 1111 4982; x_wconf 83' lang='lat' dir='ltr'><strong><em>vobis</em></strong></span> <span class='ocrx_word' id='word_1_410' title='bbox 1135 4927 1415 4981; x_wconf 90' lang='lat' dir='ltr'><strong><em>studendo.</em></strong></span> <span class='ocrx_word' id='word_1_411' title='bbox 1456 4925 1586 4979; x_wconf 89' lang='lat' dir='ltr'><strong><em>Nam</em></strong></span> <span class='ocrx_word' id='word_1_412' title='bbox 1609 4940 1728 4979; x_wconf 89' lang='lat' dir='ltr'><strong><em>cum</em></strong></span> <span class='ocrx_word' id='word_1_413' title='bbox 1754 4925 1844 4978; x_wconf 87' lang='lat' dir='ltr'><strong><em>ille</em></strong></span> 
     </span>
    </p>
   </div>
   <div class='ocr_carea' id='block_1_53' title="bbox 254 5016 1840 5081">
    <p class='ocr_par' dir='ltr' id='par_1_53' title="bbox 254 5016 1840 5081">
     <span class='ocr_line' id='line_1_53' title="bbox 254 5016 1840 5081; baseline -0.005 -4"><span class='ocrx_word' id='word_1_414' title='bbox 254 5023 416 5078; x_wconf 88' lang='lat' dir='ltr'><strong><em>nobis</em></strong></span> <span class='ocrx_word' id='word_1_415' title='bbox 440 5022 644 5075; x_wconf 73' lang='lat' dir='ltr'><strong><em>amicus</em></strong></span> <span class='ocrx_word' id='word_1_416' title='bbox 672 5021 845 5081; x_wconf 90' lang='lat' dir='ltr'><strong><em>fuerit,</em></strong></span> <span class='ocrx_word' id='word_1_417' title='bbox 874 5019 1081 5074; x_wconf 83' lang='lat' dir='ltr'><strong><em>etiamsi</em></strong></span> <span class='ocrx_word' id='word_1_418' title='bbox 1114 5020 1163 5072; x_wconf 92' lang='lat' dir='ltr'><strong><em>in</em></strong></span> <span class='ocrx_word' id='word_1_419' title='bbox 1187 5019 1356 5072; x_wconf 83' lang='lat' dir='ltr'><strong><em>aliena</em></strong></span> <span class='ocrx_word' id='word_1_420' title='bbox 1388 5026 1524 5071; x_wconf 89' lang='lat' dir='ltr'><strong><em>terra</em></strong></span> <span class='ocrx_word' id='word_1_421' title='bbox 1553 5016 1805 5070; x_wconf 80' lang='lat' dir='ltr'><strong><em>fuerimus</em></strong></span> <span class='ocrx_word' id='word_1_422' title='bbox 1827 5054 1840 5079; x_wconf 87' lang='lat'><strong><em>,</em></strong></span> 
     </span>
    </p>
   </div>
   <div class='ocr_carea' id='block_1_54' title="bbox 252 5109 1843 5178">
    <p class='ocr_par' dir='ltr' id='par_1_54' title="bbox 252 5109 1843 5178">
     <span class='ocr_line' id='line_1_54' title="bbox 252 5109 1843 5178; baseline -0.005 -9"><span class='ocrx_word' id='word_1_423' title='bbox 252 5114 470 5170; x_wconf 89' lang='lat' dir='ltr'><strong><em>etiamsi</em></strong></span> <span class='ocrx_word' id='word_1_424' title='bbox 500 5113 568 5167; x_wconf 90' lang='lat' dir='ltr'><strong><em>ab</em></strong></span> <span class='ocrx_word' id='word_1_425' title='bbox 612 5114 854 5167; x_wconf 89' lang='lat' dir='ltr'><strong><em>omnibus</em></strong></span> <span class='ocrx_word' id='word_1_426' title='bbox 878 5112 1112 5166; x_wconf 86' lang='lat' dir='ltr'><strong><em>destituti</em></strong></span> <span class='ocrx_word' id='word_1_427' title='bbox 1134 5153 1148 5176; x_wconf 97' lang='lat'><strong><em>,</em></strong></span> <span class='ocrx_word' id='word_1_428' title='bbox 1181 5112 1386 5164; x_wconf 90' lang='lat' dir='ltr'><strong><em>etiamsi</em></strong></span> <span class='ocrx_word' id='word_1_429' title='bbox 1424 5111 1585 5164; x_wconf 90' lang='lat' dir='ltr'><strong><em>nullis</em></strong></span> <span class='ocrx_word' id='word_1_430' title='bbox 1612 5109 1843 5178; x_wconf 90' lang='lat' dir='ltr'><strong><em>cogniti,</em></strong></span> 
     </span>
    </p>
   </div>
   <div class='ocr_carea' id='block_1_55' title="bbox 252 5199 1846 5260">
    <p class='ocr_par' dir='ltr' id='par_1_55' title="bbox 252 5199 1846 5260">
     <span class='ocr_line' id='line_1_55' title="bbox 252 5199 1846 5260; baseline -0.004 -1"><span class='ocrx_word' id='word_1_431' title='bbox 252 5208 507 5260; x_wconf 89' lang='lat' dir='ltr'><strong><em>omnibus</em></strong></span> <span class='ocrx_word' id='word_1_432' title='bbox 551 5205 748 5259; x_wconf 80' lang='lat' dir='ltr'><strong><em>erimus</em></strong></span> <span class='ocrx_word' id='word_1_433' title='bbox 799 5204 1072 5258; x_wconf 83' lang='lat' dir='ltr'><strong><em>clariores.</em></strong></span> <span class='ocrx_word' id='word_1_434' title='bbox 1118 5202 1253 5254; x_wconf 77' lang='lat' dir='ltr'><strong><em>Nihil</em></strong></span> <span class='ocrx_word' id='word_1_435' title='bbox 1297 5201 1437 5256; x_wconf 88' lang='lat' dir='ltr'><strong><em>enim</em></strong></span> <span class='ocrx_word' id='word_1_436' title='bbox 1486 5200 1690 5255; x_wconf 85' lang='lat' dir='ltr'><strong><em>beatius</em></strong></span> <span class='ocrx_word' id='word_1_437' title='bbox 1732 5199 1846 5252; x_wconf 90' lang='lat' dir='ltr'><strong><em>viro</em></strong></span> 
     </span>
    </p>
   </div>
   <div class='ocr_carea' id='block_1_56' title="bbox 251 5291 1842 5366">
    <p class='ocr_par' dir='ltr' id='par_1_56' title="bbox 251 5291 1842 5366">
     <span class='ocr_line' id='line_1_56' title="bbox 251 5291 1842 5366; baseline -0.004 -13"><span class='ocrx_word' id='word_1_438' title='bbox 251 5315 487 5366; x_wconf 82' lang='lat' dir='ltr'><strong><em>sopcrtta</em></strong></span> <span class='ocrx_word' id='word_1_439' title='bbox 519 5314 676 5352; x_wconf 89' lang='lat' dir='ltr'><strong><em>manu</em></strong></span> <span class='ocrx_word' id='word_1_440' title='bbox 729 5297 926 5366; x_wconf 89' lang='lat' dir='ltr'><strong><em>adjuto.</em></strong></span> <span class='ocrx_word' id='word_1_441' title='bbox 965 5296 1170 5350; x_wconf 82' lang='lat' dir='ltr'><strong><em>Etenim</em></strong></span> <span class='ocrx_word' id='word_1_442' title='bbox 1203 5294 1386 5348; x_wconf 84' lang='lat' dir='ltr'><strong><em>beatus</em></strong></span> <span class='ocrx_word' id='word_1_443' title='bbox 1424 5293 1587 5349; x_wconf 77' lang='lat' dir='ltr'><strong><em>Iacob</em></strong></span> <span class='ocrx_word' id='word_1_444' title='bbox 1618 5293 1706 5346; x_wconf 91' lang='lat' dir='ltr'><strong><em>illo</em></strong></span> <span class='ocrx_word' id='word_1_445' title='bbox 1737 5291 1842 5347; x_wconf 80' lang='lat' dir='ltr'><strong><em>ire-</em></strong></span> 
     </span>
    </p>
   </div>
   <div class='ocr_carea' id='block_1_57' title="bbox 255 5387 1846 5462">
    <p class='ocr_par' dir='ltr' id='par_1_57' title="bbox 255 5387 1846 5462">
     <span class='ocr_line' id='line_1_57' title="bbox 255 5387 1846 5462; baseline -0.004 -19"><span class='ocrx_word' id='word_1_446' title='bbox 255 5403 343 5448; x_wconf 84' lang='lat' dir='ltr'><strong><em>tus</em></strong></span> <span class='ocrx_word' id='word_1_447' title='bbox 388 5392 678 5462; x_wconf 71' lang='lat' dir='ltr'><strong><em>pr;t,-sitlio,</em></strong></span> <span class='ocrx_word' id='word_1_448' title='bbox 730 5391 783 5443; x_wconf 90' lang='lat' dir='ltr'><strong><em>in</em></strong></span> <span class='ocrx_word' id='word_1_449' title='bbox 829 5400 1023 5442; x_wconf 88' lang='lat' dir='ltr'><strong><em>tantam</em></strong></span> <span class='ocrx_word' id='word_1_450' title='bbox 1068 5388 1317 5462; x_wconf 84' lang='lat' dir='ltr'><strong><em>paulatim</em></strong></span> <span class='ocrx_word' id='word_1_451' title='bbox 1359 5387 1580 5456; x_wconf 79' lang='lat' dir='ltr'><strong><em>gloriam</em></strong></span> <span class='ocrx_word' id='word_1_452' title='bbox 1632 5396 1846 5440; x_wconf 86' lang='lat' dir='ltr'><strong><em>evectus</em></strong></span> 
     </span>
    </p>
   </div>
   <div class='ocr_carea' id='block_1_58' title="bbox 253 5477 1848 5551">
    <p class='ocr_par' dir='ltr' id='par_1_58' title="bbox 253 5477 1848 5551">
     <span class='ocr_line' id='line_1_58' title="bbox 253 5477 1848 5551; baseline -0.004 -14"><span class='ocrx_word' id='word_1_453' title='bbox 253 5495 368 5546; x_wconf 89' lang='lat' dir='ltr'><strong><em>est,</em></strong></span> <span class='ocrx_word' id='word_1_454' title='bbox 402 5494 454 5537; x_wconf 89' lang='lat' dir='ltr'><strong><em>ut</em></strong></span> <span class='ocrx_word' id='word_1_455' title='bbox 487 5493 541 5537; x_wconf 89' lang='lat' dir='ltr'><strong><em>et</em></strong></span> <span class='ocrx_word' id='word_1_456' title='bbox 588 5484 649 5534; x_wconf 83' lang='lat' dir='ltr'><strong><em>iis</em></strong></span> <span class='ocrx_word' id='word_1_457' title='bbox 689 5483 775 5551; x_wconf 88' lang='lat' dir='ltr'><strong><em>qui</em></strong></span> <span class='ocrx_word' id='word_1_458' title='bbox 819 5492 923 5534; x_wconf 88' lang='lat' dir='ltr'><strong><em>tam</em></strong></span> <span class='ocrx_word' id='word_1_459' title='bbox 973 5481 1139 5534; x_wconf 89' lang='lat' dir='ltr'><strong><em>amice</em></strong></span> <span class='ocrx_word' id='word_1_460' title='bbox 1181 5489 1524 5547; x_wconf 88' lang='lat' dir='ltr'><strong><em>exceperant,</em></strong></span> <span class='ocrx_word' id='word_1_461' title='bbox 1558 5477 1848 5532; x_wconf 80' lang='lat' dir='ltr'><strong><em>invidiosus</em></strong></span> 
     </span>
    </p>
   </div>
   <div class='ocr_carea' id='block_1_59' title="bbox 253 5570 1844 5641">
    <p class='ocr_par' dir='ltr' id='par_1_59' title="bbox 253 5570 1844 5641">
     <span class='ocr_line' id='line_1_59' title="bbox 253 5570 1844 5641; baseline -0.008 -12"><span class='ocrx_word' id='word_1_462' title='bbox 253 5575 321 5629; x_wconf 90' lang='lat' dir='ltr'><strong><em>sit</em></strong></span> <span class='ocrx_word' id='word_1_463' title='bbox 353 5575 542 5627; x_wconf 82' lang='lat' dir='ltr'><strong><em>factus.</em></strong></span> <span class='ocrx_word' id='word_1_464' title='bbox 575 5573 684 5626; x_wconf 83' lang='lat' dir='ltr'><strong><em>Hoc</em></strong></span> <span class='ocrx_word' id='word_1_465' title='bbox 715 5573 870 5641; x_wconf 82' lang='lat' dir='ltr'><strong><em>igitur</em></strong></span> <span class='ocrx_word' id='word_1_466' title='bbox 897 5579 949 5625; x_wconf 87' lang='lat' dir='ltr'><strong><em>et</em></strong></span> <span class='ocrx_word' id='word_1_467' title='bbox 973 5585 1068 5624; x_wconf 88' lang='lat' dir='ltr'><strong><em>nos</em></strong></span> <span class='ocrx_word' id='word_1_468' title='bbox 1097 5570 1407 5624; x_wconf 82' lang='lat' dir='ltr'><strong><em>Studeamus</em></strong></span> <span class='ocrx_word' id='word_1_469' title='bbox 1430 5610 1444 5634; x_wconf 97' lang='lat'><strong><em>,</em></strong></span> <span class='ocrx_word' id='word_1_470' title='bbox 1477 5577 1532 5621; x_wconf 89' lang='lat' dir='ltr'><strong><em>ttt</em></strong></span> <span class='ocrx_word' id='word_1_471' title='bbox 1559 5581 1844 5635; x_wconf 88' lang='lat' dir='ltr'><strong><em>supernum</em></strong></span> 
     </span>
    </p>
   </div>
   <div class='ocr_carea' id='block_1_60' title="bbox 251 5655 1850 5739">
    <p class='ocr_par' dir='ltr' id='par_1_60' title="bbox 251 5655 1850 5739">
     <span class='ocr_line' id='line_1_60' title="bbox 251 5655 1850 5739; baseline -0.007 -17"><span class='ocrx_word' id='word_1_472' title='bbox 251 5667 601 5739; x_wconf 83' lang='lat' dir='ltr'><strong><em>aequiranms</em></strong></span> <span class='ocrx_word' id='word_1_473' title='bbox 639 5664 890 5718; x_wconf 70' lang='lat' dir='ltr'><strong><em>auxilium</em></strong></span> <span class='ocrx_word' id='word_1_474' title='bbox 913 5705 925 5726; x_wconf 90' lang='lat'><strong><em>,</em></strong></span> <span class='ocrx_word' id='word_1_475' title='bbox 957 5671 1007 5716; x_wconf 91' lang='lat' dir='ltr'><strong><em>ct</em></strong></span> <span class='ocrx_word' id='word_1_476' title='bbox 1050 5677 1151 5718; x_wconf 87' lang='lat' dir='ltr'><strong><em>non</em></strong></span> <span class='ocrx_word' id='word_1_477' title='bbox 1180 5661 1244 5719; x_wconf 83' lang='lat' dir='ltr'><strong><em>ad</em></strong></span> <span class='ocrx_word' id='word_1_478' title='bbox 1275 5660 1533 5715; x_wconf 84' lang='lat' dir='ltr'><strong><em>humanos</em></strong></span> <span class='ocrx_word' id='word_1_479' title='bbox 1580 5655 1850 5728; x_wconf 83' lang='lat' dir='ltr'><strong><em>confugia-</em></strong></span> 
     </span>
    </p>
   </div>
   <div class='ocr_carea' id='block_1_61' title="bbox 1268 265 2482 327">
    <p class='ocr_par' dir='ltr' id='par_1_61' title="bbox 1268 265 2482 327">
     <span class='ocr_line' id='line_1_61' title="bbox 1268 265 2482 327; baseline 0.001 -5"><span class='ocrx_word' id='word_1_480' title='bbox 1268 268 1328 324; x_wconf 69' lang='grc' dir='ltr'><strong><em>ΙΝ</em></strong></span> <span class='ocrx_word' id='word_1_481' title='bbox 1365 265 1514 325; x_wconf 66' lang='lat' dir='ltr'><strong><em>CAP.</em></strong></span> <span class='ocrx_word' id='word_1_482' title='bbox 1563 269 1728 326; x_wconf 77' lang='lat' dir='ltr'><strong><em>XXX.</em></strong></span> <span class='ocrx_word' id='word_1_483' title='bbox 1768 269 2012 327; x_wconf 70' lang='lat' dir='ltr'><strong><em>GENl-ZS.</em></strong></span> <span class='ocrx_word' id='word_1_484' title='bbox 2057 269 2282 324; x_wconf 70' lang='lat' dir='ltr'><strong><em>IIOMIL.</em></strong></span> <span class='ocrx_word' id='word_1_485' title='bbox 2326 269 2482 324; x_wconf 71' lang='lat' dir='ltr'><strong><em>LVII.</em></strong></span> 
     </span>
    </p>
   </div>
   <div class='ocr_carea' id='block_1_62' title="bbox 3406 275 3505 331">
    <p class='ocr_par' dir='ltr' id='par_1_62' title="bbox 3406 275 3505 331">
     <span class='ocr_line' id='line_1_62' title="bbox 3406 275 3505 331; baseline 0.01 -1"><span class='ocrx_word' id='word_1_486' title='bbox 3406 275 3505 331; x_wconf 66' lang='grc'><strong><em>691</em></strong></span> 
     </span>
    </p>
   </div>
   <div class='ocr_carea' id='block_1_63' title="bbox 1934 383 3496 456">
    <p class='ocr_par' dir='ltr' id='par_1_63' title="bbox 1934 383 3496 456">
     <span class='ocr_line' id='line_1_63' title="bbox 1934 383 3496 456; baseline 0.008 -19"><span class='ocrx_word' id='word_1_487' title='bbox 1934 399 2051 437; x_wconf 85' lang='lat' dir='ltr'><strong><em>mus</em></strong></span> <span class='ocrx_word' id='word_1_488' title='bbox 2074 383 2396 454; x_wconf 88' lang='lat' dir='ltr'><strong><em>principatus</em></strong></span> <span class='ocrx_word' id='word_1_489' title='bbox 2414 425 2430 451; x_wconf 91' lang='lat'><strong><em>,</em></strong></span> <span class='ocrx_word' id='word_1_490' title='bbox 2461 400 2632 454; x_wconf 88' lang='lat' dir='ltr'><strong><em>neque</em></strong></span> <span class='ocrx_word' id='word_1_491' title='bbox 2658 385 2862 441; x_wconf 91' lang='lat' dir='ltr'><strong><em>illorum</em></strong></span> <span class='ocrx_word' id='word_1_492' title='bbox 2888 385 3187 456; x_wconf 70' lang='lat' dir='ltr'><strong><em>przrsidium</em></strong></span> <span class='ocrx_word' id='word_1_493' title='bbox 3210 397 3496 448; x_wconf 82' lang='lat' dir='ltr'><strong><em>sectemur:</em></strong></span> 
     </span>
    </p>
   </div>
   <div class='ocr_carea' id='block_1_64' title="bbox 1932 473 3511 549">
    <p class='ocr_par' dir='ltr' id='par_1_64' title="bbox 1932 473 3511 549">
     <span class='ocr_line' id='line_1_64' title="bbox 1932 473 3511 549; baseline 0.002 -20"><span class='ocrx_word' id='word_1_494' title='bbox 1932 473 2060 530; x_wconf 85' lang='lat' dir='ltr'><strong><em>nihil</em></strong></span> <span class='ocrx_word' id='word_1_495' title='bbox 2091 476 2232 530; x_wconf 90' lang='lat' dir='ltr'><strong><em>enim</em></strong></span> <span class='ocrx_word' id='word_1_496' title='bbox 2262 477 2646 545; x_wconf 88' lang='lat' dir='ltr'><strong><em>periculosius;</em></strong></span> <span class='ocrx_word' id='word_1_497' title='bbox 2696 477 2747 532; x_wconf 90' lang='lat' dir='ltr'><strong><em>id</em></strong></span> <span class='ocrx_word' id='word_1_498' title='bbox 2776 477 2915 548; x_wconf 90' lang='lat' dir='ltr'><strong><em>quod</em></strong></span> <span class='ocrx_word' id='word_1_499' title='bbox 2959 494 3137 533; x_wconf 89' lang='lat' dir='ltr'><strong><em>rerum</em></strong></span> <span class='ocrx_word' id='word_1_500' title='bbox 3185 482 3511 549; x_wconf 79' lang='lat' dir='ltr'><strong><em>experientia</em></strong></span> 
     </span>
    </p>
   </div>
   <div class='ocr_carea' id='block_1_65' title="bbox 1931 565 3504 639">
    <p class='ocr_par' dir='ltr' id='par_1_65' title="bbox 1931 565 3504 639">
     <span class='ocr_line' id='line_1_65' title="bbox 1931 565 3504 639; baseline 0.004 -19"><span class='ocrx_word' id='word_1_501' title='bbox 1931 566 2058 620; x_wconf 83' lang='lat' dir='ltr'><strong><em>satis</em></strong></span> <span class='ocrx_word' id='word_1_502' title='bbox 2087 565 2361 620; x_wconf 87' lang='lat' dir='ltr'><strong><em>discimus.</em></strong></span> <span class='ocrx_word' id='word_1_503' title='bbox 2392 567 2595 620; x_wconf 82' lang='lat' dir='ltr'><strong><em>Etenim</em></strong></span> <span class='ocrx_word' id='word_1_504' title='bbox 2627 567 2866 623; x_wconf 83' lang='lat' dir='ltr'><strong><em>videmus</em></strong></span> <span class='ocrx_word' id='word_1_505' title='bbox 2902 570 3136 639; x_wconf 85' lang='lat' dir='ltr'><strong><em>quotidie</em></strong></span> <span class='ocrx_word' id='word_1_506' title='bbox 3162 585 3248 625; x_wconf 91' lang='lat' dir='ltr'><strong><em>res</em></strong></span> <span class='ocrx_word' id='word_1_507' title='bbox 3277 587 3335 626; x_wconf 91' lang='lat' dir='ltr'><strong><em>sc</em></strong></span> <span class='ocrx_word' id='word_1_508' title='bbox 3363 581 3504 626; x_wconf 88' lang='lat' dir='ltr'><strong><em>tanta</em></strong></span> 
     </span>
    </p>
   </div>
   <div class='ocr_carea' id='block_1_66' title="bbox 1935 657 3505 726">
    <p class='ocr_par' dir='ltr' id='par_1_66' title="bbox 1935 657 3505 726">
     <span class='ocr_line' id='line_1_66' title="bbox 1935 657 3505 726; baseline 0.004 -16"><span class='ocrx_word' id='word_1_509' title='bbox 1935 657 2209 711; x_wconf 76' lang='lat' dir='ltr'><strong><em>velocitate</em></strong></span> <span class='ocrx_word' id='word_1_510' title='bbox 2234 657 2300 710; x_wconf 89' lang='lat' dir='ltr'><strong><em>ad</em></strong></span> <span class='ocrx_word' id='word_1_511' title='bbox 2325 659 2666 713; x_wconf 91' lang='lat' dir='ltr'><strong><em>mutationem</em></strong></span> <span class='ocrx_word' id='word_1_512' title='bbox 2697 659 2949 714; x_wconf 87' lang='lat' dir='ltr'><strong><em>inclinare</em></strong></span> <span class='ocrx_word' id='word_1_513' title='bbox 2967 701 2981 726; x_wconf 93' lang='lat'><strong><em>,</em></strong></span> <span class='ocrx_word' id='word_1_514' title='bbox 3007 671 3061 716; x_wconf 88' lang='lat' dir='ltr'><strong><em>et</em></strong></span> <span class='ocrx_word' id='word_1_515' title='bbox 3089 662 3218 716; x_wconf 87' lang='lat' dir='ltr'><strong><em>verti</em></strong></span> <span class='ocrx_word' id='word_1_516' title='bbox 3249 663 3298 715; x_wconf 94' lang='lat' dir='ltr'><strong><em>iu</em></strong></span> <span class='ocrx_word' id='word_1_517' title='bbox 3326 661 3505 716; x_wconf 82' lang='lat' dir='ltr'><strong><em>&#39;divcr-</em></strong></span> 
     </span>
    </p>
   </div>
   <div class='ocr_carea' id='block_1_67' title="bbox 1933 748 3510 820">
    <p class='ocr_par' dir='ltr' id='par_1_67' title="bbox 1933 748 3510 820">
     <span class='ocr_line' id='line_1_67' title="bbox 1933 748 3510 820; baseline 0.002 -19"><span class='ocrx_word' id='word_1_518' title='bbox 1933 762 2050 801; x_wconf 90' lang='lat' dir='ltr'><strong><em>sum</em></strong></span> <span class='ocrx_word' id='word_1_519' title='bbox 2077 748 2296 812; x_wconf 72' lang='lat' dir='ltr'><strong><em>omnia,</em></strong></span> <span class='ocrx_word' id='word_1_520' title='bbox 2315 762 2543 817; x_wconf 90' lang='lat' dir='ltr'><strong><em>eumque</em></strong></span> <span class='ocrx_word' id='word_1_521' title='bbox 2567 748 2658 818; x_wconf 92' lang='lat' dir='ltr'><strong><em>qui</em></strong></span> <span class='ocrx_word' id='word_1_522' title='bbox 2691 749 2741 803; x_wconf 93' lang='lat' dir='ltr'><strong><em>in</em></strong></span> <span class='ocrx_word' id='word_1_523' title='bbox 2769 765 2974 804; x_wconf 90' lang='lat' dir='ltr'><strong><em>summa</em></strong></span> <span class='ocrx_word' id='word_1_524' title='bbox 3001 751 3354 820; x_wconf 89' lang='lat' dir='ltr'><strong><em>prosperitate</em></strong></span> <span class='ocrx_word' id='word_1_525' title='bbox 3385 767 3510 820; x_wconf 83' lang='lat' dir='ltr'><strong><em>pau-</em></strong></span> 
     </span>
    </p>
   </div>
   <div class='ocr_carea' id='block_1_68' title="bbox 1936 836 3503 910">
    <p class='ocr_par' dir='ltr' id='par_1_68' title="bbox 1936 836 3503 910">
     <span class='ocr_line' id='line_1_68' title="bbox 1936 836 3503 910; baseline 0.003 -20"><span class='ocrx_word' id='word_1_526' title='bbox 1936 836 1985 890; x_wconf 92' lang='lat' dir='ltr'><strong><em>Io</em></strong></span> <span class='ocrx_word' id='word_1_527' title='bbox 2015 845 2136 890; x_wconf 90' lang='lat' dir='ltr'><strong><em>ante</em></strong></span> <span class='ocrx_word' id='word_1_528' title='bbox 2161 845 2304 900; x_wconf 88' lang='lat' dir='ltr'><strong><em>erat,</em></strong></span> <span class='ocrx_word' id='word_1_529' title='bbox 2339 837 2514 890; x_wconf 90' lang='lat' dir='ltr'><strong><em>subito</em></strong></span> <span class='ocrx_word' id='word_1_530' title='bbox 2540 837 2591 890; x_wconf 93' lang='lat' dir='ltr'><strong><em>in</em></strong></span> <span class='ocrx_word' id='word_1_531' title='bbox 2619 847 2907 894; x_wconf 86' lang='lat' dir='ltr'><strong><em>extremam</em></strong></span> <span class='ocrx_word' id='word_1_532' title='bbox 2937 840 3292 895; x_wconf 88' lang='lat' dir='ltr'><strong><em>infelicitatem</em></strong></span> <span class='ocrx_word' id='word_1_533' title='bbox 3319 841 3503 910; x_wconf 86' lang='lat' dir='ltr'><strong><em>dejiei,</em></strong></span> 
     </span>
    </p>
   </div>
   <div class='ocr_carea' id='block_1_69' title="bbox 1935 927 3504 999">
    <p class='ocr_par' dir='ltr' id='par_1_69' title="bbox 1935 927 3504 999">
     <span class='ocr_line' id='line_1_69' title="bbox 1935 927 3504 999; baseline 0.006 -20"><span class='ocrx_word' id='word_1_534' title='bbox 1935 942 1998 982; x_wconf 90' lang='lat' dir='ltr'><strong><em>ac</em></strong></span> <span class='ocrx_word' id='word_1_535' title='bbox 2028 942 2176 981; x_wconf 90' lang='lat' dir='ltr'><strong><em>reum</em></strong></span> <span class='ocrx_word' id='word_1_536' title='bbox 2203 943 2346 997; x_wconf 67' lang='lat' dir='ltr'><strong><em>saepe</em></strong></span> <span class='ocrx_word' id='word_1_537' title='bbox 2389 928 2494 997; x_wconf 87' lang='lat' dir='ltr'><strong><em>agi.</em></strong></span> <span class='ocrx_word' id='word_1_538' title='bbox 2522 927 2742 994; x_wconf 71' lang='lat' dir='ltr'><strong><em>Quanta:</em></strong></span> <span class='ocrx_word' id='word_1_539' title='bbox 2783 930 2943 999; x_wconf 81' lang='lat' dir='ltr'><strong>igitur</strong></span> <span class='ocrx_word' id='word_1_540' title='bbox 2981 931 3296 999; x_wconf 72' lang='lat' dir='ltr'><strong><em>insipientia:</em></strong></span> <span class='ocrx_word' id='word_1_541' title='bbox 3325 932 3504 988; x_wconf 66' lang='lat' dir='ltr'><strong><em>fuerit.</em></strong></span> 
     </span>
    </p>
   </div>
   <div class='ocr_carea' id='block_1_70' title="bbox 1936 1016 3514 1088">
    <p class='ocr_par' dir='ltr' id='par_1_70' title="bbox 1936 1016 3514 1088">
     <span class='ocr_line' id='line_1_70' title="bbox 1936 1016 3514 1088; baseline -0.001 -16"><span class='ocrx_word' id='word_1_542' title='bbox 1936 1016 2122 1072; x_wconf 87' lang='lat' dir='ltr'><strong><em>borum</em></strong></span> <span class='ocrx_word' id='word_1_543' title='bbox 2149 1033 2384 1087; x_wconf 70' lang='lat' dir='ltr'><strong><em>quaerere</em></strong></span> <span class='ocrx_word' id='word_1_544' title='bbox 2411 1018 2714 1088; x_wconf 75' lang='lat' dir='ltr'><strong><em>prtesidium</em></strong></span> <span class='ocrx_word' id='word_1_545' title='bbox 2735 1059 2749 1083; x_wconf 92' lang='lat'><strong><em>,</em></strong></span> <span class='ocrx_word' id='word_1_546' title='bbox 2780 1020 2868 1088; x_wconf 87' lang='lat' dir='ltr'><strong><em>qui</em></strong></span> <span class='ocrx_word' id='word_1_547' title='bbox 2896 1022 2946 1073; x_wconf 92' lang='lat' dir='ltr'><strong><em>in</em></strong></span> <span class='ocrx_word' id='word_1_548' title='bbox 2977 1029 3079 1073; x_wconf 85' lang='lat' dir='ltr'><strong><em>tam</em></strong></span> <span class='ocrx_word' id='word_1_549' title='bbox 3127 1021 3328 1074; x_wconf 89' lang='lat' dir='ltr'><strong><em>incerto</em></strong></span> <span class='ocrx_word' id='word_1_550' title='bbox 3375 1032 3514 1073; x_wconf 88' lang='lat' dir='ltr'><strong><em>statu</em></strong></span> 
     </span>
    </p>
   </div>
   <div class='ocr_carea' id='block_1_71' title="bbox 1938 1111 3514 1180">
    <p class='ocr_par' dir='ltr' id='par_1_71' title="bbox 1938 1111 3514 1180">
     <span class='ocr_line' id='line_1_71' title="bbox 1938 1111 3514 1180; baseline 0 -18"><span class='ocrx_word' id='word_1_551' title='bbox 1938 1119 2214 1164; x_wconf 84' lang='lat' dir='ltr'><strong><em>versantur</em></strong></span> <span class='ocrx_word' id='word_1_552' title='bbox 2237 1151 2252 1176; x_wconf 94' lang='lat'><strong>,</strong></span> <span class='ocrx_word' id='word_1_553' title='bbox 2285 1125 2347 1165; x_wconf 92' lang='lat' dir='ltr'><strong><em>ac</em></strong></span> <span class='ocrx_word' id='word_1_554' title='bbox 2372 1125 2438 1165; x_wconf 91' lang='lat' dir='ltr'><strong><em>ne</em></strong></span> <span class='ocrx_word' id='word_1_555' title='bbox 2481 1126 2576 1166; x_wconf 88' lang='lat' dir='ltr'><strong><em>sua</em></strong></span> <span class='ocrx_word' id='word_1_556' title='bbox 2620 1111 2834 1180; x_wconf 89' lang='lat' dir='ltr'><strong><em>quidem</em></strong></span> <span class='ocrx_word' id='word_1_557' title='bbox 2863 1121 3082 1180; x_wconf 88' lang='lat' dir='ltr'><strong><em>possunt</em></strong></span> <span class='ocrx_word' id='word_1_558' title='bbox 3129 1112 3180 1164; x_wconf 89' lang='lat' dir='ltr'><strong><em>in</em></strong></span> <span class='ocrx_word' id='word_1_559' title='bbox 3213 1121 3324 1163; x_wconf 88' lang='lat' dir='ltr'><strong><em>tuto</em></strong></span> <span class='ocrx_word' id='word_1_560' title='bbox 3349 1113 3514 1166; x_wconf 75' lang='lat' dir='ltr'><strong><em>collo-</em></strong></span> 
     </span>
    </p>
   </div>
   <div class='ocr_carea' id='block_1_72' title="bbox 1939 1198 3514 1269">
    <p class='ocr_par' dir='ltr' id='par_1_72' title="bbox 1939 1198 3514 1269">
     <span class='ocr_line' id='line_1_72' title="bbox 1939 1198 3514 1269; baseline -0.001 -15"><span class='ocrx_word' id='word_1_561' title='bbox 1939 1198 2110 1254; x_wconf 87' lang='lat' dir='ltr'><strong><em>carc?</em></strong></span> <span class='ocrx_word' id='word_1_562' title='bbox 2155 1198 2277 1254; x_wconf 92' lang='lat' dir='ltr'><strong><em>Ideo</em></strong></span> <span class='ocrx_word' id='word_1_563' title='bbox 2319 1199 2384 1253; x_wconf 87' lang='lat' dir='ltr'><strong><em>ab</em></strong></span> <span class='ocrx_word' id='word_1_564' title='bbox 2410 1201 2552 1253; x_wconf 91' lang='lat' dir='ltr'><strong><em>omni</em></strong></span> <span class='ocrx_word' id='word_1_565' title='bbox 2603 1200 2834 1253; x_wconf 90' lang='lat' dir='ltr'><strong><em>humano</em></strong></span> <span class='ocrx_word' id='word_1_566' title='bbox 2877 1201 3120 1269; x_wconf 67' lang='lat' dir='ltr'><strong><em>praesidio</em></strong></span> <span class='ocrx_word' id='word_1_567' title='bbox 3163 1200 3514 1266; x_wconf 67' lang='lat' dir='ltr'><strong><em>dcsistamus,</em></strong></span> 
     </span>
    </p>
   </div>
   <div class='ocr_carea' id='block_1_73' title="bbox 1939 1289 3515 1359">
    <p class='ocr_par' dir='ltr' id='par_1_73' title="bbox 1939 1289 3515 1359">
     <span class='ocr_line' id='line_1_73' title="bbox 1939 1289 3515 1359; baseline 0.001 -16"><span class='ocrx_word' id='word_1_568' title='bbox 1939 1304 2202 1343; x_wconf 88' lang='lat' dir='ltr'><strong><em>memores</em></strong></span> <span class='ocrx_word' id='word_1_569' title='bbox 2227 1292 2386 1343; x_wconf 89' lang='lat' dir='ltr'><strong><em>etiam</em></strong></span> <span class='ocrx_word' id='word_1_570' title='bbox 2410 1289 2681 1359; x_wconf 81' lang='lat' dir='ltr'><strong><em>prepheta:</em></strong></span> <span class='ocrx_word' id='word_1_571' title='bbox 2705 1291 2929 1345; x_wconf 84' lang='lat' dir='ltr'><strong><em>dicentis</em></strong></span> <span class='ocrx_word' id='word_1_572' title='bbox 2959 1308 2974 1344; x_wconf 88' lang='lat'><strong>:</strong></span> <span class='ocrx_word' id='word_1_573' title='bbox 3008 1291 3305 1345; x_wconf 85' lang='lat' dir='ltr'><strong><em>Maledictus</em></strong></span> <span class='ocrx_word' id='word_1_574' title='bbox 3334 1292 3482 1344; x_wconf 88' lang='lat' dir='ltr'><strong><em>homo</em></strong></span> <span class='ocrx_word' id='word_1_575' title='bbox 3500 1330 3515 1356; x_wconf 88' lang='lat'><strong>,</strong></span> 
     </span>
    </p>
   </div>
   <div class='ocr_carea' id='block_1_74' title="bbox 1937 1379 3507 1448">
    <p class='ocr_par' dir='ltr' id='par_1_74' title="bbox 1937 1379 3507 1448">
     <span class='ocr_line' id='line_1_74' title="bbox 1937 1379 3507 1448; baseline 0.003 -19"><span class='ocrx_word' id='word_1_576' title='bbox 1937 1379 2022 1446; x_wconf 84' lang='lat' dir='ltr'><strong><em>qui</em></strong></span> <span class='ocrx_word' id='word_1_577' title='bbox 2059 1395 2199 1446; x_wconf 84' lang='lat' dir='ltr'><strong><em>spem</em></strong></span> <span class='ocrx_word' id='word_1_578' title='bbox 2242 1381 2381 1447; x_wconf 88' lang='lat' dir='ltr'><strong><em>ponit</em></strong></span> <span class='ocrx_word' id='word_1_579' title='bbox 2424 1380 2476 1432; x_wconf 88' lang='lat' dir='ltr'><strong><em>in</em></strong></span> <span class='ocrx_word' id='word_1_580' title='bbox 2515 1381 2715 1434; x_wconf 88' lang='lat' dir='ltr'><strong><em>homine</em></strong></span> <span class='ocrx_word' id='word_1_581' title='bbox 2741 1380 2872 1447; x_wconf 83' lang='lat' dir='ltr'><strong><em>(Jer.</em></strong></span> <span class='ocrx_word' id='word_1_582' title='bbox 2909 1382 2995 1434; x_wconf 79' lang='lat' dir='ltr'><strong><em>i7.</em></strong></span> <span class='ocrx_word' id='word_1_583' title='bbox 3025 1381 3101 1448; x_wconf 82' lang='grc'><strong><em>5).</em></strong></span> <span class='ocrx_word' id='word_1_584' title='bbox 3137 1380 3298 1435; x_wconf 85' lang='lat' dir='ltr'><strong><em>Vides</em></strong></span> <span class='ocrx_word' id='word_1_585' title='bbox 3346 1381 3507 1434; x_wconf 86' lang='lat' dir='ltr'><strong><em>talem</em></strong></span> 
     </span>
    </p>
   </div>
   <div class='ocr_carea' id='block_1_75' title="bbox 1943 1469 3518 1540">
    <p class='ocr_par' dir='ltr' id='par_1_75' title="bbox 1943 1469 3518 1540">
     <span class='ocr_line' id='line_1_75' title="bbox 1943 1469 3518 1540; baseline 0.001 -18"><span class='ocrx_word' id='word_1_586' title='bbox 1943 1469 2208 1523; x_wconf 87' lang='lat' dir='ltr'><strong><em>hominem</em></strong></span> <span class='ocrx_word' id='word_1_587' title='bbox 2240 1486 2344 1524; x_wconf 92' lang='lat' dir='ltr'><strong><em>non</em></strong></span> <span class='ocrx_word' id='word_1_588' title='bbox 2389 1471 2561 1524; x_wconf 91' lang='lat' dir='ltr'><strong><em>solum</em></strong></span> <span class='ocrx_word' id='word_1_589' title='bbox 2611 1470 2980 1540; x_wconf 88' lang='lat' dir='ltr'><strong><em>insipientem,</em></strong></span> <span class='ocrx_word' id='word_1_590' title='bbox 3029 1471 3120 1524; x_wconf 90' lang='lat' dir='ltr'><strong><em>sed</em></strong></span> <span class='ocrx_word' id='word_1_591' title='bbox 3151 1472 3310 1526; x_wconf 87' lang='lat' dir='ltr'><strong><em>etiam</em></strong></span> <span class='ocrx_word' id='word_1_592' title='bbox 3348 1471 3518 1524; x_wconf 90' lang='lat' dir='ltr'><strong><em>malc-</em></strong></span> 
     </span>
    </p>
   </div>
   <div class='ocr_carea' id='block_1_76' title="bbox 1904 1559 3517 1629">
    <p class='ocr_par' dir='ltr' id='par_1_76' title="bbox 1904 1559 3517 1629">
     <span class='ocr_line' id='line_1_76' title="bbox 1904 1559 3517 1629; baseline 0.001 -20"><span class='ocrx_word' id='word_1_593' title='bbox 1904 1595 1916 1608; x_wconf 95' lang='lat'><strong><em>.</em></strong></span> <span class='ocrx_word' id='word_1_594' title='bbox 1939 1559 2134 1612; x_wconf 88' lang='lat' dir='ltr'><strong><em>dictum</em></strong></span> <span class='ocrx_word' id='word_1_595' title='bbox 2161 1575 2277 1614; x_wconf 91' lang='lat' dir='ltr'><strong><em>esse</em></strong></span> <span class='ocrx_word' id='word_1_596' title='bbox 2301 1577 2316 1614; x_wconf 92' lang='lat'><strong>:</strong></span> <span class='ocrx_word' id='word_1_597' title='bbox 2344 1569 2527 1629; x_wconf 87' lang='lat' dir='ltr'><strong><em>utpote</em></strong></span> <span class='ocrx_word' id='word_1_598' title='bbox 2554 1561 2643 1629; x_wconf 90' lang='lat' dir='ltr'><strong><em>qui</em></strong></span> <span class='ocrx_word' id='word_1_599' title='bbox 2672 1561 2854 1614; x_wconf 91' lang='lat' dir='ltr'><strong><em>relicto</em></strong></span> <span class='ocrx_word' id='word_1_600' title='bbox 2884 1560 3108 1614; x_wconf 89' lang='lat' dir='ltr'><strong><em>Domino</em></strong></span> <span class='ocrx_word' id='word_1_601' title='bbox 3136 1561 3370 1613; x_wconf 88' lang='lat' dir='ltr'><strong><em>omnium</em></strong></span> <span class='ocrx_word' id='word_1_602' title='bbox 3396 1599 3411 1624; x_wconf 96' lang='lat'><strong>,</strong></span> <span class='ocrx_word' id='word_1_603' title='bbox 3453 1559 3517 1612; x_wconf 88' lang='lat' dir='ltr'><strong>ad</strong></span> 
     </span>
    </p>
   </div>
   <div class='ocr_carea' id='block_1_77' title="bbox 1940 1650 3522 1720">
    <p class='ocr_par' dir='ltr' id='par_1_77' title="bbox 1940 1650 3522 1720">
     <span class='ocr_line' id='line_1_77' title="bbox 1940 1650 3522 1720; baseline -0.001 -16"><span class='ocrx_word' id='word_1_604' title='bbox 1940 1665 2254 1704; x_wconf 77' lang='lat' dir='ltr'><strong><em>conservum</em></strong></span> <span class='ocrx_word' id='word_1_605' title='bbox 2297 1652 2502 1716; x_wconf 85' lang='lat' dir='ltr'><strong><em>currit,</em></strong></span> <span class='ocrx_word' id='word_1_606' title='bbox 2546 1650 2637 1720; x_wconf 89' lang='lat' dir='ltr'><strong>qui</strong></span> <span class='ocrx_word' id='word_1_607' title='bbox 2678 1651 3022 1720; x_wconf 89' lang='lat' dir='ltr'><strong><em>semetipsum</em></strong></span> <span class='ocrx_word' id='word_1_608' title='bbox 3061 1651 3247 1719; x_wconf 87' lang='lat' dir='ltr'><strong><em>juvare</em></strong></span> <span class='ocrx_word' id='word_1_609' title='bbox 3299 1650 3522 1719; x_wconf 81' lang='lat' dir='ltr'><strong><em>nequit?</em></strong></span> 
     </span>
    </p>
   </div>
   <div class='ocr_carea' id='block_1_78' title="bbox 1941 1740 3524 1812">
    <p class='ocr_par' dir='ltr' id='par_1_78' title="bbox 1941 1740 3524 1812">
     <span class='ocr_line' id='line_1_78' title="bbox 1941 1740 3524 1812; baseline -0.001 -18"><span class='ocrx_word' id='word_1_610' title='bbox 1941 1740 2224 1811; x_wconf 86' lang='lat' dir='ltr'><strong><em>Fugiamus</em></strong></span> <span class='ocrx_word' id='word_1_611' title='bbox 2254 1743 2410 1812; x_wconf 79' lang='lat' dir='ltr'><strong><em>igitur</em></strong></span> <span class='ocrx_word' id='word_1_612' title='bbox 2464 1743 2888 1798; x_wconf 85' lang='lat' dir='ltr'><strong><em>maledictionetn</em></strong></span> <span class='ocrx_word' id='word_1_613' title='bbox 2937 1743 3103 1807; x_wconf 90' lang='lat' dir='ltr'><strong><em>hanc,</em></strong></span> <span class='ocrx_word' id='word_1_614' title='bbox 3149 1759 3278 1805; x_wconf 88' lang='lat' dir='ltr'><strong><em>oro,</em></strong></span> <span class='ocrx_word' id='word_1_615' title='bbox 3324 1753 3380 1796; x_wconf 89' lang='lat' dir='ltr'><strong><em>et</em></strong></span> <span class='ocrx_word' id='word_1_616' title='bbox 3405 1757 3524 1795; x_wconf 85' lang='lat' dir='ltr'><strong><em>om-</em></strong></span> 
     </span>
    </p>
   </div>
   <div class='ocr_carea' id='block_1_79' title="bbox 1941 1831 3516 1901">
    <p class='ocr_par' dir='ltr' id='par_1_79' title="bbox 1941 1831 3516 1901">
     <span class='ocr_line' id='line_1_79' title="bbox 1941 1831 3516 1901; baseline -0.001 -17"><span class='ocrx_word' id='word_1_617' title='bbox 1941 1847 2061 1885; x_wconf 87' lang='lat' dir='ltr'><strong><em>nem</em></strong></span> <span class='ocrx_word' id='word_1_618' title='bbox 2109 1846 2258 1901; x_wconf 89' lang='lat' dir='ltr'><strong><em>spem</em></strong></span> <span class='ocrx_word' id='word_1_619' title='bbox 2289 1833 2338 1884; x_wconf 90' lang='lat' dir='ltr'><strong><em>in</em></strong></span> <span class='ocrx_word' id='word_1_620' title='bbox 2382 1833 2545 1886; x_wconf 88' lang='lat' dir='ltr'><strong><em>Deum</em></strong></span> <span class='ocrx_word' id='word_1_621' title='bbox 2587 1833 2984 1887; x_wconf 86' lang='lat' dir='ltr'><strong><em>transferamus.</em></strong></span> <span class='ocrx_word' id='word_1_622' title='bbox 3034 1833 3135 1886; x_wconf 89' lang='lat' dir='ltr'><strong><em>Ista</em></strong></span> <span class='ocrx_word' id='word_1_623' title='bbox 3178 1833 3321 1886; x_wconf 88' lang='lat' dir='ltr'><strong><em>enim</em></strong></span> <span class='ocrx_word' id='word_1_624' title='bbox 3352 1831 3516 1885; x_wconf 88' lang='lat' dir='ltr'><strong><em>solida</em></strong></span> 
     </span>
    </p>
   </div>
   <div class='ocr_carea' id='block_1_80' title="bbox 1941 1921 3520 1989">
    <p class='ocr_par' dir='ltr' id='par_1_80' title="bbox 1941 1921 3520 1989">
     <span class='ocr_line' id='line_1_80' title="bbox 1941 1921 3520 1989; baseline -0.002 -14"><span class='ocrx_word' id='word_1_625' title='bbox 1941 1929 2022 1975; x_wconf 88' lang='lat' dir='ltr'><strong><em>est</em></strong></span> <span class='ocrx_word' id='word_1_626' title='bbox 2048 1931 2098 1974; x_wconf 91' lang='lat' dir='ltr'><strong><em>et</em></strong></span> <span class='ocrx_word' id='word_1_627' title='bbox 2144 1921 2427 1975; x_wconf 88' lang='lat' dir='ltr'><strong><em>immobilis</em></strong></span> <span class='ocrx_word' id='word_1_628' title='bbox 2453 1930 2505 1976; x_wconf 91' lang='lat' dir='ltr'><strong><em>et</em></strong></span> <span class='ocrx_word' id='word_1_629' title='bbox 2536 1923 2711 1976; x_wconf 89' lang='lat' dir='ltr'><strong><em>nescia</em></strong></span> <span class='ocrx_word' id='word_1_630' title='bbox 2746 1921 3155 1987; x_wconf 87' lang='lat' dir='ltr'><strong><em>vicissitudinis,</em></strong></span> <span class='ocrx_word' id='word_1_631' title='bbox 3184 1922 3336 1988; x_wconf 92' lang='lat' dir='ltr'><strong><em>cujus</em></strong></span> <span class='ocrx_word' id='word_1_632' title='bbox 3367 1921 3520 1989; x_wconf 88' lang='lat' dir='ltr'><strong><em>plena</em></strong></span> 
     </span>
    </p>
   </div>
   <div class='ocr_carea' id='block_1_81' title="bbox 1943 2011 3526 2081">
    <p class='ocr_par' dir='ltr' id='par_1_81' title="bbox 1943 2011 3526 2081">
     <span class='ocr_line' id='line_1_81' title="bbox 1943 2011 3526 2081; baseline -0.001 -17"><span class='ocrx_word' id='word_1_633' title='bbox 1943 2021 2025 2064; x_wconf 90' lang='lat' dir='ltr'><strong><em>est</em></strong></span> <span class='ocrx_word' id='word_1_634' title='bbox 2054 2011 2138 2063; x_wconf 85' lang='lat' dir='ltr'><strong><em>illa</em></strong></span> <span class='ocrx_word' id='word_1_635' title='bbox 2165 2028 2320 2081; x_wconf 84' lang='lat' dir='ltr'><strong><em>quam</em></strong></span> <span class='ocrx_word' id='word_1_636' title='bbox 2350 2013 2400 2065; x_wconf 91' lang='lat' dir='ltr'><strong><em>in</em></strong></span> <span class='ocrx_word' id='word_1_637' title='bbox 2445 2011 2744 2066; x_wconf 85' lang='lat' dir='ltr'><strong><em>hominibus</em></strong></span> <span class='ocrx_word' id='word_1_638' title='bbox 2771 2011 3048 2066; x_wconf 87' lang='lat' dir='ltr'><strong><em>habemus.</em></strong></span> <span class='ocrx_word' id='word_1_639' title='bbox 3084 2012 3177 2065; x_wconf 86' lang='lat' dir='ltr'><strong><em>Vel</em></strong></span> <span class='ocrx_word' id='word_1_640' title='bbox 3207 2012 3348 2064; x_wconf 90' lang='lat' dir='ltr'><strong><em>enim</em></strong></span> <span class='ocrx_word' id='word_1_641' title='bbox 3381 2025 3526 2065; x_wconf 84' lang='lat' dir='ltr'><strong><em>mors</em></strong></span> 
     </span>
    </p>
   </div>
   <div class='ocr_carea' id='block_1_82' title="bbox 1944 2099 3522 2171">
    <p class='ocr_par' dir='ltr' id='par_1_82' title="bbox 1944 2099 3522 2171">
     <span class='ocr_line' id='line_1_82' title="bbox 1944 2099 3522 2171; baseline -0.003 -17"><span class='ocrx_word' id='word_1_642' title='bbox 1944 2101 2080 2154; x_wconf 90' lang='lat' dir='ltr'><strong><em>tollit</em></strong></span> <span class='ocrx_word' id='word_1_643' title='bbox 2107 2101 2392 2156; x_wconf 90' lang='lat' dir='ltr'><strong><em>humanum</em></strong></span> <span class='ocrx_word' id='word_1_644' title='bbox 2439 2103 2768 2171; x_wconf 58' lang='lat' dir='ltr'><strong><em>praesidium,</em></strong></span> <span class='ocrx_word' id='word_1_645' title='bbox 2797 2110 2850 2156; x_wconf 90' lang='lat' dir='ltr'><strong><em>et</em></strong></span> <span class='ocrx_word' id='word_1_646' title='bbox 2877 2116 2970 2156; x_wconf 88' lang='lat' dir='ltr'><strong><em>eos</em></strong></span> <span class='ocrx_word' id='word_1_647' title='bbox 2997 2103 3085 2170; x_wconf 89' lang='lat' dir='ltr'><strong><em>qui</em></strong></span> <span class='ocrx_word' id='word_1_648' title='bbox 3117 2101 3181 2154; x_wconf 87' lang='lat' dir='ltr'><strong><em>ad</em></strong></span> <span class='ocrx_word' id='word_1_649' title='bbox 3212 2104 3311 2154; x_wconf 88' lang='lat' dir='ltr'><strong><em>hoc</em></strong></span> <span class='ocrx_word' id='word_1_650' title='bbox 3336 2099 3522 2153; x_wconf 87' lang='lat' dir='ltr'><strong><em>c0ufu—</em></strong></span> 
     </span>
    </p>
   </div>
   <div class='ocr_carea' id='block_1_83' title="bbox 1942 2189 3526 2261">
    <p class='ocr_par' dir='ltr' id='par_1_83' title="bbox 1942 2189 3526 2261">
     <span class='ocr_line' id='line_1_83' title="bbox 1942 2189 3526 2261; baseline -0.003 -17"><span class='ocrx_word' id='word_1_651' title='bbox 1942 2192 2121 2261; x_wconf 86' lang='lat' dir='ltr'><strong><em>giunt,</em></strong></span> <span class='ocrx_word' id='word_1_652' title='bbox 2171 2192 2440 2246; x_wconf 88' lang='lat' dir='ltr'><strong><em>solitarios</em></strong></span> <span class='ocrx_word' id='word_1_653' title='bbox 2485 2192 2757 2261; x_wconf 88' lang='lat' dir='ltr'><strong><em>nudosque</em></strong></span> <span class='ocrx_word' id='word_1_654' title='bbox 2799 2192 3048 2260; x_wconf 87' lang='lat' dir='ltr'><strong><em>relinquit</em></strong></span> <span class='ocrx_word' id='word_1_655' title='bbox 3095 2199 3196 2244; x_wconf 86' lang='lat' dir='ltr'><strong><em>:et</em></strong></span> <span class='ocrx_word' id='word_1_656' title='bbox 3241 2189 3321 2243; x_wconf 87' lang='lat' dir='ltr'><strong><em>vel</em></strong></span> <span class='ocrx_word' id='word_1_657' title='bbox 3369 2189 3526 2241; x_wconf 89' lang='lat' dir='ltr'><strong><em>etiam</em></strong></span> 
     </span>
    </p>
   </div>
   <div class='ocr_carea' id='block_1_84' title="bbox 1942 2279 3526 2335">
    <p class='ocr_par' dir='ltr' id='par_1_84' title="bbox 1942 2279 3526 2335">
     <span class='ocr_line' id='line_1_84' title="bbox 1942 2279 3526 2335; baseline -0.001 -2"><span class='ocrx_word' id='word_1_658' title='bbox 1942 2292 2066 2334; x_wconf 87' lang='lat' dir='ltr'><strong><em>ante</em></strong></span> <span class='ocrx_word' id='word_1_659' title='bbox 2113 2291 2339 2335; x_wconf 90' lang='lat' dir='ltr'><strong><em>mortem</em></strong></span> <span class='ocrx_word' id='word_1_660' title='bbox 2383 2283 2604 2335; x_wconf 68' lang='lat' dir='ltr'><strong><em>mutatio</em></strong></span> <span class='ocrx_word' id='word_1_661' title='bbox 2648 2297 2826 2335; x_wconf 88' lang='lat' dir='ltr'><strong><em>rerum</em></strong></span> <span class='ocrx_word' id='word_1_662' title='bbox 2874 2281 3132 2335; x_wconf 87' lang='lat' dir='ltr'><strong><em>ambobus</em></strong></span> <span class='ocrx_word' id='word_1_663' title='bbox 3178 2279 3354 2333; x_wconf 89' lang='lat' dir='ltr'><strong><em>omnia</em></strong></span> <span class='ocrx_word' id='word_1_664' title='bbox 3395 2293 3526 2331; x_wconf 87' lang='lat' dir='ltr'><strong><em>vana</em></strong></span> 
     </span>
    </p>
   </div>
   <div class='ocr_carea' id='block_1_85' title="bbox 1945 2369 3518 2440">
    <p class='ocr_par' dir='ltr' id='par_1_85' title="bbox 1945 2369 3518 2440">
     <span class='ocr_line' id='line_1_85' title="bbox 1945 2369 3518 2440; baseline -0.002 -17"><span class='ocrx_word' id='word_1_665' title='bbox 1945 2370 2134 2424; x_wconf 86' lang='lat' dir='ltr'><strong><em>reddit.</em></strong></span> <span class='ocrx_word' id='word_1_666' title='bbox 2188 2372 2347 2425; x_wconf 83' lang='lat' dir='ltr'><strong><em>Plena</em></strong></span> <span class='ocrx_word' id='word_1_667' title='bbox 2376 2379 2458 2425; x_wconf 82' lang='lat' dir='ltr'><strong><em>est</em></strong></span> <span class='ocrx_word' id='word_1_668' title='bbox 2509 2373 2620 2425; x_wconf 77' lang='lat' dir='ltr'><strong><em>lure</em></strong></span> <span class='ocrx_word' id='word_1_669' title='bbox 2663 2373 2767 2426; x_wconf 85' lang='lat' dir='ltr'><strong><em>vita</em></strong></span> <span class='ocrx_word' id='word_1_670' title='bbox 2797 2372 3053 2440; x_wconf 86' lang='lat' dir='ltr'><strong><em>exemplis</em></strong></span> <span class='ocrx_word' id='word_1_671' title='bbox 3082 2371 3294 2424; x_wconf 90' lang='lat' dir='ltr'><strong><em>talibus.</em></strong></span> <span class='ocrx_word' id='word_1_672' title='bbox 3330 2369 3453 2423; x_wconf 89' lang='lat' dir='ltr'><strong><em>Ideo</em></strong></span> <span class='ocrx_word' id='word_1_673' title='bbox 3485 2369 3518 2420; x_wconf 91' lang='lat' dir='ltr'><strong><em>ii</em></strong></span> 
     </span>
    </p>
   </div>
   <div class='ocr_carea' id='block_1_86' title="bbox 1944 2458 3526 2532">
    <p class='ocr_par' dir='ltr' id='par_1_86' title="bbox 1944 2458 3526 2532">
     <span class='ocr_line' id='line_1_86' title="bbox 1944 2458 3526 2532; baseline -0.003 -18"><span class='ocrx_word' id='word_1_674' title='bbox 1944 2472 2062 2532; x_wconf 87' lang='lat' dir='ltr'><strong><em>post</em></strong></span> <span class='ocrx_word' id='word_1_675' title='bbox 2083 2471 2277 2515; x_wconf 88' lang='lat' dir='ltr'><strong><em>tantam</em></strong></span> <span class='ocrx_word' id='word_1_676' title='bbox 2308 2461 2692 2530; x_wconf 89' lang='lat' dir='ltr'><strong><em>experientiam</em></strong></span> <span class='ocrx_word' id='word_1_677' title='bbox 2727 2461 2872 2514; x_wconf 90' lang='lat' dir='ltr'><strong><em>nttlla</em></strong></span> <span class='ocrx_word' id='word_1_678' title='bbox 2900 2461 3050 2514; x_wconf 90' lang='lat' dir='ltr'><strong><em>venia</em></strong></span> <span class='ocrx_word' id='word_1_679' title='bbox 3082 2469 3202 2513; x_wconf 92' lang='lat' dir='ltr'><strong><em>sunt</em></strong></span> <span class='ocrx_word' id='word_1_680' title='bbox 3231 2458 3405 2527; x_wconf 82' lang='lat' dir='ltr'><strong><em>digni,</em></strong></span> <span class='ocrx_word' id='word_1_681' title='bbox 3442 2459 3526 2525; x_wconf 85' lang='lat' dir='ltr'><strong><em>qui</em></strong></span> 
     </span>
    </p>
   </div>
   <div class='ocr_carea' id='block_1_87' title="bbox 1941 2547 3520 2620">
    <p class='ocr_par' dir='ltr' id='par_1_87' title="bbox 1941 2547 3520 2620">
     <span class='ocr_line' id='line_1_87' title="bbox 1941 2547 3520 2620; baseline -0.005 -13"><span class='ocrx_word' id='word_1_682' title='bbox 1941 2552 2116 2607; x_wconf 88' lang='lat' dir='ltr'><strong><em>adhuc</em></strong></span> <span class='ocrx_word' id='word_1_683' title='bbox 2158 2552 2388 2606; x_wconf 88' lang='lat' dir='ltr'><strong><em>humano</em></strong></span> <span class='ocrx_word' id='word_1_684' title='bbox 2438 2553 2675 2605; x_wconf 91' lang='lat' dir='ltr'><strong><em>nituntur</em></strong></span> <span class='ocrx_word' id='word_1_685' title='bbox 2722 2550 2997 2620; x_wconf 64' lang='lat' dir='ltr'><strong><em>praesidio,</em></strong></span> <span class='ocrx_word' id='word_1_686' title='bbox 3029 2559 3084 2603; x_wconf 87' lang='lat' dir='ltr'><strong><em>et</em></strong></span> <span class='ocrx_word' id='word_1_687' title='bbox 3121 2565 3262 2616; x_wconf 71' lang='lat' dir='ltr'><strong><em>sa‘pe</em></strong></span> <span class='ocrx_word' id='word_1_688' title='bbox 3291 2548 3358 2600; x_wconf 91' lang='lat' dir='ltr'><strong><em>ab</em></strong></span> <span class='ocrx_word' id='word_1_689' title='bbox 3386 2547 3520 2610; x_wconf 91' lang='lat' dir='ltr'><strong><em>illis,</em></strong></span> 
     </span>
    </p>
   </div>
   <div class='ocr_carea' id='block_1_88' title="bbox 1943 2637 3526 2712">
    <p class='ocr_par' dir='ltr' id='par_1_88' title="bbox 1943 2637 3526 2712">
     <span class='ocr_line' id='line_1_88' title="bbox 1943 2637 3526 2712; baseline -0.003 -17"><span class='ocrx_word' id='word_1_690' title='bbox 1943 2643 2033 2712; x_wconf 93' lang='lat' dir='ltr'><strong><em>qui</em></strong></span> <span class='ocrx_word' id='word_1_691' title='bbox 2084 2643 2162 2697; x_wconf 93' lang='lat' dir='ltr'><strong><em>eis</em></strong></span> <span class='ocrx_word' id='word_1_692' title='bbox 2193 2643 2438 2712; x_wconf 90' lang='lat' dir='ltr'><strong><em>opitulari</em></strong></span> <span class='ocrx_word' id='word_1_693' title='bbox 2488 2642 2836 2706; x_wconf 84' lang='lat' dir='ltr'><strong><em>videbantur,</em></strong></span> <span class='ocrx_word' id='word_1_694' title='bbox 2891 2640 3092 2694; x_wconf 89' lang='lat' dir='ltr'><strong><em>infinita</em></strong></span> <span class='ocrx_word' id='word_1_695' title='bbox 3143 2638 3280 2692; x_wconf 91' lang='lat' dir='ltr'><strong><em>mala</em></strong></span> <span class='ocrx_word' id='word_1_696' title='bbox 3326 2637 3526 2691; x_wconf 87' lang='lat' dir='ltr'><strong><em>ferunt.</em></strong></span> 
     </span>
    </p>
   </div>
   <div class='ocr_carea' id='block_1_89' title="bbox 1943 2727 3526 2804">
    <p class='ocr_par' dir='ltr' id='par_1_89' title="bbox 1943 2727 3526 2804">
     <span class='ocr_line' id='line_1_89' title="bbox 1943 2727 3526 2804; baseline -0.005 -16"><span class='ocrx_word' id='word_1_697' title='bbox 1943 2735 2190 2804; x_wconf 89' lang='lat' dir='ltr'><strong><em>Eousque</em></strong></span> <span class='ocrx_word' id='word_1_698' title='bbox 2215 2735 2356 2788; x_wconf 90' lang='lat' dir='ltr'><strong><em>enim</em></strong></span> <span class='ocrx_word' id='word_1_699' title='bbox 2377 2733 2545 2788; x_wconf 88' lang='lat' dir='ltr'><strong><em>crevit</em></strong></span> <span class='ocrx_word' id='word_1_700' title='bbox 2570 2733 2785 2796; x_wconf 81' lang='lat' dir='ltr'><strong><em>malitia,</em></strong></span> <span class='ocrx_word' id='word_1_701' title='bbox 2811 2741 2863 2785; x_wconf 93' lang='lat' dir='ltr'><strong><em>ut</em></strong></span> <span class='ocrx_word' id='word_1_702' title='bbox 2890 2731 3024 2784; x_wconf 89' lang='lat' dir='ltr'><strong><em>mala</em></strong></span> <span class='ocrx_word' id='word_1_703' title='bbox 3055 2729 3347 2800; x_wconf 88' lang='lat' dir='ltr'><strong><em>rependant</em></strong></span> <span class='ocrx_word' id='word_1_704' title='bbox 3371 2727 3526 2781; x_wconf 89' lang='lat' dir='ltr'><strong><em>etiam</em></strong></span> 
     </span>
    </p>
   </div>
   <div class='ocr_carea' id='block_1_90' title="bbox 1947 2819 3529 2897">
    <p class='ocr_par' dir='ltr' id='par_1_90' title="bbox 1947 2819 3529 2897">
     <span class='ocr_line' id='line_1_90' title="bbox 1947 2819 3529 2897; baseline -0.006 -17"><span class='ocrx_word' id='word_1_705' title='bbox 1947 2827 2015 2881; x_wconf 92' lang='lat' dir='ltr'><strong>iis</strong></span> <span class='ocrx_word' id='word_1_706' title='bbox 2039 2827 2127 2897; x_wconf 88' lang='lat' dir='ltr'><strong><em>qui</em></strong></span> <span class='ocrx_word' id='word_1_707' title='bbox 2161 2830 2304 2896; x_wconf 88' lang='lat' dir='ltr'><strong><em>ipsos</em></strong></span> <span class='ocrx_word' id='word_1_708' title='bbox 2351 2840 2689 2894; x_wconf 87' lang='lat' dir='ltr'><strong><em>summopere</em></strong></span> <span class='ocrx_word' id='word_1_709' title='bbox 2717 2824 2983 2878; x_wconf 88' lang='lat' dir='ltr'><strong><em>colebant.</em></strong></span> <span class='ocrx_word' id='word_1_710' title='bbox 3021 2823 3214 2876; x_wconf 72' lang='lat' dir='ltr'><strong><em>Verum</em></strong></span> <span class='ocrx_word' id='word_1_711' title='bbox 3241 2819 3379 2889; x_wconf 89' lang='lat' dir='ltr'><strong><em>apud</em></strong></span> <span class='ocrx_word' id='word_1_712' title='bbox 3409 2819 3529 2872; x_wconf 88' lang='lat' dir='ltr'><strong><em>uni-</em></strong></span> 
     </span>
    </p>
   </div>
   <div class='ocr_carea' id='block_1_91' title="bbox 1945 2907 3530 2978">
    <p class='ocr_par' dir='ltr' id='par_1_91' title="bbox 1945 2907 3530 2978">
     <span class='ocr_line' id='line_1_91' title="bbox 1945 2907 3530 2978; baseline -0.004 -10"><span class='ocrx_word' id='word_1_713' title='bbox 1945 2932 2218 2971; x_wconf 87' lang='lat' dir='ltr'><strong><em>versorum</em></strong></span> <span class='ocrx_word' id='word_1_714' title='bbox 2248 2916 2414 2970; x_wconf 89' lang='lat' dir='ltr'><strong><em>Deum</em></strong></span> <span class='ocrx_word' id='word_1_715' title='bbox 2445 2930 2600 2969; x_wconf 90' lang='lat' dir='ltr'><strong><em>secus</em></strong></span> <span class='ocrx_word' id='word_1_716' title='bbox 2634 2929 2720 2968; x_wconf 88' lang='lat' dir='ltr'><strong><em>res</em></strong></span> <span class='ocrx_word' id='word_1_717' title='bbox 2748 2928 2807 2967; x_wconf 88' lang='lat' dir='ltr'><strong><em>se</em></strong></span> <span class='ocrx_word' id='word_1_718' title='bbox 2834 2913 2991 2966; x_wconf 89' lang='lat' dir='ltr'><strong><em>habet</em></strong></span> <span class='ocrx_word' id='word_1_719' title='bbox 3018 2929 3032 2978; x_wconf 94' lang='lat'><strong>;</strong></span> <span class='ocrx_word' id='word_1_720' title='bbox 3067 2926 3186 2964; x_wconf 87' lang='lat' dir='ltr'><strong><em>nam</em></strong></span> <span class='ocrx_word' id='word_1_721' title='bbox 3214 2911 3336 2962; x_wconf 91' lang='lat' dir='ltr'><strong><em>licet</em></strong></span> <span class='ocrx_word' id='word_1_722' title='bbox 3359 2907 3530 2977; x_wconf 75' lang='lat' dir='ltr'><strong><em>quoti-</em></strong></span> 
     </span>
    </p>
   </div>
   <div class='ocr_carea' id='block_1_92' title="bbox 1944 2999 3530 3078">
    <p class='ocr_par' dir='ltr' id='par_1_92' title="bbox 1944 2999 3530 3078">
     <span class='ocr_line' id='line_1_92' title="bbox 1944 2999 3530 3078; baseline -0.006 -16"><span class='ocrx_word' id='word_1_723' title='bbox 1944 3007 2031 3062; x_wconf 90' lang='lat' dir='ltr'><strong><em>die</em></strong></span> <span class='ocrx_word' id='word_1_724' title='bbox 2056 3008 2244 3078; x_wconf 84' lang='lat' dir='ltr'><strong><em>ingrati</em></strong></span> <span class='ocrx_word' id='word_1_725' title='bbox 2275 3008 2441 3062; x_wconf 89' lang='lat' dir='ltr'><strong><em>simus</em></strong></span> <span class='ocrx_word' id='word_1_726' title='bbox 2461 3047 2474 3072; x_wconf 93' lang='lat'><strong><em>,</em></strong></span> <span class='ocrx_word' id='word_1_727' title='bbox 2505 3005 2767 3061; x_wconf 84' lang='lat' dir='ltr'><strong><em>benefacit</em></strong></span> <span class='ocrx_word' id='word_1_728' title='bbox 2794 3015 2968 3058; x_wconf 89' lang='lat' dir='ltr'><strong><em>tamen</em></strong></span> <span class='ocrx_word' id='word_1_729' title='bbox 2991 3045 3005 3070; x_wconf 96' lang='lat'><strong>,</strong></span> <span class='ocrx_word' id='word_1_730' title='bbox 3035 3017 3240 3072; x_wconf 88' lang='lat' dir='ltr'><strong><em>suoque</em></strong></span> <span class='ocrx_word' id='word_1_731' title='bbox 3278 2999 3530 3071; x_wconf 68' lang='lat' dir='ltr'><strong><em>praesidio</em></strong></span> 
     </span>
    </p>
   </div>
   <div class='ocr_carea' id='block_1_93' title="bbox 1945 3091 3528 3167">
    <p class='ocr_par' dir='ltr' id='par_1_93' title="bbox 1945 3091 3528 3167">
     <span class='ocr_line' id='line_1_93' title="bbox 1945 3091 3528 3167; baseline -0.006 -14"><span class='ocrx_word' id='word_1_732' title='bbox 1945 3115 2044 3154; x_wconf 91' lang='lat' dir='ltr'><strong><em>nos</em></strong></span> <span class='ocrx_word' id='word_1_733' title='bbox 2068 3114 2173 3154; x_wconf 91' lang='lat' dir='ltr'><strong><em>non</em></strong></span> <span class='ocrx_word' id='word_1_734' title='bbox 2200 3099 2466 3162; x_wconf 88' lang='lat' dir='ltr'><strong><em>destituit,</em></strong></span> <span class='ocrx_word' id='word_1_735' title='bbox 2499 3115 2604 3152; x_wconf 91' lang='lat' dir='ltr'><strong><em>non</em></strong></span> <span class='ocrx_word' id='word_1_736' title='bbox 2650 3097 2717 3151; x_wconf 90' lang='lat' dir='ltr'><strong><em>ad</em></strong></span> <span class='ocrx_word' id='word_1_737' title='bbox 2774 3098 3035 3167; x_wconf 82' lang='lat' dir='ltr'><strong><em>ingratum</em></strong></span> <span class='ocrx_word' id='word_1_738' title='bbox 3067 3105 3306 3149; x_wconf 86' lang='lat' dir='ltr'><strong><em>nostrum</em></strong></span> <span class='ocrx_word' id='word_1_739' title='bbox 3357 3091 3528 3160; x_wconf 86' lang='lat' dir='ltr'><strong><em>respi-</em></strong></span> 
     </span>
    </p>
   </div>
   <div class='ocr_carea' id='block_1_94' title="bbox 1944 3183 3520 3257">
    <p class='ocr_par' dir='ltr' id='par_1_94' title="bbox 1944 3183 3520 3257">
     <span class='ocr_line' id='line_1_94' title="bbox 1944 3183 3520 3257; baseline -0.007 -13"><span class='ocrx_word' id='word_1_740' title='bbox 1944 3191 2091 3244; x_wconf 90' lang='lat' dir='ltr'><strong><em>ciens</em></strong></span> <span class='ocrx_word' id='word_1_741' title='bbox 2117 3192 2371 3256; x_wconf 89' lang='lat' dir='ltr'><strong><em>auimum,</em></strong></span> <span class='ocrx_word' id='word_1_742' title='bbox 2393 3190 2484 3244; x_wconf 85' lang='lat' dir='ltr'><strong><em>sed</em></strong></span> <span class='ocrx_word' id='word_1_743' title='bbox 2511 3190 2565 3242; x_wconf 91' lang='lat' dir='ltr'><strong>in</strong></span> <span class='ocrx_word' id='word_1_744' title='bbox 2587 3187 2834 3242; x_wconf 88' lang='lat' dir='ltr'><strong><em>omnibus</em></strong></span> <span class='ocrx_word' id='word_1_745' title='bbox 2865 3203 2959 3257; x_wconf 92' lang='lat' dir='ltr'><strong><em>pro</em></strong></span> <span class='ocrx_word' id='word_1_746' title='bbox 2980 3201 3074 3240; x_wconf 89' lang='lat' dir='ltr'><strong><em>sua</em></strong></span> <span class='ocrx_word' id='word_1_747' title='bbox 3102 3199 3264 3254; x_wconf 83' lang='lat' dir='ltr'><strong><em>agens</em></strong></span> <span class='ocrx_word' id='word_1_748' title='bbox 3289 3183 3520 3237; x_wconf 78' lang='lat' dir='ltr'><strong><em>clemen-</em></strong></span> 
     </span>
    </p>
   </div>
   <div class='ocr_carea' id='block_1_95' title="bbox 1947 3275 3526 3354">
    <p class='ocr_par' dir='ltr' id='par_1_95' title="bbox 1947 3275 3526 3354">
     <span class='ocr_line' id='line_1_95' title="bbox 1947 3275 3526 3354; baseline -0.005 -20"><span class='ocrx_word' id='word_1_749' title='bbox 1947 3282 2054 3334; x_wconf 90' lang='lat' dir='ltr'><strong><em>tia:</em></strong></span> <span class='ocrx_word' id='word_1_750' title='bbox 2086 3296 2187 3349; x_wconf 93' lang='lat' dir='ltr'><strong><em>qua</em></strong></span> <span class='ocrx_word' id='word_1_751' title='bbox 2219 3281 2370 3333; x_wconf 89' lang='lat' dir='ltr'><strong><em>nobis</em></strong></span> <span class='ocrx_word' id='word_1_752' title='bbox 2421 3280 2669 3354; x_wconf 81' lang='lat' dir='ltr'><strong><em>omnibus</em></strong></span> <span class='ocrx_word' id='word_1_753' title='bbox 2718 3277 2819 3331; x_wconf 89' lang='lat' dir='ltr'><strong><em>frui</em></strong></span> <span class='ocrx_word' id='word_1_754' title='bbox 2866 3276 3188 3331; x_wconf 88' lang='lat' dir='ltr'><strong><em>concedatur</em></strong></span> <span class='ocrx_word' id='word_1_755' title='bbox 3214 3317 3227 3336; x_wconf 89' lang='lat'><strong><em>,</em></strong></span> <span class='ocrx_word' id='word_1_756' title='bbox 3259 3275 3428 3339; x_wconf 79' lang='lat' dir='ltr'><strong><em>gratia</em></strong></span> <span class='ocrx_word' id='word_1_757' title='bbox 3474 3280 3526 3326; x_wconf 87' lang='lat' dir='ltr'><strong><em>et</em></strong></span> 
     </span>
    </p>
   </div>
   <div class='ocr_carea' id='block_1_96' title="bbox 1947 3364 3530 3430">
    <p class='ocr_par' dir='ltr' id='par_1_96' title="bbox 1947 3364 3530 3430">
     <span class='ocr_line' id='line_1_96' title="bbox 1947 3364 3530 3430; baseline -0.008 -6"><span class='ocrx_word' id='word_1_758' title='bbox 1947 3369 2307 3424; x_wconf 88' lang='lat' dir='ltr'><strong><em>misericordia</em></strong></span> <span class='ocrx_word' id='word_1_759' title='bbox 2359 3369 2562 3422; x_wconf 86' lang='lat' dir='ltr'><strong><em>Domini</em></strong></span> <span class='ocrx_word' id='word_1_760' title='bbox 2610 3369 2775 3421; x_wconf 86' lang='lat' dir='ltr'><strong><em>nostri</em></strong></span> <span class='ocrx_word' id='word_1_761' title='bbox 2806 3366 2932 3421; x_wconf 89' lang='lat' dir='ltr'><strong><em>.lesu</em></strong></span> <span class='ocrx_word' id='word_1_762' title='bbox 2975 3364 3209 3430; x_wconf 81' lang='lat' dir='ltr'><strong><em>Christi,</em></strong></span> <span class='ocrx_word' id='word_1_763' title='bbox 3258 3378 3376 3414; x_wconf 86' lang='lat' dir='ltr'><strong><em>cum</em></strong></span> <span class='ocrx_word' id='word_1_764' title='bbox 3423 3375 3530 3428; x_wconf 77' lang='lat' dir='ltr'><strong><em>quo</em></strong></span> 
     </span>
    </p>
   </div>
   <div class='ocr_carea' id='block_1_97' title="bbox 1949 3453 3525 3528">
    <p class='ocr_par' dir='ltr' id='par_1_97' title="bbox 1949 3453 3525 3528">
     <span class='ocr_line' id='line_1_97' title="bbox 1949 3453 3525 3528; baseline -0.009 -14"><span class='ocrx_word' id='word_1_765' title='bbox 1949 3461 2088 3514; x_wconf 75' lang='lat' dir='ltr'><strong><em>Patri</em></strong></span> <span class='ocrx_word' id='word_1_766' title='bbox 2129 3460 2284 3512; x_wconf 91' lang='lat' dir='ltr'><strong><em>simul</em></strong></span> <span class='ocrx_word' id='word_1_767' title='bbox 2316 3471 2368 3513; x_wconf 88' lang='lat' dir='ltr'><strong><em>et</em></strong></span> <span class='ocrx_word' id='word_1_768' title='bbox 2411 3459 2625 3528; x_wconf 90' lang='lat' dir='ltr'><strong><em>Spiritui</em></strong></span> <span class='ocrx_word' id='word_1_769' title='bbox 2651 3465 2832 3511; x_wconf 89' lang='lat' dir='ltr'><strong><em>sancto</em></strong></span> <span class='ocrx_word' id='word_1_770' title='bbox 2871 3456 2940 3510; x_wconf 88' lang='lat' dir='ltr'><strong><em>sit</em></strong></span> <span class='ocrx_word' id='word_1_771' title='bbox 2968 3454 3131 3524; x_wconf 80' lang='lat' dir='ltr'><strong><em>gloria</em></strong></span> <span class='ocrx_word' id='word_1_772' title='bbox 3158 3495 3172 3517; x_wconf 89' lang='lat'><strong><em>,</em></strong></span> <span class='ocrx_word' id='word_1_773' title='bbox 3206 3453 3484 3518; x_wconf 86' lang='lat' dir='ltr'><strong><em>imperium</em></strong></span> <span class='ocrx_word' id='word_1_774' title='bbox 3510 3490 3525 3512; x_wconf 90' lang='lat'><strong><em>,</em></strong></span> 
     </span>
    </p>
   </div>
   <div class='ocr_carea' id='block_1_98' title="bbox 1948 3543 3523 3618">
    <p class='ocr_par' dir='ltr' id='par_1_98' title="bbox 1948 3543 3523 3618">
     <span class='ocr_line' id='line_1_98' title="bbox 1948 3543 3523 3618; baseline -0.007 -13"><span class='ocrx_word' id='word_1_775' title='bbox 1948 3553 2148 3617; x_wconf 91' lang='lat' dir='ltr'><strong><em>honor,</em></strong></span> <span class='ocrx_word' id='word_1_776' title='bbox 2196 3567 2337 3605; x_wconf 91' lang='lat' dir='ltr'><strong><em>nunc</em></strong></span> <span class='ocrx_word' id='word_1_777' title='bbox 2365 3560 2418 3605; x_wconf 87' lang='lat' dir='ltr'><strong><em>et</em></strong></span> <span class='ocrx_word' id='word_1_778' title='bbox 2459 3565 2703 3618; x_wconf 88' lang='lat' dir='ltr'><strong><em>semper,</em></strong></span> <span class='ocrx_word' id='word_1_779' title='bbox 2745 3557 2798 3602; x_wconf 91' lang='lat' dir='ltr'><strong><em>et</em></strong></span> <span class='ocrx_word' id='word_1_780' title='bbox 2847 3549 2898 3601; x_wconf 92' lang='lat' dir='ltr'><strong>in</strong></span> <span class='ocrx_word' id='word_1_781' title='bbox 2941 3545 3132 3600; x_wconf 65' lang='lat' dir='ltr'><strong><em>sweula</em></strong></span> <span class='ocrx_word' id='word_1_782' title='bbox 3187 3543 3523 3597; x_wconf 63' lang='lat' dir='ltr'><strong><em>saeculorum.</em></strong></span> 
     </span>
    </p>
   </div>
   <div class='ocr_carea' id='block_1_99' title="bbox 1946 3643 2135 3696">
    <p class='ocr_par' dir='ltr' id='par_1_99' title="bbox 1946 3643 2135 3696">
     <span class='ocr_line' id='line_1_99' title="bbox 1946 3643 2135 3696; baseline 0 0"><span class='ocrx_word' id='word_1_783' title='bbox 1946 3643 2135 3696; x_wconf 85' lang='lat' dir='ltr'><strong><em>Amen.</em></strong></span> 
     </span>
    </p>
   </div>
   <div class='ocr_carea' id='block_1_100' title="bbox 2481 3748 2994 3805">
    <p class='ocr_par' dir='ltr' id='par_1_100' title="bbox 2481 3748 2994 3805">
     <span class='ocr_line' id='line_1_100' title="bbox 2481 3748 2994 3805; baseline -0.01 0"><span class='ocrx_word' id='word_1_784' title='bbox 2481 3749 2760 3805; x_wconf 78' lang='lat' dir='ltr'><strong><em>IIOMILIA</em></strong></span> <span class='ocrx_word' id='word_1_785' title='bbox 2838 3748 2994 3802; x_wconf 68' lang='lat' dir='ltr'><strong><em>LVII.</em></strong></span> 
     </span>
    </p>
   </div>
   <div class='ocr_carea' id='block_1_101' title="bbox 1947 3857 3526 3934">
    <p class='ocr_par' dir='ltr' id='par_1_101' title="bbox 1947 3857 3526 3934">
     <span class='ocr_line' id='line_1_101' title="bbox 1947 3857 3526 3934; baseline -0.011 -10"><span class='ocrx_word' id='word_1_786' title='bbox 1947 3870 2168 3924; x_wconf 86' lang='lat' dir='ltr'><strong><em>Factum</em></strong></span> <span class='ocrx_word' id='word_1_787' title='bbox 2191 3877 2261 3922; x_wconf 87' lang='lat' dir='ltr'><strong><em>est</em></strong></span> <span class='ocrx_word' id='word_1_788' title='bbox 2290 3877 2455 3919; x_wconf 89' lang='lat' dir='ltr'><strong><em>autent</em></strong></span> <span class='ocrx_word' id='word_1_789' title='bbox 2483 3875 2745 3934; x_wconf 86' lang='lat' dir='ltr'><strong><em>postquam</em></strong></span> <span class='ocrx_word' id='word_1_790' title='bbox 2772 3862 2959 3931; x_wconf 86' lang='lat' dir='ltr'><strong><em>peperit</em></strong></span> <span class='ocrx_word' id='word_1_791' title='bbox 2989 3859 3180 3914; x_wconf 82' lang='lat' dir='ltr'><strong><em>Rachel</em></strong></span> <span class='ocrx_word' id='word_1_792' title='bbox 3205 3857 3417 3927; x_wconf 84' lang='lat' dir='ltr'><strong><em>Ioseph,</em></strong></span> <span class='ocrx_word' id='word_1_793' title='bbox 3445 3857 3526 3909; x_wconf 85' lang='lat' dir='ltr'><strong><em>di-</em></strong></span> 
     </span>
    </p>
   </div>
   <div class='ocr_carea' id='block_1_102' title="bbox 2015 3947 3525 4014">
    <p class='ocr_par' dir='ltr' id='par_1_102' title="bbox 2015 3947 3525 4014">
     <span class='ocr_line' id='line_1_102' title="bbox 2015 3947 3525 4014; baseline -0.011 -1"><span class='ocrx_word' id='word_1_794' title='bbox 2015 3961 2086 4014; x_wconf 73' lang='lat' dir='ltr'><strong><em>xit</em></strong></span> <span class='ocrx_word' id='word_1_795' title='bbox 2115 3957 2276 4012; x_wconf 90' lang='lat' dir='ltr'><strong><em>Iacob</em></strong></span> <span class='ocrx_word' id='word_1_796' title='bbox 2297 3958 2364 4008; x_wconf 90' lang='lat' dir='ltr'><strong><em>ad</em></strong></span> <span class='ocrx_word' id='word_1_797' title='bbox 2392 3955 2562 4007; x_wconf 86' lang='lat' dir='ltr'><strong><em>Laban</em></strong></span> <span class='ocrx_word' id='word_1_798' title='bbox 2593 3969 2612 4007; x_wconf 88' lang='lat'><strong><em>:</em></strong></span> <span class='ocrx_word' id='word_1_799' title='bbox 2638 3952 2846 4004; x_wconf 88' lang='lat' dir='ltr'><strong><em>Dimitte</em></strong></span> <span class='ocrx_word' id='word_1_800' title='bbox 2871 3966 2964 4012; x_wconf 89' lang='lat' dir='ltr'><strong><em>me,</em></strong></span> <span class='ocrx_word' id='word_1_801' title='bbox 2997 3959 3052 4002; x_wconf 87' lang='lat' dir='ltr'><strong><em>ut</em></strong></span> <span class='ocrx_word' id='word_1_802' title='bbox 3081 3947 3253 4000; x_wconf 88' lang='lat' dir='ltr'><strong><em>abeam</em></strong></span> <span class='ocrx_word' id='word_1_803' title='bbox 3281 3948 3332 3999; x_wconf 87' lang='lat' dir='ltr'><strong><em>in</em></strong></span> <span class='ocrx_word' id='word_1_804' title='bbox 3361 3948 3525 3998; x_wconf 89' lang='lat' dir='ltr'><strong><em>locum</em></strong></span> 
     </span>
    </p>
   </div>
   <div class='ocr_carea' id='block_1_103' title="bbox 2019 4041 3128 4114">
    <p class='ocr_par' dir='ltr' id='par_1_103' title="bbox 2019 4041 3128 4114">
     <span class='ocr_line' id='line_1_103' title="bbox 2019 4041 3128 4114; baseline -0.01 -9"><span class='ocrx_word' id='word_1_805' title='bbox 2019 4068 2183 4105; x_wconf 90' lang='lat' dir='ltr'><strong><em>meum</em></strong></span> <span class='ocrx_word' id='word_1_806' title='bbox 2202 4058 2247 4103; x_wconf 93' lang='lat' dir='ltr'><strong><em>et</em></strong></span> <span class='ocrx_word' id='word_1_807' title='bbox 2275 4050 2328 4102; x_wconf 91' lang='lat' dir='ltr'><strong><em>in</em></strong></span> <span class='ocrx_word' id='word_1_808' title='bbox 2354 4058 2536 4102; x_wconf 86' lang='lat' dir='ltr'><strong><em>terram</em></strong></span> <span class='ocrx_word' id='word_1_809' title='bbox 2561 4062 2720 4100; x_wconf 85' lang='lat' dir='ltr'><strong><em>meam</em></strong></span> <span class='ocrx_word' id='word_1_810' title='bbox 2740 4042 2891 4114; x_wconf 86' lang='lat' dir='ltr'><strong><em>(Gen.</em></strong></span> <span class='ocrx_word' id='word_1_811' title='bbox 2907 4043 2996 4097; x_wconf 77' lang='lat'><strong><em>&#39;50.</em></strong></span> <span class='ocrx_word' id='word_1_812' title='bbox 3021 4041 3128 4110; x_wconf 71' lang='grc'><strong><em>25).</em></strong></span> 
     </span>
    </p>
   </div>
   <div class='ocr_carea' id='block_1_104' title="bbox 2019 4171 3531 4252">
    <p class='ocr_par' dir='ltr' id='par_1_104' title="bbox 2019 4171 3531 4252">
     <span class='ocr_line' id='line_1_104' title="bbox 2019 4171 3531 4252; baseline -0.011 -14"><span class='ocrx_word' id='word_1_813' title='bbox 2019 4185 2072 4238; x_wconf 79' lang='grc'><strong>1.</strong></span> <span class='ocrx_word' id='word_1_814' title='bbox 2090 4183 2337 4252; x_wconf 69' lang='lat' dir='ltr'><strong><em>Exempla</em></strong></span> <span class='ocrx_word' id='word_1_815' title='bbox 2359 4189 2650 4235; x_wconf 88' lang='lat' dir='ltr'><strong><em>sanctorum</em></strong></span> <span class='ocrx_word' id='word_1_816' title='bbox 2673 4177 2918 4231; x_wconf 89' lang='lat' dir='ltr'><strong><em>imitanda</em></strong></span> <span class='ocrx_word' id='word_1_817' title='bbox 2954 4175 3096 4229; x_wconf 86' lang='lat' dir='ltr'><strong><em>nobis</em></strong></span> <span class='ocrx_word' id='word_1_818' title='bbox 3137 4172 3368 4243; x_wconf 86' lang='lat' dir='ltr'><strong><em>praponit</em></strong></span> <span class='ocrx_word' id='word_1_819' title='bbox 3394 4171 3531 4226; x_wconf 86' lang='lat' dir='ltr'><strong><em>Scri-</em></strong></span> 
     </span>
    </p>
   </div>
   <div class='ocr_carea' id='block_1_105' title="bbox 1947 4260 3527 4345">
    <p class='ocr_par' dir='ltr' id='par_1_105' title="bbox 1947 4260 3527 4345">
     <span class='ocr_line' id='line_1_105' title="bbox 1947 4260 3527 4345; baseline -0.011 -15"><span class='ocrx_word' id='word_1_820' title='bbox 1947 4287 2119 4345; x_wconf 82' lang='lat' dir='ltr'><strong><em>ptura.</em></strong></span> <span class='ocrx_word' id='word_1_821' title='bbox 2152 4272 2540 4328; x_wconf 81' lang='lat' dir='ltr'><strong><em>Mansuetudine</em></strong></span> <span class='ocrx_word' id='word_1_822' title='bbox 2580 4269 2710 4323; x_wconf 90' lang='lat' dir='ltr'><strong><em>nihil</em></strong></span> <span class='ocrx_word' id='word_1_823' title='bbox 2745 4268 2978 4322; x_wconf 88' lang='lat' dir='ltr'><strong><em>validius.</em></strong></span> <span class='ocrx_word' id='word_1_824' title='bbox 3011 4296 3081 4306; x_wconf 94' lang='lat'><strong>—</strong></span> <span class='ocrx_word' id='word_1_825' title='bbox 3103 4264 3370 4333; x_wconf 83' lang='lat' dir='ltr'><strong><em>Reliquias</em></strong></span> <span class='ocrx_word' id='word_1_826' title='bbox 3414 4260 3527 4315; x_wconf 87' lang='lat' dir='ltr'><strong><em>heri</em></strong></span> 
     </span>
    </p>
   </div>
   <div class='ocr_carea' id='block_1_106' title="bbox 1946 4352 3524 4420">
    <p class='ocr_par' dir='ltr' id='par_1_106' title="bbox 1946 4352 3524 4420">
     <span class='ocr_line' id='line_1_106' title="bbox 1946 4352 3524 4420; baseline -0.01 0"><span class='ocrx_word' id='word_1_827' title='bbox 1946 4366 2206 4420; x_wconf 89' lang='lat' dir='ltr'><strong><em>dictorum</em></strong></span> <span class='ocrx_word' id='word_1_828' title='bbox 2261 4372 2498 4417; x_wconf 91' lang='lat' dir='ltr'><strong><em>nostrum</em></strong></span> <span class='ocrx_word' id='word_1_829' title='bbox 2534 4371 2615 4415; x_wconf 89' lang='lat' dir='ltr'><strong><em>est</em></strong></span> <span class='ocrx_word' id='word_1_830' title='bbox 2639 4359 2798 4414; x_wconf 87' lang='lat' dir='ltr'><strong><em>hodie</em></strong></span> <span class='ocrx_word' id='word_1_831' title='bbox 2824 4366 3014 4412; x_wconf 77' lang='lat' dir='ltr'><strong><em>vestra:</em></strong></span> <span class='ocrx_word' id='word_1_832' title='bbox 3039 4355 3244 4410; x_wconf 84' lang='lat' dir='ltr'><strong><em>caritati</em></strong></span> <span class='ocrx_word' id='word_1_833' title='bbox 3267 4352 3524 4417; x_wconf 88' lang='lat' dir='ltr'><strong><em>reddere,</em></strong></span> 
     </span>
    </p>
   </div>
   <div class='ocr_carea' id='block_1_107' title="bbox 1947 4442 3527 4526">
    <p class='ocr_par' dir='ltr' id='par_1_107' title="bbox 1947 4442 3527 4526">
     <span class='ocr_line' id='line_1_107' title="bbox 1947 4442 3527 4526; baseline -0.011 -14"><span class='ocrx_word' id='word_1_834' title='bbox 1947 4469 2005 4512; x_wconf 91' lang='lat' dir='ltr'><strong><em>ut</em></strong></span> <span class='ocrx_word' id='word_1_835' title='bbox 2039 4473 2104 4510; x_wconf 85' lang='lat' dir='ltr'><strong><em>ex</em></strong></span> <span class='ocrx_word' id='word_1_836' title='bbox 2151 4456 2234 4509; x_wconf 90' lang='lat' dir='ltr'><strong><em>his</em></strong></span> <span class='ocrx_word' id='word_1_837' title='bbox 2263 4470 2378 4526; x_wconf 75' lang='lat' dir='ltr'><strong>qua:</strong></span> <span class='ocrx_word' id='word_1_838' title='bbox 2409 4471 2548 4508; x_wconf 89' lang='lat' dir='ltr'><strong><em>ttunc</em></strong></span> <span class='ocrx_word' id='word_1_839' title='bbox 2593 4453 2841 4506; x_wconf 89' lang='lat' dir='ltr'><strong><em>dicuntur</em></strong></span> <span class='ocrx_word' id='word_1_840' title='bbox 2870 4449 3136 4503; x_wconf 87' lang='lat' dir='ltr'><strong><em>discentes</em></strong></span> <span class='ocrx_word' id='word_1_841' title='bbox 3163 4455 3216 4500; x_wconf 90' lang='lat' dir='ltr'><strong><em>et</em></strong></span> <span class='ocrx_word' id='word_1_842' title='bbox 3242 4442 3527 4514; x_wconf 84' lang='lat' dir='ltr'><strong><em>providen-</em></strong></span> 
     </span>
    </p>
   </div>
   <div class='ocr_carea' id='block_1_108' title="bbox 1950 4534 3526 4616">
    <p class='ocr_par' dir='ltr' id='par_1_108' title="bbox 1950 4534 3526 4616">
     <span class='ocr_line' id='line_1_108' title="bbox 1950 4534 3526 4616; baseline -0.013 -12"><span class='ocrx_word' id='word_1_843' title='bbox 1950 4551 2073 4604; x_wconf 89' lang='lat' dir='ltr'><strong><em>tiam</em></strong></span> <span class='ocrx_word' id='word_1_844' title='bbox 2103 4549 2226 4610; x_wconf 86' lang='lat' dir='ltr'><strong><em>Dei,</em></strong></span> <span class='ocrx_word' id='word_1_845' title='bbox 2254 4562 2410 4616; x_wconf 88' lang='lat' dir='ltr'><strong><em>quam</em></strong></span> <span class='ocrx_word' id='word_1_846' title='bbox 2448 4559 2570 4614; x_wconf 86' lang='lat' dir='ltr'><strong><em>erga</em></strong></span> <span class='ocrx_word' id='word_1_847' title='bbox 2597 4543 2763 4598; x_wconf 79' lang='lat' dir='ltr'><strong><em>Iacob</em></strong></span> <span class='ocrx_word' id='word_1_848' title='bbox 2789 4538 3102 4604; x_wconf 86' lang='lat' dir='ltr'><strong><em>declaravit,</em></strong></span> <span class='ocrx_word' id='word_1_849' title='bbox 3123 4546 3176 4592; x_wconf 87' lang='lat' dir='ltr'><strong><em>et</em></strong></span> <span class='ocrx_word' id='word_1_850' title='bbox 3197 4535 3322 4603; x_wconf 91' lang='lat' dir='ltr'><strong><em>justi</em></strong></span> <span class='ocrx_word' id='word_1_851' title='bbox 3357 4534 3526 4603; x_wconf 84' lang='lat' dir='ltr'><strong><em>pieta-</em></strong></span> 
     </span>
    </p>
   </div>
   <div class='ocr_carea' id='block_1_109' title="bbox 1949 4625 3521 4708">
    <p class='ocr_par' dir='ltr' id='par_1_109' title="bbox 1949 4625 3521 4708">
     <span class='ocr_line' id='line_1_109' title="bbox 1949 4625 3521 4708; baseline -0.011 -13"><span class='ocrx_word' id='word_1_852' title='bbox 1949 4651 2055 4694; x_wconf 92' lang='lat' dir='ltr'><strong><em>tem</em></strong></span> <span class='ocrx_word' id='word_1_853' title='bbox 2086 4647 2416 4708; x_wconf 85' lang='lat' dir='ltr'><strong><em>spectantes,</em></strong></span> <span class='ocrx_word' id='word_1_854' title='bbox 2450 4635 2714 4688; x_wconf 90' lang='lat' dir='ltr'><strong><em>imitemur</em></strong></span> <span class='ocrx_word' id='word_1_855' title='bbox 2743 4631 2856 4699; x_wconf 92' lang='lat' dir='ltr'><strong><em>ejus</em></strong></span> <span class='ocrx_word' id='word_1_856' title='bbox 2885 4629 3148 4682; x_wconf 86' lang='lat' dir='ltr'><strong><em>virtutem.</em></strong></span> <span class='ocrx_word' id='word_1_857' title='bbox 3179 4625 3359 4694; x_wconf 86' lang='lat' dir='ltr'><strong><em>Neque</em></strong></span> <span class='ocrx_word' id='word_1_858' title='bbox 3378 4625 3521 4679; x_wconf 89' lang='lat' dir='ltr'><strong><em>enim</em></strong></span> 
     </span>
    </p>
   </div>
   <div class='ocr_carea' id='block_1_110' title="bbox 1948 4718 3534 4802">
    <p class='ocr_par' dir='ltr' id='par_1_110' title="bbox 1948 4718 3534 4802">
     <span class='ocr_line' id='line_1_110' title="bbox 1948 4718 3534 4802; baseline -0.012 -14"><span class='ocrx_word' id='word_1_859' title='bbox 1948 4737 2151 4802; x_wconf 79' lang='lat' dir='ltr'><strong><em>absque</em></strong></span> <span class='ocrx_word' id='word_1_860' title='bbox 2193 4747 2350 4788; x_wconf 90' lang='lat' dir='ltr'><strong><em>causa</em></strong></span> <span class='ocrx_word' id='word_1_861' title='bbox 2400 4729 2569 4783; x_wconf 88' lang='lat' dir='ltr'><strong><em>sancti</em></strong></span> <span class='ocrx_word' id='word_1_862' title='bbox 2620 4727 2850 4796; x_wconf 89' lang='lat' dir='ltr'><strong><em>Spiritus</em></strong></span> <span class='ocrx_word' id='word_1_863' title='bbox 2890 4723 3057 4794; x_wconf 86' lang='lat' dir='ltr'><strong><em>gratia</em></strong></span> <span class='ocrx_word' id='word_1_864' title='bbox 3105 4721 3328 4791; x_wconf 89' lang='lat' dir='ltr'><strong><em>scriptas</em></strong></span> <span class='ocrx_word' id='word_1_865' title='bbox 3376 4718 3534 4772; x_wconf 91' lang='lat' dir='ltr'><strong><em>nobis</em></strong></span> 
     </span>
    </p>
   </div>
   <div class='ocr_carea' id='block_1_111' title="bbox 1949 4813 3533 4895">
    <p class='ocr_par' dir='ltr' id='par_1_111' title="bbox 1949 4813 3533 4895">
     <span class='ocr_line' id='line_1_111' title="bbox 1949 4813 3533 4895; baseline -0.014 -14"><span class='ocrx_word' id='word_1_866' title='bbox 1949 4827 2160 4895; x_wconf 89' lang='lat' dir='ltr'><strong><em>reliquit</em></strong></span> <span class='ocrx_word' id='word_1_867' title='bbox 2206 4824 2362 4877; x_wconf 89' lang='lat' dir='ltr'><strong><em>hasce</em></strong></span> <span class='ocrx_word' id='word_1_868' title='bbox 2413 4820 2693 4882; x_wconf 84' lang='lat' dir='ltr'><strong><em>historias,</em></strong></span> <span class='ocrx_word' id='word_1_869' title='bbox 2725 4816 2819 4873; x_wconf 89' lang='lat' dir='ltr'><strong><em>sed</em></strong></span> <span class='ocrx_word' id='word_1_870' title='bbox 2864 4825 2920 4870; x_wconf 89' lang='lat' dir='ltr'><strong><em>ut</em></strong></span> <span class='ocrx_word' id='word_1_871' title='bbox 2948 4815 3014 4868; x_wconf 91' lang='lat' dir='ltr'><strong><em>ad</em></strong></span> <span class='ocrx_word' id='word_1_872' title='bbox 3053 4813 3445 4868; x_wconf 65' lang='lat' dir='ltr'><strong><em>aemulationem</em></strong></span> <span class='ocrx_word' id='word_1_873' title='bbox 3477 4813 3533 4862; x_wconf 87' lang='lat' dir='ltr'><strong><em>ct</em></strong></span> 
     </span>
    </p>
   </div>
   <div class='ocr_carea' id='block_1_112' title="bbox 1951 4901 3533 4977">
    <p class='ocr_par' dir='ltr' id='par_1_112' title="bbox 1951 4901 3533 4977">
     <span class='ocr_line' id='line_1_112' title="bbox 1951 4901 3533 4977; baseline -0.013 -3"><span class='ocrx_word' id='word_1_874' title='bbox 1951 4919 2297 4974; x_wconf 89' lang='lat' dir='ltr'><strong><em>imitationem</em></strong></span> <span class='ocrx_word' id='word_1_875' title='bbox 2348 4925 2612 4969; x_wconf 90' lang='lat' dir='ltr'><strong><em>tantorum</em></strong></span> <span class='ocrx_word' id='word_1_876' title='bbox 2682 4912 2913 4964; x_wconf 91' lang='lat' dir='ltr'><strong><em>virorum</em></strong></span> <span class='ocrx_word' id='word_1_877' title='bbox 2977 4915 3248 4977; x_wconf 86' lang='lat' dir='ltr'><strong><em>provocet.</em></strong></span> <span class='ocrx_word' id='word_1_878' title='bbox 3309 4901 3533 4970; x_wconf 86' lang='lat' dir='ltr'><strong><em>Quando</em></strong></span> 
     </span>
    </p>
   </div>
   <div class='ocr_carea' id='block_1_113' title="bbox 1951 4993 3532 5072">
    <p class='ocr_par' dir='ltr' id='par_1_113' title="bbox 1951 4993 3532 5072">
     <span class='ocr_line' id='line_1_113' title="bbox 1951 4993 3532 5072; baseline -0.015 -7"><span class='ocrx_word' id='word_1_879' title='bbox 1951 5011 2091 5065; x_wconf 89' lang='lat' dir='ltr'><strong><em>enim</em></strong></span> <span class='ocrx_word' id='word_1_880' title='bbox 2152 5007 2396 5062; x_wconf 89' lang='lat' dir='ltr'><strong><em>audimus</em></strong></span> <span class='ocrx_word' id='word_1_881' title='bbox 2452 5004 2606 5072; x_wconf 86' lang='lat' dir='ltr'><strong><em>hujus</em></strong></span> <span class='ocrx_word' id='word_1_882' title='bbox 2670 5002 2882 5071; x_wconf 86' lang='lat' dir='ltr'><strong><em>quidem</em></strong></span> <span class='ocrx_word' id='word_1_883' title='bbox 2943 4997 3329 5060; x_wconf 90' lang='lat' dir='ltr'><strong><em>obedientiam,</em></strong></span> <span class='ocrx_word' id='word_1_884' title='bbox 3383 4993 3532 5045; x_wconf 88' lang='lat' dir='ltr'><strong><em>istius</em></strong></span> 
     </span>
    </p>
   </div>
   <div class='ocr_carea' id='block_1_114' title="bbox 1952 5082 3528 5161">
    <p class='ocr_par' dir='ltr' id='par_1_114' title="bbox 1952 5082 3528 5161">
     <span class='ocr_line' id='line_1_114' title="bbox 1952 5082 3528 5161; baseline -0.016 -4"><span class='ocrx_word' id='word_1_885' title='bbox 1952 5113 2126 5156; x_wconf 88' lang='lat' dir='ltr'><strong><em>autem</em></strong></span> <span class='ocrx_word' id='word_1_886' title='bbox 2171 5097 2582 5161; x_wconf 89' lang='lat' dir='ltr'><strong><em>continentiam,</em></strong></span> <span class='ocrx_word' id='word_1_887' title='bbox 2615 5095 2759 5148; x_wconf 92' lang='lat' dir='ltr'><strong><em>illius</em></strong></span> <span class='ocrx_word' id='word_1_888' title='bbox 2803 5107 2928 5146; x_wconf 89' lang='lat' dir='ltr'><strong><em>vero</em></strong></span> <span class='ocrx_word' id='word_1_889' title='bbox 2956 5091 3006 5144; x_wconf 92' lang='lat' dir='ltr'><strong>in</strong></span> <span class='ocrx_word' id='word_1_890' title='bbox 3055 5087 3349 5156; x_wconf 86' lang='lat' dir='ltr'><strong><em>hospitibus</em></strong></span> <span class='ocrx_word' id='word_1_891' title='bbox 3377 5082 3528 5136; x_wconf 91' lang='lat' dir='ltr'><strong><em>colli-</em></strong></span> 
     </span>
    </p>
   </div>
   <div class='ocr_carea' id='block_1_115' title="bbox 1951 5173 3534 5265">
    <p class='ocr_par' dir='ltr' id='par_1_115' title="bbox 1951 5173 3534 5265">
     <span class='ocr_line' id='line_1_115' title="bbox 1951 5173 3534 5265; baseline -0.015 -19"><span class='ocrx_word' id='word_1_892' title='bbox 1951 5195 2136 5265; x_wconf 79' lang='lat' dir='ltr'><strong><em>gendis</em></strong></span> <span class='ocrx_word' id='word_1_893' title='bbox 2161 5190 2572 5246; x_wconf 90' lang='lat' dir='ltr'><strong><em>sollicitudinem</em></strong></span> <span class='ocrx_word' id='word_1_894' title='bbox 2593 5229 2609 5256; x_wconf 88' lang='lat'><strong><em>,</em></strong></span> <span class='ocrx_word' id='word_1_895' title='bbox 2641 5197 2991 5256; x_wconf 86' lang='lat' dir='ltr'><strong><em>magnamque</em></strong></span> <span class='ocrx_word' id='word_1_896' title='bbox 3016 5179 3342 5248; x_wconf 80' lang='lat' dir='ltr'><strong><em>singulorum</em></strong></span> <span class='ocrx_word' id='word_1_897' title='bbox 3369 5173 3534 5226; x_wconf 87' lang='lat' dir='ltr'><strong><em>virtu-</em></strong></span> 
     </span>
    </p>
   </div>
   <div class='ocr_carea' id='block_1_116' title="bbox 1955 5262 3531 5355">
    <p class='ocr_par' dir='ltr' id='par_1_116' title="bbox 1955 5262 3531 5355">
     <span class='ocr_line' id='line_1_116' title="bbox 1955 5262 3531 5355; baseline -0.019 -12"><span class='ocrx_word' id='word_1_898' title='bbox 1955 5262 2160 5348; x_wconf 59' lang='lat' dir='ltr'><strong><em>iem,ac</em></strong></span> <span class='ocrx_word' id='word_1_899' title='bbox 2207 5283 2473 5355; x_wconf 91' lang='lat' dir='ltr'><strong><em>quomodo</em></strong></span> <span class='ocrx_word' id='word_1_900' title='bbox 2533 5281 2861 5342; x_wconf 88' lang='lat' dir='ltr'><strong><em>claruerint,</em></strong></span> <span class='ocrx_word' id='word_1_901' title='bbox 2926 5274 2992 5328; x_wconf 90' lang='lat' dir='ltr'><strong><em>ad</em></strong></span> <span class='ocrx_word' id='word_1_902' title='bbox 3044 5271 3236 5326; x_wconf 88' lang='lat' dir='ltr'><strong><em>similia</em></strong></span> <span class='ocrx_word' id='word_1_903' title='bbox 3295 5262 3531 5319; x_wconf 76' lang='lat' dir='ltr'><strong><em>facienda</em></strong></span> 
     </span>
    </p>
   </div>
   <div class='ocr_carea' id='block_1_117' title="bbox 1951 5357 3534 5447">
    <p class='ocr_par' dir='ltr' id='par_1_117' title="bbox 1951 5357 3534 5447">
     <span class='ocr_line' id='line_1_117' title="bbox 1951 5357 3534 5447; baseline -0.016 -12"><span class='ocrx_word' id='word_1_904' title='bbox 1951 5381 2269 5436; x_wconf 86' lang='lat' dir='ltr'><strong><em>excitamur.</em></strong></span> <span class='ocrx_word' id='word_1_905' title='bbox 2310 5379 2420 5447; x_wconf 85' lang='lat' dir='ltr'><strong><em>Age</em></strong></span> <span class='ocrx_word' id='word_1_906' title='bbox 2451 5376 2610 5444; x_wconf 87' lang='lat' dir='ltr'><strong><em>igitur</em></strong></span> <span class='ocrx_word' id='word_1_907' title='bbox 2636 5372 2701 5426; x_wconf 87' lang='lat' dir='ltr'><strong><em>ad</em></strong></span> <span class='ocrx_word' id='word_1_908' title='bbox 2733 5386 2793 5424; x_wconf 90' lang='lat' dir='ltr'><strong><em>ea</em></strong></span> <span class='ocrx_word' id='word_1_909' title='bbox 2827 5383 2944 5438; x_wconf 66' lang='lat' dir='ltr'><strong><em>qua:</em></strong></span> <span class='ocrx_word' id='word_1_910' title='bbox 2978 5365 3156 5418; x_wconf 90' lang='lat' dir='ltr'><strong><em>relicta</em></strong></span> <span class='ocrx_word' id='word_1_911' title='bbox 3188 5369 3310 5414; x_wconf 89' lang='lat' dir='ltr'><strong><em>sunt</em></strong></span> <span class='ocrx_word' id='word_1_912' title='bbox 3355 5358 3407 5411; x_wconf 93' lang='lat' dir='ltr'><strong><em>iu</em></strong></span> <span class='ocrx_word' id='word_1_913' title='bbox 3454 5357 3534 5410; x_wconf 87' lang='lat' dir='ltr'><strong><em>lti-</em></strong></span> 
     </span>
    </p>
   </div>
   <div class='ocr_carea' id='block_1_118' title="bbox 1953 5455 3533 5536">
    <p class='ocr_par' dir='ltr' id='par_1_118' title="bbox 1953 5455 3533 5536">
     <span class='ocr_line' id='line_1_118' title="bbox 1953 5455 3533 5536; baseline -0.016 -10"><span class='ocrx_word' id='word_1_914' title='bbox 1953 5471 2116 5526; x_wconf 88' lang='lat' dir='ltr'><strong><em>storia</em></strong></span> <span class='ocrx_word' id='word_1_915' title='bbox 2147 5469 2292 5522; x_wconf 89' lang='lat' dir='ltr'><strong><em>illius</em></strong></span> <span class='ocrx_word' id='word_1_916' title='bbox 2312 5466 2438 5536; x_wconf 92' lang='lat' dir='ltr'><strong><em>justi</em></strong></span> <span class='ocrx_word' id='word_1_917' title='bbox 2467 5464 2624 5518; x_wconf 89' lang='lat' dir='ltr'><strong><em>hodie</em></strong></span> <span class='ocrx_word' id='word_1_918' title='bbox 2644 5459 2980 5522; x_wconf 82' lang='lat' dir='ltr'><strong><em>accedentes,</em></strong></span> <span class='ocrx_word' id='word_1_919' title='bbox 3014 5455 3172 5507; x_wconf 82' lang='lat' dir='ltr'><strong><em>finem</em></strong></span> <span class='ocrx_word' id='word_1_920' title='bbox 3199 5455 3533 5520; x_wconf 84' lang='lat' dir='ltr'><strong><em>imponamus</em></strong></span> 
     </span>
    </p>
   </div>
   <div class='ocr_carea' id='block_1_119' title="bbox 1952 5545 3534 5617">
    <p class='ocr_par' dir='ltr' id='par_1_119' title="bbox 1952 5545 3534 5617">
     <span class='ocr_line' id='line_1_119' title="bbox 1952 5545 3534 5617; baseline -0.018 1"><span class='ocrx_word' id='word_1_921' title='bbox 1952 5561 2204 5617; x_wconf 89' lang='lat' dir='ltr'><strong><em>sermoni.</em></strong></span> <span class='ocrx_word' id='word_1_922' title='bbox 2246 5558 2336 5612; x_wconf 75' lang='grc'><strong><em>25.</em></strong></span> <span class='ocrx_word' id='word_1_923' title='bbox 2387 5555 2604 5608; x_wconf 84' lang='lat' dir='ltr'><strong><em>Factum</em></strong></span> <span class='ocrx_word' id='word_1_924' title='bbox 2658 5560 2731 5604; x_wconf 80' lang='lat' dir='ltr'><strong><em>est</em></strong></span> <span class='ocrx_word' id='word_1_925' title='bbox 2773 5558 2975 5613; x_wconf 86' lang='lat' dir='ltr'><strong><em>autem,</em></strong></span> <span class='ocrx_word' id='word_1_926' title='bbox 3024 5545 3226 5614; x_wconf 89' lang='lat' dir='ltr'><strong><em>inquit,</em></strong></span> <span class='ocrx_word' id='word_1_927' title='bbox 3275 5553 3534 5612; x_wconf 79' lang='lat' dir='ltr'><strong><em>postquam</em></strong></span> 
     </span>
    </p>
   </div>
   <div class='ocr_carea' id='block_1_120' title="bbox 1951 5631 3538 5725">
    <p class='ocr_par' dir='ltr' id='par_1_120' title="bbox 1951 5631 3538 5725">
     <span class='ocr_line' id='line_1_120' title="bbox 1951 5631 3538 5725; baseline -0.016 -16"><span class='ocrx_word' id='word_1_928' title='bbox 1951 5657 2143 5725; x_wconf 81' lang='lat' dir='ltr'><strong><em>peperit</em></strong></span> <span class='ocrx_word' id='word_1_929' title='bbox 2177 5648 2363 5705; x_wconf 87' lang='lat' dir='ltr'><strong><em>Racltcl</em></strong></span> <span class='ocrx_word' id='word_1_930' title='bbox 2388 5644 2578 5715; x_wconf 81' lang='lat' dir='ltr'><strong><em>Ioseph</em></strong></span> <span class='ocrx_word' id='word_1_931' title='bbox 2598 5685 2614 5713; x_wconf 88' lang='lat'><strong>,</strong></span> <span class='ocrx_word' id='word_1_932' title='bbox 2640 5641 2767 5696; x_wconf 66' lang='lat' dir='ltr'><strong><em>dixit</em></strong></span> <span class='ocrx_word' id='word_1_933' title='bbox 2793 5638 2951 5694; x_wconf 73' lang='lat' dir='ltr'><strong><em>Iacob</em></strong></span> <span class='ocrx_word' id='word_1_934' title='bbox 2977 5637 3043 5692; x_wconf 91' lang='lat' dir='ltr'><strong><em>ad</em></strong></span> <span class='ocrx_word' id='word_1_935' title='bbox 3078 5635 3249 5690; x_wconf 84' lang='lat' dir='ltr'><strong><em>Laban</em></strong></span> <span class='ocrx_word' id='word_1_936' title='bbox 3280 5650 3298 5684; x_wconf 90' lang='lat'><strong><em>:</em></strong></span> <span class='ocrx_word' id='word_1_937' title='bbox 3330 5631 3538 5686; x_wconf 83' lang='lat' dir='ltr'><strong><em>Dimitte</em></strong></span> 
     </span>
    </p>
   </div>
  </div>
