3974 6474
430 281 536 342 ιθε

430 413 510 452 me
533 439 548 464 ,
575 405 634 451 ut
660 396 836 452 abeam
859 396 910 451 in
950 395 1116 451 locum
1159 413 1324 451 meum
1346 405 1392 450 et
1417 397 1470 450 in
1495 405 1685 448 terram
1713 410 1895 448 meam.
1926 390 2018 447 26.

438 491 614 546 Redde
641 491 766 545 mibi
789 507 974 545 uxores
992 500 1040 544 et
1063 487 1198 559 ﬁlios
1217 505 1353 544 meos
1377 505 1471 558 pro
1497 488 1677 558 quibus
1702 487 1883 541 servivi
1912 485 2020 539 tibi.

438 581 571 637 Vide
594 582 723 652 justi
768 597 1014 652 magnam
1042 581 1097 635 in
1125 579 1316 634 affectu
1369 579 1686 649 probitatem
1709 619 1724 645 ,
1752 578 2024 649 quomodo

436 673 628 730 videns
649 673 926 728 manifeste
950 672 1114 728 Deum
1137 671 1219 726 sui
1246 670 1445 726 habere
1463 685 1645 724 curam
1672 711 1687 734 ,
1715 686 1819 724 non
1845 684 2024 739 super-

436 763 773 822 bivitcontra
803 762 1019 830 Laban,
1066 762 1160 817 sed
1205 777 1327 817 cum
1377 776 1567 831 magna
1616 761 2024 815 mansuetudine

437 854 608 921 dixit,
660 853 869 908 Dimitte
899 869 1010 920 me,
1065 861 1122 908 ut
1159 853 1356 908 abeam.
1409 851 1550 907 Vere
1591 851 1724 906 nihil
1768 867 2021 906 mansue-

436 946 617 1002 tudine
661 945 923 1014 validius,
968 946 1102 1001 nihil
1166 947 1470 1017 potentius.
1509 945 1645 1000 Vide
1673 945 1832 1015 igitur
1886 958 2024 1014 quo-

437 1038 597 1092 modo
644 1039 873 1110 primum
945 1040 1353 1096 mansuetudine
1403 1055 1534 1096 usus
1570 1080 1586 1104 ,
1638 1040 1816 1096 effecit
1863 1048 1919 1094 ut
1971 1047 2028 1094 et

437 1130 615 1187 Iarban
654 1147 847 1204 magna
883 1133 932 1187 ei
972 1133 1342 1189 benevolentia
1372 1131 1752 1204 responderit.
1791 1133 1881 1187 27.
1929 1132 2025 1186 Di-

432 1223 508 1276 xit
541 1223 674 1277 enim
697 1224 774 1291 ei,
805 1223 1015 1295 inquit,
1055 1223 1230 1278 Laban
1258 1241 1279 1279 :
1327 1225 1389 1280 Si
1412 1224 1579 1279 inveni
1614 1225 1830 1296 gratiam
1855 1240 2026 1278 coram

436 1324 484 1366 te
508 1356 522 1381 ,
564 1314 812 1385 siquidem
847 1318 1132 1387 conjectare
1166 1328 1301 1370 certo
1338 1333 1544 1388 possum
1579 1317 1718 1387 quod
1757 1317 2026 1372 benedixe—

436 1405 503 1458 rit
524 1421 603 1458 me
626 1403 765 1460 Deus
789 1406 842 1460 in
867 1407 1093 1478 ingressu
1115 1415 1202 1461 tuo
1220 1407 1338 1466 .28.
1366 1406 1553 1462 Indica
1583 1408 1712 1461 mihi
1750 1407 2028 1462 mercedem

439 1504 600 1561 tuam,
629 1505 679 1550 et
725 1496 880 1553 dabo.
907 1496 1022 1551 Non
1070 1497 1258 1567 ignoro
1281 1539 1298 1564 ,
1331 1499 1536 1567 inquit,
1570 1507 1691 1569 post
1737 1498 2027 1554 adventum

441 1596 589 1641 tuum
609 1587 1018 1658 locupletiorem
1040 1589 1168 1644 mihi
1190 1591 1422 1646 divinam
1451 1591 1875 1647 benevolentiam
1899 1607 2032 1647 eon-

441 1678 647 1748 tigisse.
675 1677 840 1749 Igitur
867 1680 988 1749 quia
1025 1682 1202 1736 sentio
1223 1681 1482 1737 beneficia
1509 1698 1628 1752 qua:
1651 1682 1781 1737 mihi
1812 1693 2031 1754 propter

439 1771 725 1826 adventum
775 1783 923 1828 tuum
969 1774 1091 1828 data
1137 1784 1291 1839 sunt,
1321 1785 1574 1846 quantam
1614 1777 1694 1832 vis
1724 1777 2030 1833 mercedem

443 1861 637 1924 indica,
660 1871 715 1916 et
735 1879 834 1932 ego
865 1874 1107 1934 prompte
1139 1868 1424 1935 prmstabo.
1454 1869 1743 1925 Considera
1773 1881 2030 1940 quantum

441 1953 614 2007 valeat
643 1956 998 2010 mansuetudo
1023 1974 1036 2011 :
1071 1972 1139 2012 ne
1171 1960 1528 2028 perfunctorie
1553 1961 1756 2018 dietum
1785 1974 2029 2018 transea-

443 2058 598 2110 mus;
628 2045 722 2101 sed
743 2047 962 2103 attende
990 2050 1264 2120 quomodo
1283 2051 1464 2122 justus
1495 2070 1668 2124 neque
1696 2057 2031 2126 cogitaverit,

444 2149 619 2204 neque
665 2139 996 2194 mentionem
1024 2141 1227 2207 fecerit,
1265 2159 1440 2213 neque
1484 2147 1788 2216 requisierit
1828 2164 2036 2204 merce-

445 2223 566 2278 dem
617 2227 1022 2295 laborum;sed
1071 2232 1174 2286 hoc
1203 2234 1374 2288 solum
1417 2235 1652 2303 dixerit,
1683 2237 1860 2294 Redde
1912 2242 2038 2295 mihi

447 2333 632 2372 uxores
655 2328 702 2372 et
723 2319 905 2375 liberos
936 2339 1029 2392 pro
1062 2323 1244 2394 quibus
1264 2327 1443 2380 servivi
1471 2327 1592 2394 tibi,
1619 2341 1674 2383 ut
1703 2330 1876 2384 abeam
1903 2347 1921 2386 :
1949 2333 2037 2387 ille

449 2409 710 2463 reveritus
726 2410 854 2480 justi
879 2429 1122 2483 magnam
1149 2418 1476 2487 aequitatem,
1507 2419 1679 2491 inquit
1709 2439 1724 2476 :
1757 2423 1848 2478 Dic
1877 2439 2035 2494 quam

447 2498 526 2553 vis
557 2500 648 2554 tibi
675 2503 981 2558 mercedem
1013 2520 1041 2558 a
1069 2522 1157 2560 me
1184 2508 1334 2575 dari,
1357 2521 1410 2565 et
1430 2512 1575 2567 illam
1609 2527 1853 2584 prompte
1874 2515 2037 2574 dabo.

449 2589 641 2644 Annon
671 2607 792 2646 eum
827 2593 943 2664 ipso
970 2607 1126 2653 erant
1159 2601 1416 2659 mulieres
1445 2613 1500 2659 et
1528 2607 1914 2675 pueri?Quare
1941 2609 2042 2680 igi-

453 2689 540 2734 tttr
560 2681 723 2748 dixit,
749 2683 927 2740 Redde
953 2690 1079 2744 mihi
1106 2707 1287 2748 uxores
1313 2705 1359 2748 et
1379 2698 1610 2765 pueros?
1637 2699 1806 2769 Digno
1838 2701 2044 2757 honore

449 2786 574 2826 eutn
624 2787 981 2846 prosequutus
1010 2789 1131 2848 est,
1165 2799 1432 2856 suumque
1475 2804 1680 2845 morem
1733 2809 1829 2862 per
1862 2795 2042 2850 omnia

450 2860 727 2952 observat,
751 2875 806 2920 et
835 2866 1002 2924 libere
1031 2870 1308 2930 discedere
1333 2877 1604 2935 vult.Vide
1635 2860 1794 2952 igitur
1813 2899 1878 2938 ex
1913 2899 2039 2940 ver-

453 2951 536 3004 bis
562 2952 690 3021 ipsis
717 2959 988 3025 quomodo
1013 2967 1236 3018 attraxit
1258 2965 1553 3035 Labanum,
1572 2981 1626 3026 ut
1654 2951 1714 3028 se
1738 2976 2041 3032 mercedem

454 3041 706 3100 daturum
737 3058 929 3116 sponte
961 3054 1272 3121 promittat,
1305 3068 1464 3128 atque
1493 3061 1810 3119 electionem
1843 3068 1892 3121 ei
1920 3083 2044 3138 per-

455 3135 650 3189 mittat.
701 3137 840 3205 Quid
885 3141 1048 3212 igitur
1094 3144 1310 3215 justus?
1337 3149 1470 3207 Vide
1517 3157 1876 3213 excellentem
1920 3135 2048 3230 ejus

460 3233 948 3303 mansuetudinem,
972 3243 1242 3310 quomodo
1268 3261 1444 3317 neque
1471 3249 1548 3305 sic
1573 3267 1832 3310 onerosus
1852 3265 1907 3311 et
1933 3272 2052 3312 mo-

462 3318 629 3375 lestus
656 3332 742 3377 est
785 3325 1023 3385 Labano.
1057 3331 1164 3388 Sed
1184 3337 1352 3406 quid?
1377 3339 1555 3409 ipsum
1588 3353 1780 3400 testem
1803 3345 1931 3402 facit
1965 3349 2050 3404 sui

458 3409 680 3469 allectus
709 3423 764 3471 et
787 3417 1087 3479 officiorum
1118 3441 1364 3495 suorum,
1396 3440 1451 3485 et
1481 3449 1594 3489 sum
1620 3438 1765 3491 omni
1810 3448 2050 3510 tempore

459 3503 512 3556 in
543 3504 634 3559 illo
661 3509 948 3567 serviendo
977 3514 1394 3576 benevolentiae.
1416 3523 1507 3579 29.
1533 3523 1613 3580 Tu
1637 3529 1769 3581 nosti
1791 3570 1806 3595 ,
1836 3503 2008 3601 inquit
2031 3574 2047 3600 ,

460 3596 680 3658 qualiter
707 3599 798 3689 tibi
835 3606 1093 3660 servierint
1123 3607 1139 3639 ‘
1161 3650 1176 3673 ,
1216 3620 1262 3664 et
1302 3625 1495 3682 quanta
1539 3618 1728 3687 fuerint
1753 3596 1934 3689 pecora
1964 3596 2051 3677 tua

462 3699 675 3740 mecum.
703 3688 792 3743 50.
821 3689 994 3748 Parva
1017 3699 1151 3751 enim
1187 3711 1329 3755 erant
1357 3718 1529 3756 coram
1556 3722 1656 3774 me,
1688 3719 1734 3760 et
1756 3688 1908 3764 aucta
1933 3723 2052 3768 sunt

461 3775 516 3828 in
563 3793 802 3849 magnam
839 3786 1242 3859 multitudinem,
1275 3805 1320 3848 et
1348 3795 1600 3851 benedixit
1627 3811 1675 3852 te
1699 3800 1951 3858 Dentian
1984 3807 2053 3860 ad

467 3869 644 3968 pedem
668 3889 834 3930 meum
857 3893 876 3931 :
901 3895 1037 3936 nunc
1063 3883 1219 3953 igitur
1243 3890 1448 3956 quando
1488 3892 1675 3961 faciam
1719 3906 1766 3950 et
1803 3915 1893 3968 ego
1927 3902 2053 3956 mihi

463 3959 562 4029 ipsi
582 3963 790 4021 domum
809 3968 836 4022 7
858 3970 933 4027 Te
956 3988 1091 4029 voco
1107 3987 1298 4034 testem
1321 3959 1563 4039 laborum
1592 3959 2049 4047 meorunt.Vidisti

464 4051 607 4107 enim
631 4068 834 4150 quanto
862 4065 1040 4121 studio
1068 4077 1122 4121 et
1152 4068 1254 4126 fide
1283 4074 1462 4130 omnia
1499 4076 1921 4137 administrarim
1942 4125 1958 4150 ,
1989 4100 2053 4141 ac

464 4145 734 4239 quoume
782 4148 834 4203 in
882 4167 1046 4220 parvo
1093 4173 1316 4215 numero
1361 4168 1657 4234 acceperim
1694 4186 1886 4239 pecora
1927 4184 2049 4239 tua,

468 4245 589 4300 qua:
607 4233 882 4306 diligentia
903 4244 1281 4318 vigilantiaque
1309 4267 1423 4306 mea
1453 4233 1505 4308 in
1535 4233 1738 4312 tantum
1768 4233 2049 4320 numerum

467 4336 714 4425 crescere
752 4333 954 4387 curavi.
989 4336 1192 4394 Deinde
1222 4353 1528 4400 monstrans
1557 4363 1706 4403 suam
1738 4352 2051 4425 religionem

471 4413 642 4486 inquit
667 4437 680 4474 :
713 4418 978 4480 Benedixit
1018 4430 1151 4482 enint
1177 4440 1224 4483 te
1251 4431 1500 4490 Dominus
1541 4438 1610 4490 ad
1636 4441 1812 4507 pedem
1838 4413 2008 4500 ineunt
2034 4462 2054 4503 :

470 4524 604 4564 nunc
633 4511 792 4583 igitur
814 4519 1020 4587 quando
1041 4524 1227 4593 faciant
1258 4536 1305 4580 et
1328 4544 1420 4598 ego
1446 4531 1571 4584 nti/ti
1595 4533 1838 4590 domum?
1867 4538 2053 4596 Vidisti

468 4603 632 4660 etiam
681 4608 796 4677 ipse
838 4621 958 4682 post
1009 4631 1188 4671 meatu
1229 4618 1514 4678 adventum
1551 4628 1777 4696 gratiam
1819 4630 2052 4688 divinant

472 4703 591 4752 tuas
619 4701 835 4758 auxisse
862 4704 1160 4767 facultates.
1193 4711 1342 4768 Nunc
1374 4715 1556 4785 igitur,
1591 4723 1842 4790 quoniam
1875 4735 1928 4780 et
1954 4741 2054 4796 ego

467 4799 588 4853 qute
610 4803 742 4846 meae
767 4807 920 4852 erant
951 4798 1215 4858 facultatis
1245 4807 1424 4862 omnia
1456 4826 1645 4881 magna
1666 4815 1830 4869 animi
1859 4817 2054 4872 alacri-

472 4887 583 4934 tate
613 4881 815 4940 faciens
836 4929 852 4954 ,
884 4891 1240 4950 ministerium
1273 4898 1494 4967 perfeci,
1525 4913 1578 4958 et
1607 4908 1778 4975 gratia
1808 4909 1902 4965 Dei
1942 4927 2054 4965 ma-

474 4971 668 5070 nifesta
690 4977 801 5032 visa
822 4989 933 5037 est:
952 4983 1156 5054 justum
1183 4999 1268 5044 est
1293 5001 1350 5045 ut
1371 5002 1426 5047 et
1454 5010 1553 5064 ego
1576 4971 1704 5052 mihi
1735 5000 1834 5070 ipsi
1861 5002 2052 5059 faciam

471 5064 713 5159 domum.
741 5069 878 5138 Quid
915 5087 998 5129 est
1029 5118 1046 5142 ,
1084 5078 1214 5134 Mihi
1255 5081 1444 5140 faciam
1487 5087 1703 5143 domum
1728 5064 1834 5146 ?'ld
1863 5103 1964 5159 est,
1997 5097 2053 5152 ln

471 5157 721 5216 libertate
762 5173 945 5232 postea
989 5182 1196 5236 verser,
1229 5181 1284 5226 et
1322 5188 1505 5230 curam
1554 5176 1746 5235 domus
1788 5199 1923 5238 mete
1954 5157 2057 5240 tha—

473 5250 650 5305 beam.
686 5253 810 5309 llaec
836 5267 892 5311 ut
922 5259 1127 5314 audivit
1157 5261 1360 5331 Laban,
1393 5266 1480 5322 51.
1510 5267 1658 5326 Dixit
1679 5273 1726 5327 ei
1755 5290 1775 5327 :
1803 5275 1937 5341 Quid
1969 5279 2056 5332 tibi

471 5342 597 5397 dabo
615 5345 642 5398 3
666 5347 803 5413 Quid
835 5351 915 5404 vis
933 5368 962 5408 a
983 5369 1068 5409 me
1100 5355 1197 5412 tibi
1227 5357 1381 5415 dari?
1404 5361 1675 5420 Confiteor
1700 5369 1863 5431 enim,
1893 5381 1948 5425 et
1976 5373 2055 5426 in-

475 5434 620 5491 ficias
649 5452 754 5491 non
795 5457 860 5495 eo
889 5459 902 5495 :
933 5445 1045 5500 scio
1071 5449 1212 5504 enim
1256 5465 1452 5520 quanta
1488 5455 1614 5510 mihi
1647 5455 1846 5513 fuerint
1883 5475 1914 5514 a
1946 5463 2055 5518 Deo

474 5523 616 5592 data,
646 5536 700 5608 et
749 5533 890 5600 quod
945 5535 1280 5596 benedixerit
1330 5559 1416 5601 me
1457 5545 1595 5602 Deus
1637 5547 1701 5602 ad
1755 5549 2053 5621 ingressum

525 5685 541 5718 ι
579 5685 802 5744 Quatuor
821 5699 945 5754 una,
970 5708 1078 5758 ques
1105 5700 1189 5752 tibi
1210 5703 1447 5755 dederim.

1200 279 1250 336 S.
1296 276 1570 335 JO.\N.\'lS
1605 271 2083 331 CllRVSOSTOMl
2121 273 2436 333 ARClllEP.
2477 277 3002 339 CONSTANThVOl‘.

3626 291 3736 346 1-96

2135 403 2307 450 tuutn.
2333 395 2477 451 Dixit
2505 409 2676 454 autem
2717 402 2766 455 ei
2806 401 2968 457 Iacob
2997 420 3018 459 :
3049 401 3169 459 Non
3220 406 3368 460 dabis
3417 408 3544 462 milii
3581 411 3738 478 quid-

2133 500 2309 553 quam.
2333 485 2396 541 Si
2416 502 2532 542 vero
2552 488 2730 558 feceris
2747 492 2946 545 verbum
2974 493 3140 560 istud,
3171 496 3352 549 iterum
3381 513 3590 565 pascam
3616 515 3740 552 oves

2129 585 2264 630 tuas.
2288 577 2426 632 Nihil
2457 581 2580 636 volo
2604 598 2633 636 a
2663 591 2715 638 te
2743 574 3004 640 mercedis
3036 589 3256 642 nomine
3285 598 3599 658 reportare,
3632 592 3732 645 sed

2132 667 2236 722 hoc
2283 679 2488 724 tantum
2545 673 2686 741 quod
2740 673 2860 742 dico
2907 677 3216 746 suscipere,
3247 690 3302 733 et
3334 677 3532 733 lterum
3574 698 3735 749 pasco

2133 773 2248 811 oves
2276 769 2409 814 tuas.
2435 760 2589 827 Quod
2635 773 2816 818 autem
2866 766 3018 830 volo,
3051 765 3154 821 hoc
3182 777 3288 822 est.
3326 768 3462 824 Vide
3505 769 3736 839 justum,

2130 851 2255 919 quia
2281 854 2517 920 speravit
2544 853 2597 906 in
2627 854 2832 909 auxilio
2863 855 3077 921 divino,
3107 859 3284 926 qualia
3319 870 3585 928 proponat
3631 860 3734 916 La-

2131 941 2290 997 bano.
2319 943 2407 997 52.
2445 943 2756 1000 Prwtereant
2777 989 2792 1014 ,
2826 948 3032 1017 inquit,
3080 964 3194 1003 oves
3222 959 3322 1003 tua:
3367 951 3540 1018 hodie,
3561 962 3612 1006 et
3653 971 3706 1008 se

2131 1051 2285 1105 grega
2321 1037 2460 1089 illinc
2490 1055 2686 1091 ontnem
2714 1055 2854 1093 ovem
2904 1041 3102 1108 fuscam
3144 1041 3199 1093 in
3252 1042 3436 1112 agnis,
3469 1053 3520 1095 et
3560 1046 3733 1099 omnis

2132 1128 2452 1182 subulbicans
2494 1140 2540 1181 et
2585 1132 2839 1184 maculosa
2880 1131 2932 1184 in
2981 1131 3152 1200 capris
3191 1133 3287 1185 erit
3339 1133 3468 1186 milii
3519 1150 3736 1188 merces.

2133 1219 2224 1274 55.
2255 1217 2322 1272 Et
2351 1221 2582 1272 exaudiet
2611 1237 2688 1272 me
2702 1221 2906 1292 jnstitia
2937 1237 3047 1274 mea
3069 1222 3123 1274 in
3145 1221 3229 1277 die
3253 1223 3501 1290 crastino,
3519 1224 3643 1294 quia
3666 1236 3742 1278 est

2134 1327 2322 1365 merces
2343 1328 2453 1366 mea
2469 1329 2640 1366 coram
2672 1322 2719 1368 te
2741 1329 2760 1365 ,ο
2782 1331 2931 1367 ontne
2958 1314 3096 1385 quod
3115 1331 3217 1369 non
3241 1317 3395 1386 fuerit
3417 1317 3741 1372 maculosum

2135 1412 2180 1458 et
2207 1404 2343 1459 varie
2361 1405 2587 1459 albicans
2615 1407 2667 1460 in
2692 1407 2883 1477 capris,
2901 1415 2948 1461 et
2969 1407 3105 1478 quod
3132 1409 3305 1478 rufum
3325 1410 3374 1462 in
3401 1411 3577 1481 agnis,
3598 1414 3739 1480 furto

2135 1495 2389 1550 sublatum
2419 1497 2513 1551 erit
2535 1514 2568 1551 a
2593 1514 2691 1552 me.

2206 1587 2259 1641 9.
2301 1589 2589 1648 Considera
2629 1590 2755 1659 justi
2814 1591 3167 1660 prudentiam.
3217 1595 3478 1662 Quoniam
3521 1597 3730 1652 sciebat

2136 1689 2332 1750 quanta
2358 1680 2456 1734 sibi
2481 1695 2710 1751 superne
2733 1683 2901 1751 gratia
2926 1682 3296 1753 afl'ulgeret,et
3320 1686 3607 1742 videbatur
3633 1688 3736 1742 sibi

2137 1774 2430 1829 secundum
2459 1785 2663 1829 naturte
2685 1775 2928 1831 ordinem
2958 1777 3041 1832 vel
3066 1777 3286 1834 difficile
3316 1795 3436 1834 esse
3459 1823 3475 1845 ,
3509 1781 3593 1836 vel
3621 1796 3742 1834 om-

2140 1864 2268 1918 nino
2297 1864 2628 1934 impossibile
2658 1870 2858 1932 (rarum
2893 1866 3036 1920 enim
3062 1875 3147 1921 est
3175 1869 3382 1923 varium
3427 1884 3550 1924 esse
3585 1870 3744 1924 colo-

2139 1967 2252 2008 rem
2276 1954 2534 2023 pecudum
2558 1970 2748 2010 recens
2777 1955 3069 2030 natarum),
3092 1957 3206 2014 hzec
3233 1959 3374 2029 petit
3392 1960 3459 2015 ab
3489 1975 3579 2025 eo,
3599 1961 3741 2015 unde

2142 2044 2383 2114 petitioni
2411 2044 2526 2114 ejus
2554 2044 2733 2099 Laban
2765 2046 2942 2100 statim
2980 2049 3188 2114 annuit,
3221 2059 3276 2102 et
3306 2050 3478 2119 inquit
3505 2067 3520 2103 :
3549 2051 3636 2106 54.
3664 2052 3745 2106 Sit

2135 2136 2291 2206 juxta
2321 2137 2524 2190 verbum
2547 2149 2706 2191 tuum.
2732 2139 2820 2194 35.
2853 2138 2917 2192 Et
2944 2140 3112 2193 divisit
3133 2141 3186 2194 in
3211 2141 3293 2194 die
3316 2141 3407 2195 illa
3438 2143 3611 2196 hircos
3639 2161 3744 2195 ma-

2145 2225 2344 2280 culosos
2370 2237 2416 2281 et
2435 2227 2804 2284 subalbicantes
2825 2272 2839 2296 ,
2873 2241 2919 2283 et
2946 2247 3118 2285 omnes
3154 2249 3335 2300 capras
3367 2235 3658 2287 maculosus
3699 2246 3746 2288 et

2145 2316 2532 2382 subalbicantes,
2563 2329 2606 2372 et
2639 2336 2787 2374 omne
2828 2322 2964 2389 quod
3005 2332 3111 2376 erat
3145 2323 3196 2375 in
3242 2324 3314 2376 eis
3359 2325 3676 2390 candidum,
3703 2334 3748 2377 et

2147 2423 2295 2462 omne
2314 2410 2450 2479 quod
2469 2419 2576 2464 erat
2611 2413 2808 2482 fuscum
2847 2413 2899 2465 in
2937 2412 3130 2479 ovibus,
3152 2423 3196 2467 et
3227 2414 3363 2467 dedit
3402 2432 3495 2483 per
3540 2432 3748 2469 manum

2150 2499 2372 2568 ﬁliorum
2396 2517 2601 2556 suorum
2631 2519 2648 2556 :
2678 2503 2764 2558 56.
2787 2513 2834 2557 et
2862 2505 2978 2575 fecit
2994 2505 3180 2558 distare
3209 2507 3336 2559 viam
3367 2509 3522 2560 trium
3552 2509 3750 2562 dierum

2149 2590 2280 2644 inter
2305 2607 2364 2644 ea
2384 2603 2430 2645 et
2456 2593 2585 2646 inter
2609 2590 2788 2646 Iacob.
2814 2593 3111 2662 Separawt,
3134 2595 3320 2662 inquit,
3342 2611 3533 2666 greges
3557 2612 3751 2651 secun-

2151 2681 2279 2736 dum
2309 2685 2722 2753 propositionem
2751 2685 2918 2740 Jan-ob
2943 2728 2956 2750 ,
2991 2695 3047 2741 et
3073 2687 3222 2742 dedit
3249 2689 3370 2742 filiis
3401 2693 3514 2744 suis
3541 2708 3556 2744 :
3587 2689 3751 2746 Iacob

2155 2785 2320 2829 autem
2361 2778 2496 2846 pavit
2543 2777 2757 2847 pecudes
2783 2777 2956 2831 Laban
2985 2778 3225 2850 reliquas.
3258 2779 3582 2845 Qualesnam
3631 2783 3750 2837 itte?

2155 2865 2365 2920 Nullam
2398 2867 2601 2922 scilicet
2646 2869 2902 2924 habentes
2935 2871 3134 2924 coloris
3159 2871 3494 2926 varietatem.
3514 2871 3632 2926 lloc
3659 2887 3751 2926 au-

2157 2967 2264 3012 tem
2314 2967 2480 3013 totum
2522 2959 2716 3014 factum
2769 2971 2871 3028 est,
2905 2972 2960 3015 ut
3000 2962 3177 3032 justus
3199 2963 3374 3032 reipsa
3417 2973 3750 3032 compertam

2157 3048 2380 3104 haberet
2412 3050 2502 3106 Dei
2531 3065 2657 3121 erga
2690 3066 2747 3106 se
2791 3051 3217 3122 providentiam,
3249 3065 3302 3108 et
3337 3053 3518 3107 Laban
3550 3053 3753 3109 videret

2158 3150 2413 3210 quantum
2440 3141 2534 3196 Dei
2575 3143 2827 3199 auxilium
2857 3143 3081 3199 haberet
3103 3143 3286 3199 Jacoh.
3306 3146 3394 3200 57.
3425 3145 3638 3216 Accepit
3659 3162 3752 3199 au-

2159 3240 2256 3284 tem
2285 3230 2471 3299 Iacob,
2505 3232 2695 3303 inquit,
2719 3234 2813 3287 sibi
2869 3235 3057 3305 virgam
3107 3237 3411 3306 styracinmn
3450 3237 3667 3289 viridem
3709 3245 3753 3290 et

2157 3322 2537 3393 amygdalinam
2560 3334 2604 3377 et
2632 3325 2847 3395 platani,
2878 3336 2924 3378 et
2946 3326 3266 3379 decortiearit
3291 3325 3454 3380 Iacob
3482 3345 3570 3380 eas
3590 3327 3646 3381 in
3671 3329 3754 3382 de»

2157 3412 2531 3467 corticationem
2566 3413 2732 3468 albam
2757 3455 2772 3478 ,
2804 3413 3053 3470 abradens
3069 3416 3204 3486 quod
3248 3417 3446 3481 uiride;
3473 3420 3754 3488 apparebat

2157 3510 2326 3555 autem
2347 3503 2397 3556 in
2426 3505 2578 3574 virgis
2599 3505 2788 3565 album.
2818 3505 2952 3578 quod
2978 3508 3310 3561 decorticarat
3334 3509 3547 3563 varium.
3568 3510 3663 3564 38.
3688 3508 3753 3565 Et

2158 3592 2400 3662 apposuit
2425 3595 2610 3665 virgas,
2629 3613 2756 3664 quas
2775 3598 3115 3665 decorticarit,
3137 3599 3190 3653 in
3213 3599 3412 3654 canales
3435 3604 3750 3671 aquatorios,

2160 3697 2214 3740 ut
2240 3702 2354 3739 cum
2381 3688 2598 3741 venirent
2620 3689 2834 3758 pecudes
2854 3687 2922 3742 ad
2951 3688 3238 3755 bibendum,
3266 3691 3586 3762 conciperent
3603 3711 3754 3764 pecu-

2159 3777 2247 3831 des
2284 3779 2556 3832 secundum
2587 3781 2772 3850 virgas.
2814 3779 2904 3835 59.
2935 3779 3000 3833 Et
3039 3781 3385 3851 roncipicbant
3423 3786 3646 3851 pecudes
3672 3802 3750 3840 se-

2157 3869 2378 3923 cundum
2409 3870 2572 3941 virgas
2593 3912 2606 3937 ,
2639 3881 2684 3923 ct
2717 3882 3015 3941 pepererunt
3042 3872 3254 3942 pecudes
3275 3873 3541 3938 subalbas,
3575 3891 3752 3929 macu-

2157 3964 2292 4017 losos
2335 3974 2381 4018 et
2411 3965 2644 4018 cinenicio
2686 3963 2854 4018 colore
2907 3981 3134 4033 sparsas.
3169 3969 3292 4019 llmc
3336 3964 3541 4020 faciens
3579 3965 3754 4034 justus

2161 4071 2264 4108 non
2303 4070 2332 4107 a
2363 4055 2540 4124 seipse
2590 4055 2926 4124 movebatur,
2957 4055 3052 4110 sed
3082 4055 3376 4126 inspirante
3426 4057 3597 4110 menti
3642 4059 3754 4126 ejus

2159 4159 2392 4213 SUperna
2441 4144 2632 4214 gratia.
2681 4143 2865 4213 Neque
2905 4145 3196 4198 secundum
3247 4156 3449 4200 natura:
3505 4147 3751 4200 ordinem

2159 4247 2276 4291 erat
2305 4235 2446 4306 quod
2477 4235 2671 4302 ﬁebat,
2719 4236 2816 4291 sed
2863 4237 3018 4291 valde
3060 4236 3409 4303 admirabile,
3443 4247 3499 4291 et
3549 4245 3751 4290 natura:

2160 4327 2376 4381 modum
2409 4327 2810 4382 transcenderis.
2843 4327 2932 4382 40.
2967 4325 3031 4379 Et
3052 4343 3229 4398 agnos,
3259 4327 3461 4396 inquit,
3497 4329 3750 4396 distinxit,

2159 4433 2206 4473 et
2231 4419 2404 4472 statuit
2433 4435 2604 4472 coram
2630 4419 2801 4471 ovibus
2844 4419 3053 4471 arietem
3087 4418 3515 4482 subalbicantem;
3537 4431 3580 4472 et
3610 4437 3752 4475 omne

2159 4514 2352 4564 vatium
2380 4511 2432 4564 in
2461 4511 2634 4564 ovibus
2659 4525 2676 4563 :
2700 4519 2746 4562 et
2766 4510 3018 4578 separavit
3047 4525 3159 4564 oves
3186 4526 3325 4575 snas,
3355 4519 3400 4563 et
3423 4526 3524 4563 non
3558 4512 3751 4566 miscuit

2159 4620 2243 4658 eas
2263 4621 2376 4658 cum
2407 4605 2577 4658 ovibus
2605 4602 2798 4656 Laban.
2824 4602 3014 4657 Postea
3045 4603 3165 4672 quia
3196 4602 3376 4657 omnia
3403 4617 3526 4672 qua:
3558 4619 3746 4657 nasce-

2161 4697 2375 4759 bantur,
2405 4705 2558 4751 erant
2589 4696 2710 4749 talia
2738 4695 2912 4764 qualia
2942 4694 3236 4767 proposuit,
3271 4696 3540 4763 separavit
3565 4711 3628 4747 ea
3661 4737 3676 4759 ,
3705 4706 3747 4748 (ιι

2161 4788 2288 4842 fecit
2315 4787 2414 4840 sibi
2455 4801 2644 4856 greges
2687 4793 2980 4854 separatos.
3024 4784 3113 4838 41.
3137 4782 3357 4837 Factum
3394 4796 3468 4838 est
3498 4794 3674 4838 autem
3704 4786 3749 4836 in

2161 4891 2383 4949 tempore
2407 4895 2505 4950 quo
2533 4878 2821 4946 concipiunt
2842 4893 2956 4931 oves
2985 4877 3208 4948 gravida:
3227 4917 3243 4942 ,
3277 4877 3443 4947 posuit
3463 4877 3627 4930 Iacob
3657 4879 3751 4931 vir-

2161 4988 2276 5042 gam
2299 4987 2466 5025 coram
2495 4971 2666 5023 oribus
2687 4970 2736 5022 in
2758 4970 3035 5033 canalibus,
3060 4978 3110 5020 ut
3135 4969 3451 5038 conciperent
3473 4971 3633 5040 juxta
3659 4971 3751 5022 uir.

2164 5079 2276 5133 gas.
2309 5061 2396 5115 42.
2431 5061 2648 5125 Quando
2687 5070 2852 5114 autent
2892 5057 3151 5128 pariebant
3182 5075 3328 5124 ores,
3373 5075 3475 5111 non
3514 5061 3746 5128 ponebat.

2163 5152 2325 5208 Facta
2350 5164 2519 5206 autem
2545 5161 2659 5205 sunt
2689 5167 2789 5205 non
2817 5151 3015 5221 signata
3039 5149 3240 5212 Laban,
3271 5149 3472 5218 signata
3507 5166 3626 5203 vero
3652 5148 3742 5203 Iu-

2160 5247 2248 5302 cob
2272 5264 2292 5313 ;
2317 5246 2408 5302 45.
2433 5257 2477 5300 et
2499 5244 2686 5301 ditatus
2711 5253 2782 5298 est
2809 5244 2957 5298 homo
2977 5243 3124 5298 valde
3150 5243 3315 5296 valde.
3345 5242 3482 5313 Quid
3515 5243 3628 5297 vult
3653 5243 3746 5297 sibi

2162 5338 2250 5393 illa
2308 5334 3016 5408 repetitio?Abundantiam
3080 5333 3300 5389 multam
3361 5333 3740 5404 significat:et

2161 5445 2282 5485 cum
2327 5443 2432 5484 non
2466 5428 2625 5482 modo
2672 5429 2917 5493 ditatum,
2947 5426 3039 5482 sed
3090 5437 3140 5482 et
3192 5426 3479 5482 admodum
3525 5429 3746 5481 ditatum

2160 5520 2347 5574 fuisse.
2381 5516 2612 5572 Fuerunt
2641 5518 2781 5572 enim
2808 5517 2882 5583 ei,
2914 5516 3102 5586 inquit,
3136 5533 3318 5586 pecora
3350 5517 3510 5570 multa
3540 5528 3586 5571 et
3609 5521 3746 5571 bores

2162 5623 2206 5666 et
2232 5612 2359 5665 servi
2383 5619 2431 5664 et
2458 5610 2677 5665 ancillw.
2705 5608 2811 5665 Sed
2849 5609 2968 5664 vide
2994 5607 3080 5664 hic
3107 5607 3296 5662 itemm
3321 5608 3465 5677 jnsm
3497 5609 3741 5663 invidiam

2167 5703 2331 5759 nasci.
2368 5703 2418 5758 l.
2451 5701 2652 5756 Audiuit
2693 5715 2833 5757 enim
2854 5736 2871 5768 ,
2901 5701 3102 5771 inquit,
3131 5700 3280 5754 verba
3303 5699 3530 5768 ﬁliorum
3576 5699 3740 5754 Laban
