3974 6396
295 319 392 373 {97

290 430 602 486 dicentium:
636 428 836 497 Accepit
863 425 1021 479 Iacob
1049 423 1215 477 omnia
1233 436 1344 493 qua
1358 427 1471 472 sunt
1498 416 1655 486 patris
1685 411 1866 474 nastri,

287 535 336 577 et
367 538 431 576 ex
464 523 542 575 Itis
571 538 687 590 quae
717 532 832 573 sunt
860 518 1016 589 patris
1044 515 1199 568 nostri
1231 513 1346 581 fecit
1376 527 1571 564 omnem
1598 511 1727 561 hanc
1754 506 1865 576 glo-

286 617 418 665 riam
461 612 628 682 (Cap.
654 610 767 681 3|).
806 610 937 664 Vide
964 604 1230 677 quomodo
1261 601 1452 657 invidia
1484 601 1719 670 ingratos
1754 598 1871 651 illos

287 704 557 765 reddidit;
589 717 694 756 non
724 701 840 755 illos
859 707 1035 753 autem
1063 696 1234 750 solum
1257 735 1272 759 ,
1303 692 1396 747 sed
1424 701 1477 745 et
1498 692 1668 759 ipsum
1696 687 1869 742 Laba-

288 812 444 850 ntttn.
479 793 617 847 Vidit
647 794 811 857 enim,
841 792 1030 860 inquit,
1058 788 1219 842 Iacob
1241 786 1419 857 faciem
1444 782 1616 835 Laban
1636 822 1650 845 ,
1683 789 1730 834 et
1764 793 1876 834 ecce

288 902 393 939 non
423 894 530 940 erat
558 902 675 955 erga
704 900 756 938 se
782 881 909 936 sicut
940 881 1043 933 Iten'
1069 887 1116 932 et
1143 870 1702 931 nudiustertius.Verba
1730 868 1873 923 enim

291 976 525 1030 ﬁliorum
548 974 684 1029 illius
713 980 944 1028 mentem
973 970 1085 1040 ejus
1114 969 1469 1027 turbaverant,
1491 972 1542 1020 et
1557 962 1874 1018 oblivionem

292 1065 619 1119 induxerant
648 1075 833 1117 eorum
862 1075 981 1130 quae
1020 1058 1224 1128 pridem
1252 1056 1433 1110 Laban
1460 1054 1665 1108 dixerat
1694 1050 1757 1105 ad
1788 1050 1877 1105 Ja-

291 1156 396 1210 eob
424 1155 507 1209 his
537 1152 712 1208 verbis
740 1168 753 1204 :
783 1150 1045 1205 Benedixit
1072 1164 1149 1201 me
1177 1145 1314 1201 Deus
1339 1145 1406 1198 ad
1433 1145 1711 1213 ingressum
1735 1151 1877 1195 tuum

291 1246 451 1315 (Cen.
480 1244 571 1300 30.
598 1244 713 1314 27),
736 1252 791 1298 et
807 1242 1008 1313 gratias
1031 1246 1213 1310 egerat
1233 1237 1477 1303 Domino,
1499 1235 1638 1305 quod
1662 1242 1878 1303 propter

293 1338 584 1392 adventum
622 1334 752 1405 justi
790 1333 1065 1387 facultates
1102 1346 1212 1386 sua:
1250 1337 1417 1384 auctas
1458 1328 1701 1382 fuerant:
1739 1339 1880 1380 nunc

296 1435 503 1481 mutato
545 1440 638 1493 per
665 1424 891 1477 ﬁliorum
922 1422 1061 1476 dicta
1111 1421 1289 1474 animo
1319 1428 1373 1475 et
1401 1419 1594 1473 invidia
1625 1416 1872 1487 ﬂagrans,

296 1517 437 1572 forte
465 1515 586 1586 quia
610 1514 825 1569 videbat
849 1513 1049 1583 justum
1070 1512 1225 1567 valde
1251 1510 1521 1566 abundare
1540 1551 1554 1577 ,
1586 1525 1690 1563 non
1720 1508 1877 1562 talem

297 1623 361 1662 se
390 1609 466 1662 illi
492 1606 815 1670 exhibebat,
841 1606 1050 1675 qualem
1078 1612 1254 1659 antea.
1300 1603 1435 1657 Vidit
1463 1604 1604 1657 enim
1626 1642 1642 1667 ,
1674 1601 1873 1672 inquit,

295 1698 461 1751 Jacob
491 1698 671 1767 facient
695 1695 869 1749 Laban
890 1737 903 1760 ,
926 1704 973 1749 et
999 1711 1110 1749 erce
1130 1711 1228 1748 non
1253 1703 1359 1747 erat
1383 1710 1503 1763 erga
1529 1709 1582 1747 se
1606 1693 1733 1747 sicut
1772 1691 1880 1745 lteri

296 1800 348 1841 et
379 1786 953 1841 nudiustertius.\’idisti
979 1786 1106 1855 justi
1133 1800 1374 1855 magnam
1398 1784 1877 1849 mansuetudinem,

299 1888 356 1933 et
384 1879 593 1932 illorum
623 1878 883 1946 ingratum
906 1878 1139 1931 animum
1160 1917 1175 1941 ,
1209 1891 1272 1930 ae
1296 1875 1563 1945 quomodo
1591 1890 1714 1930 cum
1740 1874 1879 1929 invi-

299 1968 445 2021 diam
474 1966 615 2021 fcrre
654 1980 761 2021 non
794 1973 1031 2035 possent,
1064 1966 1226 2035 patris
1268 1973 1498 2020 mentem
1528 1965 1878 2035 perturbave-

297 2059 469 2111 runt?
496 2056 645 2122 Vide,
669 2056 892 2111 obsecro
916 2096 931 2122 ,
958 2070 1099 2110 nunc
1124 2068 1177 2111 et
1200 2056 1296 2110 Dei
1326 2055 1646 2111 ineliabilem
1673 2056 1883 2111 miseri-

293 2148 562 2210 eordiam,
598 2156 651 2203 et
671 2156 869 2219 quanta
896 2148 1335 2219 attemperatione
1362 2155 1537 2201 utatur
1554 2188 1569 2213 ,
1591 2162 1710 2202 cum
1741 2147 1884 2203 videt

300 2257 404 2295 nos
436 2258 553 2311 quan
575 2252 754 2295 nostra
780 2249 903 2294 sunt
934 2240 1131 2295 facere.
1165 2239 1364 2294 Videas
1398 2239 1540 2294 enim
1579 2239 1779 2309 justum
1816 2238 1884 2293 ab

301 2332 409 2386 illis
439 2332 561 2385 odio
590 2330 795 2397 haberi,
826 2329 956 2384 dicit
982 2329 1046 2384 ad
1072 2327 1234 2385 Jacob
1262 2345 1275 2383 :
1305 2328 1357 2383 3.
1389 2326 1650 2383 Revertere
1689 2329 1742 2382 in
1778 2338 1881 2382 ter-

298 2440 416 2476 ram
464 2433 664 2491 patrum
693 2430 915 2487 tuorum,
945 2431 992 2476 et
1029 2421 1098 2474 ad
1126 2421 1496 2492 generationem
1524 2431 1693 2486 tuam,
1727 2429 1771 2474 et
1796 2436 1882 2474 ero

301 2525 491 2571 tecum.
520 2514 659 2569 Satis
681 2513 771 2568 diu
810 2524 1048 2568 versatus
1076 2528 1165 2578 es,
1204 2513 1407 2583 inquit,
1432 2514 1482 2566 in
1517 2521 1655 2567 terra
1687 2512 1880 2566 aliena.

300 2606 438 2661 Nam
464 2622 582 2677 quae
611 2607 814 2677 pridem
841 2607 934 2662 tibi
962 2606 1199 2676 promisi,
1227 2606 1409 2660 dicens
1428 2646 1442 2670 ,
1478 2603 1735 2659 Reducunt
1758 2614 1805 2657 te
1830 2604 1884 2657 in

303 2710 495 2753 terram
530 2707 665 2752 tuam
694 2698 847 2771 (Gen.
879 2698 1120 2767 28.15),
1164 2712 1227 2752 ea
1272 2712 1412 2751 nunc
1455 2710 1619 2765 opere
1664 2696 1885 2765 implere

300 2790 429 2844 vitio
458 2810 470 2845 :
496 2799 766 2846 revertere
812 2791 974 2861 igitur
1016 2788 1146 2843 nihil
1193 2788 1429 2852 timens;
1458 2786 1570 2859 Ego
1616 2787 1757 2843 enim
1794 2802 1885 2840 ero

300 2894 491 2936 tecum.
527 2882 593 2937 Ut
620 2882 779 2952 Igitur
811 2882 985 2951 justus
1025 2880 1235 2950 segnior
1274 2894 1380 2933 non
1426 2879 1516 2933 ﬁat
1569 2879 1621 2932 in
1676 2877 1886 2948 proﬁci~

301 2972 539 3038 scendo,
568 2973 659 3027 sed
702 2987 889 3041 magna
925 2971 1113 3025 fiducia
1153 2969 1253 3025 iter
1292 2969 1546 3040 arripiat:
1580 2969 1698 3024 ideo
1720 2968 1881 3035 dicit,

309 3066 421 3135 Ego
453 3082 537 3118 ero
567 3075 777 3119 tecum:
806 3063 897 3134 qui
935 3064 1207 3134 hucusque
1235 3079 1321 3118 res
1351 3074 1467 3117 tuas
1496 3061 1804 3133 gubernavi,
1832 3071 1886 3116 et

303 3158 493 3229 augeri
520 3155 699 3210 curavi
739 3169 922 3210 semen
955 3162 1099 3209 tuum
1122 3193 1141 3221 ,
1172 3168 1272 3224 ego
1300 3163 1354 3208 et
1382 3154 1435 3208 itt
1464 3162 1734 3223 posterum
1780 3152 1886 3207 Em

302 3257 491 3302 tecum.
526 3247 648 3301 ll:ee
673 3256 731 3302 ut
756 3246 953 3301 audivit
987 3246 1162 3316 justus
1188 3260 1215 3299 a
1247 3246 1389 3309 Deo,
1421 3258 1525 3299 non
1566 3243 1663 3299 fuit
1711 3245 1882 3315 negli-

300 3354 459 3409 gens,
484 3337 575 3392 sed
598 3337 664 3392 ad
694 3337 795 3391 iter
822 3351 882 3391 se
907 3337 1155 3392 accinxit.
1180 3336 1232 3391 ι.
1265 3336 1407 3389 Misit
1433 3335 1584 3401 enim,
1623 3336 1811 3406 inquit,
1839 3344 1885 3388 et

300 3430 497 3483 vacarit
525 3428 669 3482 Liatn
691 3438 745 3483 et
775 3427 966 3483 Rachel
996 3429 1048 3482 in
1072 3444 1311 3498 campum
1337 3428 1420 3482 ubi
1446 3437 1589 3482 erant
1613 3445 1811 3501 greges,
1837 3438 1883 3482 et

301 3521 436 3575 dixit
461 3521 553 3575 eis.
584 3521 888 3590 Proponere
918 3520 1027 3575 vult
1058 3520 1368 3576 mulieribus
1405 3520 1745 3590 profectionis
1786 3536 1884 3576 ne-

303 3615 544 3681 gotium,
575 3620 628 3667 et
668 3611 967 3682 signiﬁcare
996 3612 1073 3666 eis
1118 3611 1425 3666 mandatum
1452 3611 1582 3676 Dei,
1623 3621 1679 3666 et
1721 3612 1887 3681 patris

302 3718 431 3771 erga
456 3718 511 3757 se
541 3702 745 3757 odium.
764 3703 816 3757 5.
854 3702 993 3755 Dixit
1021 3703 1161 3757 enim
1184 3743 1198 3767 ,
1230 3702 1431 3772 inquit,
1460 3702 1532 3756 eis
1558 3717 1577 3756 :
1615 3699 1771 3756 Video
1794 3716 1886 3771 ego

307 3795 492 3859 faciem
523 3795 678 3864 patris
699 3794 869 3858 vestri,
887 3794 1023 3864 quod
1053 3809 1151 3847 non
1180 3794 1244 3846 sit
1277 3809 1394 3863 erga
1437 3807 1515 3846 me
1542 3792 1669 3846 sicut
1700 3792 1807 3846 lteri
1836 3800 1882 3845 et

303 3884 671 3938 nudiustertius
699 3899 718 3938 :
744 3883 881 3939 Deus
922 3894 1088 3937 autem
1134 3883 1293 3953 patris
1324 3885 1420 3937 mei
1466 3883 1562 3954 fuit
1591 3899 1801 3937 mecum.
1824 3881 1881 3937 6.

305 3974 449 4046 Ipsa:
487 3985 651 4031 autent
672 3977 831 4043 scitis,
854 3978 987 4048 quod
1018 3978 1195 4031 servivi
1242 3978 1375 4047 patri
1417 3987 1577 4031 vestro
1616 3993 1708 4049 pro
1747 3978 1883 4031 omni

302 4068 439 4121 virili
470 4083 598 4121 mea.
641 4068 693 4122 7.
736 4066 893 4121 Pater
930 4056 1098 4122 autem
1136 4079 1296 4122 vester
1335 4069 1656 4122 circumvenit
1690 4084 1803 4136 me,
1835 4078 1884 4123 et

301 4158 512 4211 mutavit
542 4159 815 4213 mercedem
842 4175 1002 4212 nteam
1028 4160 1200 4212 decem
1231 4161 1374 4232 agnis
1408 4160 1445 4223 ‘,
1477 4170 1522 4212 et
1552 4177 1652 4215 non
1678 4160 1813 4213 dedit
1838 4160 1885 4213 ei

305 4249 447 4303 hens
494 4259 550 4303 ut
601 4265 680 4303 me
726 4250 978 4321 afﬂigeret.
1018 4251 1072 4306 8.
1109 4250 1169 4304 Et
1205 4268 1320 4305 cum
1359 4252 1430 4305 sic
1466 4252 1650 4307 diceret
1681 4266 1699 4305 :
1729 4251 1883 4305 Varia

300 4350 451 4395 erunt
480 4357 664 4395 merces
695 4350 780 4394 tua
810 4358 830 4395 :
860 4350 905 4395 et
929 4342 1188 4411 pariebant
1214 4359 1383 4397 omnes
1410 4360 1523 4397 oves
1565 4344 1724 4398 varia.
1755 4342 1882 4398 Cum

299 4440 472 4484 autent
501 4432 684 4485 diceret
711 4449 730 4486 :
759 4432 989 4487 Candida
1010 4442 1155 4486 erunt
1190 4451 1375 4487 merces
1406 4444 1490 4487 tua
1511 4445 1598 4488 aet
1622 4435 1881 4505 pariebant

297 4540 474 4579 omnes
496 4542 608 4579 oves
634 4526 852 4579 candida
875 4543 893 4580 :
922 4525 976 4581 9.
1008 4536 1054 4580 et
1080 4526 1192 4579 tulit
1216 4525 1352 4580 Deus
1393 4528 1561 4581 omnia
1583 4544 1762 4597 pecora
1782 4544 1880 4598 pa-

294 4618 391 4669 tris
418 4618 586 4681 vestri,
618 4626 664 4670 et
684 4618 820 4671 dedit
842 4618 962 4670 mihi
988 4634 1066 4671 ea.

370 4711 425 4763 5.
462 4708 593 4762 Vide
620 4708 887 4778 quomodo
916 4718 1199 4779 utrumque
1230 4711 1403 4772 docel,
1430 4720 1483 4765 et
1511 4712 1674 4777 patris
1704 4713 1880 4782 ingra-

297 4810 410 4852 tum
440 4812 561 4867 erga
586 4814 645 4853 se
672 4799 930 4866 animum,
953 4808 1008 4854 et
1035 4816 1184 4855 suum
1212 4802 1443 4857 studium
1468 4802 1608 4873 quod
1638 4808 1686 4856 in
1710 4804 1880 4857 servi-

295 4901 411 4945 tute
442 4890 754 4945 declaravit.
780 4892 934 4947 Scitis
964 4895 1125 4957 enim,
1160 4894 1361 4964 inquit,
1393 4912 1470 4950 me
1494 4912 1587 4966 pro
1614 4895 1747 4949 virili
1769 4912 1879 4949 mea

294 4983 559 5037 servivisse
588 4986 720 5052 patri
753 4995 932 5039 vestro.
964 4986 1028 5040 Et
1050 4986 1339 5042 declaravit
1378 4997 1627 5057 quantam
1669 4989 1750 5043 sui
1780 5005 1877 5043 cu-

290 5089 408 5127 ram
444 5073 584 5129 Deus
621 5073 899 5139 habuerit,
934 5086 1237 5134 monstrans
1284 5093 1573 5147 supernum
1621 5080 1875 5134 auxilium

287 5166 475 5218 omnia
507 5178 783 5235 operatum
825 5167 1014 5233 fuisse,
1058 5177 1113 5223 et
1159 5170 1435 5225 facultates
1475 5170 1673 5227 Labani
1716 5174 1766 5226 itt
1816 5186 1876 5228 se

289 5258 653 5312 transtulisse.
688 5256 825 5311 Tulit
854 5260 996 5313 enim
1030 5258 1166 5313 Deus
1194 5262 1362 5314 omnia
1392 5279 1573 5332 pecora
1600 5265 1759 5334 patris
1790 5282 1873 5318 ve-

288 5348 408 5411 stri,
442 5347 632 5418 inquit,
661 5358 709 5401 et
737 5349 874 5403 dedit
903 5351 1027 5405 nti/ti
1055 5368 1131 5404 ea.
1171 5351 1256 5406 l0.
1286 5352 1501 5417 Quando
1525 5366 1690 5408 autem
1709 5358 1878 5410 conci-

352 5532 370 5562 ¹
411 5536 461 5579 In
485 5532 811 5605 ttebrteoest.
836 5533 976 5583 D‘Ji‘.‘
1002 5534 1181 5605 mea.
1223 5540 1302 5589 ubi
1332 5541 1490 5605 rﬁtquila
1524 5544 1687 5605 vertit,
1712 5546 1876 5597 decem

286 5603 534 5669 nutrieras,
552 5593 658 5669 vel,
678 5594 848 5669 decent
869 5599 1096 5669 numeris,
1122 5593 1441 5669 Spumat-luis,
1466 5593 1625 5669 decies
1660 5593 1874 5669 numero,

287 5654 651 5731 ?)"’."§v.i‘?‘?“v
677 5658 1007 5731 "‘?E°"¥"‘“5v
1020 5654 1184 5731 ιιετιέῑὶι
1201 5662 1383 5724 vitiata.
1401 5654 1529 5727 «iuod
1550 5654 1871 5731 “ipsumet

288 5718 374 5763 Ucl
384 5716 635 5767 intimates
658 5718 791 5770 tnulti
805 5755 820 5780 ,
838 5716 1001 5771 decent
1020 5723 1252 5788 partibus.

1289 306 1353 359 IN
1393 303 1541 360 CAP.
1586 298 1775 355 XXXI.
1819 295 2063 352 GENES.
2110 294 2333 351 llOlllL.
2378 297 2528 353 LVlL

3452 302 3557 358 498

1980 407 2179 479 piebant
2203 426 2338 478 oves,
2366 423 2413 466 et
2438 413 2540 465 vidi
2567 412 2730 468 oculis
2753 414 2872 467 meis
2900 418 2950 468 in
2980 431 3155 468 somno
3173 457 3188 479 ,
3212 424 3257 469 et
3285 431 3393 468 ecce
3428 417 3553 470 hirci

1981 513 2027 555 et
2054 504 2233 557 arietes
2280 504 2611 557 ascendebant
2660 521 2811 574 super
2838 520 2952 560 oves
2993 516 3041 560 et
3079 522 3264 576 capras
3283 547 3300 573 ,
3330 508 3554 560 subalbi-

1978 606 2148 649 cantes
2195 605 2242 650 et
2289 597 2435 663 varii,
2460 607 2507 650 et
2548 596 2785 651 cinericio
2816 598 2986 652 colore
3002 599 3187 670 sparsi.
3218 599 3390 655 ILEt
3430 602 3558 653 dixit

1980 687 2102 739 mihi
2124 687 2331 757 angelus
2360 686 2455 741 Dei
2478 689 2530 740 in
2554 704 2728 742 somno
2748 703 2769 742 :
2788 686 3087 759 Jacob.Ego
3106 698 3273 743 autent
3294 689 3515 743 dicebam
3539 704 3557 743 :

1985 780 2118 846 Quid
2141 781 2257 834 est?
2286 780 2353 833 Et
2382 781 2506 834 dixit
2535 796 2553 835 :
2580 779 2664 835 l2.
2696 781 2879 850 Aspice
2902 781 3063 835 oculis
3092 782 3211 847 tuis,
3240 791 3290 837 et
3317 781 3429 835 vide
3453 782 3559 833 Itir-

1981 890 2066 928 cos
2093 883 2138 928 et
2162 875 2340 928 arietes
2371 873 2693 928 ascendentes
2712 890 2863 943 super
2888 890 3067 945 capras
3087 884 3132 928 et
3159 890 3295 939 oves,
3323 874 3556 927 subalbos

1982 974 2029 1018 et
2048 965 2211 1017 varios
2231 1005 2246 1030 ,
2278 973 2322 1018 et
2348 964 2583 1017 cinericio
2614 964 2781 1018 colore
2816 980 3019 1033 sparsos
3047 978 3066 1018 :
3092 964 3195 1017 vidi
3243 964 3374 1017 enint
3417 978 3551 1031 qucr-

1977 1071 2191 1125 cttmque
2217 1053 2394 1109 Laban
2424 1052 2510 1108 tibi
2548 1053 2854 1126 facit.Vides
2875 1070 3033 1109 omne
3052 1054 3191 1124 quod
3225 1062 3348 1108 tunc
3380 1054 3554 1116 ﬁebat.
3610 1076 3611 1079 η

1982 1161 2210 1216 superna
2222 1146 2508 1216 contigisse
2525 1146 2851 1217 operatione,
2871 1161 2988 1216 quae
3004 1145 3131 1215 justi
3151 1145 3360 1201 labores
3378 1160 3557 1201 remu~

1985 1237 2451 1293 uerabatur‘tNam
2477 1238 2725 1309 quoniam
2746 1236 2836 1293 ille
2863 1238 3097 1308 ingratus
3121 1252 3245 1307 erga
3273 1252 3391 1291 eum
3421 1244 3555 1302 erat,

1985 1330 2243 1400 benignus
2274 1330 2528 1385 Dominus
2548 1329 2747 1398 justum
2785 1328 3013 1383 ubertim
3050 1335 3389 1383 remunerat:
3431 1324 3548 1379 Vidi

1984 1423 2114 1475 enim
2138 1438 2461 1493 quacumque
2486 1420 2662 1475 Laban
2690 1421 2778 1475 tibi
2798 1421 2935 1491 fecit.

2057 1512 2197 1567 Deus
2225 1529 2327 1567 non
2365 1513 2573 1583 despicit
2597 1529 2681 1568 eos
2720 1513 2805 1583 qui
2834 1512 3140 1567 calumniam
3187 1513 3466 1585 patiuntur.
3490 1540 3547 1552 -

1988 1606 2121 1660 lline
2146 1605 2400 1660 discimus
2430 1605 2725 1673 quomodo,
2762 1606 2976 1676 quando
3005 1606 3193 1676 injuria
3221 1605 3375 1661 nobis
3401 1603 3558 1660 infer~

1988 1706 2090 1762 tur,
2122 1698 2165 1752 si
2196 1698 2453 1753 mansueti
2480 1706 2533 1753 et
2563 1698 2719 1752 mites
2743 1712 2806 1752 ac
2829 1697 3117 1752 tolerantes
3143 1696 3415 1762 fuerimus,
3446 1711 3561 1750 ma-

1984 1787 2089 1858 jori
2145 1796 2199 1843 et
2241 1787 2452 1857 largiori
2501 1788 2701 1841 auxilio
2750 1786 2932 1841 divino
2978 1786 3232 1841 fruamur.
3277 1786 3355 1841 Ne
3409 1784 3562 1856 igitur

1984 1880 2318 1934 obluctemur
2340 1878 2403 1932 iis
2423 1877 2511 1947 qui
2540 1892 2637 1932 nos
2658 1886 2929 1947 premunt,
2949 1886 3000 1932 et
3018 1876 3329 1931 calumniari
3356 1876 3560 1941 volunt,

1987 1969 2081 2025 sed
2127 1969 2362 2024 feramus
2406 1982 2700 2039 generose,
2733 1968 2963 2022 scientes
3004 1968 3239 2021 omnium
3282 1968 3560 2023 Dominum

1989 2075 2087 2115 nos
2134 2076 2237 2114 tton
2283 2059 2664 2137 despectorum
2697 2073 2854 2125 esse,
2886 2057 3173 2113 dummodo
3216 2073 3316 2113 nos
3357 2068 3562 2128 gratum

1989 2151 2235 2207 allectum
2258 2160 2309 2207 et
2332 2150 2755 2207 benevolentiam
2779 2150 3225 2207 demonstremus.
3251 2150 3382 2205 Mitti
3401 2152 3561 2214 enim,

1986 2245 2185 2315 inquit,
2216 2244 2471 2308 vindicta;
2496 2260 2587 2315 ego
2630 2244 2919 2308 retribuam,
2950 2242 3070 2296 dicit
3112 2242 3358 2297 Dominus
3385 2241 3562 2312 (Rom.

1993 2336 2078 2390 12.
2110 2336 2175 2390 19
2193 2345 2237 2389 et
2257 2335 2404 2389 Deut.
2429 2336 2514 2388 52.
2533 2335 2647 2403 55).
2667 2335 2893 2402 Propter
2921 2336 3019 2388 hoc
3036 2343 3089 2388 et
3116 2332 3281 2389 Jacob
3311 2332 3517 2388 dicebat
3542 2352 3553 2385 :

1992 2426 2111 2480 Non
2142 2426 2277 2479 dedit
2319 2426 2365 2479 ei
2422 2424 2575 2491 Deus,
2608 2434 2661 2478 ut
2703 2425 2936 2495 affligeret
2985 2441 3080 2479 me.
3113 2424 3242 2479 Nam
3286 2425 3411 2494 quia
3455 2425 3568 2493 ipse

1989 2519 2200 2588 privare
2249 2532 2335 2572 me
2378 2516 2618 2571 laborum
2666 2515 2914 2571 mercede
2952 2516 3145 2582 voluit,
3175 2515 3429 2570 Dominus
3459 2523 3565 2568 tam

1990 2611 2205 2665 uberem
2244 2610 2295 2664 in
2350 2622 2437 2663 me
2483 2607 2773 2663 declaravit
2815 2606 3231 2662 misericordiam
3279 2614 3333 2661 et
3382 2606 3555 2675 provi-

1989 2700 2245 2765 dentiam,
2275 2708 2328 2752 ut
2371 2698 2545 2753 omnis
2585 2698 2703 2768 ejus
2744 2697 3038 2752 substantia
3086 2698 3136 2751 in
3181 2711 3267 2751 me
3311 2696 3564 2750 translata

1990 2792 2168 2847 fuerit.
2198 2790 2385 2847 Sciens
2420 2790 2567 2845 enim
2598 2804 2683 2844 me
2710 2788 2856 2843 omni
2900 2788 3074 2843 studio
3102 2787 3382 2854 serviisse,
3420 2787 3562 2841 illum

1987 2892 2166 2938 autem
2217 2896 2322 2938 non
2384 2881 2729 2953 respondisse
2780 2880 2908 2935 mihi
2959 2880 3137 2934 ofﬁcio
3182 2893 3317 2945 suo,
3367 2886 3563 2933 tantam

1992 2973 2161 3030 uestri
2193 2973 2375 3028 habuit
2403 2988 2607 3029 curam.
2638 2972 2705 3027 Et
2734 2971 2874 3043 quod
2906 2986 3011 3026 non
3037 2971 3151 3025 hac
3176 2970 3375 3040 absque
3406 2985 3563 3023 causa

1991 3075 2045 3121 et
2075 3080 2208 3120 vane
2233 3065 2404 3119 dicam
2426 3107 2441 3132 ,
2471 3080 2642 3135 neque
2669 3073 2871 3119 temere
2913 3077 3180 3129 accusem,
3211 3063 3371 3117 etiam
3400 3061 3563 3115 Deum

1992 3155 2247 3211 habemus
2275 3165 2464 3211 testem
2494 3170 2681 3210 eorum
2723 3171 2842 3224 quae
2891 3162 3043 3225 pater
3082 3161 3262 3209 vester
3286 3152 3393 3222 egit
3439 3166 3562 3221 erga

1990 3264 2096 3304 me.
2135 3248 2254 3303 Vidi
2293 3248 2445 3313 enim,
2469 3249 2671 3318 inquit,
2702 3261 3024 3316 meumque
3053 3244 3140 3298 tibi
3178 3242 3354 3297 Laban
3407 3244 3557 3315 fecit.

1989 3341 2130 3411 quod
2177 3357 2280 3396 nott
2321 3340 2492 3395 solum
2544 3337 2846 3394 mercedem
2887 3335 3181 3399 abstulerit,
3214 3332 3307 3389 sed
3344 3332 3565 3402 etquod

1992 3449 2097 3488 non
2124 3442 2181 3487 ut
2208 3440 2364 3486 antea
2412 3445 2535 3501 erga
2579 3438 2630 3485 te
2677 3441 2817 3483 nune
2848 3426 3067 3480 allectus
3110 3425 3198 3489 sit,
3226 3423 3319 3478 sed
3363 3422 3561 3475 aliena-

1990 3526 2124 3579 verit
2156 3524 2412 3579 aninmm.
2446 3523 2530 3578 l5.
2561 3521 2670 3592 Ego
2707 3536 2817 3575 sunt
2844 3518 2980 3572 Deus
3011 3516 3099 3589 qui
3122 3514 3343 3585 apparui
3385 3512 3473 3566 tibi
3513 3512 3566 3565 in

1991 3618 2099 3670 loco
2127 3615 2209 3669 ubi
2239 3614 2482 3668 iuunxisti
2532 3611 2655 3664 mihi
2699 3610 3005 3664 columnam.
3054 3605 3111 3660 ln
3161 3603 3473 3659 memoriam
3516 3603 3564 3656 ei

1990 3710 2193 3766 referre
2219 3708 2350 3773 vult,
2379 3722 2496 3778 qua:
2527 3704 2623 3775 ipsi
2653 3714 2777 3759 tunc
2815 3701 3077 3772 pollicitus
3118 3698 3308 3761 fuerit,
3338 3696 3521 3750 dicens
3552 3713 3565 3749 :

1991 3802 2056 3856 In
2086 3800 2455 3855 multitudinem
2480 3807 2526 3852 te
2550 3811 2766 3851 crescere
2787 3795 2970 3867 faciant
3010 3801 3057 3845 et
3095 3789 3375 3845 custodiant
3405 3797 3485 3854 te,
3509 3801 3571 3840 ac

1988 3895 2227 3950 reducam
2264 3901 2310 3946 te
2336 3892 2387 3944 itt
2423 3900 2606 3945 terram
2635 3898 2770 3942 tuam
2794 3885 2944 3960 (Gen.
2968 3885 3059 3939 28.
3084 3885 3168 3938 14.
3197 3881 3304 3952 15).
3329 3880 3443 3949 Ego
3468 3880 3562 3948 igi-

1992 3999 2096 4054 tur,
2131 3983 2433 4056 inquit,.qui
2479 3991 2605 4037 tunc
2651 3978 2872 4050 apparui
2914 3976 3040 4042 tibi,
3082 3985 3134 4030 et
3186 3972 3565 4042 promissiones

1991 4081 2083 4136 tibi
2112 4078 2209 4135 feci
2240 4096 2255 4133 :
2284 4091 2383 4148 ego
2411 4076 2569 4132 etiam
2600 4089 2740 4129 nunc
2763 4114 2777 4138 ,
2817 4069 3029 4141 quando
3057 4078 3267 4137 tempus
3294 4063 3436 4119 venit
3460 4077 3566 4132 quo

1988 4189 2052 4228 ea
2082 4187 2201 4241 qua:
2231 4179 2355 4225 tunc
2377 4166 2594 4238 promisi
2623 4178 2786 4236 opere
2807 4160 3120 4232 complenda
3162 4165 3320 4223 sunt,
3357 4154 3563 4224 regredi

1990 4274 2040 4319 te
2062 4265 2224 4335 jubeo
2253 4263 2453 4332 absque
2479 4260 2622 4314 omni
2655 4258 2847 4313 mentis
2871 4251 3284 4325 angore.Tecum
3301 4250 3430 4303 enim
3458 4264 3561 4299 cro.

1994 4360 2099 4429 Ego
2126 4375 2237 4414 sum
2267 4356 2402 4410 Deus
2437 4354 2522 4424 qui
2548 4351 2766 4423 apparui
2792 4349 2881 4403 tibi
2902 4348 2953 4401 in
2984 4346 3094 4400 loco
3119 4346 3171 4398 in
3199 4358 3295 4414 quo
3322 4339 3561 4394 inunxisti

1988 4428 2109 4504 uti/ti
2147 4450 2430 4502 columnam
2462 4444 2554 4515 (α),
2581 4453 2626 4496 et
2657 4440 2831 4495 vovisti
2866 4438 2989 4491 mihi
3016 4444 3202 4489 votum.
3253 4428 3561 4484 Memoriam

1989 4544 2084 4611 ipsi
2128 4540 2343 4595 refrieat
2385 4536 2489 4589 \oti
2529 4543 2584 4589 et
2625 4528 3029 4602 promissionis,
3066 4538 3224 4595 quam
3267 4525 3561 4587 receperat.

1986 4632 2262 4701 Quodnam
2290 4638 2468 4684 autem
2497 4633 2614 4680 erat
2643 4620 2863 4677 votum?
2885 4619 2959 4673 De
2979 4619 3039 4672 iis
3064 4630 3175 4685 quw
3198 4612 3322 4667 mihi
3342 4610 3559 4672 dederis,

1986 4725 2202 4778 decimas
2226 4720 2310 4772 tibi
2329 4716 2539 4785 oﬂ'eram
2561 4713 2711 4785 (Gen.
2739 4710 2830 4766 28.
2852 4708 2969 4778 22).
2995 4706 3254 4773 Quoniam
3280 4711 3404 4758 tunc
3430 4701 3561 4755 nihil

1988 4826 2160 4870 tecum
2212 4810 2472 4864 allerebas
2497 4846 2511 4871 ,
2544 4804 2691 4875 quasi
2726 4801 2977 4873 profugus
3023 4799 3122 4852 iter
3164 4795 3364 4851 faciens
3395 4810 3409 4849 :
3437 4807 3560 4847 cum

1984 4916 2159 4962 autem
2211 4904 2305 4959 tibi
2346 4914 2654 4972 apparerem
2679 4939 2691 4962 ,
2733 4894 2922 4951 vovisti
2970 4900 3188 4959 votum,
3230 4888 3454 4943 dicens:
3491 4884 3565 4937 De

1984 4999 2212 5054 omnibus
2236 5010 2348 5065 qua:
2387 4992 2510 5046 mihi
2551 4988 2767 5052 dederis,
2801 4986 3019 5041 decimas
3057 4982 3186 5036 dabo
3213 4980 3334 5045 tibi,
3355 4988 3479 5030 voto
3504 4985 3559 5027 et

1986 5090 2338 5162 promissione
2388 5084 2675 5154 potentiam
2733 5095 2903 5133 meam
2956 5075 3311 5147 prmsignans,
3340 5078 3396 5123 et
3439 5068 3557 5121 fidei

1985 5160 2149 5236 oculis
2181 5178 2477 5249 prtevidens
2507 5175 2734 5228 futuram
2783 5170 2878 5224 tibi
2912 5182 3088 5223 rerum
3133 5160 3505 5219 abundantiam
3541 5176 3554 5212 :

1986 5286 2125 5325 nunc
2151 5270 2269 5339 quia
2297 5273 2589 5321 evenerunt
2615 5272 2668 5317 et
2695 5261 2906 5329 impleta
2938 5265 3061 5311 sunt
3088 5268 3207 5323 qua:
3241 5268 3271 5304 a
3300 5264 3386 5305 me
3416 5263 3552 5318 prte-

1984 5365 2121 5417 dicta
2146 5404 2159 5425 ,
2180 5362 2382 5430 justum
2408 5358 2567 5412 fuerit
2596 5363 2653 5408 ut
2681 5361 2736 5408 et
2762 5358 2943 5404 votum
2974 5356 3119 5418 tuum
3150 5339 3552 5430 impleas.Nunc

1983 5470 2100 5525 ergo
2121 5495 2135 5521 ,
2170 5429 2372 5522 inquit,
2402 5462 2570 5517 surge,
2599 5454 2642 5498 et
2684 5440 2917 5513 egredere
2939 5438 3001 5490 de
3030 5445 3164 5489 terra
3206 5434 3322 5500 ista,
3345 5440 3389 5485 et
3429 5429 3553 5484 vade

2043 5610 2117 5672 (α)
2149 5614 2201 5658 In
2220 5614 2400 5663 στι-τωο,
2425 5614 2575 5672 arant,
2600 5598 2730 5664 quod
2750 5604 2863 5672 apte
2886 5596 3082 5672 cippum
3100 5597 3334 5672 xei-teris,
3358 5591 3438 5672 vel
3455 5606 3561 5672 tne—

1983 5657 2254 5728 liu§,'aram
2293 5679 2309 5715 :
2336 5657 2416 5713 ara
2442 5657 2572 5711 enim
2606 5657 2726 5710 vero
2749 5657 2853 5716 fuit,
2875 5657 3019 5728 quam
3039 5657 3278 5720 religione
3307 5664 3464 5707 motus
3485 5657 3562 5705 in-

1983 5722 2137 5793 unxit,
2165 5738 2214 5779 et
2240 5730 2288 5778 in
2310 5739 2401 5790 qua
2427 5736 2598 5786 preces
2624 5731 2671 5773 et
2695 5730 2802 5774 vota
2829 5722 3005 5771 emisit.
