  <div class='ocr_page' id='page_1' title='image "/cluster/home/n/w/nwhite01/storage/ocr_20150623/54:no.4:pt.2/coo.31924054869544/127.png"; bbox 0 0 3974 6410; ppageno 0'>
   <div class='ocr_carea' id='block_1_1' title="bbox 428 283 552 342">
    <p class='ocr_par' dir='ltr' id='par_1_1' title="bbox 428 283 552 342">
     <span class='ocr_line' id='line_1_1' title="bbox 428 283 552 342; baseline 0 0"><span class='ocrx_word' id='word_1_1' title='bbox 428 283 552 342; x_wconf 56' lang='lat'><strong><em>&quot;‘99</em></strong></span> 
     </span>
    </p>
   </div>
   <div class='ocr_carea' id='block_1_2' title="bbox 444 395 2022 467">
    <p class='ocr_par' dir='ltr' id='par_1_2' title="bbox 444 395 2022 467">
     <span class='ocr_line' id='line_1_2' title="bbox 444 395 2022 467; baseline -0.006 -11"><span class='ocrx_word' id='word_1_2' title='bbox 444 403 498 456; x_wconf 86' lang='lat' dir='ltr'><strong><em>in</em></strong></span> <span class='ocrx_word' id='word_1_3' title='bbox 529 412 713 455; x_wconf 83' lang='lat' dir='ltr'><strong><em>terram</em></strong></span> <span class='ocrx_word' id='word_1_4' title='bbox 742 399 1008 454; x_wconf 73' lang='lat' dir='ltr'><strong><em>nativitatis</em></strong></span> <span class='ocrx_word' id='word_1_5' title='bbox 1034 407 1166 463; x_wconf 80' lang='lat' dir='ltr'><strong><em>tute,</em></strong></span> <span class='ocrx_word' id='word_1_6' title='bbox 1194 409 1240 452; x_wconf 92' lang='lat' dir='ltr'><strong><em>et</em></strong></span> <span class='ocrx_word' id='word_1_7' title='bbox 1267 415 1348 452; x_wconf 91' lang='lat' dir='ltr'><strong><em>ero</em></strong></span> <span class='ocrx_word' id='word_1_8' title='bbox 1378 407 1558 452; x_wconf 89' lang='lat' dir='ltr'><strong><em>tecum.</em></strong></span> <span class='ocrx_word' id='word_1_9' title='bbox 1595 399 1707 467; x_wconf 84' lang='lat' dir='ltr'><strong><em>Ego</em></strong></span> <span class='ocrx_word' id='word_1_10' title='bbox 1745 407 1796 450; x_wconf 88' lang='lat' dir='ltr'><strong><em>te</em></strong></span> <span class='ocrx_word' id='word_1_11' title='bbox 1825 395 2022 465; x_wconf 90' lang='lat' dir='ltr'><strong><em>ubique</em></strong></span> 
     </span>
    </p>
   </div>
   <div class='ocr_carea' id='block_1_3' title="bbox 444 487 2022 561">
    <p class='ocr_par' dir='ltr' id='par_1_3' title="bbox 444 487 2022 561">
     <span class='ocr_line' id='line_1_3' title="bbox 444 487 2022 561; baseline -0.004 -13"><span class='ocrx_word' id='word_1_12' title='bbox 444 493 775 559; x_wconf 87' lang='lat' dir='ltr'><strong><em>comitabor,</em></strong></span> <span class='ocrx_word' id='word_1_13' title='bbox 808 506 908 561; x_wconf 84' lang='lat' dir='ltr'><strong><em>ego</em></strong></span> <span class='ocrx_word' id='word_1_14' title='bbox 938 491 1030 546; x_wconf 89' lang='lat' dir='ltr'><strong><em>tibi</em></strong></span> <span class='ocrx_word' id='word_1_15' title='bbox 1059 489 1268 545; x_wconf 76' lang='lat' dir='ltr'><strong><em>facilem</em></strong></span> <span class='ocrx_word' id='word_1_16' title='bbox 1294 489 1572 544; x_wconf 73' lang='lat' dir='ltr'><strong>ostendam</strong></span> <span class='ocrx_word' id='word_1_17' title='bbox 1599 491 1738 544; x_wconf 90' lang='lat' dir='ltr'><strong><em>viam</em></strong></span> <span class='ocrx_word' id='word_1_18' title='bbox 1763 530 1778 556; x_wconf 91' lang='lat'><strong><em>,</em></strong></span> <span class='ocrx_word' id='word_1_19' title='bbox 1805 497 1860 543; x_wconf 91' lang='lat' dir='ltr'><strong><em>et</em></strong></span> <span class='ocrx_word' id='word_1_20' title='bbox 1901 487 2022 542; x_wconf 90' lang='lat' dir='ltr'><strong><em>nul-</em></strong></span> 
     </span>
    </p>
   </div>
   <div class='ocr_carea' id='block_1_4' title="bbox 449 580 2022 654">
    <p class='ocr_par' dir='ltr' id='par_1_4' title="bbox 449 580 2022 654">
     <span class='ocr_line' id='line_1_4' title="bbox 449 580 2022 654; baseline -0.003 -15"><span class='ocrx_word' id='word_1_21' title='bbox 449 585 560 639; x_wconf 92' lang='lat' dir='ltr'><strong><em>lum</em></strong></span> <span class='ocrx_word' id='word_1_22' title='bbox 607 598 638 639; x_wconf 69' lang='grc' dir='ltr'><strong>ε</strong></span> <span class='ocrx_word' id='word_1_23' title='bbox 679 583 928 654; x_wconf 88' lang='lat' dir='ltr'><strong><em>quopiam</em></strong></span> <span class='ocrx_word' id='word_1_24' title='bbox 966 582 1216 638; x_wconf 82' lang='lat' dir='ltr'><strong>damnum</strong></span> <span class='ocrx_word' id='word_1_25' title='bbox 1244 580 1420 646; x_wconf 87' lang='lat' dir='ltr'><strong><em>feres;</em></strong></span> <span class='ocrx_word' id='word_1_26' title='bbox 1447 581 1665 636; x_wconf 73' lang='lat' dir='ltr'><strong><em>dextera</em></strong></span> <span class='ocrx_word' id='word_1_27' title='bbox 1718 581 1861 635; x_wconf 90' lang='lat' dir='ltr'><strong><em>enim</em></strong></span> <span class='ocrx_word' id='word_1_28' title='bbox 1904 593 2022 635; x_wconf 88' lang='lat' dir='ltr'><strong><em>mea</em></strong></span> 
     </span>
    </p>
   </div>
   <div class='ocr_carea' id='block_1_5' title="bbox 443 668 2020 745">
    <p class='ocr_par' dir='ltr' id='par_1_5' title="bbox 443 668 2020 745">
     <span class='ocr_line' id='line_1_5' title="bbox 443 668 2020 745; baseline -0.003 -19"><span class='ocrx_word' id='word_1_29' title='bbox 443 670 641 745; x_wconf 85' lang='lat' dir='ltr'><strong><em>ubique</em></strong></span> <span class='ocrx_word' id='word_1_30' title='bbox 669 682 722 729; x_wconf 90' lang='lat' dir='ltr'><strong><em>te</em></strong></span> <span class='ocrx_word' id='word_1_31' title='bbox 747 681 1006 744; x_wconf 88' lang='lat' dir='ltr'><strong><em>proteget.</em></strong></span> <span class='ocrx_word' id='word_1_32' title='bbox 1040 673 1127 728; x_wconf 69' lang='lat' dir='ltr'><strong><em>l4.</em></strong></span> <span class='ocrx_word' id='word_1_33' title='bbox 1158 671 1281 727; x_wconf 65' lang='lat' dir='ltr'><strong><em>Hec</em></strong></span> <span class='ocrx_word' id='word_1_34' title='bbox 1314 672 1574 726; x_wconf 85' lang='lat' dir='ltr'><strong><em>audientes</em></strong></span> <span class='ocrx_word' id='word_1_35' title='bbox 1605 670 1798 726; x_wconf 83' lang='lat' dir='ltr'><strong><em>Rachel</em></strong></span> <span class='ocrx_word' id='word_1_36' title='bbox 1822 679 1868 725; x_wconf 90' lang='lat' dir='ltr'><strong><em>et</em></strong></span> <span class='ocrx_word' id='word_1_37' title='bbox 1890 668 1984 726; x_wconf 87' lang='lat' dir='ltr'><strong><em>Lia</em></strong></span> <span class='ocrx_word' id='word_1_38' title='bbox 2004 711 2020 737; x_wconf 90' lang='lat'><strong><em>,</em></strong></span> 
     </span>
    </p>
   </div>
   <div class='ocr_carea' id='block_1_6' title="bbox 442 761 2023 834">
    <p class='ocr_par' dir='ltr' id='par_1_6' title="bbox 442 761 2023 834">
     <span class='ocr_line' id='line_1_6' title="bbox 442 761 2023 834; baseline 0.001 -20"><span class='ocrx_word' id='word_1_39' title='bbox 442 764 682 818; x_wconf 84' lang='lat' dir='ltr'><strong><em>dixerunt</em></strong></span> <span class='ocrx_word' id='word_1_40' title='bbox 702 764 749 817; x_wconf 83' lang='lat' dir='ltr'><strong><em>ei</em></strong></span> <span class='ocrx_word' id='word_1_41' title='bbox 774 779 794 818; x_wconf 91' lang='lat'><strong><em>:</em></strong></span> <span class='ocrx_word' id='word_1_42' title='bbox 815 761 1078 834; x_wconf 77' lang='lat' dir='ltr'><strong><em>Numquid</em></strong></span> <span class='ocrx_word' id='word_1_43' title='bbox 1102 773 1173 818; x_wconf 88' lang='lat' dir='ltr'><strong><em>est</em></strong></span> <span class='ocrx_word' id='word_1_44' title='bbox 1201 763 1343 818; x_wconf 90' lang='lat' dir='ltr'><strong><em>nobis</em></strong></span> <span class='ocrx_word' id='word_1_45' title='bbox 1389 779 1508 834; x_wconf 88' lang='lat' dir='ltr'><strong><em>pars</em></strong></span> <span class='ocrx_word' id='word_1_46' title='bbox 1551 763 1629 818; x_wconf 90' lang='lat' dir='ltr'><strong><em>vel</em></strong></span> <span class='ocrx_word' id='word_1_47' title='bbox 1664 763 1931 818; x_wconf 74' lang='lat' dir='ltr'><strong><em>htcreditas</em></strong></span> <span class='ocrx_word' id='word_1_48' title='bbox 1970 762 2023 816; x_wconf 87' lang='lat' dir='ltr'><strong><em>in</em></strong></span> 
     </span>
    </p>
   </div>
   <div class='ocr_carea' id='block_1_7' title="bbox 441 852 2022 924">
    <p class='ocr_par' dir='ltr' id='par_1_7' title="bbox 441 852 2022 924">
     <span class='ocr_line' id='line_1_7' title="bbox 441 852 2022 924; baseline -0.001 -17"><span class='ocrx_word' id='word_1_49' title='bbox 441 853 591 908; x_wconf 86' lang='lat' dir='ltr'><strong><em>domo</em></strong></span> <span class='ocrx_word' id='word_1_50' title='bbox 617 853 776 924; x_wconf 85' lang='lat' dir='ltr'><strong><em>patris</em></strong></span> <span class='ocrx_word' id='word_1_51' title='bbox 809 853 1010 908; x_wconf 78' lang='lat' dir='ltr'><strong><em>nostri?</em></strong></span> <span class='ocrx_word' id='word_1_52' title='bbox 1036 855 1122 909; x_wconf 84' lang='lat' dir='ltr'><strong><em>l5.</em></strong></span> <span class='ocrx_word' id='word_1_53' title='bbox 1159 852 1348 908; x_wconf 88' lang='lat' dir='ltr'><strong><em>Nonne</em></strong></span> <span class='ocrx_word' id='word_1_54' title='bbox 1375 862 1431 906; x_wconf 91' lang='lat' dir='ltr'><strong><em>ut</em></strong></span> <span class='ocrx_word' id='word_1_55' title='bbox 1459 853 1638 908; x_wconf 72' lang='lat' dir='ltr'><strong><em>aliena</em></strong></span> <span class='ocrx_word' id='word_1_56' title='bbox 1661 862 1904 923; x_wconf 75' lang='lat' dir='ltr'><strong><em>reputatur</em></strong></span> <span class='ocrx_word' id='word_1_57' title='bbox 1931 869 2022 907; x_wconf 85' lang='lat' dir='ltr'><strong><em>su-</em></strong></span> 
     </span>
    </p>
   </div>
   <div class='ocr_carea' id='block_1_8' title="bbox 443 943 2023 1014">
    <p class='ocr_par' dir='ltr' id='par_1_8' title="bbox 443 943 2023 1014">
     <span class='ocr_line' id='line_1_8' title="bbox 443 943 2023 1014; baseline 0.003 -20"><span class='ocrx_word' id='word_1_58' title='bbox 443 959 552 1000; x_wconf 84' lang='lat' dir='ltr'><strong><em>mus</em></strong></span> <span class='ocrx_word' id='word_1_59' title='bbox 576 943 715 1014; x_wconf 85' lang='lat' dir='ltr'><strong><em>apud</em></strong></span> <span class='ocrx_word' id='word_1_60' title='bbox 738 960 853 998; x_wconf 87' lang='lat' dir='ltr'><strong><em>eum</em></strong></span> <span class='ocrx_word' id='word_1_61' title='bbox 873 944 900 998; x_wconf 77' lang='lat'><strong><em>1&#39;</em></strong></span> <span class='ocrx_word' id='word_1_62' title='bbox 930 943 1163 999; x_wconf 74' lang='lat' dir='ltr'><strong><em>Vendidit</em></strong></span> <span class='ocrx_word' id='word_1_63' title='bbox 1190 947 1325 998; x_wconf 83' lang='lat' dir='ltr'><strong><em>enim</em></strong></span> <span class='ocrx_word' id='word_1_64' title='bbox 1352 961 1463 1010; x_wconf 83' lang='lat' dir='ltr'><strong><em>nos,</em></strong></span> <span class='ocrx_word' id='word_1_65' title='bbox 1490 953 1537 999; x_wconf 79' lang='lat' dir='ltr'><strong><em>et</em></strong></span> <span class='ocrx_word' id='word_1_66' title='bbox 1565 944 1853 1000; x_wconf 77' lang='lat' dir='ltr'><strong><em>devorando</em></strong></span> <span class='ocrx_word' id='word_1_67' title='bbox 1879 962 2023 1000; x_wconf 79' lang='lat' dir='ltr'><strong><em>cont-</em></strong></span> 
     </span>
    </p>
   </div>
   <div class='ocr_carea' id='block_1_9' title="bbox 439 1037 2024 1108">
    <p class='ocr_par' dir='ltr' id='par_1_9' title="bbox 439 1037 2024 1108">
     <span class='ocr_line' id='line_1_9' title="bbox 439 1037 2024 1108; baseline 0.002 -18"><span class='ocrx_word' id='word_1_68' title='bbox 439 1037 542 1091; x_wconf 84' lang='lat' dir='ltr'><strong><em>edit</em></strong></span> <span class='ocrx_word' id='word_1_69' title='bbox 577 1037 790 1107; x_wconf 88' lang='lat' dir='ltr'><strong><em>pretium</em></strong></span> <span class='ocrx_word' id='word_1_70' title='bbox 820 1047 1066 1092; x_wconf 90' lang='lat' dir='ltr'><strong><em>nostrum.</em></strong></span> <span class='ocrx_word' id='word_1_71' title='bbox 1095 1039 1182 1093; x_wconf 83' lang='lat' dir='ltr'><strong><em>f6.</em></strong></span> <span class='ocrx_word' id='word_1_72' title='bbox 1202 1037 1272 1092; x_wconf 83' lang='lat' dir='ltr'><strong><em>Et</em></strong></span> <span class='ocrx_word' id='word_1_73' title='bbox 1299 1055 1428 1108; x_wconf 88' lang='lat' dir='ltr'><strong><em>quas</em></strong></span> <span class='ocrx_word' id='word_1_74' title='bbox 1453 1054 1626 1092; x_wconf 88' lang='lat' dir='ltr'><strong><em>onmes</em></strong></span> <span class='ocrx_word' id='word_1_75' title='bbox 1650 1037 1790 1093; x_wconf 88' lang='lat' dir='ltr'><strong><em>Deus</em></strong></span> <span class='ocrx_word' id='word_1_76' title='bbox 1816 1038 2024 1093; x_wconf 89' lang='lat' dir='ltr'><strong><em>abstulit</em></strong></span> 
     </span>
    </p>
   </div>
   <div class='ocr_carea' id='block_1_10' title="bbox 438 1127 2026 1200">
    <p class='ocr_par' dir='ltr' id='par_1_10' title="bbox 438 1127 2026 1200">
     <span class='ocr_line' id='line_1_10' title="bbox 438 1127 2026 1200; baseline 0.002 -21"><span class='ocrx_word' id='word_1_77' title='bbox 438 1127 640 1182; x_wconf 85' lang='lat' dir='ltr'><strong><em>divitias</em></strong></span> <span class='ocrx_word' id='word_1_78' title='bbox 665 1136 716 1181; x_wconf 91' lang='lat' dir='ltr'><strong><em>et</em></strong></span> <span class='ocrx_word' id='word_1_79' title='bbox 743 1128 958 1198; x_wconf 77' lang='lat' dir='ltr'><strong><em>gloriam</em></strong></span> <span class='ocrx_word' id='word_1_80' title='bbox 986 1145 1017 1182; x_wconf 91' lang='lat' dir='ltr'><strong><em>a</em></strong></span> <span class='ocrx_word' id='word_1_81' title='bbox 1047 1137 1188 1198; x_wconf 81' lang='lat' dir='ltr'><strong><em>patre</em></strong></span> <span class='ocrx_word' id='word_1_82' title='bbox 1213 1137 1407 1196; x_wconf 88' lang='lat' dir='ltr'><strong><em>nostro,</em></strong></span> <span class='ocrx_word' id='word_1_83' title='bbox 1439 1127 1530 1181; x_wconf 89' lang='lat' dir='ltr'><strong><em>tibi</em></strong></span> <span class='ocrx_word' id='word_1_84' title='bbox 1557 1127 1698 1182; x_wconf 90' lang='lat' dir='ltr'><strong><em>dedit</em></strong></span> <span class='ocrx_word' id='word_1_85' title='bbox 1726 1144 1746 1182; x_wconf 90' lang='lat'><strong><em>:</em></strong></span> <span class='ocrx_word' id='word_1_86' title='bbox 1775 1145 1907 1182; x_wconf 88' lang='lat' dir='ltr'><strong><em>nunc</em></strong></span> <span class='ocrx_word' id='word_1_87' title='bbox 1927 1129 2026 1200; x_wconf 88' lang='lat' dir='ltr'><strong><em>igi-</em></strong></span> 
     </span>
    </p>
   </div>
   <div class='ocr_carea' id='block_1_11' title="bbox 439 1219 2024 1291">
    <p class='ocr_par' dir='ltr' id='par_1_11' title="bbox 439 1219 2024 1291">
     <span class='ocr_line' id='line_1_11' title="bbox 439 1219 2024 1291; baseline 0.001 -18"><span class='ocrx_word' id='word_1_88' title='bbox 439 1229 525 1274; x_wconf 92' lang='lat' dir='ltr'><strong><em>tur</em></strong></span> <span class='ocrx_word' id='word_1_89' title='bbox 547 1235 874 1290; x_wconf 70' lang='lat' dir='ltr'><strong><em>quascumque</em></strong></span> <span class='ocrx_word' id='word_1_90' title='bbox 893 1219 1077 1275; x_wconf 74' lang='lat' dir='ltr'><strong><em>dixerit</em></strong></span> <span class='ocrx_word' id='word_1_91' title='bbox 1107 1220 1196 1274; x_wconf 91' lang='lat' dir='ltr'><strong><em>tibi</em></strong></span> <span class='ocrx_word' id='word_1_92' title='bbox 1216 1219 1354 1274; x_wconf 90' lang='lat' dir='ltr'><strong><em>Deus</em></strong></span> <span class='ocrx_word' id='word_1_93' title='bbox 1381 1229 1514 1284; x_wconf 90' lang='lat' dir='ltr'><strong><em>tuus,</em></strong></span> <span class='ocrx_word' id='word_1_94' title='bbox 1539 1222 1644 1291; x_wconf 79' lang='lat' dir='ltr'><strong><em>fac.</em></strong></span> <span class='ocrx_word' id='word_1_95' title='bbox 1673 1219 1806 1274; x_wconf 82' lang='lat' dir='ltr'><strong><em>Vide</em></strong></span> <span class='ocrx_word' id='word_1_96' title='bbox 1833 1227 1889 1274; x_wconf 90' lang='lat' dir='ltr'><strong><em>et</em></strong></span> <span class='ocrx_word' id='word_1_97' title='bbox 1927 1219 2024 1274; x_wconf 86' lang='lat' dir='ltr'><strong><em>has</em></strong></span> 
     </span>
    </p>
   </div>
   <div class='ocr_carea' id='block_1_12' title="bbox 438 1309 2024 1380">
    <p class='ocr_par' dir='ltr' id='par_1_12' title="bbox 438 1309 2024 1380">
     <span class='ocr_line' id='line_1_12' title="bbox 438 1309 2024 1380; baseline -0.001 -16"><span class='ocrx_word' id='word_1_98' title='bbox 438 1320 728 1380; x_wconf 77' lang='lat' dir='ltr'><strong><em>sequentes</em></strong></span> <span class='ocrx_word' id='word_1_99' title='bbox 756 1309 847 1365; x_wconf 86' lang='lat' dir='ltr'><strong><em>Dei</em></strong></span> <span class='ocrx_word' id='word_1_100' title='bbox 877 1310 1182 1378; x_wconf 84' lang='lat' dir='ltr'><strong><em>arbitrium,</em></strong></span> <span class='ocrx_word' id='word_1_101' title='bbox 1206 1320 1259 1366; x_wconf 91' lang='lat' dir='ltr'><strong><em>et</em></strong></span> <span class='ocrx_word' id='word_1_102' title='bbox 1306 1310 1593 1366; x_wconf 83' lang='lat' dir='ltr'><strong><em>afferentes</em></strong></span> <span class='ocrx_word' id='word_1_103' title='bbox 1636 1310 1898 1366; x_wconf 89' lang='lat' dir='ltr'><strong><em>rationem</em></strong></span> <span class='ocrx_word' id='word_1_104' title='bbox 1938 1309 2024 1365; x_wconf 91' lang='lat' dir='ltr'><strong><em>cui</em></strong></span> 
     </span>
    </p>
   </div>
   <div class='ocr_carea' id='block_1_13' title="bbox 439 1401 2024 1473">
    <p class='ocr_par' dir='ltr' id='par_1_13' title="bbox 439 1401 2024 1473">
     <span class='ocr_line' id='line_1_13' title="bbox 439 1401 2024 1473; baseline 0.001 -18"><span class='ocrx_word' id='word_1_105' title='bbox 439 1401 732 1457; x_wconf 84' lang='lat' dir='ltr'><strong><em>contradici</em></strong></span> <span class='ocrx_word' id='word_1_106' title='bbox 763 1418 866 1457; x_wconf 87' lang='lat' dir='ltr'><strong><em>non</em></strong></span> <span class='ocrx_word' id='word_1_107' title='bbox 895 1403 1089 1472; x_wconf 87' lang='lat' dir='ltr'><strong><em>potuit.</em></strong></span> <span class='ocrx_word' id='word_1_108' title='bbox 1112 1401 1250 1457; x_wconf 80' lang='lat' dir='ltr'><strong><em>Num</em></strong></span> <span class='ocrx_word' id='word_1_109' title='bbox 1277 1409 1358 1458; x_wconf 90' lang='lat' dir='ltr'><strong><em>est</em></strong></span> <span class='ocrx_word' id='word_1_110' title='bbox 1390 1401 1588 1473; x_wconf 90' lang='lat' dir='ltr'><strong><em>aliquid</em></strong></span> <span class='ocrx_word' id='word_1_111' title='bbox 1612 1415 1895 1456; x_wconf 88' lang='lat' dir='ltr'><strong><em>commune</em></strong></span> <span class='ocrx_word' id='word_1_112' title='bbox 1921 1416 2024 1456; x_wconf 91' lang='lat' dir='ltr'><strong><em>no-</em></strong></span> 
     </span>
    </p>
   </div>
   <div class='ocr_carea' id='block_1_14' title="bbox 442 1491 2027 1564">
    <p class='ocr_par' dir='ltr' id='par_1_14' title="bbox 442 1491 2027 1564">
     <span class='ocr_line' id='line_1_14' title="bbox 442 1491 2027 1564; baseline 0.002 -19"><span class='ocrx_word' id='word_1_113' title='bbox 442 1491 527 1548; x_wconf 94' lang='lat' dir='ltr'><strong><em>bis</em></strong></span> <span class='ocrx_word' id='word_1_114' title='bbox 550 1534 565 1561; x_wconf 96' lang='lat'><strong><em>,</em></strong></span> <span class='ocrx_word' id='word_1_115' title='bbox 589 1494 762 1560; x_wconf 90' lang='lat' dir='ltr'><strong><em>aiunt,</em></strong></span> <span class='ocrx_word' id='word_1_116' title='bbox 784 1509 905 1549; x_wconf 90' lang='lat' dir='ltr'><strong><em>cum</em></strong></span> <span class='ocrx_word' id='word_1_117' title='bbox 933 1503 1087 1564; x_wconf 84' lang='lat' dir='ltr'><strong><em>patre</em></strong></span> <span class='ocrx_word' id='word_1_118' title='bbox 1107 1495 1329 1550; x_wconf 85' lang='lat' dir='ltr'><strong><em>nostro?</em></strong></span> <span class='ocrx_word' id='word_1_119' title='bbox 1357 1494 1532 1550; x_wconf 86' lang='lat' dir='ltr'><strong><em>Semel</em></strong></span> <span class='ocrx_word' id='word_1_120' title='bbox 1581 1495 1726 1550; x_wconf 91' lang='lat' dir='ltr'><strong><em>enim</em></strong></span> <span class='ocrx_word' id='word_1_121' title='bbox 1767 1510 1866 1550; x_wconf 91' lang='lat' dir='ltr'><strong><em>nos</em></strong></span> <span class='ocrx_word' id='word_1_122' title='bbox 1895 1509 2027 1550; x_wconf 88' lang='lat' dir='ltr'><strong><em>ven-</em></strong></span> 
     </span>
    </p>
   </div>
   <div class='ocr_carea' id='block_1_15' title="bbox 439 1582 2027 1656">
    <p class='ocr_par' dir='ltr' id='par_1_15' title="bbox 439 1582 2027 1656">
     <span class='ocr_line' id='line_1_15' title="bbox 439 1582 2027 1656; baseline 0.002 -19"><span class='ocrx_word' id='word_1_123' title='bbox 439 1582 595 1638; x_wconf 85' lang='lat' dir='ltr'><strong><em>didit.</em></strong></span> <span class='ocrx_word' id='word_1_124' title='bbox 620 1583 840 1639; x_wconf 79' lang='lat' dir='ltr'><strong><em>Divitias</em></strong></span> <span class='ocrx_word' id='word_1_125' title='bbox 866 1595 912 1640; x_wconf 87' lang='lat' dir='ltr'><strong><em>et</em></strong></span> <span class='ocrx_word' id='word_1_126' title='bbox 951 1586 1168 1655; x_wconf 86' lang='lat' dir='ltr'><strong><em>gloriam</em></strong></span> <span class='ocrx_word' id='word_1_127' title='bbox 1195 1602 1346 1654; x_wconf 83' lang='lat' dir='ltr'><strong><em>quant</em></strong></span> <span class='ocrx_word' id='word_1_128' title='bbox 1383 1585 1592 1640; x_wconf 74' lang='lat' dir='ltr'><strong><em>abstulit</em></strong></span> <span class='ocrx_word' id='word_1_129' title='bbox 1625 1584 1765 1640; x_wconf 88' lang='lat' dir='ltr'><strong><em>Deus</em></strong></span> <span class='ocrx_word' id='word_1_130' title='bbox 1806 1603 1838 1640; x_wconf 92' lang='lat' dir='ltr'><strong><em>a</em></strong></span> <span class='ocrx_word' id='word_1_131' title='bbox 1883 1596 2027 1656; x_wconf 84' lang='lat' dir='ltr'><strong><em>patre</em></strong></span> 
     </span>
    </p>
   </div>
   <div class='ocr_carea' id='block_1_16' title="bbox 440 1675 2020 1746">
    <p class='ocr_par' dir='ltr' id='par_1_16' title="bbox 440 1675 2020 1746">
     <span class='ocr_line' id='line_1_16' title="bbox 440 1675 2020 1746; baseline 0.003 -19"><span class='ocrx_word' id='word_1_132' title='bbox 440 1686 634 1742; x_wconf 88' lang='lat' dir='ltr'><strong><em>nostro,</em></strong></span> <span class='ocrx_word' id='word_1_133' title='bbox 661 1686 710 1730; x_wconf 86' lang='lat' dir='ltr'><strong><em>et</em></strong></span> <span class='ocrx_word' id='word_1_134' title='bbox 733 1678 870 1730; x_wconf 81' lang='lat' dir='ltr'><strong><em>dedit</em></strong></span> <span class='ocrx_word' id='word_1_135' title='bbox 897 1677 984 1730; x_wconf 85' lang='lat' dir='ltr'><strong><em>tibi</em></strong></span> <span class='ocrx_word' id='word_1_136' title='bbox 1005 1694 1024 1742; x_wconf 87' lang='lat'><em>;</em></span> <span class='ocrx_word' id='word_1_137' title='bbox 1045 1693 1136 1730; x_wconf 90' lang='lat' dir='ltr'><strong><em>nos</em></strong></span> <span class='ocrx_word' id='word_1_138' title='bbox 1171 1676 1492 1744; x_wconf 72' lang='lat' dir='ltr'><strong><em>habebimus,</em></strong></span> <span class='ocrx_word' id='word_1_139' title='bbox 1523 1685 1568 1730; x_wconf 90' lang='lat' dir='ltr'><strong><em>et</em></strong></span> <span class='ocrx_word' id='word_1_140' title='bbox 1597 1677 1695 1746; x_wconf 78' lang='lat' dir='ltr'><strong><em>ﬁlii</em></strong></span> <span class='ocrx_word' id='word_1_141' title='bbox 1728 1677 1906 1730; x_wconf 77' lang='lat' dir='ltr'><strong><em>nostri.</em></strong></span> <span class='ocrx_word' id='word_1_142' title='bbox 1941 1675 2020 1731; x_wconf 86' lang='lat' dir='ltr'><strong><em>Ne</em></strong></span> 
     </span>
    </p>
   </div>
   <div class='ocr_carea' id='block_1_17' title="bbox 438 1765 2027 1837">
    <p class='ocr_par' dir='ltr' id='par_1_17' title="bbox 438 1765 2027 1837">
     <span class='ocr_line' id='line_1_17' title="bbox 438 1765 2027 1837; baseline 0 -17"><span class='ocrx_word' id='word_1_143' title='bbox 438 1780 590 1820; x_wconf 84' lang='lat' dir='ltr'><strong><em>cessa</em></strong></span> <span class='ocrx_word' id='word_1_144' title='bbox 612 1767 789 1835; x_wconf 80' lang='lat' dir='ltr'><strong><em>igitur.</em></strong></span> <span class='ocrx_word' id='word_1_145' title='bbox 817 1782 988 1837; x_wconf 88' lang='lat' dir='ltr'><strong><em>neque</em></strong></span> <span class='ocrx_word' id='word_1_146' title='bbox 1006 1765 1179 1832; x_wconf 83' lang='lat' dir='ltr'><strong><em>differ,</em></strong></span> <span class='ocrx_word' id='word_1_147' title='bbox 1212 1765 1307 1821; x_wconf 89' lang='lat' dir='ltr'><strong><em>sed</em></strong></span> <span class='ocrx_word' id='word_1_148' title='bbox 1336 1765 1416 1820; x_wconf 89' lang='lat' dir='ltr'><strong><em>fac</em></strong></span> <span class='ocrx_word' id='word_1_149' title='bbox 1435 1781 1552 1836; x_wconf 67' lang='lat' dir='ltr'><strong><em>quae</em></strong></span> <span class='ocrx_word' id='word_1_150' title='bbox 1574 1766 1668 1821; x_wconf 87' lang='lat' dir='ltr'><strong><em>tibi</em></strong></span> <span class='ocrx_word' id='word_1_151' title='bbox 1699 1781 1729 1820; x_wconf 88' lang='lat' dir='ltr'><strong><em>a</em></strong></span> <span class='ocrx_word' id='word_1_152' title='bbox 1761 1766 1870 1821; x_wconf 91' lang='lat' dir='ltr'><strong><em>Deo</em></strong></span> <span class='ocrx_word' id='word_1_153' title='bbox 1899 1773 2027 1820; x_wconf 90' lang='lat' dir='ltr'><strong><em>sunt</em></strong></span> 
     </span>
    </p>
   </div>
   <div class='ocr_carea' id='block_1_18' title="bbox 439 1855 2022 1928">
    <p class='ocr_par' dir='ltr' id='par_1_18' title="bbox 439 1855 2022 1928">
     <span class='ocr_line' id='line_1_18' title="bbox 439 1855 2022 1928; baseline 0.002 -20"><span class='ocrx_word' id='word_1_154' title='bbox 439 1855 716 1926; x_wconf 88' lang='lat' dir='ltr'><strong><em>imperata.</em></strong></span> <span class='ocrx_word' id='word_1_155' title='bbox 753 1855 906 1910; x_wconf 88' lang='lat' dir='ltr'><strong><em>Nunc</em></strong></span> <span class='ocrx_word' id='word_1_156' title='bbox 925 1857 1082 1927; x_wconf 79' lang='lat' dir='ltr'><strong><em>igitur</em></strong></span> <span class='ocrx_word' id='word_1_157' title='bbox 1101 1871 1425 1928; x_wconf 79' lang='lat' dir='ltr'><strong><em>qutccumque</em></strong></span> <span class='ocrx_word' id='word_1_158' title='bbox 1455 1856 1584 1910; x_wconf 87' lang='lat' dir='ltr'><strong><em>dixit</em></strong></span> <span class='ocrx_word' id='word_1_159' title='bbox 1609 1856 1696 1910; x_wconf 90' lang='lat' dir='ltr'><strong><em>tibi</em></strong></span> <span class='ocrx_word' id='word_1_160' title='bbox 1724 1855 1863 1910; x_wconf 83' lang='lat' dir='ltr'><strong><em>Deus</em></strong></span> <span class='ocrx_word' id='word_1_161' title='bbox 1884 1865 2022 1922; x_wconf 88' lang='lat' dir='ltr'><strong><em>tuus,</em></strong></span> 
     </span>
    </p>
   </div>
   <div class='ocr_carea' id='block_1_19' title="bbox 424 1945 2028 2020">
    <p class='ocr_par' dir='ltr' id='par_1_19' title="bbox 424 1945 2028 2020">
     <span class='ocr_line' id='line_1_19' title="bbox 424 1945 2028 2020; baseline 0.005 -23"><span class='ocrx_word' id='word_1_162' title='bbox 424 1949 542 2014; x_wconf 71' lang='lat' dir='ltr'><strong><em>:fac.</em></strong></span> <span class='ocrx_word' id='word_1_163' title='bbox 574 1948 659 2002; x_wconf 83' lang='lat' dir='ltr'><strong><em>l7.</em></strong></span> <span class='ocrx_word' id='word_1_164' title='bbox 687 1945 813 2002; x_wconf 63' lang='lat' dir='ltr'><strong><em>Haec</em></strong></span> <span class='ocrx_word' id='word_1_165' title='bbox 847 1957 900 2002; x_wconf 91' lang='lat' dir='ltr'><strong><em>ut</em></strong></span> <span class='ocrx_word' id='word_1_166' title='bbox 926 1947 1120 2003; x_wconf 81' lang='lat' dir='ltr'><strong><em>audivit</em></strong></span> <span class='ocrx_word' id='word_1_167' title='bbox 1140 1947 1322 2014; x_wconf 87' lang='lat' dir='ltr'><strong><em>Iacob,</em></strong></span> <span class='ocrx_word' id='word_1_168' title='bbox 1353 1949 1573 2004; x_wconf 86' lang='lat' dir='ltr'><strong><em>surrexit</em></strong></span> <span class='ocrx_word' id='word_1_169' title='bbox 1596 1959 1642 2004; x_wconf 89' lang='lat' dir='ltr'><strong><em>et</em></strong></span> <span class='ocrx_word' id='word_1_170' title='bbox 1671 1950 1863 2020; x_wconf 87' lang='lat' dir='ltr'><strong><em>accepit</em></strong></span> <span class='ocrx_word' id='word_1_171' title='bbox 1901 1967 2028 2005; x_wconf 81' lang='lat' dir='ltr'><strong><em>uxo-</em></strong></span> 
     </span>
    </p>
   </div>
   <div class='ocr_carea' id='block_1_20' title="bbox 420 2040 2027 2112">
    <p class='ocr_par' dir='ltr' id='par_1_20' title="bbox 420 2040 2027 2112">
     <span class='ocr_line' id='line_1_20' title="bbox 420 2040 2027 2112; baseline 0.003 -19"><span class='ocrx_word' id='word_1_172' title='bbox 420 2054 521 2093; x_wconf 57' lang='lat' dir='ltr'><strong><em>lues</em></strong></span> <span class='ocrx_word' id='word_1_173' title='bbox 564 2056 684 2094; x_wconf 87' lang='lat' dir='ltr'><strong><em>suas</em></strong></span> <span class='ocrx_word' id='word_1_174' title='bbox 703 2081 720 2106; x_wconf 95' lang='lat'><strong><em>,</em></strong></span> <span class='ocrx_word' id='word_1_175' title='bbox 750 2049 798 2094; x_wconf 83' lang='lat' dir='ltr'><strong><em>et</em></strong></span> <span class='ocrx_word' id='word_1_176' title='bbox 827 2041 994 2108; x_wconf 82' lang='lat' dir='ltr'><strong><em>ﬁlios,</em></strong></span> <span class='ocrx_word' id='word_1_177' title='bbox 1026 2049 1074 2095; x_wconf 85' lang='lat' dir='ltr'><strong><em>et</em></strong></span> <span class='ocrx_word' id='word_1_178' title='bbox 1117 2041 1385 2096; x_wconf 83' lang='lat' dir='ltr'><strong><em>ascendere</em></strong></span> <span class='ocrx_word' id='word_1_179' title='bbox 1423 2040 1540 2110; x_wconf 80' lang='lat' dir='ltr'><strong><em>fecit</em></strong></span> <span class='ocrx_word' id='word_1_180' title='bbox 1571 2057 1723 2112; x_wconf 81' lang='lat' dir='ltr'><strong><em>super</em></strong></span> <span class='ocrx_word' id='word_1_181' title='bbox 1767 2042 1984 2098; x_wconf 83' lang='lat' dir='ltr'><strong><em>camelos</em></strong></span> <span class='ocrx_word' id='word_1_182' title='bbox 2007 2057 2027 2097; x_wconf 90' lang='lat'><em>:</em></span> 
     </span>
    </p>
   </div>
   <div class='ocr_carea' id='block_1_21' title="bbox 437 2125 2028 2202">
    <p class='ocr_par' dir='ltr' id='par_1_21' title="bbox 437 2125 2028 2202">
     <span class='ocr_line' id='line_1_21' title="bbox 437 2125 2028 2202; baseline 0.001 -18"><span class='ocrx_word' id='word_1_183' title='bbox 437 2129 528 2186; x_wconf 71' lang='grc'><strong>18.</strong></span> <span class='ocrx_word' id='word_1_184' title='bbox 574 2141 620 2184; x_wconf 92' lang='lat' dir='ltr'><strong><em>et</em></strong></span> <span class='ocrx_word' id='word_1_185' title='bbox 658 2130 870 2185; x_wconf 87' lang='lat' dir='ltr'><strong><em>abduxit</em></strong></span> <span class='ocrx_word' id='word_1_186' title='bbox 903 2132 1076 2186; x_wconf 88' lang='lat' dir='ltr'><strong><em>omnia</em></strong></span> <span class='ocrx_word' id='word_1_187' title='bbox 1120 2147 1232 2202; x_wconf 68' lang='lat' dir='ltr'><strong><em>qua</em></strong></span> <span class='ocrx_word' id='word_1_188' title='bbox 1277 2125 1531 2199; x_wconf 83' lang='lat' dir='ltr'><strong><em>habebat,</em></strong></span> <span class='ocrx_word' id='word_1_189' title='bbox 1561 2141 1607 2186; x_wconf 86' lang='lat' dir='ltr'><strong><em>et</em></strong></span> <span class='ocrx_word' id='word_1_190' title='bbox 1673 2133 2028 2202; x_wconf 85' lang='lat' dir='ltr'><strong><em>supellectilem</em></strong></span> 
     </span>
    </p>
   </div>
   <div class='ocr_carea' id='block_1_22' title="bbox 441 2219 2024 2291">
    <p class='ocr_par' dir='ltr' id='par_1_22' title="bbox 441 2219 2024 2291">
     <span class='ocr_line' id='line_1_22' title="bbox 441 2219 2024 2291; baseline 0.003 -18"><span class='ocrx_word' id='word_1_191' title='bbox 441 2236 608 2286; x_wconf 88' lang='lat' dir='ltr'><strong><em>suam,</em></strong></span> <span class='ocrx_word' id='word_1_192' title='bbox 636 2237 786 2291; x_wconf 88' lang='lat' dir='ltr'><strong><em>quam</em></strong></span> <span class='ocrx_word' id='word_1_193' title='bbox 811 2221 1112 2290; x_wconf 87' lang='lat' dir='ltr'><strong><em>acquisierat</em></strong></span> <span class='ocrx_word' id='word_1_194' title='bbox 1132 2221 1184 2275; x_wconf 91' lang='lat' dir='ltr'><strong><em>in</em></strong></span> <span class='ocrx_word' id='word_1_195' title='bbox 1208 2219 1576 2290; x_wconf 79' lang='lat' dir='ltr'><strong><em>Mesopotamia</em></strong></span> <span class='ocrx_word' id='word_1_196' title='bbox 1591 2264 1607 2291; x_wconf 90' lang='lat'><strong><em>,</em></strong></span> <span class='ocrx_word' id='word_1_197' title='bbox 1629 2233 1675 2277; x_wconf 88' lang='lat' dir='ltr'><strong><em>et</em></strong></span> <span class='ocrx_word' id='word_1_198' title='bbox 1700 2225 1870 2278; x_wconf 91' lang='lat' dir='ltr'><strong><em>omnia</em></strong></span> <span class='ocrx_word' id='word_1_199' title='bbox 1911 2240 2024 2290; x_wconf 87' lang='lat' dir='ltr'><strong><em>sua,</em></strong></span> 
     </span>
    </p>
   </div>
   <div class='ocr_carea' id='block_1_23' title="bbox 410 2313 1353 2386">
    <p class='ocr_par' dir='ltr' id='par_1_23' title="bbox 410 2313 1353 2386">
     <span class='ocr_line' id='line_1_23' title="bbox 410 2313 1353 2386; baseline 0.004 -20"><span class='ocrx_word' id='word_1_200' title='bbox 410 2324 492 2367; x_wconf 70' lang='lat' dir='ltr'><strong><em>~ut</em></strong></span> <span class='ocrx_word' id='word_1_201' title='bbox 519 2313 679 2368; x_wconf 88' lang='lat' dir='ltr'><strong><em>abiret</em></strong></span> <span class='ocrx_word' id='word_1_202' title='bbox 698 2313 765 2368; x_wconf 90' lang='lat' dir='ltr'><strong><em>ad</em></strong></span> <span class='ocrx_word' id='word_1_203' title='bbox 791 2314 942 2369; x_wconf 84' lang='lat' dir='ltr'><strong><em>Isaac</em></strong></span> <span class='ocrx_word' id='word_1_204' title='bbox 965 2323 1158 2386; x_wconf 88' lang='lat' dir='ltr'><strong><em>patrem</em></strong></span> <span class='ocrx_word' id='word_1_205' title='bbox 1189 2331 1353 2370; x_wconf 86' lang='lat' dir='ltr'><strong><em>suum.</em></strong></span> 
     </span>
    </p>
   </div>
   <div class='ocr_carea' id='block_1_24' title="bbox 490 2402 2027 2477">
    <p class='ocr_par' dir='ltr' id='par_1_24' title="bbox 490 2402 2027 2477">
     <span class='ocr_line' id='line_1_24' title="bbox 490 2402 2027 2477; baseline 0.001 -19"><span class='ocrx_word' id='word_1_206' title='bbox 490 2405 562 2460; x_wconf 71' lang='grc'><strong>4.</strong></span> <span class='ocrx_word' id='word_1_207' title='bbox 579 2402 626 2457; x_wconf 84' lang='grc' dir='ltr'><strong><em>Ε</em></strong></span> <span class='ocrx_word' id='word_1_208' title='bbox 644 2405 792 2458; x_wconf 90' lang='lat' dir='ltr'><strong><em>domo</em></strong></span> <span class='ocrx_word' id='word_1_209' title='bbox 808 2404 1001 2458; x_wconf 87' lang='lat' dir='ltr'><strong><em>Labani</em></strong></span> <span class='ocrx_word' id='word_1_210' title='bbox 1018 2404 1148 2476; x_wconf 78' lang='lat' dir='ltr'><strong><em>fugit</em></strong></span> <span class='ocrx_word' id='word_1_211' title='bbox 1164 2403 1355 2469; x_wconf 89' lang='lat' dir='ltr'><strong><em>Iacob;</em></strong></span> <span class='ocrx_word' id='word_1_212' title='bbox 1371 2421 1484 2474; x_wconf 68' lang='lat' dir='ltr'><strong><em>qua</em></strong></span> <span class='ocrx_word' id='word_1_213' title='bbox 1497 2409 1672 2476; x_wconf 78' lang='lat' dir='ltr'><strong><em>fugant</em></strong></span> <span class='ocrx_word' id='word_1_214' title='bbox 1685 2416 1890 2477; x_wconf 79' lang='lat' dir='ltr'><strong><em>sequuta</em></strong></span> <span class='ocrx_word' id='word_1_215' title='bbox 1905 2408 2027 2472; x_wconf 86' lang='lat' dir='ltr'><strong><em>sint;</em></strong></span> 
     </span>
    </p>
   </div>
   <div class='ocr_carea' id='block_1_25' title="bbox 432 2493 2028 2567">
    <p class='ocr_par' dir='ltr' id='par_1_25' title="bbox 432 2493 2028 2567">
     <span class='ocr_line' id='line_1_25' title="bbox 432 2493 2028 2567; baseline 0.003 -20"><span class='ocrx_word' id='word_1_216' title='bbox 432 2495 739 2563; x_wconf 66' lang='lat' dir='ltr'><strong><em>pradicatur</em></strong></span> <span class='ocrx_word' id='word_1_217' title='bbox 763 2512 886 2549; x_wconf 89' lang='lat' dir='ltr'><strong><em>cura</em></strong></span> <span class='ocrx_word' id='word_1_218' title='bbox 909 2493 1008 2550; x_wconf 86' lang='lat' dir='ltr'><strong><em>Dei</em></strong></span> <span class='ocrx_word' id='word_1_219' title='bbox 1029 2512 1148 2567; x_wconf 84' lang='lat' dir='ltr'><strong><em>erga</em></strong></span> <span class='ocrx_word' id='word_1_220' title='bbox 1173 2512 1295 2550; x_wconf 88' lang='lat' dir='ltr'><strong><em>suos</em></strong></span> <span class='ocrx_word' id='word_1_221' title='bbox 1315 2536 1333 2564; x_wconf 91' lang='lat'><strong><em>,</em></strong></span> <span class='ocrx_word' id='word_1_222' title='bbox 1363 2511 1478 2565; x_wconf 68' lang='lat' dir='ltr'><strong><em>qua</em></strong></span> <span class='ocrx_word' id='word_1_223' title='bbox 1514 2496 1566 2550; x_wconf 90' lang='lat' dir='ltr'><strong><em>in</em></strong></span> <span class='ocrx_word' id='word_1_224' title='bbox 1609 2512 1822 2567; x_wconf 85' lang='lat' dir='ltr'><strong><em>persona</em></strong></span> <span class='ocrx_word' id='word_1_225' title='bbox 1866 2496 2028 2552; x_wconf 87' lang='lat' dir='ltr'><strong><em>Iacob</em></strong></span> 
     </span>
    </p>
   </div>
   <div class='ocr_carea' id='block_1_26' title="bbox 433 2585 2027 2655">
    <p class='ocr_par' dir='ltr' id='par_1_26' title="bbox 433 2585 2027 2655">
     <span class='ocr_line' id='line_1_26' title="bbox 433 2585 2027 2655; baseline 0.003 -16"><span class='ocrx_word' id='word_1_226' title='bbox 433 2585 611 2640; x_wconf 81' lang='lat' dir='ltr'><strong><em>elucet.</em></strong></span> <span class='ocrx_word' id='word_1_227' title='bbox 636 2615 704 2627; x_wconf 92' lang='lat'><strong><em>——</em></strong></span> <span class='ocrx_word' id='word_1_228' title='bbox 747 2585 1071 2654; x_wconf 83' lang='lat' dir='ltr'><strong><em>Considera,</em></strong></span> <span class='ocrx_word' id='word_1_229' title='bbox 1113 2587 1378 2655; x_wconf 88' lang='lat' dir='ltr'><strong><em>obsecro,</em></strong></span> <span class='ocrx_word' id='word_1_230' title='bbox 1421 2585 1783 2644; x_wconf 79' lang='lat' dir='ltr'><strong><em>fortitudinem</em></strong></span> <span class='ocrx_word' id='word_1_231' title='bbox 1836 2589 2027 2644; x_wconf 76' lang='lat' dir='ltr'><strong><em>anima:</em></strong></span> 
     </span>
    </p>
   </div>
   <div class='ocr_carea' id='block_1_27' title="bbox 428 2676 2029 2750">
    <p class='ocr_par' dir='ltr' id='par_1_27' title="bbox 428 2676 2029 2750">
     <span class='ocr_line' id='line_1_27' title="bbox 428 2676 2029 2750; baseline 0.003 -19"><span class='ocrx_word' id='word_1_232' title='bbox 428 2676 595 2746; x_wconf 88' lang='lat' dir='ltr'><strong><em>justi,</em></strong></span> <span class='ocrx_word' id='word_1_233' title='bbox 636 2685 692 2732; x_wconf 91' lang='lat' dir='ltr'><strong><em>et</em></strong></span> <span class='ocrx_word' id='word_1_234' title='bbox 734 2677 1003 2749; x_wconf 88' lang='lat' dir='ltr'><strong><em>quomodo</em></strong></span> <span class='ocrx_word' id='word_1_235' title='bbox 1046 2678 1258 2748; x_wconf 78' lang='lat' dir='ltr'><strong><em>repulso</em></strong></span> <span class='ocrx_word' id='word_1_236' title='bbox 1285 2678 1432 2732; x_wconf 92' lang='lat' dir='ltr'><strong><em>omni</em></strong></span> <span class='ocrx_word' id='word_1_237' title='bbox 1480 2679 1673 2735; x_wconf 90' lang='lat' dir='ltr'><strong><em>mentis</em></strong></span> <span class='ocrx_word' id='word_1_238' title='bbox 1722 2695 1919 2750; x_wconf 78' lang='lat' dir='ltr'><strong><em>angore</em></strong></span> <span class='ocrx_word' id='word_1_239' title='bbox 1965 2695 2029 2737; x_wconf 90' lang='lat' dir='ltr'><strong><em>ac</em></strong></span> 
     </span>
    </p>
   </div>
   <div class='ocr_carea' id='block_1_28' title="bbox 430 2767 2027 2837">
    <p class='ocr_par' dir='ltr' id='par_1_28' title="bbox 430 2767 2027 2837">
     <span class='ocr_line' id='line_1_28' title="bbox 430 2767 2027 2837; baseline 0.002 -15"><span class='ocrx_word' id='word_1_240' title='bbox 430 2777 616 2834; x_wconf 90' lang='lat' dir='ltr'><strong><em>metu,</em></strong></span> <span class='ocrx_word' id='word_1_241' title='bbox 688 2768 938 2823; x_wconf 87' lang='lat' dir='ltr'><strong><em>mandato</em></strong></span> <span class='ocrx_word' id='word_1_242' title='bbox 981 2767 1248 2824; x_wconf 90' lang='lat' dir='ltr'><strong><em>dominico</em></strong></span> <span class='ocrx_word' id='word_1_243' title='bbox 1306 2767 1712 2837; x_wconf 76' lang='lat' dir='ltr'><strong><em>obtemperavit.</em></strong></span> <span class='ocrx_word' id='word_1_244' title='bbox 1767 2771 2027 2837; x_wconf 86' lang='lat' dir='ltr'><strong><em>Quoniam</em></strong></span> 
     </span>
    </p>
   </div>
   <div class='ocr_carea' id='block_1_29' title="bbox 429 2859 2025 2931">
    <p class='ocr_par' dir='ltr' id='par_1_29' title="bbox 429 2859 2025 2931">
     <span class='ocr_line' id='line_1_29' title="bbox 429 2859 2025 2931; baseline 0.002 -17"><span class='ocrx_word' id='word_1_245' title='bbox 429 2860 575 2916; x_wconf 86' lang='lat' dir='ltr'><strong><em>enim</em></strong></span> <span class='ocrx_word' id='word_1_246' title='bbox 604 2860 734 2916; x_wconf 86' lang='lat' dir='ltr'><strong><em>vidit</em></strong></span> <span class='ocrx_word' id='word_1_247' title='bbox 757 2861 894 2916; x_wconf 85' lang='lat' dir='ltr'><strong><em>male</em></strong></span> <span class='ocrx_word' id='word_1_248' title='bbox 920 2876 1104 2916; x_wconf 90' lang='lat' dir='ltr'><strong><em>sanam</em></strong></span> <span class='ocrx_word' id='word_1_249' title='bbox 1131 2870 1364 2916; x_wconf 88' lang='lat' dir='ltr'><strong><em>mentem</em></strong></span> <span class='ocrx_word' id='word_1_250' title='bbox 1404 2859 1604 2916; x_wconf 84' lang='lat' dir='ltr'><strong><em>Labani</em></strong></span> <span class='ocrx_word' id='word_1_251' title='bbox 1621 2901 1639 2928; x_wconf 91' lang='lat'><strong><em>,</em></strong></span> <span class='ocrx_word' id='word_1_252' title='bbox 1688 2877 1795 2917; x_wconf 90' lang='lat' dir='ltr'><strong><em>non</em></strong></span> <span class='ocrx_word' id='word_1_253' title='bbox 1847 2863 1983 2917; x_wconf 88' lang='lat' dir='ltr'><strong><em>ultra</em></strong></span> <span class='ocrx_word' id='word_1_254' title='bbox 2008 2903 2025 2931; x_wconf 94' lang='lat'><strong><em>,</em></strong></span> 
     </span>
    </p>
   </div>
   <div class='ocr_carea' id='block_1_30' title="bbox 429 2953 2026 3026">
    <p class='ocr_par' dir='ltr' id='par_1_30' title="bbox 429 2953 2026 3026">
     <span class='ocr_line' id='line_1_30' title="bbox 429 2953 2026 3026; baseline 0.003 -19"><span class='ocrx_word' id='word_1_255' title='bbox 429 2953 568 3009; x_wconf 87' lang='lat' dir='ltr'><strong><em>sicut</em></strong></span> <span class='ocrx_word' id='word_1_256' title='bbox 593 2954 739 3024; x_wconf 91' lang='lat' dir='ltr'><strong><em>prius</em></strong></span> <span class='ocrx_word' id='word_1_257' title='bbox 760 2996 776 3022; x_wconf 96' lang='lat'><strong><em>,</em></strong></span> <span class='ocrx_word' id='word_1_258' title='bbox 807 2953 1138 3024; x_wconf 86' lang='lat' dir='ltr'><strong><em>interregare</em></strong></span> <span class='ocrx_word' id='word_1_259' title='bbox 1164 2969 1285 3009; x_wconf 90' lang='lat' dir='ltr'><strong><em>eum</em></strong></span> <span class='ocrx_word' id='word_1_260' title='bbox 1313 2954 1513 3009; x_wconf 91' lang='lat' dir='ltr'><strong><em>voluit:</em></strong></span> <span class='ocrx_word' id='word_1_261' title='bbox 1547 2953 1641 3009; x_wconf 90' lang='lat' dir='ltr'><strong><em>sed</em></strong></span> <span class='ocrx_word' id='word_1_262' title='bbox 1669 2955 1809 3025; x_wconf 92' lang='lat' dir='ltr'><strong><em>quod</em></strong></span> <span class='ocrx_word' id='word_1_263' title='bbox 1856 2955 2026 3026; x_wconf 88' lang='lat' dir='ltr'><strong><em>impe-</em></strong></span> 
     </span>
    </p>
   </div>
   <div class='ocr_carea' id='block_1_31' title="bbox 429 3045 2028 3116">
    <p class='ocr_par' dir='ltr' id='par_1_31' title="bbox 429 3045 2028 3116">
     <span class='ocr_line' id='line_1_31' title="bbox 429 3045 2028 3116; baseline 0.002 -16"><span class='ocrx_word' id='word_1_264' title='bbox 429 3053 603 3100; x_wconf 88' lang='lat' dir='ltr'><strong><em>ratum</em></strong></span> <span class='ocrx_word' id='word_1_265' title='bbox 632 3055 799 3101; x_wconf 89' lang='lat' dir='ltr'><strong><em>erata</em></strong></span> <span class='ocrx_word' id='word_1_266' title='bbox 825 3046 1049 3101; x_wconf 88' lang='lat' dir='ltr'><strong><em>Domino</em></strong></span> <span class='ocrx_word' id='word_1_267' title='bbox 1067 3087 1081 3114; x_wconf 93' lang='lat'><strong><em>,</em></strong></span> <span class='ocrx_word' id='word_1_268' title='bbox 1113 3045 1364 3116; x_wconf 84' lang='lat' dir='ltr'><strong><em>implebat</em></strong></span> <span class='ocrx_word' id='word_1_269' title='bbox 1387 3086 1400 3108; x_wconf 84' lang='lat'><strong><em>.</em></strong></span> <span class='ocrx_word' id='word_1_270' title='bbox 1430 3055 1486 3102; x_wconf 89' lang='lat' dir='ltr'><strong><em>et</em></strong></span> <span class='ocrx_word' id='word_1_271' title='bbox 1514 3049 1748 3116; x_wconf 87' lang='lat' dir='ltr'><strong><em>acceptis</em></strong></span> <span class='ocrx_word' id='word_1_272' title='bbox 1789 3048 2028 3103; x_wconf 90' lang='lat' dir='ltr'><strong><em>mulieri-</em></strong></span> 
     </span>
    </p>
   </div>
   <div class='ocr_carea' id='block_1_32' title="bbox 430 3133 2023 3208">
    <p class='ocr_par' dir='ltr' id='par_1_32' title="bbox 430 3133 2023 3208">
     <span class='ocr_line' id='line_1_32' title="bbox 430 3133 2023 3208; baseline 0.003 -20"><span class='ocrx_word' id='word_1_273' title='bbox 430 3133 530 3190; x_wconf 88' lang='lat' dir='ltr'><strong><em>bus</em></strong></span> <span class='ocrx_word' id='word_1_274' title='bbox 550 3144 612 3190; x_wconf 88' lang='lat' dir='ltr'><strong><em>et</em></strong></span> <span class='ocrx_word' id='word_1_275' title='bbox 638 3136 850 3206; x_wconf 89' lang='lat' dir='ltr'><strong><em>pueris,</em></strong></span> <span class='ocrx_word' id='word_1_276' title='bbox 883 3135 984 3190; x_wconf 88' lang='lat' dir='ltr'><strong><em>iter</em></strong></span> <span class='ocrx_word' id='word_1_277' title='bbox 1010 3135 1251 3205; x_wconf 89' lang='lat' dir='ltr'><strong><em>arripuit.</em></strong></span> <span class='ocrx_word' id='word_1_278' title='bbox 1283 3135 1369 3190; x_wconf 86' lang='lat' dir='ltr'><strong><em>l9.</em></strong></span> <span class='ocrx_word' id='word_1_279' title='bbox 1399 3135 1576 3191; x_wconf 89' lang='lat' dir='ltr'><strong><em>Laban</em></strong></span> <span class='ocrx_word' id='word_1_280' title='bbox 1601 3147 1802 3203; x_wconf 84' lang='lat' dir='ltr'><strong><em>autem,</em></strong></span> <span class='ocrx_word' id='word_1_281' title='bbox 1834 3136 2023 3208; x_wconf 89' lang='lat' dir='ltr'><strong><em>inquit,</em></strong></span> 
     </span>
    </p>
   </div>
   <div class='ocr_carea' id='block_1_33' title="bbox 427 3227 2029 3286">
    <p class='ocr_par' dir='ltr' id='par_1_33' title="bbox 427 3227 2029 3286">
     <span class='ocr_line' id='line_1_33' title="bbox 427 3227 2029 3286; baseline 0.004 -7"><span class='ocrx_word' id='word_1_282' title='bbox 427 3227 620 3281; x_wconf 84' lang='lat' dir='ltr'><strong><em>abierat</em></strong></span> <span class='ocrx_word' id='word_1_283' title='bbox 643 3228 712 3281; x_wconf 89' lang='lat' dir='ltr'><strong><em>ad</em></strong></span> <span class='ocrx_word' id='word_1_284' title='bbox 727 3228 1032 3282; x_wconf 81' lang='lat' dir='ltr'><strong><em>tondendum</em></strong></span> <span class='ocrx_word' id='word_1_285' title='bbox 1051 3243 1162 3282; x_wconf 89' lang='lat' dir='ltr'><strong><em>oves</em></strong></span> <span class='ocrx_word' id='word_1_286' title='bbox 1181 3245 1322 3286; x_wconf 78' lang='lat' dir='ltr'><strong><em>suas.</em></strong></span> <span class='ocrx_word' id='word_1_287' title='bbox 1345 3227 1542 3284; x_wconf 77' lang='lat' dir='ltr'><strong><em>Furata</em></strong></span> <span class='ocrx_word' id='word_1_288' title='bbox 1561 3238 1724 3284; x_wconf 81' lang='lat' dir='ltr'><strong><em>autem</em></strong></span> <span class='ocrx_word' id='word_1_289' title='bbox 1745 3239 1816 3284; x_wconf 87' lang='lat' dir='ltr'><strong><em>est</em></strong></span> <span class='ocrx_word' id='word_1_290' title='bbox 1837 3228 2029 3285; x_wconf 77' lang='lat' dir='ltr'><strong><em>Rachel</em></strong></span> 
     </span>
    </p>
   </div>
   <div class='ocr_carea' id='block_1_34' title="bbox 427 3319 2030 3394">
    <p class='ocr_par' dir='ltr' id='par_1_34' title="bbox 427 3319 2030 3394">
     <span class='ocr_line' id='line_1_34' title="bbox 427 3319 2030 3394; baseline 0.004 -20"><span class='ocrx_word' id='word_1_291' title='bbox 427 3320 566 3375; x_wconf 78' lang='lat' dir='ltr'><strong><em>idola</em></strong></span> <span class='ocrx_word' id='word_1_292' title='bbox 595 3322 754 3388; x_wconf 63' lang='lat' dir='ltr'><strong><em>patris</em></strong></span> <span class='ocrx_word' id='word_1_293' title='bbox 772 3321 870 3374; x_wconf 89' lang='lat' dir='ltr'><strong><em>sui.</em></strong></span> <span class='ocrx_word' id='word_1_294' title='bbox 897 3319 1079 3392; x_wconf 80' lang='lat' dir='ltr'><strong><em>Neque</em></strong></span> <span class='ocrx_word' id='word_1_295' title='bbox 1105 3320 1207 3377; x_wconf 86' lang='lat' dir='ltr'><strong><em>hoc</em></strong></span> <span class='ocrx_word' id='word_1_296' title='bbox 1243 3322 1443 3393; x_wconf 87' lang='lat' dir='ltr'><strong><em>absque</em></strong></span> <span class='ocrx_word' id='word_1_297' title='bbox 1465 3337 1622 3378; x_wconf 87' lang='lat' dir='ltr'><strong><em>causa</em></strong></span> <span class='ocrx_word' id='word_1_298' title='bbox 1654 3323 1807 3379; x_wconf 90' lang='lat' dir='ltr'><strong><em>nobis</em></strong></span> <span class='ocrx_word' id='word_1_299' title='bbox 1837 3338 2030 3394; x_wconf 64' lang='lat' dir='ltr'><strong><em>propoo</em></strong></span> 
     </span>
    </p>
   </div>
   <div class='ocr_carea' id='block_1_35' title="bbox 425 3412 2028 3486">
    <p class='ocr_par' dir='ltr' id='par_1_35' title="bbox 425 3412 2028 3486">
     <span class='ocr_line' id='line_1_35' title="bbox 425 3412 2028 3486; baseline 0.004 -20"><span class='ocrx_word' id='word_1_300' title='bbox 425 3412 584 3467; x_wconf 88' lang='lat' dir='ltr'><strong><em>situm</em></strong></span> <span class='ocrx_word' id='word_1_301' title='bbox 610 3422 729 3479; x_wconf 91' lang='lat' dir='ltr'><strong><em>est,</em></strong></span> <span class='ocrx_word' id='word_1_302' title='bbox 761 3413 856 3468; x_wconf 91' lang='lat' dir='ltr'><strong><em>sed</em></strong></span> <span class='ocrx_word' id='word_1_303' title='bbox 899 3422 957 3468; x_wconf 92' lang='lat' dir='ltr'><strong><em>ut</em></strong></span> <span class='ocrx_word' id='word_1_304' title='bbox 992 3415 1229 3470; x_wconf 81' lang='lat' dir='ltr'><strong><em>sciamus</em></strong></span> <span class='ocrx_word' id='word_1_305' title='bbox 1248 3415 1514 3485; x_wconf 89' lang='lat' dir='ltr'><strong><em>quomodo</em></strong></span> <span class='ocrx_word' id='word_1_306' title='bbox 1537 3415 1713 3472; x_wconf 89' lang='lat' dir='ltr'><strong><em>adhuc</em></strong></span> <span class='ocrx_word' id='word_1_307' title='bbox 1754 3427 2028 3486; x_wconf 86' lang='lat' dir='ltr'><strong><em>paternam</em></strong></span> 
     </span>
    </p>
   </div>
   <div class='ocr_carea' id='block_1_36' title="bbox 429 3504 2029 3571">
    <p class='ocr_par' dir='ltr' id='par_1_36' title="bbox 429 3504 2029 3571">
     <span class='ocr_line' id='line_1_36' title="bbox 429 3504 2029 3571; baseline 0.004 -13"><span class='ocrx_word' id='word_1_308' title='bbox 429 3504 687 3562; x_wconf 77' lang='lat' dir='ltr'><strong><em>habentes</em></strong></span> <span class='ocrx_word' id='word_1_309' title='bbox 738 3507 1175 3562; x_wconf 86' lang='lat' dir='ltr'><strong><em>consuetudinem</em></strong></span> <span class='ocrx_word' id='word_1_310' title='bbox 1199 3546 1214 3571; x_wconf 93' lang='lat'><strong><em>,</em></strong></span> <span class='ocrx_word' id='word_1_311' title='bbox 1270 3507 1533 3562; x_wconf 88' lang='lat' dir='ltr'><strong><em>idolorum</em></strong></span> <span class='ocrx_word' id='word_1_312' title='bbox 1584 3508 1750 3562; x_wconf 87' lang='lat' dir='ltr'><strong><em>cultui</em></strong></span> <span class='ocrx_word' id='word_1_313' title='bbox 1805 3508 2029 3564; x_wconf 68' lang='lat' dir='ltr'><strong><em>addicta:</em></strong></span> 
     </span>
    </p>
   </div>
   <div class='ocr_carea' id='block_1_37' title="bbox 426 3595 2027 3666">
    <p class='ocr_par' dir='ltr' id='par_1_37' title="bbox 426 3595 2027 3666">
     <span class='ocr_line' id='line_1_37' title="bbox 426 3595 2027 3666; baseline 0.004 -19"><span class='ocrx_word' id='word_1_314' title='bbox 426 3604 600 3649; x_wconf 88' lang='lat' dir='ltr'><strong><em>erant.</em></strong></span> <span class='ocrx_word' id='word_1_315' title='bbox 629 3595 1007 3651; x_wconf 77' lang='lat' dir='ltr'><strong><em>Animadverte</em></strong></span> <span class='ocrx_word' id='word_1_316' title='bbox 1031 3596 1172 3652; x_wconf 90' lang='lat' dir='ltr'><strong><em>enim</em></strong></span> <span class='ocrx_word' id='word_1_317' title='bbox 1199 3638 1216 3663; x_wconf 95' lang='lat'><strong><em>,</em></strong></span> <span class='ocrx_word' id='word_1_318' title='bbox 1264 3607 1520 3666; x_wconf 89' lang='lat' dir='ltr'><strong><em>quantum</em></strong></span> <span class='ocrx_word' id='word_1_319' title='bbox 1551 3598 1636 3652; x_wconf 92' lang='lat' dir='ltr'><strong><em>illa</em></strong></span> <span class='ocrx_word' id='word_1_320' title='bbox 1683 3599 1736 3652; x_wconf 89' lang='lat' dir='ltr'><strong><em>in</em></strong></span> <span class='ocrx_word' id='word_1_321' title='bbox 1766 3598 1868 3654; x_wconf 91' lang='lat' dir='ltr'><strong><em>hoc</em></strong></span> <span class='ocrx_word' id='word_1_322' title='bbox 1913 3609 2027 3654; x_wconf 86' lang='lat' dir='ltr'><strong><em>stu-</em></strong></span> 
     </span>
    </p>
   </div>
   <div class='ocr_carea' id='block_1_38' title="bbox 427 3683 2027 3758">
    <p class='ocr_par' dir='ltr' id='par_1_38' title="bbox 427 3683 2027 3758">
     <span class='ocr_line' id='line_1_38' title="bbox 427 3683 2027 3758; baseline 0.006 -20"><span class='ocrx_word' id='word_1_323' title='bbox 427 3683 575 3739; x_wconf 88' lang='lat' dir='ltr'><strong><em>dium</em></strong></span> <span class='ocrx_word' id='word_1_324' title='bbox 606 3684 961 3754; x_wconf 84' lang='lat' dir='ltr'><strong><em>impenderit,</em></strong></span> <span class='ocrx_word' id='word_1_325' title='bbox 987 3700 1107 3740; x_wconf 90' lang='lat' dir='ltr'><strong><em>eum</em></strong></span> <span class='ocrx_word' id='word_1_326' title='bbox 1134 3685 1268 3740; x_wconf 90' lang='lat' dir='ltr'><strong><em>nihil</em></strong></span> <span class='ocrx_word' id='word_1_327' title='bbox 1293 3688 1435 3742; x_wconf 89' lang='lat' dir='ltr'><strong><em>aliud</em></strong></span> <span class='ocrx_word' id='word_1_328' title='bbox 1460 3702 1491 3742; x_wconf 91' lang='lat' dir='ltr'><strong><em>a</em></strong></span> <span class='ocrx_word' id='word_1_329' title='bbox 1518 3697 1668 3758; x_wconf 84' lang='lat' dir='ltr'><strong><em>patre</em></strong></span> <span class='ocrx_word' id='word_1_330' title='bbox 1693 3689 1906 3746; x_wconf 85' lang='lat' dir='ltr'><strong><em>auferre</em></strong></span> <span class='ocrx_word' id='word_1_331' title='bbox 1930 3705 2027 3746; x_wconf 87' lang='lat' dir='ltr'><strong><em>vo-</em></strong></span> 
     </span>
    </p>
   </div>
   <div class='ocr_carea' id='block_1_39' title="bbox 429 3775 2029 3852">
    <p class='ocr_par' dir='ltr' id='par_1_39' title="bbox 429 3775 2029 3852">
     <span class='ocr_line' id='line_1_39' title="bbox 429 3775 2029 3852; baseline 0.004 -21"><span class='ocrx_word' id='word_1_332' title='bbox 429 3775 625 3843; x_wconf 87' lang='lat' dir='ltr'><strong><em>luerit,</em></strong></span> <span class='ocrx_word' id='word_1_333' title='bbox 672 3791 832 3847; x_wconf 85' lang='lat' dir='ltr'><strong><em>quam</em></strong></span> <span class='ocrx_word' id='word_1_334' title='bbox 881 3776 1021 3832; x_wconf 81' lang='lat' dir='ltr'><strong><em>idola</em></strong></span> <span class='ocrx_word' id='word_1_335' title='bbox 1074 3778 1228 3848; x_wconf 87' lang='lat' dir='ltr'><strong><em>ejus,</em></strong></span> <span class='ocrx_word' id='word_1_336' title='bbox 1286 3779 1444 3850; x_wconf 89' lang='lat' dir='ltr'><strong><em>idque</em></strong></span> <span class='ocrx_word' id='word_1_337' title='bbox 1483 3779 1708 3835; x_wconf 83' lang='lat' dir='ltr'><strong><em>faciebat</em></strong></span> <span class='ocrx_word' id='word_1_338' title='bbox 1755 3781 2029 3852; x_wconf 81' lang='lat' dir='ltr'><strong><em>ignorante</em></strong></span> 
     </span>
    </p>
   </div>
   <div class='ocr_carea' id='block_1_40' title="bbox 429 3865 2030 3941">
    <p class='ocr_par' dir='ltr' id='par_1_40' title="bbox 429 3865 2030 3941">
     <span class='ocr_line' id='line_1_40' title="bbox 429 3865 2030 3941; baseline 0.004 -21"><span class='ocrx_word' id='word_1_339' title='bbox 429 3865 584 3922; x_wconf 88' lang='lat' dir='ltr'><strong><em>viro:</em></strong></span> <span class='ocrx_word' id='word_1_340' title='bbox 611 3882 783 3938; x_wconf 84' lang='lat' dir='ltr'><strong><em>neque</em></strong></span> <span class='ocrx_word' id='word_1_341' title='bbox 807 3868 948 3923; x_wconf 87' lang='lat' dir='ltr'><strong><em>enim</em></strong></span> <span class='ocrx_word' id='word_1_342' title='bbox 977 3869 1063 3924; x_wconf 91' lang='lat' dir='ltr'><strong><em>ille</em></strong></span> <span class='ocrx_word' id='word_1_343' title='bbox 1086 3869 1188 3925; x_wconf 92' lang='lat' dir='ltr'><strong><em>hoc</em></strong></span> <span class='ocrx_word' id='word_1_344' title='bbox 1216 3871 1544 3941; x_wconf 89' lang='lat' dir='ltr'><strong><em>permisisset</em></strong></span> <span class='ocrx_word' id='word_1_345' title='bbox 1572 3872 1710 3925; x_wconf 87' lang='lat' dir='ltr'><strong><em>fieri.</em></strong></span> <span class='ocrx_word' id='word_1_346' title='bbox 1732 3871 1821 3928; x_wconf 76' lang='grc'><strong>20.</strong></span> <span class='ocrx_word' id='word_1_347' title='bbox 1844 3871 2030 3928; x_wconf 81' lang='lat' dir='ltr'><strong><em>Occul-</em></strong></span> 
     </span>
    </p>
   </div>
   <div class='ocr_carea' id='block_1_41' title="bbox 428 3959 2026 4034">
    <p class='ocr_par' dir='ltr' id='par_1_41' title="bbox 428 3959 2026 4034">
     <span class='ocr_line' id='line_1_41' title="bbox 428 3959 2026 4034; baseline 0.006 -25"><span class='ocrx_word' id='word_1_348' title='bbox 428 3959 549 4012; x_wconf 86' lang='lat' dir='ltr'><strong><em>tavit</em></strong></span> <span class='ocrx_word' id='word_1_349' title='bbox 561 3969 740 4013; x_wconf 86' lang='lat' dir='ltr'><strong><em>autem</em></strong></span> <span class='ocrx_word' id='word_1_350' title='bbox 762 4001 777 4026; x_wconf 86' lang='lat'><strong><em>,</em></strong></span> <span class='ocrx_word' id='word_1_351' title='bbox 804 3960 1010 4031; x_wconf 89' lang='lat' dir='ltr'><strong><em>inquit,</em></strong></span> <span class='ocrx_word' id='word_1_352' title='bbox 1037 3959 1200 4015; x_wconf 86' lang='lat' dir='ltr'><strong><em>Iacob</em></strong></span> <span class='ocrx_word' id='word_1_353' title='bbox 1225 3978 1258 4014; x_wconf 90' lang='lat' dir='ltr'><strong><em>a</em></strong></span> <span class='ocrx_word' id='word_1_354' title='bbox 1283 3959 1459 4016; x_wconf 85' lang='lat' dir='ltr'><strong><em>Laban</em></strong></span> <span class='ocrx_word' id='word_1_355' title='bbox 1480 3961 1647 4034; x_wconf 79' lang='lat' dir='ltr'><strong><em>Syro,</em></strong></span> <span class='ocrx_word' id='word_1_356' title='bbox 1670 3980 1733 4018; x_wconf 87' lang='lat' dir='ltr'><strong><em>ne</em></strong></span> <span class='ocrx_word' id='word_1_357' title='bbox 1750 3966 2026 4019; x_wconf 87' lang='lat' dir='ltr'><strong><em>annuntia-</em></strong></span> 
     </span>
    </p>
   </div>
   <div class='ocr_carea' id='block_1_42' title="bbox 427 4049 2026 4125">
    <p class='ocr_par' dir='ltr' id='par_1_42' title="bbox 427 4049 2026 4125">
     <span class='ocr_line' id='line_1_42' title="bbox 427 4049 2026 4125; baseline 0.006 -25"><span class='ocrx_word' id='word_1_358' title='bbox 427 4057 567 4103; x_wconf 83' lang='lat' dir='ltr'><strong><em>rctur</em></strong></span> <span class='ocrx_word' id='word_1_359' title='bbox 583 4049 629 4104; x_wconf 87' lang='lat' dir='ltr'><strong><em>ei</em></strong></span> <span class='ocrx_word' id='word_1_360' title='bbox 646 4051 780 4119; x_wconf 87' lang='lat' dir='ltr'><strong><em>quod</em></strong></span> <span class='ocrx_word' id='word_1_361' title='bbox 795 4055 1004 4123; x_wconf 75' lang='lat' dir='ltr'><strong><em>fugeret.</em></strong></span> <span class='ocrx_word' id='word_1_362' title='bbox 1019 4051 1080 4106; x_wconf 75' lang='lat'><strong><em>2|</em></strong></span> <span class='ocrx_word' id='word_1_363' title='bbox 1096 4094 1108 4106; x_wconf 97' lang='lat'><strong><em>.</em></strong></span> <span class='ocrx_word' id='word_1_364' title='bbox 1126 4051 1192 4106; x_wconf 85' lang='lat' dir='ltr'><strong><em>Et</em></strong></span> <span class='ocrx_word' id='word_1_365' title='bbox 1213 4052 1447 4108; x_wconf 85' lang='lat' dir='ltr'><strong><em>abscessit</em></strong></span> <span class='ocrx_word' id='word_1_366' title='bbox 1465 4053 1574 4124; x_wconf 88' lang='lat' dir='ltr'><strong><em>ipse</em></strong></span> <span class='ocrx_word' id='word_1_367' title='bbox 1587 4062 1634 4108; x_wconf 90' lang='lat' dir='ltr'><strong><em>et</em></strong></span> <span class='ocrx_word' id='word_1_368' title='bbox 1657 4055 1826 4108; x_wconf 85' lang='lat' dir='ltr'><strong><em>omnia</em></strong></span> <span class='ocrx_word' id='word_1_369' title='bbox 1844 4055 2026 4125; x_wconf 86' lang='lat' dir='ltr'><strong><em>ipsius,</em></strong></span> 
     </span>
    </p>
   </div>
   <div class='ocr_carea' id='block_1_43' title="bbox 429 4143 2024 4217">
    <p class='ocr_par' dir='ltr' id='par_1_43' title="bbox 429 4143 2024 4217">
     <span class='ocr_line' id='line_1_43' title="bbox 429 4143 2024 4217; baseline 0.007 -24"><span class='ocrx_word' id='word_1_370' title='bbox 429 4151 476 4194; x_wconf 87' lang='lat' dir='ltr'><strong><em>et</em></strong></span> <span class='ocrx_word' id='word_1_371' title='bbox 502 4143 714 4198; x_wconf 89' lang='lat' dir='ltr'><strong><em>transito</em></strong></span> <span class='ocrx_word' id='word_1_372' title='bbox 741 4145 929 4214; x_wconf 78' lang='lat' dir='ltr'><strong><em>ﬂuvio,</em></strong></span> <span class='ocrx_word' id='word_1_373' title='bbox 958 4147 1210 4200; x_wconf 81' lang='lat' dir='ltr'><strong><em>contendit</em></strong></span> <span class='ocrx_word' id='word_1_374' title='bbox 1241 4148 1309 4201; x_wconf 90' lang='lat' dir='ltr'><strong><em>ad</em></strong></span> <span class='ocrx_word' id='word_1_375' title='bbox 1337 4157 1554 4202; x_wconf 87' lang='lat' dir='ltr'><strong><em>montem</em></strong></span> <span class='ocrx_word' id='word_1_376' title='bbox 1591 4148 1810 4203; x_wconf 75' lang='lat' dir='ltr'><strong><em>Galaad.</em></strong></span> <span class='ocrx_word' id='word_1_377' title='bbox 1861 4147 2024 4217; x_wconf 69' lang='lat' dir='ltr'><strong><em>Vide,</em></strong></span> 
     </span>
    </p>
   </div>
   <div class='ocr_carea' id='block_1_44' title="bbox 428 4231 2027 4312">
    <p class='ocr_par' dir='ltr' id='par_1_44' title="bbox 428 4231 2027 4312">
     <span class='ocr_line' id='line_1_44' title="bbox 428 4231 2027 4312; baseline 0.007 -27"><span class='ocrx_word' id='word_1_378' title='bbox 428 4231 692 4299; x_wconf 89' lang='lat' dir='ltr'><strong><em>obsecro,</em></strong></span> <span class='ocrx_word' id='word_1_379' title='bbox 730 4236 890 4290; x_wconf 90' lang='lat' dir='ltr'><strong><em>etiam</em></strong></span> <span class='ocrx_word' id='word_1_380' title='bbox 919 4234 1004 4289; x_wconf 87' lang='lat' dir='ltr'><strong><em>hic</em></strong></span> <span class='ocrx_word' id='word_1_381' title='bbox 1037 4251 1281 4306; x_wconf 88' lang='lat' dir='ltr'><strong><em>magnam</em></strong></span> <span class='ocrx_word' id='word_1_382' title='bbox 1325 4237 1420 4293; x_wconf 88' lang='lat' dir='ltr'><strong><em>Dei</em></strong></span> <span class='ocrx_word' id='word_1_383' title='bbox 1449 4239 1866 4308; x_wconf 77' lang='lat' dir='ltr'><strong><em>providentiam,</em></strong></span> <span class='ocrx_word' id='word_1_384' title='bbox 1891 4257 2027 4312; x_wconf 90' lang='lat' dir='ltr'><strong><em>quo-</em></strong></span> 
     </span>
    </p>
   </div>
   <div class='ocr_carea' id='block_1_45' title="bbox 430 4324 2030 4401">
    <p class='ocr_par' dir='ltr' id='par_1_45' title="bbox 430 4324 2030 4401">
     <span class='ocr_line' id='line_1_45' title="bbox 430 4324 2030 4401; baseline 0.004 -23"><span class='ocrx_word' id='word_1_385' title='bbox 430 4324 625 4392; x_wconf 91' lang='lat' dir='ltr'><strong><em>modo,</em></strong></span> <span class='ocrx_word' id='word_1_386' title='bbox 653 4325 825 4380; x_wconf 88' lang='lat' dir='ltr'><strong><em>donec</em></strong></span> <span class='ocrx_word' id='word_1_387' title='bbox 858 4325 1037 4396; x_wconf 81' lang='lat' dir='ltr'><strong><em>justus</em></strong></span> <span class='ocrx_word' id='word_1_388' title='bbox 1084 4327 1265 4398; x_wconf 86' lang='lat' dir='ltr'><strong><em>procul</em></strong></span> <span class='ocrx_word' id='word_1_389' title='bbox 1291 4328 1580 4397; x_wconf 80' lang='lat' dir='ltr'><strong><em>aufugisset</em></strong></span> <span class='ocrx_word' id='word_1_390' title='bbox 1601 4370 1616 4394; x_wconf 90' lang='lat'><strong><em>,</em></strong></span> <span class='ocrx_word' id='word_1_391' title='bbox 1646 4344 1750 4384; x_wconf 90' lang='lat' dir='ltr'><strong><em>non</em></strong></span> <span class='ocrx_word' id='word_1_392' title='bbox 1789 4331 2030 4401; x_wconf 88' lang='lat' dir='ltr'><strong><em>permisit</em></strong></span> 
     </span>
    </p>
   </div>
   <div class='ocr_carea' id='block_1_46' title="bbox 430 4415 2028 4477">
    <p class='ocr_par' dir='ltr' id='par_1_46' title="bbox 430 4415 2028 4477">
     <span class='ocr_line' id='line_1_46' title="bbox 430 4415 2028 4477; baseline 0.004 -7"><span class='ocrx_word' id='word_1_393' title='bbox 430 4426 487 4470; x_wconf 91' lang='lat' dir='ltr'><strong><em>ttt</em></strong></span> <span class='ocrx_word' id='word_1_394' title='bbox 512 4415 690 4472; x_wconf 86' lang='lat' dir='ltr'><strong><em>Laban</em></strong></span> <span class='ocrx_word' id='word_1_395' title='bbox 720 4417 861 4472; x_wconf 89' lang='lat' dir='ltr'><strong><em>illius</em></strong></span> <span class='ocrx_word' id='word_1_396' title='bbox 889 4431 1157 4473; x_wconf 86' lang='lat' dir='ltr'><strong><em>secessum</em></strong></span> <span class='ocrx_word' id='word_1_397' title='bbox 1186 4419 1367 4474; x_wconf 89' lang='lat' dir='ltr'><strong><em>sciret.</em></strong></span> <span class='ocrx_word' id='word_1_398' title='bbox 1413 4418 1506 4474; x_wconf 73' lang='lat'><strong><em>22.</em></strong></span> <span class='ocrx_word' id='word_1_399' title='bbox 1538 4419 1717 4475; x_wconf 87' lang='lat' dir='ltr'><strong><em>Tribus</em></strong></span> <span class='ocrx_word' id='word_1_400' title='bbox 1745 4423 1886 4477; x_wconf 91' lang='lat' dir='ltr'><strong><em>enim</em></strong></span> <span class='ocrx_word' id='word_1_401' title='bbox 1917 4423 2028 4476; x_wconf 88' lang='lat' dir='ltr'><strong><em>die—</em></strong></span> 
     </span>
    </p>
   </div>
   <div class='ocr_carea' id='block_1_47' title="bbox 430 4507 2030 4580">
    <p class='ocr_par' dir='ltr' id='par_1_47' title="bbox 430 4507 2030 4580">
     <span class='ocr_line' id='line_1_47' title="bbox 430 4507 2030 4580; baseline 0.006 -20"><span class='ocrx_word' id='word_1_402' title='bbox 430 4509 522 4562; x_wconf 85' lang='lat' dir='ltr'><strong><em>bus</em></strong></span> <span class='ocrx_word' id='word_1_403' title='bbox 545 4549 561 4576; x_wconf 92' lang='lat'><strong><em>,</em></strong></span> <span class='ocrx_word' id='word_1_404' title='bbox 587 4507 788 4580; x_wconf 89' lang='lat' dir='ltr'><strong><em>inquit,</em></strong></span> <span class='ocrx_word' id='word_1_405' title='bbox 813 4509 1080 4580; x_wconf 70' lang='lat' dir='ltr'><strong><em>prazteritis</em></strong></span> <span class='ocrx_word' id='word_1_406' title='bbox 1099 4549 1114 4574; x_wconf 89' lang='lat'><strong><em>,</em></strong></span> <span class='ocrx_word' id='word_1_407' title='bbox 1135 4509 1235 4580; x_wconf 83' lang='lat' dir='ltr'><strong><em>ipsi</em></strong></span> <span class='ocrx_word' id='word_1_408' title='bbox 1259 4508 1436 4565; x_wconf 91' lang='lat' dir='ltr'><strong><em>Laban</em></strong></span> <span class='ocrx_word' id='word_1_409' title='bbox 1474 4511 1709 4568; x_wconf 87' lang='lat' dir='ltr'><strong><em>innotuit.</em></strong></span> <span class='ocrx_word' id='word_1_410' title='bbox 1737 4513 1828 4570; x_wconf 78' lang='lat'><strong><em>25.</em></strong></span> <span class='ocrx_word' id='word_1_411' title='bbox 1854 4513 1922 4568; x_wconf 83' lang='lat' dir='ltr'><strong><em>Et</em></strong></span> <span class='ocrx_word' id='word_1_412' title='bbox 1946 4531 2030 4570; x_wconf 90' lang='lat' dir='ltr'><strong><em>as-</em></strong></span> 
     </span>
    </p>
   </div>
   <div class='ocr_carea' id='block_1_48' title="bbox 429 4602 2031 4675">
    <p class='ocr_par' dir='ltr' id='par_1_48' title="bbox 429 4602 2031 4675">
     <span class='ocr_line' id='line_1_48' title="bbox 429 4602 2031 4675; baseline 0.004 -21"><span class='ocrx_word' id='word_1_413' title='bbox 429 4602 648 4672; x_wconf 80' lang='lat' dir='ltr'><strong><em>sumptis</em></strong></span> <span class='ocrx_word' id='word_1_414' title='bbox 665 4603 895 4659; x_wconf 78' lang='lat' dir='ltr'><strong><em>orunibus</em></strong></span> <span class='ocrx_word' id='word_1_415' title='bbox 929 4603 1170 4675; x_wconf 82' lang='lat' dir='ltr'><strong><em>fratribus</em></strong></span> <span class='ocrx_word' id='word_1_416' title='bbox 1193 4603 1297 4659; x_wconf 91' lang='lat' dir='ltr'><strong><em>suis</em></strong></span> <span class='ocrx_word' id='word_1_417' title='bbox 1321 4645 1339 4672; x_wconf 83' lang='lat'><strong><em>,</em></strong></span> <span class='ocrx_word' id='word_1_418' title='bbox 1361 4615 1650 4675; x_wconf 87' lang='lat' dir='ltr'><strong><em>persecutus</em></strong></span> <span class='ocrx_word' id='word_1_419' title='bbox 1686 4615 1761 4660; x_wconf 89' lang='lat' dir='ltr'><strong><em>est</em></strong></span> <span class='ocrx_word' id='word_1_420' title='bbox 1801 4623 1915 4661; x_wconf 89' lang='lat' dir='ltr'><strong><em>eum</em></strong></span> <span class='ocrx_word' id='word_1_421' title='bbox 1949 4607 2031 4661; x_wconf 89' lang='lat' dir='ltr'><strong><em>via</em></strong></span> 
     </span>
    </p>
   </div>
   <div class='ocr_carea' id='block_1_49' title="bbox 431 4691 2027 4767">
    <p class='ocr_par' dir='ltr' id='par_1_49' title="bbox 431 4691 2027 4767">
     <span class='ocr_line' id='line_1_49' title="bbox 431 4691 2027 4767; baseline 0.007 -24"><span class='ocrx_word' id='word_1_422' title='bbox 431 4691 627 4746; x_wconf 83' lang='lat' dir='ltr'><strong><em>dierum</em></strong></span> <span class='ocrx_word' id='word_1_423' title='bbox 662 4704 885 4763; x_wconf 79' lang='lat' dir='ltr'><strong><em>septem;</em></strong></span> <span class='ocrx_word' id='word_1_424' title='bbox 912 4705 959 4750; x_wconf 88' lang='lat' dir='ltr'><strong><em>et</em></strong></span> <span class='ocrx_word' id='word_1_425' title='bbox 997 4704 1332 4767; x_wconf 84' lang='lat' dir='ltr'><strong><em>consequutus</em></strong></span> <span class='ocrx_word' id='word_1_426' title='bbox 1372 4712 1484 4750; x_wconf 87' lang='lat' dir='ltr'><strong><em>eum</em></strong></span> <span class='ocrx_word' id='word_1_427' title='bbox 1507 4697 1562 4752; x_wconf 90' lang='lat' dir='ltr'><strong><em>in</em></strong></span> <span class='ocrx_word' id='word_1_428' title='bbox 1599 4707 1767 4752; x_wconf 88' lang='lat' dir='ltr'><strong><em>monte</em></strong></span> <span class='ocrx_word' id='word_1_429' title='bbox 1807 4697 2027 4756; x_wconf 82' lang='lat' dir='ltr'><strong><em>Galaad.</em></strong></span> 
     </span>
    </p>
   </div>
   <div class='ocr_carea' id='block_1_50' title="bbox 432 4782 2029 4860">
    <p class='ocr_par' dir='ltr' id='par_1_50' title="bbox 432 4782 2029 4860">
     <span class='ocr_line' id='line_1_50' title="bbox 432 4782 2029 4860; baseline 0.004 -22"><span class='ocrx_word' id='word_1_430' title='bbox 432 4782 668 4839; x_wconf 83' lang='lat' dir='ltr'><strong><em>Obsecro</em></strong></span> <span class='ocrx_word' id='word_1_431' title='bbox 706 4787 793 4841; x_wconf 87' lang='lat' dir='ltr'><strong><em>hic</em></strong></span> <span class='ocrx_word' id='word_1_432' title='bbox 815 4802 1025 4857; x_wconf 84' lang='lat' dir='ltr'><strong><em>quoque</em></strong></span> <span class='ocrx_word' id='word_1_433' title='bbox 1047 4789 1293 4846; x_wconf 90' lang='lat' dir='ltr'><strong><em>attendas</em></strong></span> <span class='ocrx_word' id='word_1_434' title='bbox 1330 4789 1422 4845; x_wconf 87' lang='lat' dir='ltr'><strong><em>Dei</em></strong></span> <span class='ocrx_word' id='word_1_435' title='bbox 1450 4791 1858 4860; x_wconf 83' lang='lat' dir='ltr'><strong><em>providentiam.</em></strong></span> <span class='ocrx_word' id='word_1_436' title='bbox 1898 4791 2029 4846; x_wconf 87' lang='lat' dir='ltr'><strong><em>Nam</em></strong></span> 
     </span>
    </p>
   </div>
   <div class='ocr_carea' id='block_1_51' title="bbox 437 4874 2033 4950">
    <p class='ocr_par' dir='ltr' id='par_1_51' title="bbox 437 4874 2033 4950">
     <span class='ocr_line' id='line_1_51' title="bbox 437 4874 2033 4950; baseline 0.005 -21"><span class='ocrx_word' id='word_1_437' title='bbox 437 4875 530 4944; x_wconf 67' lang='lat' dir='ltr'><strong><em>qui</em></strong></span> <span class='ocrx_word' id='word_1_438' title='bbox 552 4874 722 4942; x_wconf 77' lang='lat' dir='ltr'><strong><em>dixit,</em></strong></span> <span class='ocrx_word' id='word_1_439' title='bbox 752 4876 1016 4932; x_wconf 74' lang='lat' dir='ltr'><strong><em>Revertere</em></strong></span> <span class='ocrx_word' id='word_1_440' title='bbox 1037 4880 1091 4935; x_wconf 93' lang='lat' dir='ltr'><strong><em>in</em></strong></span> <span class='ocrx_word' id='word_1_441' title='bbox 1117 4889 1300 4934; x_wconf 80' lang='lat' dir='ltr'><strong><em>terram</em></strong></span> <span class='ocrx_word' id='word_1_442' title='bbox 1325 4890 1493 4946; x_wconf 89' lang='lat' dir='ltr'><strong><em>tuam,</em></strong></span> <span class='ocrx_word' id='word_1_443' title='bbox 1537 4892 1582 4935; x_wconf 88' lang='lat' dir='ltr'><strong><em>et</em></strong></span> <span class='ocrx_word' id='word_1_444' title='bbox 1625 4899 1710 4936; x_wconf 92' lang='lat' dir='ltr'><strong><em>ero</em></strong></span> <span class='ocrx_word' id='word_1_445' title='bbox 1729 4892 1919 4950; x_wconf 86' lang='lat' dir='ltr'><strong><em>tecum,</em></strong></span> <span class='ocrx_word' id='word_1_446' title='bbox 1943 4883 2033 4938; x_wconf 91' lang='lat' dir='ltr'><strong><em>ille</em></strong></span> 
     </span>
    </p>
   </div>
   <div class='ocr_carea' id='block_1_52' title="bbox 431 4965 2030 5042">
    <p class='ocr_par' dir='ltr' id='par_1_52' title="bbox 431 4965 2030 5042">
     <span class='ocr_line' id='line_1_52' title="bbox 431 4965 2030 5042; baseline 0.006 -21"><span class='ocrx_word' id='word_1_447' title='bbox 431 4965 594 5022; x_wconf 87' lang='lat' dir='ltr'><strong><em>etiam</em></strong></span> <span class='ocrx_word' id='word_1_448' title='bbox 620 4981 763 5022; x_wconf 87' lang='lat' dir='ltr'><strong><em>nunc</em></strong></span> <span class='ocrx_word' id='word_1_449' title='bbox 787 4981 936 5022; x_wconf 85' lang='lat' dir='ltr'><strong><em>suam</em></strong></span> <span class='ocrx_word' id='word_1_450' title='bbox 974 4968 1204 5026; x_wconf 77' lang='lat' dir='ltr'><strong><em>declarat</em></strong></span> <span class='ocrx_word' id='word_1_451' title='bbox 1254 4971 1659 5042; x_wconf 86' lang='lat' dir='ltr'><strong><em>providentiam.</em></strong></span> <span class='ocrx_word' id='word_1_452' title='bbox 1709 4974 1845 5041; x_wconf 86' lang='lat' dir='ltr'><strong><em>Quia</em></strong></span> <span class='ocrx_word' id='word_1_453' title='bbox 1889 4976 2030 5030; x_wconf 91' lang='lat' dir='ltr'><strong><em>enim</em></strong></span> 
     </span>
    </p>
   </div>
   <div class='ocr_carea' id='block_1_53' title="bbox 437 5057 2027 5136">
    <p class='ocr_par' dir='ltr' id='par_1_53' title="bbox 437 5057 2027 5136">
     <span class='ocr_line' id='line_1_53' title="bbox 437 5057 2027 5136; baseline 0.005 -24"><span class='ocrx_word' id='word_1_454' title='bbox 437 5057 568 5113; x_wconf 80' lang='lat' dir='ltr'><strong><em>vidit</em></strong></span> <span class='ocrx_word' id='word_1_455' title='bbox 595 5057 777 5114; x_wconf 83' lang='lat' dir='ltr'><strong><em>Laban</em></strong></span> <span class='ocrx_word' id='word_1_456' title='bbox 808 5072 930 5113; x_wconf 91' lang='lat' dir='ltr'><strong><em>cum</em></strong></span> <span class='ocrx_word' id='word_1_457' title='bbox 960 5060 1124 5114; x_wconf 90' lang='lat' dir='ltr'><strong><em>multa</em></strong></span> <span class='ocrx_word' id='word_1_458' title='bbox 1150 5060 1508 5133; x_wconf 87' lang='lat' dir='ltr'><strong><em>indignatione</em></strong></span> <span class='ocrx_word' id='word_1_459' title='bbox 1531 5065 1778 5135; x_wconf 88' lang='lat' dir='ltr'><strong><em>persequi</em></strong></span> <span class='ocrx_word' id='word_1_460' title='bbox 1801 5066 2027 5136; x_wconf 87' lang='lat' dir='ltr'><strong><em>justum,</em></strong></span> 
     </span>
    </p>
   </div>
   <div class='ocr_carea' id='block_1_54' title="bbox 433 5150 2031 5227">
    <p class='ocr_par' dir='ltr' id='par_1_54' title="bbox 433 5150 2031 5227">
     <span class='ocr_line' id='line_1_54' title="bbox 433 5150 2031 5227; baseline 0.003 -21"><span class='ocrx_word' id='word_1_461' title='bbox 433 5161 490 5206; x_wconf 85' lang='lat' dir='ltr'><strong><em>et</em></strong></span> <span class='ocrx_word' id='word_1_462' title='bbox 511 5165 720 5222; x_wconf 78' lang='lat' dir='ltr'><strong><em>pmnam</em></strong></span> <span class='ocrx_word' id='word_1_463' title='bbox 747 5150 926 5206; x_wconf 80' lang='lat' dir='ltr'><strong><em>furtivi</em></strong></span> <span class='ocrx_word' id='word_1_464' title='bbox 951 5166 1196 5208; x_wconf 84' lang='lat' dir='ltr'><strong><em>secessus</em></strong></span> <span class='ocrx_word' id='word_1_465' title='bbox 1213 5195 1230 5221; x_wconf 92' lang='lat'><strong><em>,</em></strong></span> <span class='ocrx_word' id='word_1_466' title='bbox 1250 5162 1311 5209; x_wconf 87' lang='lat' dir='ltr'><strong><em>ut</em></strong></span> <span class='ocrx_word' id='word_1_467' title='bbox 1336 5154 1407 5208; x_wconf 89' lang='lat' dir='ltr'><strong><em>ita</em></strong></span> <span class='ocrx_word' id='word_1_468' title='bbox 1429 5153 1600 5210; x_wconf 88' lang='lat' dir='ltr'><strong><em>dicam</em></strong></span> <span class='ocrx_word' id='word_1_469' title='bbox 1624 5198 1639 5222; x_wconf 89' lang='lat'><strong><em>,</em></strong></span> <span class='ocrx_word' id='word_1_470' title='bbox 1665 5166 1998 5227; x_wconf 89' lang='lat' dir='ltr'><strong><em>sumpturum</em></strong></span> <span class='ocrx_word' id='word_1_471' title='bbox 2014 5199 2031 5225; x_wconf 94' lang='lat'><strong><em>,</em></strong></span> 
     </span>
    </p>
   </div>
   <div class='ocr_carea' id='block_1_55' title="bbox 434 5242 2034 5314">
    <p class='ocr_par' dir='ltr' id='par_1_55' title="bbox 434 5242 2034 5314">
     <span class='ocr_line' id='line_1_55' title="bbox 434 5242 2034 5314; baseline 0.004 -18"><span class='ocrx_word' id='word_1_472' title='bbox 434 5242 695 5312; x_wconf 82' lang='lat' dir='ltr'><strong><em>apparuit.</em></strong></span> <span class='ocrx_word' id='word_1_473' title='bbox 722 5242 905 5299; x_wconf 88' lang='lat' dir='ltr'><strong><em>Laban</em></strong></span> <span class='ocrx_word' id='word_1_474' title='bbox 943 5254 1102 5300; x_wconf 87' lang='lat' dir='ltr'><strong><em>nocte</em></strong></span> <span class='ocrx_word' id='word_1_475' title='bbox 1139 5243 1190 5299; x_wconf 93' lang='lat' dir='ltr'><strong><em>in</em></strong></span> <span class='ocrx_word' id='word_1_476' title='bbox 1218 5260 1428 5302; x_wconf 87' lang='lat' dir='ltr'><strong><em>somno.</em></strong></span> <span class='ocrx_word' id='word_1_477' title='bbox 1453 5247 1544 5302; x_wconf 73' lang='grc'><strong>24.</strong></span> <span class='ocrx_word' id='word_1_478' title='bbox 1585 5246 1730 5302; x_wconf 84' lang='lat' dir='ltr'><strong><em>Venit</em></strong></span> <span class='ocrx_word' id='word_1_479' title='bbox 1771 5249 2034 5314; x_wconf 86' lang='lat' dir='ltr'><strong><em>enim,in-</em></strong></span> 
     </span>
    </p>
   </div>
   <div class='ocr_carea' id='block_1_56' title="bbox 432 5325 2033 5410">
    <p class='ocr_par' dir='ltr' id='par_1_56' title="bbox 432 5325 2033 5410">
     <span class='ocr_line' id='line_1_56' title="bbox 432 5325 2033 5410; baseline 0.009 -25"><span class='ocrx_word' id='word_1_480' title='bbox 432 5325 548 5402; x_wconf 82' lang='lat' dir='ltr'><strong><em>quit</em></strong></span> <span class='ocrx_word' id='word_1_481' title='bbox 567 5373 584 5400; x_wconf 89' lang='lat'><strong><em>,</em></strong></span> <span class='ocrx_word' id='word_1_482' title='bbox 609 5333 746 5396; x_wconf 81' lang='lat' dir='ltr'><strong><em>Deus</em></strong></span> <span class='ocrx_word' id='word_1_483' title='bbox 765 5335 836 5390; x_wconf 89' lang='lat' dir='ltr'><strong><em>ad</em></strong></span> <span class='ocrx_word' id='word_1_484' title='bbox 857 5335 1032 5392; x_wconf 77' lang='lat' dir='ltr'><strong><em>Laban</em></strong></span> <span class='ocrx_word' id='word_1_485' title='bbox 1055 5337 1243 5410; x_wconf 82' lang='lat' dir='ltr'><strong><em>Syrum</em></strong></span> <span class='ocrx_word' id='word_1_486' title='bbox 1265 5339 1318 5392; x_wconf 92' lang='lat' dir='ltr'><strong><em>in</em></strong></span> <span class='ocrx_word' id='word_1_487' title='bbox 1343 5354 1519 5394; x_wconf 88' lang='lat' dir='ltr'><strong><em>somno</em></strong></span> <span class='ocrx_word' id='word_1_488' title='bbox 1539 5348 1681 5393; x_wconf 88' lang='lat' dir='ltr'><strong><em>nocte</em></strong></span> <span class='ocrx_word' id='word_1_489' title='bbox 1698 5381 1713 5404; x_wconf 91' lang='lat'><strong><em>,</em></strong></span> <span class='ocrx_word' id='word_1_490' title='bbox 1735 5350 1782 5395; x_wconf 89' lang='lat' dir='ltr'><strong><em>et</em></strong></span> <span class='ocrx_word' id='word_1_491' title='bbox 1803 5341 1928 5396; x_wconf 88' lang='lat' dir='ltr'><strong><em>dixit</em></strong></span> <span class='ocrx_word' id='word_1_492' title='bbox 1967 5345 2033 5399; x_wconf 85' lang='lat' dir='ltr'><strong><em>ei.</em></strong></span> 
     </span>
    </p>
   </div>
   <div class='ocr_carea' id='block_1_57' title="bbox 440 5422 2034 5504">
    <p class='ocr_par' dir='ltr' id='par_1_57' title="bbox 440 5422 2034 5504">
     <span class='ocr_line' id='line_1_57' title="bbox 440 5422 2034 5504; baseline 0.008 -27"><span class='ocrx_word' id='word_1_493' title='bbox 440 5422 575 5478; x_wconf 72' lang='lat' dir='ltr'><strong><em>Vide</em></strong></span> <span class='ocrx_word' id='word_1_494' title='bbox 605 5424 698 5480; x_wconf 86' lang='lat' dir='ltr'><strong><em>Dei</em></strong></span> <span class='ocrx_word' id='word_1_495' title='bbox 728 5426 1138 5498; x_wconf 85' lang='lat' dir='ltr'><strong><em>indulgentiam,</em></strong></span> <span class='ocrx_word' id='word_1_496' title='bbox 1168 5429 1436 5501; x_wconf 92' lang='lat' dir='ltr'><strong><em>quomodo</em></strong></span> <span class='ocrx_word' id='word_1_497' title='bbox 1458 5430 1528 5487; x_wconf 90' lang='lat' dir='ltr'><strong><em>ob</em></strong></span> <span class='ocrx_word' id='word_1_498' title='bbox 1555 5447 1704 5486; x_wconf 90' lang='lat' dir='ltr'><strong><em>suam</em></strong></span> <span class='ocrx_word' id='word_1_499' title='bbox 1752 5433 1802 5487; x_wconf 91' lang='lat' dir='ltr'><strong><em>in</em></strong></span> <span class='ocrx_word' id='word_1_500' title='bbox 1834 5433 2034 5504; x_wconf 87' lang='lat' dir='ltr'><strong><em>justum</em></strong></span> 
     </span>
    </p>
   </div>
   <div class='ocr_carea' id='block_1_58' title="bbox 438 5513 2037 5595">
    <p class='ocr_par' dir='ltr' id='par_1_58' title="bbox 438 5513 2037 5595">
     <span class='ocr_line' id='line_1_58' title="bbox 438 5513 2037 5595; baseline 0.011 -32"><span class='ocrx_word' id='word_1_501' title='bbox 438 5513 826 5578; x_wconf 84' lang='lat' dir='ltr'><strong><em>providentiam</em></strong></span> <span class='ocrx_word' id='word_1_502' title='bbox 853 5531 973 5572; x_wconf 90' lang='lat' dir='ltr'><strong><em>cum</em></strong></span> <span class='ocrx_word' id='word_1_503' title='bbox 1001 5519 1182 5575; x_wconf 86' lang='lat' dir='ltr'><strong><em>Laban</em></strong></span> <span class='ocrx_word' id='word_1_504' title='bbox 1210 5522 1532 5592; x_wconf 91' lang='lat' dir='ltr'><strong><em>colloquitur</em></strong></span> <span class='ocrx_word' id='word_1_505' title='bbox 1560 5539 1573 5576; x_wconf 92' lang='lat'>:</span> <span class='ocrx_word' id='word_1_506' title='bbox 1622 5533 1678 5577; x_wconf 89' lang='lat' dir='ltr'><strong><em>ut</em></strong></span> <span class='ocrx_word' id='word_1_507' title='bbox 1716 5524 1898 5579; x_wconf 88' lang='lat' dir='ltr'><strong><em>territa</em></strong></span> <span class='ocrx_word' id='word_1_508' title='bbox 1923 5524 2037 5595; x_wconf 89' lang='lat' dir='ltr'><strong><em>ejus</em></strong></span> 
     </span>
    </p>
   </div>
   <div class='ocr_carea' id='block_1_59' title="bbox 447 5605 2038 5684">
    <p class='ocr_par' dir='ltr' id='par_1_59' title="bbox 447 5605 2038 5684">
     <span class='ocr_line' id='line_1_59' title="bbox 447 5605 2038 5684; baseline 0.01 -28"><span class='ocrx_word' id='word_1_509' title='bbox 447 5612 622 5656; x_wconf 84' lang='lat' dir='ltr'><strong><em>mente</em></strong></span> <span class='ocrx_word' id='word_1_510' title='bbox 645 5605 896 5674; x_wconf 85' lang='lat' dir='ltr'><strong><em>impetum</em></strong></span> <span class='ocrx_word' id='word_1_511' title='bbox 925 5610 1038 5679; x_wconf 88' lang='lat' dir='ltr'><strong><em>ejus</em></strong></span> <span class='ocrx_word' id='word_1_512' title='bbox 1058 5627 1088 5666; x_wconf 92' lang='lat' dir='ltr'><strong><em>a</em></strong></span> <span class='ocrx_word' id='word_1_513' title='bbox 1109 5612 1272 5669; x_wconf 84' lang='lat' dir='ltr'><strong><em>Jacob</em></strong></span> <span class='ocrx_word' id='word_1_514' title='bbox 1293 5625 1557 5670; x_wconf 86' lang='lat' dir='ltr'><strong><em>coerceat.</em></strong></span> <span class='ocrx_word' id='word_1_515' title='bbox 1583 5615 1713 5671; x_wconf 81' lang='lat' dir='ltr'><strong><em>Cave</em></strong></span> <span class='ocrx_word' id='word_1_516' title='bbox 1735 5618 1857 5684; x_wconf 87' lang='lat' dir='ltr'><strong><em>tibi,</em></strong></span> <span class='ocrx_word' id='word_1_517' title='bbox 1881 5634 1944 5671; x_wconf 87' lang='lat' dir='ltr'><strong><em>ne</em></strong></span> <span class='ocrx_word' id='word_1_518' title='bbox 1965 5620 2038 5672; x_wconf 86' lang='lat' dir='ltr'><strong><em>lo-</em></strong></span> 
     </span>
    </p>
   </div>
   <div class='ocr_carea' id='block_1_60' title="bbox 442 5693 2036 5780">
    <p class='ocr_par' dir='ltr' id='par_1_60' title="bbox 442 5693 2036 5780">
     <span class='ocr_line' id='line_1_60' title="bbox 442 5693 2036 5780; baseline 0.013 -36"><span class='ocrx_word' id='word_1_519' title='bbox 442 5693 616 5764; x_wconf 74' lang='lat' dir='ltr'><strong><em>quaris</em></strong></span> <span class='ocrx_word' id='word_1_520' title='bbox 631 5694 914 5753; x_wconf 84' lang='lat' dir='ltr'><strong><em>cumIacob</em></strong></span> <span class='ocrx_word' id='word_1_521' title='bbox 935 5700 1089 5754; x_wconf 89' lang='lat' dir='ltr'><strong><em>mala.</em></strong></span> <span class='ocrx_word' id='word_1_522' title='bbox 1117 5701 1298 5774; x_wconf 76' lang='lat' dir='ltr'><strong><em>Magna</em></strong></span> <span class='ocrx_word' id='word_1_523' title='bbox 1326 5703 1533 5762; x_wconf 84' lang='lat' dir='ltr'><strong><em>Domini</em></strong></span> <span class='ocrx_word' id='word_1_524' title='bbox 1559 5705 1874 5780; x_wconf 77' lang='lat' dir='ltr'><strong><em>benignitas.</em></strong></span> <span class='ocrx_word' id='word_1_525' title='bbox 1902 5707 2036 5778; x_wconf 86' lang='lat' dir='ltr'><strong><em>Quia</em></strong></span> 
     </span>
    </p>
   </div>
   <div class='ocr_carea' id='block_1_61' title="bbox 1189 278 2993 350">
    <p class='ocr_par' dir='ltr' id='par_1_61' title="bbox 1189 278 2993 350">
     <span class='ocr_line' id='line_1_61' title="bbox 1189 278 2993 350; baseline 0.004 -11"><span class='ocrx_word' id='word_1_526' title='bbox 1189 282 1247 339; x_wconf 91' lang='lat' dir='ltr'><strong><em>S.</em></strong></span> <span class='ocrx_word' id='word_1_527' title='bbox 1287 282 1562 340; x_wconf 75' lang='lat' dir='ltr'><strong><em>JOANNIS</em></strong></span> <span class='ocrx_word' id='word_1_528' title='bbox 1598 278 2070 340; x_wconf 69' lang='lat' dir='ltr'><strong><em>CIIRYSOSTUMI</em></strong></span> <span class='ocrx_word' id='word_1_529' title='bbox 2110 280 2427 343; x_wconf 73' lang='lat' dir='ltr'><strong><em>ARClllEP.</em></strong></span> <span class='ocrx_word' id='word_1_530' title='bbox 2466 289 2993 350; x_wconf 52' lang='lat' dir='ltr'><strong><em>CONSTARTINOP.</em></strong></span> 
     </span>
    </p>
   </div>
   <div class='ocr_carea' id='block_1_62' title="bbox 3621 302 3724 358">
    <p class='ocr_par' dir='ltr' id='par_1_62' title="bbox 3621 302 3724 358">
     <span class='ocr_line' id='line_1_62' title="bbox 3621 302 3724 358; baseline 0.029 -3"><span class='ocrx_word' id='word_1_531' title='bbox 3621 302 3724 358; x_wconf 80' lang='lat'><strong><em>500</em></strong></span> 
     </span>
    </p>
   </div>
   <div class='ocr_carea' id='block_1_63' title="bbox 2131 397 3725 485">
    <p class='ocr_par' dir='ltr' id='par_1_63' title="bbox 2131 397 3725 485">
     <span class='ocr_line' id='line_1_63' title="bbox 2131 397 3725 485; baseline 0.012 -33"><span class='ocrx_word' id='word_1_532' title='bbox 2131 397 2272 452; x_wconf 92' lang='lat' dir='ltr'><strong><em>enim</em></strong></span> <span class='ocrx_word' id='word_1_533' title='bbox 2287 401 2485 456; x_wconf 87' lang='lat' dir='ltr'><strong><em>sciebat</em></strong></span> <span class='ocrx_word' id='word_1_534' title='bbox 2509 418 2632 458; x_wconf 90' lang='lat' dir='ltr'><strong><em>eum</em></strong></span> <span class='ocrx_word' id='word_1_535' title='bbox 2653 405 2719 458; x_wconf 93' lang='lat' dir='ltr'><strong><em>ad</em></strong></span> <span class='ocrx_word' id='word_1_536' title='bbox 2743 422 2966 476; x_wconf 84' lang='lat' dir='ltr'><strong><em>pugnam</em></strong></span> <span class='ocrx_word' id='word_1_537' title='bbox 2991 409 3335 478; x_wconf 85' lang='lat' dir='ltr'><strong><em>contendere,</em></strong></span> <span class='ocrx_word' id='word_1_538' title='bbox 3361 422 3415 466; x_wconf 90' lang='lat' dir='ltr'><strong><em>et</em></strong></span> <span class='ocrx_word' id='word_1_539' title='bbox 3435 423 3624 468; x_wconf 87' lang='lat' dir='ltr'><strong><em>contra</em></strong></span> <span class='ocrx_word' id='word_1_540' title='bbox 3643 418 3725 485; x_wconf 69' lang='lat' dir='ltr'><strong><em>je-</em></strong></span> 
     </span>
    </p>
   </div>
   <div class='ocr_carea' id='block_1_64' title="bbox 2127 490 3723 574">
    <p class='ocr_par' dir='ltr' id='par_1_64' title="bbox 2127 490 3723 574">
     <span class='ocr_line' id='line_1_64' title="bbox 2127 490 3723 574; baseline 0.011 -30"><span class='ocrx_word' id='word_1_541' title='bbox 2127 501 2269 574; x_wconf 72' lang='lat' dir='ltr'><strong><em>Stum</em></strong></span> <span class='ocrx_word' id='word_1_542' title='bbox 2285 490 2556 561; x_wconf 86' lang='lat' dir='ltr'><strong><em>insurgere</em></strong></span> <span class='ocrx_word' id='word_1_543' title='bbox 2576 496 2730 560; x_wconf 89' lang='lat' dir='ltr'><strong><em>velle,</em></strong></span> <span class='ocrx_word' id='word_1_544' title='bbox 2747 497 2846 552; x_wconf 86' lang='lat' dir='ltr'><strong><em>hoc</em></strong></span> <span class='ocrx_word' id='word_1_545' title='bbox 2862 499 3022 554; x_wconf 88' lang='lat' dir='ltr'><strong><em>verbo</em></strong></span> <span class='ocrx_word' id='word_1_546' title='bbox 3037 512 3264 555; x_wconf 88' lang='lat' dir='ltr'><strong><em>mentem</em></strong></span> <span class='ocrx_word' id='word_1_547' title='bbox 3282 504 3399 572; x_wconf 83' lang='lat' dir='ltr'><strong><em>ejus</em></strong></span> <span class='ocrx_word' id='word_1_548' title='bbox 3412 510 3723 574; x_wconf 53' lang='lat' dir='ltr'><strong><em>compweit,</em></strong></span> 
     </span>
    </p>
   </div>
   <div class='ocr_carea' id='block_1_65' title="bbox 2126 572 3730 656">
    <p class='ocr_par' dir='ltr' id='par_1_65' title="bbox 2126 572 3730 656">
     <span class='ocr_line' id='line_1_65' title="bbox 2126 572 3730 656; baseline 0.009 -28"><span class='ocrx_word' id='word_1_549' title='bbox 2126 581 2182 628; x_wconf 89' lang='lat' dir='ltr'><strong><em>et</em></strong></span> <span class='ocrx_word' id='word_1_550' title='bbox 2199 572 2357 629; x_wconf 86' lang='lat' dir='ltr'><strong><em>dicit:</em></strong></span> <span class='ocrx_word' id='word_1_551' title='bbox 2386 575 2516 631; x_wconf 88' lang='lat' dir='ltr'><strong><em>Cave</em></strong></span> <span class='ocrx_word' id='word_1_552' title='bbox 2539 578 2644 643; x_wconf 90' lang='lat' dir='ltr'><strong><em>tibi,</em></strong></span> <span class='ocrx_word' id='word_1_553' title='bbox 2669 596 2731 633; x_wconf 89' lang='lat' dir='ltr'><strong><em>ne</em></strong></span> <span class='ocrx_word' id='word_1_554' title='bbox 2751 580 2972 648; x_wconf 88' lang='lat' dir='ltr'><strong><em>loquaris</em></strong></span> <span class='ocrx_word' id='word_1_555' title='bbox 2991 600 3104 636; x_wconf 87' lang='lat' dir='ltr'><strong><em>cum</em></strong></span> <span class='ocrx_word' id='word_1_556' title='bbox 3121 583 3284 638; x_wconf 88' lang='lat' dir='ltr'><strong><em>Iacob</em></strong></span> <span class='ocrx_word' id='word_1_557' title='bbox 3304 587 3442 639; x_wconf 84' lang='lat' dir='ltr'><strong><em>mala</em></strong></span> <span class='ocrx_word' id='word_1_558' title='bbox 3469 606 3483 641; x_wconf 90' lang='lat'><strong>:</strong></span> <span class='ocrx_word' id='word_1_559' title='bbox 3507 572 3730 656; x_wconf 75' lang='lat' dir='ltr'><strong><em>perinde</em></strong></span> 
     </span>
    </p>
   </div>
   <div class='ocr_carea' id='block_1_66' title="bbox 2127 663 3726 732">
    <p class='ocr_par' dir='ltr' id='par_1_66' title="bbox 2127 663 3726 732">
     <span class='ocr_line' id='line_1_66' title="bbox 2127 663 3726 732; baseline 0.009 -15"><span class='ocrx_word' id='word_1_560' title='bbox 2127 677 2190 719; x_wconf 90' lang='lat' dir='ltr'><strong><em>ac</em></strong></span> <span class='ocrx_word' id='word_1_561' title='bbox 2213 663 2258 719; x_wconf 90' lang='lat' dir='ltr'><strong><em>si</em></strong></span> <span class='ocrx_word' id='word_1_562' title='bbox 2288 664 2522 722; x_wconf 89' lang='lat' dir='ltr'><strong><em>diceret:</em></strong></span> <span class='ocrx_word' id='word_1_563' title='bbox 2549 665 2689 724; x_wconf 82' lang='lat' dir='ltr'><strong><em>Cave</em></strong></span> <span class='ocrx_word' id='word_1_564' title='bbox 2715 685 2782 726; x_wconf 90' lang='lat' dir='ltr'><strong><em>ne</em></strong></span> <span class='ocrx_word' id='word_1_565' title='bbox 2820 671 2902 726; x_wconf 87' lang='lat' dir='ltr'><strong><em>vel</em></strong></span> <span class='ocrx_word' id='word_1_566' title='bbox 2929 672 3106 728; x_wconf 86' lang='lat' dir='ltr'><strong><em>verbis</em></strong></span> <span class='ocrx_word' id='word_1_567' title='bbox 3133 673 3406 731; x_wconf 86' lang='lat' dir='ltr'><strong><em>offendere</em></strong></span> <span class='ocrx_word' id='word_1_568' title='bbox 3445 676 3615 732; x_wconf 84' lang='lat' dir='ltr'><strong><em>Jacob</em></strong></span> <span class='ocrx_word' id='word_1_569' title='bbox 3637 693 3726 732; x_wconf 91' lang='lat' dir='ltr'><strong><em>co-</em></strong></span> 
     </span>
    </p>
   </div>
   <div class='ocr_carea' id='block_1_67' title="bbox 2128 758 3724 832">
    <p class='ocr_par' dir='ltr' id='par_1_67' title="bbox 2128 758 3724 832">
     <span class='ocr_line' id='line_1_67' title="bbox 2128 758 3724 832; baseline 0.008 -21"><span class='ocrx_word' id='word_1_570' title='bbox 2128 759 2304 812; x_wconf 88' lang='lat' dir='ltr'><strong><em>neris:</em></strong></span> <span class='ocrx_word' id='word_1_571' title='bbox 2333 758 2428 814; x_wconf 88' lang='lat' dir='ltr'><strong><em>sed</em></strong></span> <span class='ocrx_word' id='word_1_572' title='bbox 2467 775 2620 816; x_wconf 88' lang='lat' dir='ltr'><strong><em>serva</em></strong></span> <span class='ocrx_word' id='word_1_573' title='bbox 2652 761 2878 832; x_wconf 88' lang='lat' dir='ltr'><strong><em>teipsum</em></strong></span> <span class='ocrx_word' id='word_1_574' title='bbox 2899 806 2913 828; x_wconf 89' lang='lat'><strong><em>,</em></strong></span> <span class='ocrx_word' id='word_1_575' title='bbox 2936 766 3153 820; x_wconf 85' lang='lat' dir='ltr'><strong><em>contine</em></strong></span> <span class='ocrx_word' id='word_1_576' title='bbox 3178 767 3374 821; x_wconf 85' lang='lat' dir='ltr'><strong><em>malum</em></strong></span> <span class='ocrx_word' id='word_1_577' title='bbox 3407 768 3551 824; x_wconf 86' lang='lat' dir='ltr'><strong><em>hunc</em></strong></span> <span class='ocrx_word' id='word_1_578' title='bbox 3579 777 3724 824; x_wconf 90' lang='lat' dir='ltr'><strong><em>tuum</em></strong></span> 
     </span>
    </p>
   </div>
   <div class='ocr_carea' id='block_1_68' title="bbox 2129 847 3724 924">
    <p class='ocr_par' dir='ltr' id='par_1_68' title="bbox 2129 847 3724 924">
     <span class='ocr_line' id='line_1_68' title="bbox 2129 847 3724 924; baseline 0.009 -23"><span class='ocrx_word' id='word_1_579' title='bbox 2129 847 2381 918; x_wconf 87' lang='lat' dir='ltr'><strong><em>impetum</em></strong></span> <span class='ocrx_word' id='word_1_580' title='bbox 2406 890 2422 917; x_wconf 93' lang='lat'><strong><em>,</em></strong></span> <span class='ocrx_word' id='word_1_581' title='bbox 2467 852 2759 922; x_wconf 83' lang='lat' dir='ltr'><strong><em>comprime</em></strong></span> <span class='ocrx_word' id='word_1_582' title='bbox 2801 853 3032 910; x_wconf 86' lang='lat' dir='ltr'><strong><em>furorem</em></strong></span> <span class='ocrx_word' id='word_1_583' title='bbox 3055 895 3071 924; x_wconf 88' lang='lat'><strong><em>,</em></strong></span> <span class='ocrx_word' id='word_1_584' title='bbox 3098 856 3308 914; x_wconf 88' lang='lat' dir='ltr'><strong><em>refrena</em></strong></span> <span class='ocrx_word' id='word_1_585' title='bbox 3335 859 3528 914; x_wconf 89' lang='lat' dir='ltr'><strong><em>iratum</em></strong></span> <span class='ocrx_word' id='word_1_586' title='bbox 3578 870 3724 916; x_wconf 87' lang='lat' dir='ltr'><strong><em>tuum</em></strong></span> 
     </span>
    </p>
   </div>
   <div class='ocr_carea' id='block_1_69' title="bbox 2127 938 3723 1014">
    <p class='ocr_par' dir='ltr' id='par_1_69' title="bbox 2127 938 3723 1014">
     <span class='ocr_line' id='line_1_69' title="bbox 2127 938 3723 1014; baseline 0.007 -21"><span class='ocrx_word' id='word_1_587' title='bbox 2127 938 2361 994; x_wconf 90' lang='lat' dir='ltr'><strong><em>animum</em></strong></span> <span class='ocrx_word' id='word_1_588' title='bbox 2381 981 2397 1004; x_wconf 87' lang='lat'><em>.</em></span> <span class='ocrx_word' id='word_1_589' title='bbox 2424 956 2488 996; x_wconf 89' lang='lat' dir='ltr'><strong><em>ac</em></strong></span> <span class='ocrx_word' id='word_1_590' title='bbox 2525 957 2592 998; x_wconf 91' lang='lat' dir='ltr'><strong><em>ne</em></strong></span> <span class='ocrx_word' id='word_1_591' title='bbox 2616 944 2699 998; x_wconf 88' lang='lat' dir='ltr'><strong><em>vel</em></strong></span> <span class='ocrx_word' id='word_1_592' title='bbox 2723 944 2888 999; x_wconf 86' lang='lat' dir='ltr'><strong><em>verbo</em></strong></span> <span class='ocrx_word' id='word_1_593' title='bbox 2917 946 3088 1014; x_wconf 85' lang='lat' dir='ltr'><strong><em>ipsum</em></strong></span> <span class='ocrx_word' id='word_1_594' title='bbox 3135 949 3450 1005; x_wconf 85' lang='lat' dir='ltr'><strong><em>contristare</em></strong></span> <span class='ocrx_word' id='word_1_595' title='bbox 3473 949 3630 1005; x_wconf 85' lang='lat' dir='ltr'><strong><em>velis.</em></strong></span> <span class='ocrx_word' id='word_1_596' title='bbox 3664 951 3723 1006; x_wconf 82' lang='lat' dir='ltr'><strong><em>Et</em></strong></span> 
     </span>
    </p>
   </div>
   <div class='ocr_carea' id='block_1_70' title="bbox 2125 1029 3723 1106">
    <p class='ocr_par' dir='ltr' id='par_1_70' title="bbox 2125 1029 3723 1106">
     <span class='ocr_line' id='line_1_70' title="bbox 2125 1029 3723 1106; baseline 0.008 -23"><span class='ocrx_word' id='word_1_597' title='bbox 2125 1029 2402 1085; x_wconf 90' lang='lat' dir='ltr'><strong><em>considera</em></strong></span> <span class='ocrx_word' id='word_1_598' title='bbox 2429 1031 2520 1086; x_wconf 90' lang='lat' dir='ltr'><strong><em>Dei</em></strong></span> <span class='ocrx_word' id='word_1_599' title='bbox 2559 1033 2916 1089; x_wconf 87' lang='lat' dir='ltr'><strong><em>clementiam.</em></strong></span> <span class='ocrx_word' id='word_1_600' title='bbox 2942 1035 3054 1089; x_wconf 84' lang='lat' dir='ltr'><strong><em>Non</em></strong></span> <span class='ocrx_word' id='word_1_601' title='bbox 3083 1037 3358 1106; x_wconf 79' lang='lat' dir='ltr'><strong><em>imperavit</em></strong></span> <span class='ocrx_word' id='word_1_602' title='bbox 3406 1038 3628 1095; x_wconf 86' lang='lat' dir='ltr'><strong><em>Labano</em></strong></span> <span class='ocrx_word' id='word_1_603' title='bbox 3673 1051 3723 1095; x_wconf 91' lang='lat' dir='ltr'><strong><em>ut</em></strong></span> 
     </span>
    </p>
   </div>
   <div class='ocr_carea' id='block_1_71' title="bbox 2126 1121 3725 1201">
    <p class='ocr_par' dir='ltr' id='par_1_71' title="bbox 2126 1121 3725 1201">
     <span class='ocr_line' id='line_1_71' title="bbox 2126 1121 3725 1201; baseline 0.006 -24"><span class='ocrx_word' id='word_1_604' title='bbox 2126 1121 2193 1178; x_wconf 91' lang='lat' dir='ltr'><strong><em>ad</em></strong></span> <span class='ocrx_word' id='word_1_605' title='bbox 2221 1123 2432 1194; x_wconf 87' lang='lat' dir='ltr'><strong><em>propria</em></strong></span> <span class='ocrx_word' id='word_1_606' title='bbox 2469 1134 2851 1194; x_wconf 87' lang='lat' dir='ltr'><strong><em>reverteretur,</em></strong></span> <span class='ocrx_word' id='word_1_607' title='bbox 2891 1126 2983 1182; x_wconf 90' lang='lat' dir='ltr'><strong><em>sed</em></strong></span> <span class='ocrx_word' id='word_1_608' title='bbox 3014 1127 3186 1183; x_wconf 89' lang='lat' dir='ltr'><strong><em>solum</em></strong></span> <span class='ocrx_word' id='word_1_609' title='bbox 3218 1128 3462 1198; x_wconf 88' lang='lat' dir='ltr'><strong><em>prohibet</em></strong></span> <span class='ocrx_word' id='word_1_610' title='bbox 3503 1145 3573 1185; x_wconf 88' lang='lat' dir='ltr'><strong><em>ne</em></strong></span> <span class='ocrx_word' id='word_1_611' title='bbox 3601 1133 3725 1201; x_wconf 89' lang='lat' dir='ltr'><strong><em>quid</em></strong></span> 
     </span>
    </p>
   </div>
   <div class='ocr_carea' id='block_1_72' title="bbox 2125 1213 3727 1291">
    <p class='ocr_par' dir='ltr' id='par_1_72' title="bbox 2125 1213 3727 1291">
     <span class='ocr_line' id='line_1_72' title="bbox 2125 1213 3727 1291; baseline 0.007 -23"><span class='ocrx_word' id='word_1_612' title='bbox 2125 1213 2317 1270; x_wconf 90' lang='lat' dir='ltr'><strong><em>durum</em></strong></span> <span class='ocrx_word' id='word_1_613' title='bbox 2348 1216 2432 1271; x_wconf 85' lang='lat' dir='ltr'><strong><em>vel</em></strong></span> <span class='ocrx_word' id='word_1_614' title='bbox 2473 1218 2754 1273; x_wconf 91' lang='lat' dir='ltr'><strong><em>molestum</em></strong></span> <span class='ocrx_word' id='word_1_615' title='bbox 2801 1235 2922 1274; x_wconf 91' lang='lat' dir='ltr'><strong><em>cum</em></strong></span> <span class='ocrx_word' id='word_1_616' title='bbox 2945 1219 3090 1290; x_wconf 90' lang='lat' dir='ltr'><strong><em>justo</em></strong></span> <span class='ocrx_word' id='word_1_617' title='bbox 3120 1221 3382 1291; x_wconf 87' lang='lat' dir='ltr'><strong><em>loquatur.</em></strong></span> <span class='ocrx_word' id='word_1_618' title='bbox 3411 1223 3619 1291; x_wconf 87' lang='lat' dir='ltr'><strong><em>Quare,</em></strong></span> <span class='ocrx_word' id='word_1_619' title='bbox 3674 1234 3727 1279; x_wconf 90' lang='lat' dir='ltr'><strong><em>et</em></strong></span> 
     </span>
    </p>
   </div>
   <div class='ocr_carea' id='block_1_73' title="bbox 2127 1306 3724 1384">
    <p class='ocr_par' dir='ltr' id='par_1_73' title="bbox 2127 1306 3724 1384">
     <span class='ocr_line' id='line_1_73' title="bbox 2127 1306 3724 1384; baseline 0.006 -25"><span class='ocrx_word' id='word_1_620' title='bbox 2127 1314 2344 1376; x_wconf 89' lang='lat' dir='ltr'><strong><em>propter</em></strong></span> <span class='ocrx_word' id='word_1_621' title='bbox 2370 1306 2539 1375; x_wconf 83' lang='lat' dir='ltr'><strong><em>quid?</em></strong></span> <span class='ocrx_word' id='word_1_622' title='bbox 2563 1307 2630 1362; x_wconf 90' lang='lat' dir='ltr'><strong><em>Ut</em></strong></span> <span class='ocrx_word' id='word_1_623' title='bbox 2657 1307 2825 1363; x_wconf 90' lang='lat' dir='ltr'><strong><em>discat</em></strong></span> <span class='ocrx_word' id='word_1_624' title='bbox 2856 1323 2950 1378; x_wconf 88' lang='lat' dir='ltr'><strong><em>per</em></strong></span> <span class='ocrx_word' id='word_1_625' title='bbox 2982 1311 3191 1380; x_wconf 87' lang='lat' dir='ltr'><strong><em>negotia</em></strong></span> <span class='ocrx_word' id='word_1_626' title='bbox 3214 1321 3269 1366; x_wconf 90' lang='lat' dir='ltr'><strong><em>et</em></strong></span> <span class='ocrx_word' id='word_1_627' title='bbox 3297 1327 3392 1381; x_wconf 90' lang='lat' dir='ltr'><strong><em>per</em></strong></span> <span class='ocrx_word' id='word_1_628' title='bbox 3421 1327 3587 1382; x_wconf 87' lang='lat' dir='ltr'><strong><em>opera</em></strong></span> <span class='ocrx_word' id='word_1_629' title='bbox 3615 1314 3724 1384; x_wconf 83' lang='lat' dir='ltr'><strong><em>ipsa</em></strong></span> 
     </span>
    </p>
   </div>
   <div class='ocr_carea' id='block_1_74' title="bbox 2121 1395 3720 1473">
    <p class='ocr_par' dir='ltr' id='par_1_74' title="bbox 2121 1395 3720 1473">
     <span class='ocr_line' id='line_1_74' title="bbox 2121 1395 3720 1473; baseline 0.008 -23"><span class='ocrx_word' id='word_1_630' title='bbox 2121 1395 2327 1466; x_wconf 90' lang='lat' dir='ltr'><strong><em>justus,</em></strong></span> <span class='ocrx_word' id='word_1_631' title='bbox 2355 1409 2606 1468; x_wconf 88' lang='lat' dir='ltr'><strong><em>quantam</em></strong></span> <span class='ocrx_word' id='word_1_632' title='bbox 2629 1401 2713 1455; x_wconf 90' lang='lat' dir='ltr'><strong><em>sui</em></strong></span> <span class='ocrx_word' id='word_1_633' title='bbox 2733 1415 2915 1456; x_wconf 90' lang='lat' dir='ltr'><strong><em>curam</em></strong></span> <span class='ocrx_word' id='word_1_634' title='bbox 2941 1411 3092 1473; x_wconf 84' lang='lat' dir='ltr'><strong><em>gerat</em></strong></span> <span class='ocrx_word' id='word_1_635' title='bbox 3117 1403 3273 1459; x_wconf 89' lang='lat' dir='ltr'><strong><em>Deus.</em></strong></span> <span class='ocrx_word' id='word_1_636' title='bbox 3301 1404 3431 1460; x_wconf 88' lang='lat' dir='ltr'><strong><em>Nam</em></strong></span> <span class='ocrx_word' id='word_1_637' title='bbox 3459 1407 3504 1460; x_wconf 90' lang='lat' dir='ltr'><strong><em>si</em></strong></span> <span class='ocrx_word' id='word_1_638' title='bbox 3538 1421 3720 1463; x_wconf 88' lang='lat' dir='ltr'><strong><em>rever-</em></strong></span> 
     </span>
    </p>
   </div>
   <div class='ocr_carea' id='block_1_75' title="bbox 2127 1489 3724 1565">
    <p class='ocr_par' dir='ltr' id='par_1_75' title="bbox 2127 1489 3724 1565">
     <span class='ocr_line' id='line_1_75' title="bbox 2127 1489 3724 1565; baseline 0.006 -22"><span class='ocrx_word' id='word_1_639' title='bbox 2127 1501 2218 1544; x_wconf 88' lang='lat' dir='ltr'><strong><em>sus</em></strong></span> <span class='ocrx_word' id='word_1_640' title='bbox 2242 1489 2426 1544; x_wconf 90' lang='lat' dir='ltr'><strong><em>fuisset</em></strong></span> <span class='ocrx_word' id='word_1_641' title='bbox 2447 1489 2624 1545; x_wconf 84' lang='lat' dir='ltr'><strong><em>Laban</em></strong></span> <span class='ocrx_word' id='word_1_642' title='bbox 2649 1532 2664 1556; x_wconf 93' lang='lat'><strong><em>,</em></strong></span> <span class='ocrx_word' id='word_1_643' title='bbox 2686 1491 2826 1547; x_wconf 87' lang='lat' dir='ltr'><strong><em>unde</em></strong></span> <span class='ocrx_word' id='word_1_644' title='bbox 2857 1492 2986 1548; x_wconf 90' lang='lat' dir='ltr'><strong><em>illud</em></strong></span> <span class='ocrx_word' id='word_1_645' title='bbox 3011 1494 3260 1550; x_wconf 88' lang='lat' dir='ltr'><strong><em>scivisset</em></strong></span> <span class='ocrx_word' id='word_1_646' title='bbox 3281 1494 3448 1550; x_wconf 80' lang='lat' dir='ltr'><strong><em>Iacob</em></strong></span> <span class='ocrx_word' id='word_1_647' title='bbox 3467 1537 3482 1561; x_wconf 90' lang='lat'><strong><em>,</em></strong></span> <span class='ocrx_word' id='word_1_648' title='bbox 3501 1507 3593 1550; x_wconf 88' lang='lat' dir='ltr'><strong><em>aut</em></strong></span> <span class='ocrx_word' id='word_1_649' title='bbox 3613 1501 3724 1565; x_wconf 77' lang='lat' dir='ltr'><strong><em>ejus</em></strong></span> 
     </span>
    </p>
   </div>
   <div class='ocr_carea' id='block_1_76' title="bbox 2131 1580 3722 1656">
    <p class='ocr_par' dir='ltr' id='par_1_76' title="bbox 2131 1580 3722 1656">
     <span class='ocr_line' id='line_1_76' title="bbox 2131 1580 3722 1656; baseline 0.004 -21"><span class='ocrx_word' id='word_1_650' title='bbox 2131 1581 2367 1636; x_wconf 71' lang='lat' dir='ltr'><strong><em>uxores?</em></strong></span> <span class='ocrx_word' id='word_1_651' title='bbox 2393 1580 2516 1636; x_wconf 92' lang='lat' dir='ltr'><strong><em>ldeo</em></strong></span> <span class='ocrx_word' id='word_1_652' title='bbox 2543 1583 2800 1652; x_wconf 91' lang='lat' dir='ltr'><strong><em>permittit</em></strong></span> <span class='ocrx_word' id='word_1_653' title='bbox 2828 1584 2880 1638; x_wconf 92' lang='lat' dir='ltr'><strong><em>ei</em></strong></span> <span class='ocrx_word' id='word_1_654' title='bbox 2904 1593 2959 1639; x_wconf 90' lang='lat' dir='ltr'><strong><em>ut</em></strong></span> <span class='ocrx_word' id='word_1_655' title='bbox 2986 1584 3163 1652; x_wconf 87' lang='lat' dir='ltr'><strong><em>abeat,</em></strong></span> <span class='ocrx_word' id='word_1_656' title='bbox 3196 1593 3250 1640; x_wconf 92' lang='lat' dir='ltr'><strong><em>et</em></strong></span> <span class='ocrx_word' id='word_1_657' title='bbox 3265 1585 3447 1656; x_wconf 89' lang='lat' dir='ltr'><strong><em>lingua</em></strong></span> <span class='ocrx_word' id='word_1_658' title='bbox 3475 1602 3571 1642; x_wconf 89' lang='lat' dir='ltr'><strong><em>sua</em></strong></span> <span class='ocrx_word' id='word_1_659' title='bbox 3596 1603 3722 1642; x_wconf 88' lang='lat' dir='ltr'><strong><em>con-</em></strong></span> 
     </span>
    </p>
   </div>
   <div class='ocr_carea' id='block_1_77' title="bbox 2130 1672 3726 1748">
    <p class='ocr_par' dir='ltr' id='par_1_77' title="bbox 2130 1672 3726 1748">
     <span class='ocr_line' id='line_1_77' title="bbox 2130 1672 3726 1748; baseline 0.005 -22"><span class='ocrx_word' id='word_1_660' title='bbox 2130 1672 2338 1728; x_wconf 89' lang='lat' dir='ltr'><strong><em>fiteatur</em></strong></span> <span class='ocrx_word' id='word_1_661' title='bbox 2352 1689 2470 1743; x_wconf 69' lang='lat' dir='ltr'><strong><em>qua:</em></strong></span> <span class='ocrx_word' id='word_1_662' title='bbox 2489 1673 2625 1728; x_wconf 89' lang='lat' dir='ltr'><strong><em>Deus</em></strong></span> <span class='ocrx_word' id='word_1_663' title='bbox 2640 1673 2772 1728; x_wconf 83' lang='lat' dir='ltr'><strong><em>dixit</em></strong></span> <span class='ocrx_word' id='word_1_664' title='bbox 2785 1675 2850 1730; x_wconf 89' lang='lat' dir='ltr'><strong><em>ad</em></strong></span> <span class='ocrx_word' id='word_1_665' title='bbox 2865 1690 2947 1743; x_wconf 87' lang='lat' dir='ltr'><strong><em>se,</em></strong></span> <span class='ocrx_word' id='word_1_666' title='bbox 2964 1691 3068 1746; x_wconf 89' lang='lat' dir='ltr'><strong><em>quo</em></strong></span> <span class='ocrx_word' id='word_1_667' title='bbox 3083 1687 3136 1732; x_wconf 90' lang='lat' dir='ltr'><strong><em>et</em></strong></span> <span class='ocrx_word' id='word_1_668' title='bbox 3153 1678 3330 1746; x_wconf 86' lang='lat' dir='ltr'><strong><em>justus</em></strong></span> <span class='ocrx_word' id='word_1_669' title='bbox 3345 1681 3604 1748; x_wconf 88' lang='lat' dir='ltr'><strong><em>majorem</em></strong></span> <span class='ocrx_word' id='word_1_670' title='bbox 3620 1680 3726 1734; x_wconf 83' lang='lat' dir='ltr'><strong><em>ala-</em></strong></span> 
     </span>
    </p>
   </div>
   <div class='ocr_carea' id='block_1_78' title="bbox 2127 1763 3721 1839">
    <p class='ocr_par' dir='ltr' id='par_1_78' title="bbox 2127 1763 3721 1839">
     <span class='ocr_line' id='line_1_78' title="bbox 2127 1763 3721 1839; baseline 0.002 -21"><span class='ocrx_word' id='word_1_671' title='bbox 2127 1763 2369 1818; x_wconf 89' lang='lat' dir='ltr'><strong><em>critatem</em></strong></span> <span class='ocrx_word' id='word_1_672' title='bbox 2399 1763 2593 1820; x_wconf 86' lang='lat' dir='ltr'><strong><em>habeat</em></strong></span> <span class='ocrx_word' id='word_1_673' title='bbox 2635 1766 3048 1834; x_wconf 87' lang='lat' dir='ltr'><strong><em>proficiscendo,</em></strong></span> <span class='ocrx_word' id='word_1_674' title='bbox 3083 1767 3432 1839; x_wconf 88' lang='lat' dir='ltr'><strong><em>fiduciamque</em></strong></span> <span class='ocrx_word' id='word_1_675' title='bbox 3460 1769 3721 1839; x_wconf 88' lang='lat' dir='ltr'><strong><em>accipiat,</em></strong></span> 
     </span>
    </p>
   </div>
   <div class='ocr_carea' id='block_1_79' title="bbox 2127 1855 3725 1929">
    <p class='ocr_par' dir='ltr' id='par_1_79' title="bbox 2127 1855 3725 1929">
     <span class='ocr_line' id='line_1_79' title="bbox 2127 1855 3725 1929; baseline 0.003 -20"><span class='ocrx_word' id='word_1_676' title='bbox 2127 1863 2178 1910; x_wconf 89' lang='lat' dir='ltr'><strong><em>el</em></strong></span> <span class='ocrx_word' id='word_1_677' title='bbox 2220 1863 2280 1910; x_wconf 90' lang='lat' dir='ltr'><strong><em>ut</em></strong></span> <span class='ocrx_word' id='word_1_678' title='bbox 2326 1855 2482 1924; x_wconf 91' lang='lat' dir='ltr'><strong><em>hujus</em></strong></span> <span class='ocrx_word' id='word_1_679' title='bbox 2549 1870 2742 1911; x_wconf 78' lang='lat' dir='ltr'><strong><em>uxores</em></strong></span> <span class='ocrx_word' id='word_1_680' title='bbox 2789 1857 2807 1888; x_wconf 73' lang='grc' dir='ltr'>ί</span> <span class='ocrx_word' id='word_1_681' title='bbox 2861 1857 3066 1912; x_wconf 86' lang='lat' dir='ltr'><strong><em>discant</em></strong></span> <span class='ocrx_word' id='word_1_682' title='bbox 3108 1868 3307 1929; x_wconf 90' lang='lat' dir='ltr'><strong><em>quanto</em></strong></span> <span class='ocrx_word' id='word_1_683' title='bbox 3353 1860 3530 1915; x_wconf 83' lang='lat' dir='ltr'><strong><em>studio</em></strong></span> <span class='ocrx_word' id='word_1_684' title='bbox 3587 1860 3725 1914; x_wconf 86' lang='lat' dir='ltr'><strong><em>Deus</em></strong></span> 
     </span>
    </p>
   </div>
   <div class='ocr_carea' id='block_1_80' title="bbox 2127 1948 3722 2021">
    <p class='ocr_par' dir='ltr' id='par_1_80' title="bbox 2127 1948 3722 2021">
     <span class='ocr_line' id='line_1_80' title="bbox 2127 1948 3722 2021; baseline 0.002 -18"><span class='ocrx_word' id='word_1_685' title='bbox 2127 1948 2367 2003; x_wconf 90' lang='lat' dir='ltr'><strong><em>omnium</em></strong></span> <span class='ocrx_word' id='word_1_686' title='bbox 2414 1948 2665 2003; x_wconf 88' lang='lat' dir='ltr'><strong><em>Dominus</em></strong></span> <span class='ocrx_word' id='word_1_687' title='bbox 2707 1948 2961 2004; x_wconf 86' lang='lat' dir='ltr'><strong><em>Jacobum</em></strong></span> <span class='ocrx_word' id='word_1_688' title='bbox 3011 1961 3195 2016; x_wconf 88' lang='lat' dir='ltr'><strong><em>curet,</em></strong></span> <span class='ocrx_word' id='word_1_689' title='bbox 3237 1950 3588 2021; x_wconf 86' lang='lat' dir='ltr'><strong><em>rejiciantque</em></strong></span> <span class='ocrx_word' id='word_1_690' title='bbox 3635 1966 3722 2006; x_wconf 81' lang='lat' dir='ltr'><strong><em>er-</em></strong></span> 
     </span>
    </p>
   </div>
   <div class='ocr_carea' id='block_1_81' title="bbox 2128 2039 3726 2111">
    <p class='ocr_par' dir='ltr' id='par_1_81' title="bbox 2128 2039 3726 2111">
     <span class='ocr_line' id='line_1_81' title="bbox 2128 2039 3726 2111; baseline 0.002 -19"><span class='ocrx_word' id='word_1_691' title='bbox 2128 2052 2306 2093; x_wconf 88' lang='lat' dir='ltr'><strong><em>rorem</em></strong></span> <span class='ocrx_word' id='word_1_692' title='bbox 2368 2048 2682 2108; x_wconf 88' lang='lat' dir='ltr'><strong><em>paternum,</em></strong></span> <span class='ocrx_word' id='word_1_693' title='bbox 2743 2048 2797 2094; x_wconf 92' lang='lat' dir='ltr'><strong><em>et</em></strong></span> <span class='ocrx_word' id='word_1_694' title='bbox 2849 2039 3120 2095; x_wconf 89' lang='lat' dir='ltr'><strong><em>imitentur</em></strong></span> <span class='ocrx_word' id='word_1_695' title='bbox 3164 2041 3402 2110; x_wconf 92' lang='lat' dir='ltr'><strong><em>justum,</em></strong></span> <span class='ocrx_word' id='word_1_696' title='bbox 3453 2051 3613 2111; x_wconf 88' lang='lat' dir='ltr'><strong><em>atque</em></strong></span> <span class='ocrx_word' id='word_1_697' title='bbox 3662 2042 3726 2096; x_wconf 92' lang='lat' dir='ltr'><strong><em>ad</em></strong></span> 
     </span>
    </p>
   </div>
   <div class='ocr_carea' id='block_1_82' title="bbox 2129 2131 3727 2201">
    <p class='ocr_par' dir='ltr' id='par_1_82' title="bbox 2129 2131 3727 2201">
     <span class='ocr_line' id='line_1_82' title="bbox 2129 2131 3727 2201; baseline 0.001 -15"><span class='ocrx_word' id='word_1_698' title='bbox 2129 2131 2558 2201; x_wconf 88' lang='lat' dir='ltr'><strong><em>cognoscendum</em></strong></span> <span class='ocrx_word' id='word_1_699' title='bbox 2586 2132 2754 2187; x_wconf 92' lang='lat' dir='ltr'><strong><em>Deum</em></strong></span> <span class='ocrx_word' id='word_1_700' title='bbox 2784 2132 3135 2188; x_wconf 89' lang='lat' dir='ltr'><strong><em>sufficientem</em></strong></span> <span class='ocrx_word' id='word_1_701' title='bbox 3163 2133 3460 2189; x_wconf 89' lang='lat' dir='ltr'><strong><em>doctrinam</em></strong></span> <span class='ocrx_word' id='word_1_702' title='bbox 3490 2132 3611 2188; x_wconf 90' lang='lat' dir='ltr'><strong><em>inde</em></strong></span> <span class='ocrx_word' id='word_1_703' title='bbox 3637 2148 3727 2188; x_wconf 89' lang='lat' dir='ltr'><strong><em>ac-</em></strong></span> 
     </span>
    </p>
   </div>
   <div class='ocr_carea' id='block_1_83' title="bbox 2129 2221 3728 2294">
    <p class='ocr_par' dir='ltr' id='par_1_83' title="bbox 2129 2221 3728 2294">
     <span class='ocr_line' id='line_1_83' title="bbox 2129 2221 3728 2294; baseline 0.001 -17"><span class='ocrx_word' id='word_1_704' title='bbox 2129 2221 2346 2290; x_wconf 88' lang='lat' dir='ltr'><strong><em>cipiant.</em></strong></span> <span class='ocrx_word' id='word_1_705' title='bbox 2368 2221 2552 2291; x_wconf 87' lang='lat' dir='ltr'><strong><em>Neque</em></strong></span> <span class='ocrx_word' id='word_1_706' title='bbox 2582 2223 2724 2277; x_wconf 90' lang='lat' dir='ltr'><strong><em>enim</em></strong></span> <span class='ocrx_word' id='word_1_707' title='bbox 2757 2223 2834 2278; x_wconf 89' lang='lat' dir='ltr'><strong><em>sic</em></strong></span> <span class='ocrx_word' id='word_1_708' title='bbox 2885 2223 2990 2278; x_wconf 90' lang='lat' dir='ltr'><strong><em>fide</em></strong></span> <span class='ocrx_word' id='word_1_709' title='bbox 3028 2223 3182 2294; x_wconf 86' lang='lat' dir='ltr'><strong><em>digna</em></strong></span> <span class='ocrx_word' id='word_1_710' title='bbox 3213 2234 3365 2278; x_wconf 86' lang='lat' dir='ltr'><strong><em>erant</em></strong></span> <span class='ocrx_word' id='word_1_711' title='bbox 3408 2239 3529 2293; x_wconf 75' lang='lat' dir='ltr'><strong><em>quae</em></strong></span> <span class='ocrx_word' id='word_1_712' title='bbox 3566 2223 3728 2278; x_wconf 76' lang='lat' dir='ltr'><strong><em>lacob</em></strong></span> 
     </span>
    </p>
   </div>
   <div class='ocr_carea' id='block_1_84' title="bbox 2128 2313 3725 2385">
    <p class='ocr_par' dir='ltr' id='par_1_84' title="bbox 2128 2313 3725 2385">
     <span class='ocr_line' id='line_1_84' title="bbox 2128 2313 3725 2385; baseline 0 -17"><span class='ocrx_word' id='word_1_713' title='bbox 2128 2313 2376 2379; x_wconf 88' lang='lat' dir='ltr'><strong><em>dicebat,</em></strong></span> <span class='ocrx_word' id='word_1_714' title='bbox 2405 2322 2461 2368; x_wconf 88' lang='lat' dir='ltr'><strong><em>ut</em></strong></span> <span class='ocrx_word' id='word_1_715' title='bbox 2485 2330 2603 2385; x_wconf 67' lang='lat' dir='ltr'><strong><em>qua:</em></strong></span> <span class='ocrx_word' id='word_1_716' title='bbox 2627 2330 2658 2368; x_wconf 92' lang='lat' dir='ltr'><strong><em>a</em></strong></span> <span class='ocrx_word' id='word_1_717' title='bbox 2679 2313 2857 2369; x_wconf 86' lang='lat' dir='ltr'><strong><em>Laban</em></strong></span> <span class='ocrx_word' id='word_1_718' title='bbox 2888 2314 3224 2380; x_wconf 89' lang='lat' dir='ltr'><strong><em>dicebantur,</em></strong></span> <span class='ocrx_word' id='word_1_719' title='bbox 3252 2319 3341 2384; x_wconf 89' lang='lat' dir='ltr'><strong><em>qui</em></strong></span> <span class='ocrx_word' id='word_1_720' title='bbox 3383 2313 3559 2368; x_wconf 86' lang='lat' dir='ltr'><strong><em>adhuc</em></strong></span> <span class='ocrx_word' id='word_1_721' title='bbox 3586 2314 3725 2368; x_wconf 90' lang='lat' dir='ltr'><strong><em>idola</em></strong></span> 
     </span>
    </p>
   </div>
   <div class='ocr_carea' id='block_1_85' title="bbox 2129 2405 3725 2476">
    <p class='ocr_par' dir='ltr' id='par_1_85' title="bbox 2129 2405 3725 2476">
     <span class='ocr_line' id='line_1_85' title="bbox 2129 2405 3725 2476; baseline -0.001 -14"><span class='ocrx_word' id='word_1_722' title='bbox 2129 2407 2355 2462; x_wconf 84' lang='lat' dir='ltr'><strong><em>colebat.</em></strong></span> <span class='ocrx_word' id='word_1_723' title='bbox 2385 2405 2608 2476; x_wconf 89' lang='lat' dir='ltr'><strong><em>Semper</em></strong></span> <span class='ocrx_word' id='word_1_724' title='bbox 2627 2407 2768 2462; x_wconf 89' lang='lat' dir='ltr'><strong><em>enim</em></strong></span> <span class='ocrx_word' id='word_1_725' title='bbox 2790 2407 3079 2462; x_wconf 87' lang='lat' dir='ltr'><strong><em>infidelium</em></strong></span> <span class='ocrx_word' id='word_1_726' title='bbox 3099 2415 3150 2462; x_wconf 90' lang='lat' dir='ltr'><strong><em>et</em></strong></span> <span class='ocrx_word' id='word_1_727' title='bbox 3169 2406 3566 2462; x_wconf 84' lang='lat' dir='ltr'><strong><em>adversantium</em></strong></span> <span class='ocrx_word' id='word_1_728' title='bbox 3584 2423 3725 2462; x_wconf 80' lang='lat' dir='ltr'><strong><em>vera:</em></strong></span> 
     </span>
    </p>
   </div>
   <div class='ocr_carea' id='block_1_86' title="bbox 2129 2496 3731 2569">
    <p class='ocr_par' dir='ltr' id='par_1_86' title="bbox 2129 2496 3731 2569">
     <span class='ocr_line' id='line_1_86' title="bbox 2129 2496 3731 2569; baseline -0.002 -15"><span class='ocrx_word' id='word_1_729' title='bbox 2129 2497 2372 2569; x_wconf 89' lang='lat' dir='ltr'><strong><em>religioni</em></strong></span> <span class='ocrx_word' id='word_1_730' title='bbox 2414 2497 2714 2554; x_wconf 77' lang='lat' dir='ltr'><strong><em>testimonia</em></strong></span> <span class='ocrx_word' id='word_1_731' title='bbox 2749 2498 3003 2567; x_wconf 88' lang='lat' dir='ltr'><strong><em>majorem</em></strong></span> <span class='ocrx_word' id='word_1_732' title='bbox 3041 2496 3239 2553; x_wconf 85' lang='lat' dir='ltr'><strong><em>habent</em></strong></span> <span class='ocrx_word' id='word_1_733' title='bbox 3289 2496 3469 2552; x_wconf 85' lang='lat' dir='ltr'><strong><em>fidem.</em></strong></span> <span class='ocrx_word' id='word_1_734' title='bbox 3515 2497 3586 2551; x_wconf 89' lang='lat' dir='ltr'><strong><em>Et</em></strong></span> <span class='ocrx_word' id='word_1_735' title='bbox 3633 2497 3731 2551; x_wconf 89' lang='lat' dir='ltr'><strong><em>hoc</em></strong></span> 
     </span>
    </p>
   </div>
   <div class='ocr_carea' id='block_1_87' title="bbox 2129 2587 3730 2661">
    <p class='ocr_par' dir='ltr' id='par_1_87' title="bbox 2129 2587 3730 2661">
     <span class='ocr_line' id='line_1_87' title="bbox 2129 2587 3730 2661; baseline -0.004 -14"><span class='ocrx_word' id='word_1_736' title='bbox 2129 2600 2212 2647; x_wconf 89' lang='lat' dir='ltr'><strong><em>est</em></strong></span> <span class='ocrx_word' id='word_1_737' title='bbox 2237 2606 2299 2647; x_wconf 81' lang='lat' dir='ltr'><strong><em>ex</em></strong></span> <span class='ocrx_word' id='word_1_738' title='bbox 2341 2589 2692 2661; x_wconf 85' lang='lat' dir='ltr'><strong><em>omnipotenti</em></strong></span> <span class='ocrx_word' id='word_1_739' title='bbox 2731 2589 2987 2659; x_wconf 87' lang='lat' dir='ltr'><strong><em>sapientia</em></strong></span> <span class='ocrx_word' id='word_1_740' title='bbox 3018 2589 3144 2656; x_wconf 88' lang='lat' dir='ltr'><strong><em>Dei,</em></strong></span> <span class='ocrx_word' id='word_1_741' title='bbox 3170 2603 3291 2645; x_wconf 88' lang='lat' dir='ltr'><strong><em>cum</em></strong></span> <span class='ocrx_word' id='word_1_742' title='bbox 3321 2589 3564 2643; x_wconf 87' lang='lat' dir='ltr'><strong><em>inimicos</em></strong></span> <span class='ocrx_word' id='word_1_743' title='bbox 3593 2587 3730 2641; x_wconf 87' lang='lat' dir='ltr'><strong><em>veri-</em></strong></span> 
     </span>
    </p>
   </div>
   <div class='ocr_carea' id='block_1_88' title="bbox 2129 2679 3730 2752">
    <p class='ocr_par' dir='ltr' id='par_1_88' title="bbox 2129 2679 3730 2752">
     <span class='ocr_line' id='line_1_88' title="bbox 2129 2679 3730 2752; baseline -0.004 -14"><span class='ocrx_word' id='word_1_744' title='bbox 2129 2682 2254 2738; x_wconf 77' lang='lat' dir='ltr'><strong><em>tatis</em></strong></span> <span class='ocrx_word' id='word_1_745' title='bbox 2284 2681 2428 2752; x_wconf 88' lang='lat' dir='ltr'><strong><em>ipsos</em></strong></span> <span class='ocrx_word' id='word_1_746' title='bbox 2459 2689 2622 2737; x_wconf 86' lang='lat' dir='ltr'><strong><em>testes</em></strong></span> <span class='ocrx_word' id='word_1_747' title='bbox 2651 2681 2887 2735; x_wconf 86' lang='lat' dir='ltr'><strong><em>veritatis</em></strong></span> <span class='ocrx_word' id='word_1_748' title='bbox 2913 2679 3111 2746; x_wconf 85' lang='lat' dir='ltr'><strong><em>efficit,</em></strong></span> <span class='ocrx_word' id='word_1_749' title='bbox 3138 2689 3194 2735; x_wconf 91' lang='lat' dir='ltr'><strong><em>et</em></strong></span> <span class='ocrx_word' id='word_1_750' title='bbox 3235 2695 3330 2734; x_wconf 91' lang='lat' dir='ltr'><strong><em>sua</em></strong></span> <span class='ocrx_word' id='word_1_751' title='bbox 3363 2680 3540 2749; x_wconf 87' lang='lat' dir='ltr'><strong><em>lingua</em></strong></span> <span class='ocrx_word' id='word_1_752' title='bbox 3569 2680 3730 2748; x_wconf 87' lang='lat' dir='ltr'><strong><em>ipsam</em></strong></span> 
     </span>
    </p>
   </div>
   <div class='ocr_carea' id='block_1_89' title="bbox 2132 2769 3730 2842">
    <p class='ocr_par' dir='ltr' id='par_1_89' title="bbox 2132 2769 3730 2842">
     <span class='ocr_line' id='line_1_89' title="bbox 2132 2769 3730 2842; baseline -0.002 -15"><span class='ocrx_word' id='word_1_753' title='bbox 2132 2772 2346 2829; x_wconf 89' lang='lat' dir='ltr'><strong><em>firmare</em></strong></span> <span class='ocrx_word' id='word_1_754' title='bbox 2365 2782 2627 2842; x_wconf 84' lang='lat' dir='ltr'><strong><em>satagunt.</em></strong></span> <span class='ocrx_word' id='word_1_755' title='bbox 2645 2772 2733 2828; x_wconf 75' lang='lat'><strong><em>25.</em></strong></span> <span class='ocrx_word' id='word_1_756' title='bbox 2751 2770 3092 2841; x_wconf 86' lang='lat' dir='ltr'><strong><em>Consequntus</em></strong></span> <span class='ocrx_word' id='word_1_757' title='bbox 3108 2780 3180 2825; x_wconf 88' lang='lat' dir='ltr'><strong><em>est</em></strong></span> <span class='ocrx_word' id='word_1_758' title='bbox 3197 2780 3364 2825; x_wconf 86' lang='lat' dir='ltr'><strong><em>autem</em></strong></span> <span class='ocrx_word' id='word_1_759' title='bbox 3381 2769 3554 2823; x_wconf 80' lang='lat' dir='ltr'><strong><em>Labau</em></strong></span> <span class='ocrx_word' id='word_1_760' title='bbox 3578 2769 3730 2824; x_wconf 74' lang='lat' dir='ltr'><strong><em>Iaco-</em></strong></span> 
     </span>
    </p>
   </div>
   <div class='ocr_carea' id='block_1_90' title="bbox 2130 2863 3728 2934">
    <p class='ocr_par' dir='ltr' id='par_1_90' title="bbox 2130 2863 3728 2934">
     <span class='ocr_line' id='line_1_90' title="bbox 2130 2863 3728 2934; baseline -0.001 -16"><span class='ocrx_word' id='word_1_761' title='bbox 2130 2864 2268 2919; x_wconf 88' lang='lat' dir='ltr'><strong><em>bum.</em></strong></span> <span class='ocrx_word' id='word_1_762' title='bbox 2319 2863 2479 2919; x_wconf 88' lang='lat' dir='ltr'><strong><em>Iacob</em></strong></span> <span class='ocrx_word' id='word_1_763' title='bbox 2507 2873 2672 2918; x_wconf 89' lang='lat' dir='ltr'><strong><em>autem</em></strong></span> <span class='ocrx_word' id='word_1_764' title='bbox 2713 2865 2824 2934; x_wconf 75' lang='lat' dir='ltr'><strong><em>ﬁxit</em></strong></span> <span class='ocrx_word' id='word_1_765' title='bbox 2861 2863 3236 2918; x_wconf 86' lang='lat' dir='ltr'><strong><em>tabernaculum</em></strong></span> <span class='ocrx_word' id='word_1_766' title='bbox 3260 2879 3406 2918; x_wconf 88' lang='lat' dir='ltr'><strong><em>suum</em></strong></span> <span class='ocrx_word' id='word_1_767' title='bbox 3430 2863 3481 2915; x_wconf 88' lang='lat' dir='ltr'><strong><em>in</em></strong></span> <span class='ocrx_word' id='word_1_768' title='bbox 3524 2871 3688 2916; x_wconf 82' lang='lat' dir='ltr'><strong><em>monte</em></strong></span> <span class='ocrx_word' id='word_1_769' title='bbox 3711 2881 3728 2916; x_wconf 91' lang='lat'><strong><em>:</em></strong></span> 
     </span>
    </p>
   </div>
   <div class='ocr_carea' id='block_1_91' title="bbox 2129 2951 3731 3028">
    <p class='ocr_par' dir='ltr' id='par_1_91' title="bbox 2129 2951 3731 3028">
     <span class='ocr_line' id='line_1_91' title="bbox 2129 2951 3731 3028; baseline -0.005 -16"><span class='ocrx_word' id='word_1_770' title='bbox 2129 2956 2308 3012; x_wconf 87' lang='lat' dir='ltr'><strong><em>Laban</em></strong></span> <span class='ocrx_word' id='word_1_771' title='bbox 2332 2973 2445 3012; x_wconf 89' lang='lat' dir='ltr'><strong><em>vero</em></strong></span> <span class='ocrx_word' id='word_1_772' title='bbox 2469 2957 2722 3011; x_wconf 85' lang='lat' dir='ltr'><strong><em>constituit</em></strong></span> <span class='ocrx_word' id='word_1_773' title='bbox 2755 2960 2937 3028; x_wconf 80' lang='lat' dir='ltr'><strong><em>fratres</em></strong></span> <span class='ocrx_word' id='word_1_774' title='bbox 2961 2972 3080 3011; x_wconf 89' lang='lat' dir='ltr'><strong><em>suos</em></strong></span> <span class='ocrx_word' id='word_1_775' title='bbox 3120 2955 3174 3009; x_wconf 88' lang='lat' dir='ltr'><strong><em>in</em></strong></span> <span class='ocrx_word' id='word_1_776' title='bbox 3201 2963 3366 3008; x_wconf 89' lang='lat' dir='ltr'><strong><em>monte</em></strong></span> <span class='ocrx_word' id='word_1_777' title='bbox 3391 2953 3615 3007; x_wconf 80' lang='lat' dir='ltr'><strong><em>Galaad.</em></strong></span> <span class='ocrx_word' id='word_1_778' title='bbox 3644 2951 3731 3006; x_wconf 74' lang='lat'><strong><em>9.6.</em></strong></span> 
     </span>
    </p>
   </div>
   <div class='ocr_carea' id='block_1_92' title="bbox 2129 3043 3736 3116">
    <p class='ocr_par' dir='ltr' id='par_1_92' title="bbox 2129 3043 3736 3116">
     <span class='ocr_line' id='line_1_92' title="bbox 2129 3043 3736 3116; baseline -0.004 -14"><span class='ocrx_word' id='word_1_779' title='bbox 2129 3047 2276 3104; x_wconf 87' lang='lat' dir='ltr'><strong><em>Dixit</em></strong></span> <span class='ocrx_word' id='word_1_780' title='bbox 2295 3058 2460 3103; x_wconf 85' lang='lat' dir='ltr'><strong><em>autem</em></strong></span> <span class='ocrx_word' id='word_1_781' title='bbox 2477 3046 2651 3102; x_wconf 88' lang='lat' dir='ltr'><strong><em>Laban</em></strong></span> <span class='ocrx_word' id='word_1_782' title='bbox 2674 3046 2741 3100; x_wconf 85' lang='lat' dir='ltr'><strong><em>ad</em></strong></span> <span class='ocrx_word' id='word_1_783' title='bbox 2753 3045 2913 3100; x_wconf 87' lang='lat' dir='ltr'><strong><em>Iacob</em></strong></span> <span class='ocrx_word' id='word_1_784' title='bbox 2938 3061 2956 3100; x_wconf 91' lang='lat'><strong><em>:</em></strong></span> <span class='ocrx_word' id='word_1_785' title='bbox 2985 3045 3087 3100; x_wconf 80' lang='lat' dir='ltr'><strong><em>Cur</em></strong></span> <span class='ocrx_word' id='word_1_786' title='bbox 3102 3045 3195 3100; x_wconf 85' lang='lat' dir='ltr'><strong><em>hoc</em></strong></span> <span class='ocrx_word' id='word_1_787' title='bbox 3217 3044 3418 3116; x_wconf 75' lang='lat' dir='ltr'><strong><em>fecisti?</em></strong></span> <span class='ocrx_word' id='word_1_788' title='bbox 3444 3043 3578 3098; x_wconf 80' lang='lat' dir='ltr'><strong><em>Vide</em></strong></span> <span class='ocrx_word' id='word_1_789' title='bbox 3607 3056 3736 3112; x_wconf 83' lang='lat' dir='ltr'><strong><em>quo-</em></strong></span> 
     </span>
    </p>
   </div>
   <div class='ocr_carea' id='block_1_93' title="bbox 2131 3135 3737 3211">
    <p class='ocr_par' dir='ltr' id='par_1_93' title="bbox 2131 3135 3737 3211">
     <span class='ocr_line' id='line_1_93' title="bbox 2131 3135 3737 3211; baseline -0.004 -15"><span class='ocrx_word' id='word_1_790' title='bbox 2131 3141 2292 3196; x_wconf 93' lang='lat' dir='ltr'><strong><em>modo</em></strong></span> <span class='ocrx_word' id='word_1_791' title='bbox 2317 3149 2641 3211; x_wconf 69' lang='lat' dir='ltr'><strong><em>prteceptum</em></strong></span> <span class='ocrx_word' id='word_1_792' title='bbox 2685 3139 2780 3194; x_wconf 90' lang='lat' dir='ltr'><strong><em>Dei</em></strong></span> <span class='ocrx_word' id='word_1_793' title='bbox 2808 3153 3056 3209; x_wconf 91' lang='lat' dir='ltr'><strong><em>magnum</em></strong></span> <span class='ocrx_word' id='word_1_794' title='bbox 3096 3137 3237 3192; x_wconf 87' lang='lat' dir='ltr'><strong><em>illius</em></strong></span> <span class='ocrx_word' id='word_1_795' title='bbox 3262 3135 3494 3191; x_wconf 83' lang='lat' dir='ltr'><strong><em>calorem</em></strong></span> <span class='ocrx_word' id='word_1_796' title='bbox 3523 3148 3737 3204; x_wconf 83' lang='lat' dir='ltr'><strong><em>repres-</em></strong></span> 
     </span>
    </p>
   </div>
   <div class='ocr_carea' id='block_1_94' title="bbox 2131 3228 3738 3300">
    <p class='ocr_par' dir='ltr' id='par_1_94' title="bbox 2131 3228 3738 3300">
     <span class='ocr_line' id='line_1_94' title="bbox 2131 3228 3738 3300; baseline -0.007 -11"><span class='ocrx_word' id='word_1_797' title='bbox 2131 3233 2228 3300; x_wconf 88' lang='lat' dir='ltr'><strong><em>sit,</em></strong></span> <span class='ocrx_word' id='word_1_798' title='bbox 2255 3241 2311 3288; x_wconf 94' lang='lat' dir='ltr'><strong><em>et</em></strong></span> <span class='ocrx_word' id='word_1_799' title='bbox 2335 3230 2568 3287; x_wconf 89' lang='lat' dir='ltr'><strong><em>furorem</em></strong></span> <span class='ocrx_word' id='word_1_800' title='bbox 2588 3229 2876 3286; x_wconf 88' lang='lat' dir='ltr'><strong><em>refrenavit</em></strong></span> <span class='ocrx_word' id='word_1_801' title='bbox 2899 3246 2913 3282; x_wconf 87' lang='lat'><strong>:</strong></span> <span class='ocrx_word' id='word_1_802' title='bbox 2936 3238 2988 3284; x_wconf 88' lang='lat' dir='ltr'><strong><em>et</em></strong></span> <span class='ocrx_word' id='word_1_803' title='bbox 3015 3228 3211 3284; x_wconf 87' lang='lat' dir='ltr'><strong><em>idcirco</em></strong></span> <span class='ocrx_word' id='word_1_804' title='bbox 3235 3241 3568 3297; x_wconf 83' lang='lat' dir='ltr'><strong><em>cummagna</em></strong></span> <span class='ocrx_word' id='word_1_805' title='bbox 3590 3241 3738 3279; x_wconf 83' lang='lat' dir='ltr'><strong><em>mau-</em></strong></span> 
     </span>
    </p>
   </div>
   <div class='ocr_carea' id='block_1_95' title="bbox 2131 3319 3738 3394">
    <p class='ocr_par' dir='ltr' id='par_1_95' title="bbox 2131 3319 3738 3394">
     <span class='ocr_line' id='line_1_95' title="bbox 2131 3319 3738 3394; baseline -0.007 -13"><span class='ocrx_word' id='word_1_806' title='bbox 2131 3323 2407 3381; x_wconf 89' lang='lat' dir='ltr'><strong><em>suetudine</em></strong></span> <span class='ocrx_word' id='word_1_807' title='bbox 2421 3321 2746 3394; x_wconf 88' lang='lat' dir='ltr'><strong><em>colloquium</em></strong></span> <span class='ocrx_word' id='word_1_808' title='bbox 2763 3321 2922 3376; x_wconf 89' lang='lat' dir='ltr'><strong><em>habet</em></strong></span> <span class='ocrx_word' id='word_1_809' title='bbox 2935 3335 3055 3375; x_wconf 84' lang='lat' dir='ltr'><strong><em>eum</em></strong></span> <span class='ocrx_word' id='word_1_810' title='bbox 3083 3335 3150 3375; x_wconf 92' lang='lat' dir='ltr'><strong><em>eo</em></strong></span> <span class='ocrx_word' id='word_1_811' title='bbox 3169 3360 3185 3386; x_wconf 90' lang='lat'><strong><em>,</em></strong></span> <span class='ocrx_word' id='word_1_812' title='bbox 3214 3319 3364 3388; x_wconf 87' lang='lat' dir='ltr'><strong><em>quasi</em></strong></span> <span class='ocrx_word' id='word_1_813' title='bbox 3381 3333 3438 3372; x_wconf 91' lang='lat' dir='ltr'><strong><em>se</em></strong></span> <span class='ocrx_word' id='word_1_814' title='bbox 3452 3330 3738 3388; x_wconf 73' lang='lat' dir='ltr'><strong><em>excusans,</em></strong></span> 
     </span>
    </p>
   </div>
   <div class='ocr_carea' id='block_1_96' title="bbox 2131 3408 3741 3485">
    <p class='ocr_par' dir='ltr' id='par_1_96' title="bbox 2131 3408 3741 3485">
     <span class='ocr_line' id='line_1_96' title="bbox 2131 3408 3741 3485; baseline -0.006 -13"><span class='ocrx_word' id='word_1_815' title='bbox 2131 3426 2186 3473; x_wconf 88' lang='lat' dir='ltr'><strong><em>et</em></strong></span> <span class='ocrx_word' id='word_1_816' title='bbox 2215 3425 2488 3485; x_wconf 86' lang='lat' dir='ltr'><strong><em>paternam</em></strong></span> <span class='ocrx_word' id='word_1_817' title='bbox 2513 3413 2850 3468; x_wconf 84' lang='lat' dir='ltr'><strong><em>dilectionem</em></strong></span> <span class='ocrx_word' id='word_1_818' title='bbox 2866 3426 2989 3482; x_wconf 89' lang='lat' dir='ltr'><strong><em>erga</em></strong></span> <span class='ocrx_word' id='word_1_819' title='bbox 3020 3411 3164 3464; x_wconf 91' lang='lat' dir='ltr'><strong><em>illum</em></strong></span> <span class='ocrx_word' id='word_1_820' title='bbox 3193 3409 3490 3464; x_wconf 86' lang='lat' dir='ltr'><strong><em>declarans.</em></strong></span> <span class='ocrx_word' id='word_1_821' title='bbox 3517 3408 3741 3475; x_wconf 78' lang='lat' dir='ltr'><strong><em>Quando</em></strong></span> 
     </span>
    </p>
   </div>
   <div class='ocr_carea' id='block_1_97' title="bbox 2131 3500 3738 3575">
    <p class='ocr_par' dir='ltr' id='par_1_97' title="bbox 2131 3500 3738 3575">
     <span class='ocr_line' id='line_1_97' title="bbox 2131 3500 3738 3575; baseline -0.007 -12"><span class='ocrx_word' id='word_1_822' title='bbox 2131 3507 2276 3563; x_wconf 88' lang='lat' dir='ltr'><strong><em>enim</em></strong></span> <span class='ocrx_word' id='word_1_823' title='bbox 2304 3520 2534 3575; x_wconf 89' lang='lat' dir='ltr'><strong><em>superna</em></strong></span> <span class='ocrx_word' id='word_1_824' title='bbox 2578 3503 2912 3574; x_wconf 88' lang='lat' dir='ltr'><strong><em>providentia</em></strong></span> <span class='ocrx_word' id='word_1_825' title='bbox 2955 3501 3108 3556; x_wconf 91' lang='lat' dir='ltr'><strong><em>nobis</em></strong></span> <span class='ocrx_word' id='word_1_826' title='bbox 3145 3500 3376 3566; x_wconf 84' lang='lat' dir='ltr'><strong><em>assistit,</em></strong></span> <span class='ocrx_word' id='word_1_827' title='bbox 3409 3513 3516 3554; x_wconf 91' lang='lat' dir='ltr'><strong><em>non</em></strong></span> <span class='ocrx_word' id='word_1_828' title='bbox 3565 3500 3738 3553; x_wconf 84' lang='lat' dir='ltr'><strong><em>solum</em></strong></span> 
     </span>
    </p>
   </div>
   <div class='ocr_carea' id='block_1_98' title="bbox 2135 3587 3738 3661">
    <p class='ocr_par' dir='ltr' id='par_1_98' title="bbox 2135 3587 3738 3661">
     <span class='ocr_line' id='line_1_98' title="bbox 2135 3587 3738 3661; baseline -0.006 -9"><span class='ocrx_word' id='word_1_829' title='bbox 2135 3597 2399 3653; x_wconf 88' lang='lat' dir='ltr'><strong><em>malorum</em></strong></span> <span class='ocrx_word' id='word_1_830' title='bbox 2432 3594 2705 3650; x_wconf 85' lang='lat' dir='ltr'><strong><em>hominum</em></strong></span> <span class='ocrx_word' id='word_1_831' title='bbox 2735 3591 2954 3648; x_wconf 83' lang='lat' dir='ltr'><strong><em>insidias</em></strong></span> <span class='ocrx_word' id='word_1_832' title='bbox 3000 3590 3234 3661; x_wconf 65' lang='lat' dir='ltr'><strong><em>effugere</em></strong></span> <span class='ocrx_word' id='word_1_833' title='bbox 3276 3602 3598 3659; x_wconf 88' lang='lat' dir='ltr'><strong><em>possumus,</em></strong></span> <span class='ocrx_word' id='word_1_834' title='bbox 3647 3587 3738 3642; x_wconf 82' lang='lat' dir='ltr'><strong><em>sed</em></strong></span> 
     </span>
    </p>
   </div>
   <div class='ocr_carea' id='block_1_99' title="bbox 2130 3680 3741 3756">
    <p class='ocr_par' dir='ltr' id='par_1_99' title="bbox 2130 3680 3741 3756">
     <span class='ocr_line' id='line_1_99' title="bbox 2130 3680 3741 3756; baseline -0.006 -12"><span class='ocrx_word' id='word_1_835' title='bbox 2130 3688 2231 3746; x_wconf 90' lang='lat' dir='ltr'><strong><em>etsi</em></strong></span> <span class='ocrx_word' id='word_1_836' title='bbox 2280 3689 2333 3743; x_wconf 89' lang='lat' dir='ltr'><strong><em>in</em></strong></span> <span class='ocrx_word' id='word_1_837' title='bbox 2383 3687 2580 3742; x_wconf 90' lang='lat' dir='ltr'><strong><em>bestias</em></strong></span> <span class='ocrx_word' id='word_1_838' title='bbox 2614 3687 2758 3756; x_wconf 88' lang='lat' dir='ltr'><strong><em>ipsas</em></strong></span> <span class='ocrx_word' id='word_1_839' title='bbox 2801 3684 3134 3750; x_wconf 84' lang='lat' dir='ltr'><strong><em>incidamus,</em></strong></span> <span class='ocrx_word' id='word_1_840' title='bbox 3177 3683 3307 3738; x_wconf 86' lang='lat' dir='ltr'><strong><em>nihil</em></strong></span> <span class='ocrx_word' id='word_1_841' title='bbox 3350 3680 3560 3737; x_wconf 84' lang='lat' dir='ltr'><strong><em>adversi</em></strong></span> <span class='ocrx_word' id='word_1_842' title='bbox 3587 3681 3741 3735; x_wconf 87' lang='lat' dir='ltr'><strong><em>nobis</em></strong></span> 
     </span>
    </p>
   </div>
   <div class='ocr_carea' id='block_1_100' title="bbox 2130 3773 3743 3842">
    <p class='ocr_par' dir='ltr' id='par_1_100' title="bbox 2130 3773 3743 3842">
     <span class='ocr_line' id='line_1_100' title="bbox 2130 3773 3743 3842; baseline -0.008 -5"><span class='ocrx_word' id='word_1_843' title='bbox 2130 3780 2326 3837; x_wconf 83' lang='lat' dir='ltr'><strong><em>evenit.</em></strong></span> <span class='ocrx_word' id='word_1_844' title='bbox 2355 3778 2602 3836; x_wconf 89' lang='lat' dir='ltr'><strong><em>Omnium</em></strong></span> <span class='ocrx_word' id='word_1_845' title='bbox 2629 3777 2770 3834; x_wconf 89' lang='lat' dir='ltr'><strong><em>enim</em></strong></span> <span class='ocrx_word' id='word_1_846' title='bbox 2804 3775 3057 3831; x_wconf 91' lang='lat' dir='ltr'><strong><em>Dominus</em></strong></span> <span class='ocrx_word' id='word_1_847' title='bbox 3082 3789 3194 3830; x_wconf 64' lang='lat' dir='ltr'><strong><em>suae</em></strong></span> <span class='ocrx_word' id='word_1_848' title='bbox 3228 3773 3437 3828; x_wconf 83' lang='lat' dir='ltr'><strong><em>virtutis</em></strong></span> <span class='ocrx_word' id='word_1_849' title='bbox 3485 3781 3743 3842; x_wconf 67' lang='lat' dir='ltr'><strong><em>pratstan-</em></strong></span> 
     </span>
    </p>
   </div>
   <div class='ocr_carea' id='block_1_101' title="bbox 2131 3861 3736 3938">
    <p class='ocr_par' dir='ltr' id='par_1_101' title="bbox 2131 3861 3736 3938">
     <span class='ocr_line' id='line_1_101' title="bbox 2131 3861 3736 3938; baseline -0.009 -8"><span class='ocrx_word' id='word_1_850' title='bbox 2131 3876 2258 3930; x_wconf 88' lang='lat' dir='ltr'><strong><em>tiam</em></strong></span> <span class='ocrx_word' id='word_1_851' title='bbox 2285 3873 2564 3930; x_wconf 88' lang='lat' dir='ltr'><strong><em>declarans</em></strong></span> <span class='ocrx_word' id='word_1_852' title='bbox 2587 3913 2602 3938; x_wconf 96' lang='lat'><strong><em>,</em></strong></span> <span class='ocrx_word' id='word_1_853' title='bbox 2634 3869 2924 3926; x_wconf 87' lang='lat' dir='ltr'><strong><em>bestiarum</em></strong></span> <span class='ocrx_word' id='word_1_854' title='bbox 2953 3874 3121 3922; x_wconf 90' lang='lat' dir='ltr'><strong><em>mutat</em></strong></span> <span class='ocrx_word' id='word_1_855' title='bbox 3147 3873 3388 3920; x_wconf 89' lang='lat' dir='ltr'><strong><em>naturam</em></strong></span> <span class='ocrx_word' id='word_1_856' title='bbox 3407 3903 3423 3928; x_wconf 91' lang='lat'><strong><em>,</em></strong></span> <span class='ocrx_word' id='word_1_857' title='bbox 3451 3877 3655 3931; x_wconf 86' lang='lat' dir='ltr'><strong><em>easque</em></strong></span> <span class='ocrx_word' id='word_1_858' title='bbox 3683 3861 3736 3916; x_wconf 85' lang='lat' dir='ltr'><strong><em>in</em></strong></span> 
     </span>
    </p>
   </div>
   <div class='ocr_carea' id='block_1_102' title="bbox 2130 3949 3742 4028">
    <p class='ocr_par' dir='ltr' id='par_1_102' title="bbox 2130 3949 3742 4028">
     <span class='ocr_line' id='line_1_102' title="bbox 2130 3949 3742 4028; baseline -0.012 -5"><span class='ocrx_word' id='word_1_859' title='bbox 2130 3982 2259 4023; x_wconf 88' lang='lat' dir='ltr'><strong><em>oves</em></strong></span> <span class='ocrx_word' id='word_1_860' title='bbox 2285 3949 2591 4021; x_wconf 82' lang='lat' dir='ltr'><strong><em>mansuetas</em></strong></span> <span class='ocrx_word' id='word_1_861' title='bbox 2613 3960 2951 4018; x_wconf 87' lang='lat' dir='ltr'><strong><em>transformat</em></strong></span> <span class='ocrx_word' id='word_1_862' title='bbox 2972 3974 2990 4013; x_wconf 89' lang='lat'><strong><em>:</em></strong></span> <span class='ocrx_word' id='word_1_863' title='bbox 3015 3973 3120 4014; x_wconf 91' lang='lat' dir='ltr'><strong><em>non</em></strong></span> <span class='ocrx_word' id='word_1_864' title='bbox 3149 3955 3292 4028; x_wconf 91' lang='lat' dir='ltr'><strong><em>quod</em></strong></span> <span class='ocrx_word' id='word_1_865' title='bbox 3335 3953 3617 4010; x_wconf 90' lang='lat' dir='ltr'><strong><em>bestialem</em></strong></span> <span class='ocrx_word' id='word_1_866' title='bbox 3666 3953 3742 4008; x_wconf 87' lang='lat' dir='ltr'><strong><em>eis</em></strong></span> 
     </span>
    </p>
   </div>
   <div class='ocr_carea' id='block_1_103' title="bbox 2130 4045 3740 4118">
    <p class='ocr_par' dir='ltr' id='par_1_103' title="bbox 2130 4045 3740 4118">
     <span class='ocr_line' id='line_1_103' title="bbox 2130 4045 3740 4118; baseline -0.011 -4"><span class='ocrx_word' id='word_1_867' title='bbox 2130 4068 2375 4114; x_wconf 85' lang='lat' dir='ltr'><strong><em>naturam</em></strong></span> <span class='ocrx_word' id='word_1_868' title='bbox 2421 4058 2665 4112; x_wconf 89' lang='lat' dir='ltr'><strong><em>immutet</em></strong></span> <span class='ocrx_word' id='word_1_869' title='bbox 2685 4095 2700 4118; x_wconf 92' lang='lat'><strong><em>,</em></strong></span> <span class='ocrx_word' id='word_1_870' title='bbox 2743 4052 2837 4108; x_wconf 91' lang='lat' dir='ltr'><strong><em>sed</em></strong></span> <span class='ocrx_word' id='word_1_871' title='bbox 2865 4051 3076 4106; x_wconf 81' lang='lat' dir='ltr'><strong><em>relictas</em></strong></span> <span class='ocrx_word' id='word_1_872' title='bbox 3102 4050 3156 4104; x_wconf 90' lang='lat' dir='ltr'><strong><em>in</em></strong></span> <span class='ocrx_word' id='word_1_873' title='bbox 3181 4058 3364 4104; x_wconf 86' lang='lat' dir='ltr'><strong><em>natura</em></strong></span> <span class='ocrx_word' id='word_1_874' title='bbox 3394 4060 3489 4101; x_wconf 87' lang='lat' dir='ltr'><strong><em>eas</em></strong></span> <span class='ocrx_word' id='word_1_875' title='bbox 3511 4087 3528 4113; x_wconf 95' lang='lat'><strong><em>,</em></strong></span> <span class='ocrx_word' id='word_1_876' title='bbox 3559 4045 3740 4099; x_wconf 82' lang='lat' dir='ltr'><strong><em>ovium</em></strong></span> 
     </span>
    </p>
   </div>
   <div class='ocr_carea' id='block_1_104' title="bbox 2132 4138 3741 4214">
    <p class='ocr_par' dir='ltr' id='par_1_104' title="bbox 2132 4138 3741 4214">
     <span class='ocr_line' id='line_1_104' title="bbox 2132 4138 3741 4214; baseline -0.011 -6"><span class='ocrx_word' id='word_1_877' title='bbox 2132 4167 2312 4209; x_wconf 89' lang='lat' dir='ltr'><strong><em>mores</em></strong></span> <span class='ocrx_word' id='word_1_878' title='bbox 2335 4161 2390 4205; x_wconf 90' lang='lat' dir='ltr'><strong><em>et</em></strong></span> <span class='ocrx_word' id='word_1_879' title='bbox 2415 4160 2661 4204; x_wconf 88' lang='lat' dir='ltr'><strong><em>naturam</em></strong></span> <span class='ocrx_word' id='word_1_880' title='bbox 2687 4147 2942 4203; x_wconf 74' lang='lat' dir='ltr'><strong><em>exhibere</em></strong></span> <span class='ocrx_word' id='word_1_881' title='bbox 2968 4144 3180 4214; x_wconf 86' lang='lat' dir='ltr'><strong><em>satagit.</em></strong></span> <span class='ocrx_word' id='word_1_882' title='bbox 3227 4141 3389 4212; x_wconf 85' lang='lat' dir='ltr'><strong><em>idque</em></strong></span> <span class='ocrx_word' id='word_1_883' title='bbox 3427 4154 3535 4194; x_wconf 92' lang='lat' dir='ltr'><strong><em>non</em></strong></span> <span class='ocrx_word' id='word_1_884' title='bbox 3565 4138 3741 4193; x_wconf 85' lang='lat' dir='ltr'><strong><em>solum</em></strong></span> 
     </span>
    </p>
   </div>
   <div class='ocr_carea' id='block_1_105' title="bbox 2133 4233 3736 4317">
    <p class='ocr_par' dir='ltr' id='par_1_105' title="bbox 2133 4233 3736 4317">
     <span class='ocr_line' id='line_1_105' title="bbox 2133 4233 3736 4317; baseline -0.012 -15"><span class='ocrx_word' id='word_1_885' title='bbox 2133 4246 2185 4303; x_wconf 88' lang='lat' dir='ltr'><strong><em>in</em></strong></span> <span class='ocrx_word' id='word_1_886' title='bbox 2213 4245 2340 4301; x_wconf 88' lang='lat' dir='ltr'><strong><em>feris</em></strong></span> <span class='ocrx_word' id='word_1_887' title='bbox 2357 4245 2478 4317; x_wconf 86' lang='lat' dir='ltr'><strong><em>quis</em></strong></span> <span class='ocrx_word' id='word_1_888' title='bbox 2503 4243 2686 4298; x_wconf 79' lang='lat' dir='ltr'><strong><em>videre</em></strong></span> <span class='ocrx_word' id='word_1_889' title='bbox 2717 4241 2950 4311; x_wconf 90' lang='lat' dir='ltr'><strong><em>poterit,</em></strong></span> <span class='ocrx_word' id='word_1_890' title='bbox 2975 4237 3072 4294; x_wconf 89' lang='lat' dir='ltr'><strong><em>sed</em></strong></span> <span class='ocrx_word' id='word_1_891' title='bbox 3105 4246 3159 4292; x_wconf 88' lang='lat' dir='ltr'><strong><em>et</em></strong></span> <span class='ocrx_word' id='word_1_892' title='bbox 3187 4236 3238 4290; x_wconf 91' lang='lat' dir='ltr'><strong><em>in</em></strong></span> <span class='ocrx_word' id='word_1_893' title='bbox 3263 4235 3545 4290; x_wconf 88' lang='lat' dir='ltr'><strong><em>elementis</em></strong></span> <span class='ocrx_word' id='word_1_894' title='bbox 3591 4233 3736 4302; x_wconf 86' lang='lat' dir='ltr'><strong><em>ipsis.</em></strong></span> 
     </span>
    </p>
   </div>
   <div class='ocr_carea' id='block_1_106' title="bbox 2132 4325 3743 4409">
    <p class='ocr_par' dir='ltr' id='par_1_106' title="bbox 2132 4325 3743 4409">
     <span class='ocr_line' id='line_1_106' title="bbox 2132 4325 3743 4409; baseline -0.009 -16"><span class='ocrx_word' id='word_1_895' title='bbox 2132 4338 2360 4409; x_wconf 87' lang='lat' dir='ltr'><strong><em>Quando</em></strong></span> <span class='ocrx_word' id='word_1_896' title='bbox 2379 4337 2521 4394; x_wconf 85' lang='lat' dir='ltr'><strong><em>enim</em></strong></span> <span class='ocrx_word' id='word_1_897' title='bbox 2551 4335 2664 4392; x_wconf 84' lang='lat' dir='ltr'><strong><em>vult</em></strong></span> <span class='ocrx_word' id='word_1_898' title='bbox 2679 4376 2702 4404; x_wconf 88' lang='lat'><strong><em>,</em></strong></span> <span class='ocrx_word' id='word_1_899' title='bbox 2725 4343 2852 4390; x_wconf 89' lang='lat' dir='ltr'><strong><em>tunc</em></strong></span> <span class='ocrx_word' id='word_1_900' title='bbox 2878 4340 2933 4388; x_wconf 92' lang='lat' dir='ltr'><strong><em>et</em></strong></span> <span class='ocrx_word' id='word_1_901' title='bbox 2954 4332 3216 4387; x_wconf 90' lang='lat' dir='ltr'><strong><em>elementa</em></strong></span> <span class='ocrx_word' id='word_1_902' title='bbox 3247 4329 3360 4398; x_wconf 85' lang='lat' dir='ltr'><strong><em>ipsa</em></strong></span> <span class='ocrx_word' id='word_1_903' title='bbox 3390 4325 3612 4381; x_wconf 84' lang='lat' dir='ltr'><strong><em>virtutis</em></strong></span> <span class='ocrx_word' id='word_1_904' title='bbox 3631 4340 3743 4379; x_wconf 77' lang='lat' dir='ltr'><strong><em>sua:</em></strong></span> 
     </span>
    </p>
   </div>
   <div class='ocr_carea' id='block_1_107' title="bbox 2132 4417 3740 4498">
    <p class='ocr_par' dir='ltr' id='par_1_107' title="bbox 2132 4417 3740 4498">
     <span class='ocr_line' id='line_1_107' title="bbox 2132 4417 3740 4498; baseline -0.012 -9"><span class='ocrx_word' id='word_1_905' title='bbox 2132 4433 2533 4496; x_wconf 88' lang='lat' dir='ltr'><strong><em>obliviscuntur,</em></strong></span> <span class='ocrx_word' id='word_1_906' title='bbox 2556 4438 2612 4485; x_wconf 90' lang='lat' dir='ltr'><strong><em>et</em></strong></span> <span class='ocrx_word' id='word_1_907' title='bbox 2635 4442 2807 4498; x_wconf 88' lang='lat' dir='ltr'><strong><em>neque</em></strong></span> <span class='ocrx_word' id='word_1_908' title='bbox 2833 4427 2970 4496; x_wconf 85' lang='lat' dir='ltr'><strong><em>ignis</em></strong></span> <span class='ocrx_word' id='word_1_909' title='bbox 2993 4423 3118 4480; x_wconf 88' lang='lat' dir='ltr'><strong><em>facit</em></strong></span> <span class='ocrx_word' id='word_1_910' title='bbox 3145 4421 3285 4494; x_wconf 92' lang='lat' dir='ltr'><strong><em>quod</em></strong></span> <span class='ocrx_word' id='word_1_911' title='bbox 3318 4420 3454 4492; x_wconf 86' lang='lat' dir='ltr'><strong><em>ignis</em></strong></span> <span class='ocrx_word' id='word_1_912' title='bbox 3482 4419 3646 4474; x_wconf 84' lang='lat' dir='ltr'><strong><em>solet.</em></strong></span> <span class='ocrx_word' id='word_1_913' title='bbox 3675 4417 3740 4472; x_wconf 76' lang='lat' dir='ltr'><strong><em>Et</em></strong></span> 
     </span>
    </p>
   </div>
   <div class='ocr_carea' id='block_1_108' title="bbox 2135 4510 3738 4596">
    <p class='ocr_par' dir='ltr' id='par_1_108' title="bbox 2135 4510 3738 4596">
     <span class='ocr_line' id='line_1_108' title="bbox 2135 4510 3738 4596; baseline -0.012 -15"><span class='ocrx_word' id='word_1_914' title='bbox 2135 4526 2238 4582; x_wconf 91' lang='lat' dir='ltr'><strong><em>hoc</em></strong></span> <span class='ocrx_word' id='word_1_915' title='bbox 2256 4540 2466 4596; x_wconf 88' lang='lat' dir='ltr'><strong><em>quoque</em></strong></span> <span class='ocrx_word' id='word_1_916' title='bbox 2483 4523 2690 4578; x_wconf 90' lang='lat' dir='ltr'><strong><em>discere</em></strong></span> <span class='ocrx_word' id='word_1_917' title='bbox 2712 4519 2910 4591; x_wconf 86' lang='lat' dir='ltr'><strong><em>poterit</em></strong></span> <span class='ocrx_word' id='word_1_918' title='bbox 2936 4517 3124 4588; x_wconf 90' lang='lat' dir='ltr'><strong><em>aliquis</em></strong></span> <span class='ocrx_word' id='word_1_919' title='bbox 3147 4525 3252 4571; x_wconf 88' lang='lat' dir='ltr'><strong><em>tam</em></strong></span> <span class='ocrx_word' id='word_1_920' title='bbox 3275 4514 3328 4569; x_wconf 84' lang='lat' dir='ltr'><strong><em>iu</em></strong></span> <span class='ocrx_word' id='word_1_921' title='bbox 3348 4512 3520 4568; x_wconf 88' lang='lat' dir='ltr'><strong><em>tribus</em></strong></span> <span class='ocrx_word' id='word_1_922' title='bbox 3536 4510 3738 4580; x_wconf 85' lang='lat' dir='ltr'><strong><em>pueris,</em></strong></span> 
     </span>
    </p>
   </div>
   <div class='ocr_carea' id='block_1_109' title="bbox 2133 4606 3741 4690">
    <p class='ocr_par' dir='ltr' id='par_1_109' title="bbox 2133 4606 3741 4690">
     <span class='ocr_line' id='line_1_109' title="bbox 2133 4606 3741 4690; baseline -0.01 -16"><span class='ocrx_word' id='word_1_923' title='bbox 2133 4635 2290 4690; x_wconf 91' lang='lat' dir='ltr'><strong><em>quam</em></strong></span> <span class='ocrx_word' id='word_1_924' title='bbox 2305 4619 2357 4672; x_wconf 91' lang='lat' dir='ltr'><strong><em>in</em></strong></span> <span class='ocrx_word' id='word_1_925' title='bbox 2377 4616 2592 4672; x_wconf 90' lang='lat' dir='ltr'><strong><em>Daniele</em></strong></span> <span class='ocrx_word' id='word_1_926' title='bbox 2607 4613 2826 4688; x_wconf 85' lang='lat' dir='ltr'><strong><em>(Dan.6.</em></strong></span> <span class='ocrx_word' id='word_1_927' title='bbox 2842 4611 2955 4683; x_wconf 72' lang='grc'><strong>22).</strong></span> <span class='ocrx_word' id='word_1_928' title='bbox 2972 4611 3102 4667; x_wconf 85' lang='lat' dir='ltr'><strong><em>Nam</em></strong></span> <span class='ocrx_word' id='word_1_929' title='bbox 3124 4606 3608 4664; x_wconf 70' lang='lat' dir='ltr'><strong><em>huncleonessicut</em></strong></span> <span class='ocrx_word' id='word_1_930' title='bbox 3617 4616 3741 4658; x_wconf 82' lang='lat' dir='ltr'><strong><em>oves</em></strong></span> 
     </span>
    </p>
   </div>
   <div class='ocr_carea' id='block_1_110' title="bbox 2134 4694 3745 4775">
    <p class='ocr_par' dir='ltr' id='par_1_110' title="bbox 2134 4694 3745 4775">
     <span class='ocr_line' id='line_1_110' title="bbox 2134 4694 3745 4775; baseline -0.012 -9"><span class='ocrx_word' id='word_1_931' title='bbox 2134 4707 2566 4772; x_wconf 83' lang='lat' dir='ltr'><strong><em>circumdabant,</em></strong></span> <span class='ocrx_word' id='word_1_932' title='bbox 2592 4715 2647 4762; x_wconf 90' lang='lat' dir='ltr'><strong><em>et</em></strong></span> <span class='ocrx_word' id='word_1_933' title='bbox 2672 4719 2906 4775; x_wconf 89' lang='lat' dir='ltr'><strong><em>superno</em></strong></span> <span class='ocrx_word' id='word_1_934' title='bbox 2924 4701 3120 4758; x_wconf 82' lang='lat' dir='ltr'><strong><em>auxilio</em></strong></span> <span class='ocrx_word' id='word_1_935' title='bbox 3140 4708 3316 4755; x_wconf 84' lang='lat' dir='ltr'><strong><em>retusa</em></strong></span> <span class='ocrx_word' id='word_1_936' title='bbox 3337 4711 3525 4754; x_wconf 85' lang='lat' dir='ltr'><strong><em>eorum</em></strong></span> <span class='ocrx_word' id='word_1_937' title='bbox 3552 4694 3745 4750; x_wconf 85' lang='lat' dir='ltr'><strong><em>feroci-</em></strong></span> 
     </span>
    </p>
   </div>
   <div class='ocr_carea' id='block_1_111' title="bbox 2137 4787 3734 4868">
    <p class='ocr_par' dir='ltr' id='par_1_111' title="bbox 2137 4787 3734 4868">
     <span class='ocr_line' id='line_1_111' title="bbox 2137 4787 3734 4868; baseline -0.009 -14"><span class='ocrx_word' id='word_1_938' title='bbox 2137 4807 2246 4856; x_wconf 89' lang='lat' dir='ltr'><strong><em>tate</em></strong></span> <span class='ocrx_word' id='word_1_939' title='bbox 2267 4841 2283 4868; x_wconf 89' lang='lat'><strong><em>,</em></strong></span> <span class='ocrx_word' id='word_1_940' title='bbox 2315 4799 2446 4855; x_wconf 90' lang='lat' dir='ltr'><strong><em>nihil</em></strong></span> <span class='ocrx_word' id='word_1_941' title='bbox 2468 4798 2544 4854; x_wconf 91' lang='lat' dir='ltr'><strong><em>illi</em></strong></span> <span class='ocrx_word' id='word_1_942' title='bbox 2575 4795 2898 4852; x_wconf 91' lang='lat' dir='ltr'><strong><em>incommodi</em></strong></span> <span class='ocrx_word' id='word_1_943' title='bbox 2920 4793 3138 4850; x_wconf 85' lang='lat' dir='ltr'><strong><em>dabant.</em></strong></span> <span class='ocrx_word' id='word_1_944' title='bbox 3164 4789 3295 4846; x_wconf 84' lang='lat' dir='ltr'><strong><em>Nam</em></strong></span> <span class='ocrx_word' id='word_1_945' title='bbox 3325 4788 3468 4859; x_wconf 88' lang='lat' dir='ltr'><strong><em>quod</em></strong></span> <span class='ocrx_word' id='word_1_946' title='bbox 3495 4787 3734 4844; x_wconf 84' lang='lat' dir='ltr'><strong><em>ferocita-</em></strong></span> 
     </span>
    </p>
   </div>
   <div class='ocr_carea' id='block_1_112' title="bbox 2138 4876 3739 4951">
    <p class='ocr_par' dir='ltr' id='par_1_112' title="bbox 2138 4876 3739 4951">
     <span class='ocr_line' id='line_1_112' title="bbox 2138 4876 3739 4951; baseline -0.011 -3"><span class='ocrx_word' id='word_1_947' title='bbox 2138 4900 2244 4948; x_wconf 87' lang='lat' dir='ltr'><strong><em>tem</em></strong></span> <span class='ocrx_word' id='word_1_948' title='bbox 2274 4905 2379 4945; x_wconf 93' lang='lat' dir='ltr'><strong><em>non</em></strong></span> <span class='ocrx_word' id='word_1_949' title='bbox 2407 4896 2718 4945; x_wconf 76' lang='lat' dir='ltr'><strong><em>exercentes</em></strong></span> <span class='ocrx_word' id='word_1_950' title='bbox 2744 4886 2903 4951; x_wconf 66' lang='lat' dir='ltr'><strong><em>ferae,</em></strong></span> <span class='ocrx_word' id='word_1_951' title='bbox 2921 4899 3054 4944; x_wconf 80' lang='lat' dir='ltr'><strong><em>eam</em></strong></span> <span class='ocrx_word' id='word_1_952' title='bbox 3081 4892 3259 4938; x_wconf 90' lang='lat' dir='ltr'><strong><em>tamen</em></strong></span> <span class='ocrx_word' id='word_1_953' title='bbox 3306 4879 3623 4942; x_wconf 85' lang='lat' dir='ltr'><strong><em>retinuerint</em></strong></span> <span class='ocrx_word' id='word_1_954' title='bbox 3644 4920 3662 4946; x_wconf 98' lang='lat'><strong><em>,</em></strong></span> <span class='ocrx_word' id='word_1_955' title='bbox 3710 4876 3739 4931; x_wconf 90' lang='lat' dir='ltr'><strong><em>ii</em></strong></span> 
     </span>
    </p>
   </div>
   <div class='ocr_carea' id='block_1_113' title="bbox 2136 4973 3601 5057">
    <p class='ocr_par' dir='ltr' id='par_1_113' title="bbox 2136 4973 3601 5057">
     <span class='ocr_line' id='line_1_113' title="bbox 2136 4973 3601 5057; baseline -0.009 -18"><span class='ocrx_word' id='word_1_956' title='bbox 2136 4984 2230 5057; x_wconf 86' lang='lat' dir='ltr'><strong><em>qui</em></strong></span> <span class='ocrx_word' id='word_1_957' title='bbox 2255 4983 2383 5039; x_wconf 89' lang='lat' dir='ltr'><strong><em>feris</em></strong></span> <span class='ocrx_word' id='word_1_958' title='bbox 2411 4980 2819 5038; x_wconf 86' lang='lat' dir='ltr'><strong><em>truculentiores</em></strong></span> <span class='ocrx_word' id='word_1_959' title='bbox 2843 4987 2997 5034; x_wconf 90' lang='lat' dir='ltr'><strong><em>erant</em></strong></span> <span class='ocrx_word' id='word_1_960' title='bbox 3023 4978 3197 5046; x_wconf 90' lang='lat' dir='ltr'><strong><em>reipsa</em></strong></span> <span class='ocrx_word' id='word_1_961' title='bbox 3216 4973 3425 5045; x_wconf 78' lang='lat' dir='ltr'><strong><em>experti</em></strong></span> <span class='ocrx_word' id='word_1_962' title='bbox 3453 4980 3601 5027; x_wconf 89' lang='lat' dir='ltr'><strong><em>sunt.</em></strong></span> 
     </span>
    </p>
   </div>
   <div class='ocr_carea' id='block_1_114' title="bbox 2211 5063 3741 5140">
    <p class='ocr_par' dir='ltr' id='par_1_114' title="bbox 2211 5063 3741 5140">
     <span class='ocr_line' id='line_1_114' title="bbox 2211 5063 3741 5140; baseline -0.008 -10"><span class='ocrx_word' id='word_1_963' title='bbox 2211 5075 2268 5131; x_wconf 85' lang='lat'><strong><em>5.</em></strong></span> <span class='ocrx_word' id='word_1_964' title='bbox 2309 5073 2422 5129; x_wconf 85' lang='lat' dir='ltr'><strong><em>Hoc</em></strong></span> <span class='ocrx_word' id='word_1_965' title='bbox 2465 5081 2644 5128; x_wconf 85' lang='lat' dir='ltr'><strong><em>autem</em></strong></span> <span class='ocrx_word' id='word_1_966' title='bbox 2688 5071 2756 5127; x_wconf 91' lang='lat' dir='ltr'><strong><em>ad</em></strong></span> <span class='ocrx_word' id='word_1_967' title='bbox 2793 5069 3054 5140; x_wconf 84' lang='lat' dir='ltr'><strong><em>majorem</em></strong></span> <span class='ocrx_word' id='word_1_968' title='bbox 3093 5068 3306 5123; x_wconf 90' lang='lat' dir='ltr'><strong><em>illorum</em></strong></span> <span class='ocrx_word' id='word_1_969' title='bbox 3348 5063 3741 5120; x_wconf 77' lang='lat' dir='ltr'><strong><em>accusationem</em></strong></span> 
     </span>
    </p>
   </div>
   <div class='ocr_carea' id='block_1_115' title="bbox 2145 5154 3737 5236">
    <p class='ocr_par' dir='ltr' id='par_1_115' title="bbox 2145 5154 3737 5236">
     <span class='ocr_line' id='line_1_115' title="bbox 2145 5154 3737 5236; baseline -0.011 -12"><span class='ocrx_word' id='word_1_970' title='bbox 2145 5168 2346 5224; x_wconf 88' lang='lat' dir='ltr'><strong><em>factum</em></strong></span> <span class='ocrx_word' id='word_1_971' title='bbox 2370 5174 2455 5222; x_wconf 89' lang='lat' dir='ltr'><strong><em>est</em></strong></span> <span class='ocrx_word' id='word_1_972' title='bbox 2472 5206 2486 5231; x_wconf 91' lang='lat'><strong><em>,</em></strong></span> <span class='ocrx_word' id='word_1_973' title='bbox 2511 5165 2636 5236; x_wconf 80' lang='lat' dir='ltr'><strong><em>quia</em></strong></span> <span class='ocrx_word' id='word_1_974' title='bbox 2660 5164 2868 5218; x_wconf 90' lang='lat' dir='ltr'><strong><em>ratione</em></strong></span> <span class='ocrx_word' id='word_1_975' title='bbox 2900 5160 3156 5231; x_wconf 86' lang='lat' dir='ltr'><strong><em>insigniti,</em></strong></span> <span class='ocrx_word' id='word_1_976' title='bbox 3184 5157 3501 5214; x_wconf 89' lang='lat' dir='ltr'><strong><em>crudelitate</em></strong></span> <span class='ocrx_word' id='word_1_977' title='bbox 3539 5154 3737 5210; x_wconf 80' lang='lat' dir='ltr'><strong><em>bestias</em></strong></span> 
     </span>
    </p>
   </div>
   <div class='ocr_carea' id='block_1_116' title="bbox 2143 5243 3734 5318">
    <p class='ocr_par' dir='ltr' id='par_1_116' title="bbox 2143 5243 3734 5318">
     <span class='ocr_line' id='line_1_116' title="bbox 2143 5243 3734 5318; baseline -0.011 -4"><span class='ocrx_word' id='word_1_978' title='bbox 2143 5258 2357 5314; x_wconf 86' lang='lat' dir='ltr'><strong><em>ratione</em></strong></span> <span class='ocrx_word' id='word_1_979' title='bbox 2378 5265 2625 5313; x_wconf 88' lang='lat' dir='ltr'><strong><em>carentes</em></strong></span> <span class='ocrx_word' id='word_1_980' title='bbox 2645 5254 2949 5309; x_wconf 84' lang='lat' dir='ltr'><strong><em>vincebant.</em></strong></span> <span class='ocrx_word' id='word_1_981' title='bbox 2993 5249 3349 5318; x_wconf 87' lang='lat' dir='ltr'><strong><em>Tandemque</em></strong></span> <span class='ocrx_word' id='word_1_982' title='bbox 3387 5247 3562 5315; x_wconf 87' lang='lat' dir='ltr'><strong><em>reipsa</em></strong></span> <span class='ocrx_word' id='word_1_983' title='bbox 3598 5243 3734 5299; x_wconf 86' lang='lat' dir='ltr'><strong><em>didi-</em></strong></span> 
     </span>
    </p>
   </div>
   <div class='ocr_carea' id='block_1_117' title="bbox 2120 5336 3733 5419">
    <p class='ocr_par' dir='ltr' id='par_1_117' title="bbox 2120 5336 3733 5419">
     <span class='ocr_line' id='line_1_117' title="bbox 2120 5336 3733 5419; baseline -0.011 -13"><span class='ocrx_word' id='word_1_984' title='bbox 2120 5339 2334 5406; x_wconf 62' lang='lat' dir='ltr'><strong><em>cerunt</em></strong></span> <span class='ocrx_word' id='word_1_985' title='bbox 2373 5347 2642 5419; x_wconf 86' lang='lat' dir='ltr'><strong><em>quomodo</em></strong></span> <span class='ocrx_word' id='word_1_986' title='bbox 2685 5362 2753 5403; x_wconf 79' lang='lat' dir='ltr'><strong><em>ex</em></strong></span> <span class='ocrx_word' id='word_1_987' title='bbox 2794 5344 3003 5400; x_wconf 90' lang='lat' dir='ltr'><strong><em>Domini</em></strong></span> <span class='ocrx_word' id='word_1_988' title='bbox 3047 5340 3377 5413; x_wconf 86' lang='lat' dir='ltr'><strong><em>providentia</em></strong></span> <span class='ocrx_word' id='word_1_989' title='bbox 3422 5337 3555 5393; x_wconf 64' lang='lat' dir='ltr'><strong><em>fere</em></strong></span> <span class='ocrx_word' id='word_1_990' title='bbox 3603 5336 3733 5405; x_wconf 59' lang='lat' dir='ltr'><strong><em>ipsa:</em></strong></span> 
     </span>
    </p>
   </div>
   <div class='ocr_carea' id='block_1_118' title="bbox 2139 5427 3731 5513">
    <p class='ocr_par' dir='ltr' id='par_1_118' title="bbox 2139 5427 3731 5513">
     <span class='ocr_line' id='line_1_118' title="bbox 2139 5427 3731 5513; baseline -0.011 -16"><span class='ocrx_word' id='word_1_991' title='bbox 2139 5443 2339 5513; x_wconf 88' lang='lat' dir='ltr'><strong><em>justum</em></strong></span> <span class='ocrx_word' id='word_1_992' title='bbox 2364 5440 2473 5494; x_wconf 89' lang='lat' dir='ltr'><strong><em>sint</em></strong></span> <span class='ocrx_word' id='word_1_993' title='bbox 2522 5438 2785 5504; x_wconf 73' lang='lat' dir='ltr'><strong><em>reveritm,</em></strong></span> <span class='ocrx_word' id='word_1_994' title='bbox 2825 5449 2998 5506; x_wconf 87' lang='lat' dir='ltr'><strong><em>neque</em></strong></span> <span class='ocrx_word' id='word_1_995' title='bbox 3045 5447 3189 5488; x_wconf 72' lang='lat' dir='ltr'><strong><em>ausae</em></strong></span> <span class='ocrx_word' id='word_1_996' title='bbox 3237 5430 3432 5486; x_wconf 90' lang='lat' dir='ltr'><strong><em>fuerint</em></strong></span> <span class='ocrx_word' id='word_1_997' title='bbox 3474 5427 3591 5498; x_wconf 90' lang='lat' dir='ltr'><strong><em>ejus</em></strong></span> <span class='ocrx_word' id='word_1_998' title='bbox 3617 5441 3731 5481; x_wconf 88' lang='lat' dir='ltr'><strong><em>cor-</em></strong></span> 
     </span>
    </p>
   </div>
   <div class='ocr_carea' id='block_1_119' title="bbox 2145 5523 3716 5606">
    <p class='ocr_par' dir='ltr' id='par_1_119' title="bbox 2145 5523 3716 5606">
     <span class='ocr_line' id='line_1_119' title="bbox 2145 5523 3716 5606; baseline -0.012 -15"><span class='ocrx_word' id='word_1_999' title='bbox 2145 5551 2243 5606; x_wconf 91' lang='lat' dir='ltr'><strong><em>pus</em></strong></span> <span class='ocrx_word' id='word_1_1000' title='bbox 2291 5533 2588 5602; x_wconf 83' lang='lat' dir='ltr'><strong><em>attingere:</em></strong></span> <span class='ocrx_word' id='word_1_1001' title='bbox 2641 5529 2719 5584; x_wconf 92' lang='lat' dir='ltr'><strong><em>illi</em></strong></span> <span class='ocrx_word' id='word_1_1002' title='bbox 2764 5542 2895 5584; x_wconf 89' lang='lat' dir='ltr'><strong><em>vero</em></strong></span> <span class='ocrx_word' id='word_1_1003' title='bbox 2938 5525 3078 5581; x_wconf 89' lang='lat' dir='ltr'><strong><em>feras</em></strong></span> <span class='ocrx_word' id='word_1_1004' title='bbox 3120 5523 3452 5580; x_wconf 71' lang='lat' dir='ltr'><strong><em>immanitate</em></strong></span> <span class='ocrx_word' id='word_1_1005' title='bbox 3495 5533 3716 5591; x_wconf 82' lang='lat' dir='ltr'><strong><em>supera-</em></strong></span> 
     </span>
    </p>
   </div>
   <div class='ocr_carea' id='block_1_120' title="bbox 2165 5647 3726 5765">
    <p class='ocr_par' dir='ltr' id='par_1_120' title="bbox 2165 5647 3726 5765">
     <span class='ocr_line' id='line_1_120' title="bbox 2165 5647 3726 5765; baseline -0.006 -63"><span class='ocrx_word' id='word_1_1006' title='bbox 2165 5655 2214 5765; x_wconf 63' lang='grc' dir='ltr'><strong><em>έι</em></strong></span> <span class='ocrx_word' id='word_1_1007' title='bbox 2245 5655 2345 5703; x_wconf 78' lang='lat' dir='ltr'><strong><em>Sex</em></strong></span> <span class='ocrx_word' id='word_1_1008' title='bbox 2392 5651 2536 5716; x_wconf 64' lang='lat'><strong><em>“$8.,</em></strong></span> <span class='ocrx_word' id='word_1_1009' title='bbox 2582 5659 2628 5706; x_wconf 82' lang='lat' dir='ltr'><strong><em>et</em></strong></span> <span class='ocrx_word' id='word_1_1010' title='bbox 2669 5656 2722 5704; x_wconf 87' lang='lat' dir='ltr'><strong><em>ut</em></strong></span> <span class='ocrx_word' id='word_1_1011' title='bbox 2767 5650 2914 5716; x_wconf 71' lang='lat' dir='ltr'><strong><em>hujus</em></strong></span> <span class='ocrx_word' id='word_1_1012' title='bbox 2956 5647 3111 5718; x_wconf 74' lang='lat' dir='ltr'><strong><em>(ilice,</em></strong></span> <span class='ocrx_word' id='word_1_1013' title='bbox 3150 5650 3232 5702; x_wconf 77' lang='grc' dir='ltr'><strong><em>καὶ</em></strong></span> <span class='ocrx_word' id='word_1_1014' title='bbox 3274 5652 3324 5700; x_wconf 77' lang='grc' dir='ltr'><strong><em>αἱ</em></strong></span> <span class='ocrx_word' id='word_1_1015' title='bbox 3373 5647 3548 5699; x_wconf 73' lang='grc' dir='ltr'>τούτου</span> <span class='ocrx_word' id='word_1_1016' title='bbox 3591 5649 3726 5706; x_wconf 59' lang='lat' dir='ltr'><strong><em>Guyu-</em></strong></span> 
     </span>
     <span class='ocr_line' id='line_1_121' title="bbox 2189 5731 2279 5765; baseline -0.033 0"><span class='ocrx_word' id='word_1_1017' title='bbox 2189 5731 2279 5765; x_wconf 77' lang='lat' dir='ltr'><strong><em>asc.</em></strong></span> 
     </span>
    </p>
   </div>
   <div class='ocr_carea' id='block_1_121' title="bbox 2134 5731 2279 5780">
    <p class='ocr_par' dir='ltr' id='par_1_121' title="bbox 2134 5731 2279 5780">
     <span class='ocr_line' id='line_1_122' title="bbox 2134 5731 2279 5780; baseline -0.014 -16"><span class='ocrx_word' id='word_1_1018' title='bbox 2134 5731 2279 5780; x_wconf 80' lang='grc' dir='ltr'><strong>τερες.</strong></span> 
     </span>
    </p>
   </div>
  </div>
