3974 6394
285 408 388 468 Ιιθῖθ

287 525 530 588 ταύτης.
551 520 649 575 καὶ
672 521 895 576 ἄπελθε
911 523 998 588 εἰς
1024 521 1136 590 τὴν
1155 521 1232 590 γῆ
1239 538 1271 573 ν
1294 519 1400 590 τῆς
1423 519 1710 592 γενέσεώς
1731 530 1868 580 σου,

283 605 382 656 καὶ
408 601 622 671 ἔσομαι
644 601 792 668 μετὰ
823 601 957 655 σοῦ.
994 599 1134 668 Ἐγώ
1157 618 1236 652 σοι
1261 599 1533 669 πανταχοῦ
1559 599 1870 664 συνέσομαι,

283 684 381 736 καὶ
411 681 523 748 ἐγώ
553 697 635 732 σοι
667 679 764 750 τὴν
787 681 1096 751 ὁδοιπορίαν
1122 680 1335 749 εὐμαρῆ
1379 679 1708 747 καταστήσω
1726 714 1740 737 ,
1777 673 1876 728 καὶ.

282 761 547 830 οὐδεμίαν
575 759 704 826 παρ’
731 759 944 820 οὐδενὸς
988 761 1270 832 ὑποστήσῃ
1315 757 1538 828 βλάϐην,
1584 758 1682 824 τῆς
1730 751 1871 832 ὲμῆς

281 840 467 904 δεξιᾶς
498 839 619 892 ἀντὶ
655 838 861 907 σκέπης
908 837 1183 906 πανταχοῦ
1212 831 1504 906 γινομένης
1538 852 1639 888 σοι.
1679 831 1870 888 Ταῦτα

280 918 630 972 ἀκούσασαι
651 918 712 969 αἱ
745 931 876 982 περι
904 915 1018 983 τὴν
1044 916 1311 985 Ῥαχήλα
1339 911 1516 968 εἶπαν
1545 913 1706 977 αὑτῷ
1725 929 1736 941 ·
1771 907 1866 974 Μή

278 997 458 1048 ἐστιν
484 994 631 1062 ἡμῖν
653 994 846 1062 μερίς,
881 996 920 1062 ἢ
955 995 1326 1064 κληρονομία
1362 995 1432 1047 ἐν
1468 991 1548 1058 τῷ
1584 994 1728 1056 οἵκῳ
1761 987 1868 1042 τοῦ

278 1076 510 1142 πατρὸς
554 1073 758 1141 ἡμῶνξ
803 1075 926 1141 Οὐχ
974 1075 1056 1139 ὡς
1106 1075 1418 1141 ἀλλότριαι
1467 1073 1869 1142 λελογίσμεθα

278 1154 487 1218 adu-(,3;
536 1153 805 1219 Πέπρακε
849 1153 958 1222 γὰρ
1002 1151 1180 1220 ἡμᾶς,
1217 1152 1316 1206 καὶ
1359 1152 1655 1222 κατέφαγε
1693 1167 1868 1204 κατα-

279 1233 496 1301 Gre-30's:
515 1231 579 1284 τὸ
607 1232 892 1299 ἀργύριον
912 1229 1098 1300 ἡμῶν.
1118 1230 1232 1284 Kal
1243 1231 1439 1284 πάντα
1467 1231 1574 1283 τὸν
1599 1229 1869 1283 πλοῦτον

279 1314 382 1366 καὶ
413 1311 530 1379 τὴν
554 1310 761 1374 δόξαν,
799 1308 879 1376 ἣν
904 1309 1185 1376 ἀφείλετο
1218 1311 1252 1363 ὀ
1302 1308 1445 1374 Θεὸς
1492 1308 1599 1362 τοῦ
1641 1307 1866 1375 πατρὸς

279 1388 473 1459 ἡμῶν,
501 1387 603 1442 σοί
626 1388 829 1441 ἔδωκε.
861 1389 990 1441 Νῦν
1019 1388 1136 1441 ὅσα
1162 1385 1364 1455 εἴρηκέ
1376 1403 1474 1441 σοι
1503 1391 1536 1440 ὀ
1559 1388 1702 1452 Θεός
1723 1402 1862 1451 σου,

276 1468 460 1524 ποίει.
491 1468 632 1536 Ὅρα
656 1465 748 1519 καὶ
775 1464 977 1527 ταύτας
1001 1465 1276 1535 ἑπομένας
1289 1467 1356 1536 τῇ
1381 1464 1474 1518 τοῦ
1493 1463 1632 1517 Θεοῦ.
1647 1465 1862 1536 γνώμῃ,

277 1548 376 1599 καὶ
421 1545 681 1613 λογισμὸν
724 1543 1115 1613 ἀναντίρρητον
1171 1543 1515 1612 εἰσαγούσας.
1574 1544 1666 1613 Μὴ
1712 1543 1863 1614 γάρ,

276 1624 467 1692 φησὶν,
507 1621 588 1674 ἐτι
639 1639 690 1674 τι
719 1620 894 1673 κοινὸν
943 1623 1072 1690 ἡμῖν
1107 1621 1242 1691 πρὸς
1285 1619 1377 1672 τὸν
1427 1621 1636 1691 πατέρα
1666 1619 1860 1692 ὴμῶνς

277 1701 465 1766 ’Δπαξ
493 1702 602 1772 γὰρ
630 1701 856 1754 ἀπέδοτο
887 1701 1052 1770 ἡμᾶς.
1098 1701 1207 1753 Τὸν
1235 1699 1441 1768 μέντοι
1473 1699 1741 1754 πλοῦτον
1763 1699 1862 1752 καὶ

272 1780 392 1847 τὴν
413 1781 623 1845 δόξαν,
654 1778 734 1846 ἢν
755 1779 1034 1848 ἀφείλετο
1061 1781 1094 1832 ὀ
1126 1778 1272 1843 Θεὸς
1287 1777 1393 1832 τοῦ
1413 1778 1638 1846 πατρὸς
1669 1776 1858 1847 ἡμῶν,

277 1860 380 1911 καὶ
407 1857 598 1912 ἐδωκέ
624 1873 749 1918 σοι,
777 1856 948 1926 ἡμεῖς
979 1855 1214 1925 ἕξομεν,
1235 1857 1331 1908 καὶ
1362 1856 1432 1910 τὰ
1464 1856 1642 1911 τέκνα
1668 1858 1856 1925 ἡμῶν.

272 1940 330 1992 Μ
338 1941 369 2008 ὴ
399 1937 559 2006 μέλλε
593 1933 705 2001 οὖν,
739 1936 874 2007 μηδέ
896 1935 1267 1999 διαναϐάλλου,
1285 1935 1419 1988 ἀλλὰ
1446 1935 1588 1988 ποίει
1612 1935 1682 1988 τὰ
1708 1934 1860 2005 παρά

271 2018 369 2070 τοῦ
399 2015 533 2069 Θεοῦ
563 2033 643 2068 σοι
677 2014 1053 2084 ἐπιταχθέντα.
1084 2013 1214 2068 Νῦν
1242 2009 1355 2066 οὖν
1387 2014 1504 2067 ὅσα
1531 2012 1732 2082 εΤρηκέ
1759 2029 1858 2066 σοι

271 2100 306 2150 ὀ
348 2097 494 2160 Θεός
533 2111 679 2158 σου,
732 2095 906 2147 ποίει.
965 2094 1155 2146 Ταῦτα
1212 2092 1483 2158 ἀκούσας
1533 2095 1567 2146 ό
1617 2093 1854 2157 Ἰακὼϐ,

267 2175 545 2239 ἀναστὰς
570 2175 748 2230 ἔλαϐε
777 2173 882 2240 τὰς
898 2172 1187 2244 γυναῖκας
1207 2171 1392 2226 αὑτοῦ
1413 2172 1508 2226 καί
1539 2173 1610 2226 τὰ
1628 2172 1855 2232 παιδία.

269 2255 370 2308 καὶ
401 2255 762 2309 ἀνεϐίϐασεν
789 2253 975 2319 αὐτὰς
991 2252 1088 2306 ἐπὶ
1115 2251 1447 2321 καμήλους,
1468 2252 1565 2305 καὶ
1583 2252 1859 2322 ἀπήγαγε

267 2333 470 2387 πάντα
487 2333 568 2386 td
589 2330 937 2400 ὑπάρχοντα
962 2329 1169 2394 αὐτοῦ,
1203 2330 1302 2383 καί
1331 2330 1445 2398 τὴν
1465 2331 1854 2399 ἀποσκευὴν,

270 2412 352 2479 ἣν
383 2409 848 2478 περιεποιήσατο
866 2410 937 2461 ἐν
959 2406 1033 2476 τῇ
1063 2409 1514 2478 Μεσοποταμίᾳ,
1528 2409 1624 2462 καὶ
1659 2408 1857 2462 πάντα

265 2491 342 2544 τὰ
361 2489 869 2552 αὑτοῦ,ἁπελοεῐν
879 2486 1032 2554 πρὸς
1047 2485 1245 2539 Ἰσαὰκ
1271 2485 1376 2539 τὸν
1391 2485 1616 2554 πατέρα
1641 2488 1850 2541 αὑτοῦ.

339 2569 401 2622 δ’.
428 2569 626 2622 Σκόπει
649 2585 741 2638 μοι
772 2567 865 2620 τοῦ
895 2564 1102 2618 δικαίου
1133 2565 1231 2634 τῆς
1257 2565 1434 2636 ψυχῆς
1458 2566 1557 2636 τὴν
1579 2565 1850 2636 ἀνδρείαν,

264 2651 363 2702 καὶ
398 2650 548 2710 ὅπως
587 2647 764 2700 πάντα
811 2646 975 2715 φόϐον
1024 2645 1117 2697 καὶ
1164 2644 1406 2712 ἀγωνίαν
1451 2645 1852 2717 παρωσάμενος

263 2728 517 2782 ἐπείθετο
542 2726 617 2798 τῷ
645 2726 737 2780 τοῦ
780 2725 1048 2778 Δεσπότου
1092 2724 1444 2795 ἐπιτάγματι.
1495 2724 1711 2796 Ἐπειδὴ
1747 2725 1853 2796 γὰρ

262 2805 374 2860 εἶδε
400 2806 493 2859 τοῦ
528 2806 714 2860 Λάϐαν
739 2805 837 2875 οὐχ
872 2803 1001 2873 ὑγιῆ
1028 2801 1124 2874 τὴν
1161 2801 1406 2875 γνώμην,
1433 2805 1531 2858 οὐκ
1568 2803 1646 2856 ἔτι
1676 2805 1850 2858 καθά-

261 2905 374 2956 ⁶περ
420 2887 682 2957 πρότερον
714 2883 979 2939 πυθέσθαι
1019 2883 1181 2936 αὐτὸν
1221 2884 1576 2948 κατεδέξατο,
1624 2884 1760 2938 ἀλλά
1791 2887 1852 2940 τὸ

263 2965 608 3038 προσταχθὲν
643 2964 794 3036 παρά
813 2962 908 3016 τοῦ
942 2963 1236 3027 Δεσπότου,
1265 2963 1520 3034 ἐπλήρου,
1555 2963 1647 3016 καὶ
1672 2963 1852 3018 λαϐὼν

261 3045 365 3106 τὰς
398 3046 660 3113 γυναῖκας
686 3043 780 3096 καὶ
807 3043 874 3097 τὰ
896 3041 1082 3096 παιδία
1105 3043 1309 3112 ἥπτετο
1347 3043 1443 3108 τῆς
1473 3040 1613 3096 ὀδοῦ.
1651 3042 1854 3098 Λὰϐαν

263 3123 354 3183 δὲ,
374 3124 559 3194 φησὶν,
575 3121 762 3189 ᾤχετο
779 3121 967 3189 κεῷαι
995 3121 1065 3175 τὰ
1088 3122 1353 3189 πρόϐατα
1368 3121 1853 3192 αὺτοῦ.Ἔκλεψε

259 3202 334 3253 δὲ
367 3201 592 3270 Ῥαχὴλ
616 3202 686 3255 τὰ
707 3200 927 3254 εἴδωλα
945 3199 1049 3254 τοῦ
1066 3199 1289 3268 πατρὸς
1304 3199 1513 3268 αὐτῆς.
1537 3201 1648 3270 Οὐχ
1665 3202 1853 3265 ἁπλῶς

260 3281 386 3334 οὐδέ
418 3281 575 3333 τοῦτο
602 3280 950 3350 πρόσκειται,
980 3277 1093 3332 ἀλλ’
1131 3279 1219 3332 ἵνα
1247 3277 1484 3348 γνῶμεν,
1510 3278 1625 3343 πῶς
1648 3280 1726 3332 ἔτι
1754 3281 1853 3351 τῆς

262 3361 542 3430 πατρικῆς
567 3359 774 3429 εἴχοντο
800 3357 1104 3428 συνηθείας.
1137 3357 1230 3411 καὶ
1260 3357 1460 3429 πολλὴν
1492 3358 1590 3430 τὴν
1623 3361 1750 3430 περί
1781 3360 1852 3413 τὰ

264 3438 461 3492 εἴδωλα
491 3438 784 3517 θεραπείαν
825 3437 1244 3517 ἐπεδείκνυντο.⁸
1260 3436 1548 3517 Ἐννόησον
1569 3436 1694 3517 γὰρ
1710 3438 1851 3517 ,ὅσην

263 3517 406 3588 αὕτη
439 3516 672 3587 σπουδὴν
698 3514 1013 3585 ἐποιήσατο,
1039 3515 1110 3580 ὡς
1147 3514 1314 3585 μηδὲν
1339 3515 1527 3586 ἕτερον
1558 3515 1850 3584 ὑφελέσθαι

259 3595 374 3649 ’.τῶν
412 3595 506 3648 τοῦ
559 3594 798 3666 πατρὸς,
850 3594 988 3648 ἀλλὰ
1021 3593 1090 3648 τά
1124 3593 1318 3647 εἴδωλα
1361 3593 1520 3659 μόνα,
1573 3595 1664 3648 καὶ
1694 3595 1854 3648 τοῦτο

260 3676 440 3730 ἐποίει
465 3675 557 3728 καὶ
585 3676 676 3729 τὸν
705 3675 873 3746 ἀνδρα
903 3674 1260 3728 λανθάνουσαν
1283 3673 1405 3726 οὐδέ
1426 3671 1535 3743 γὰρ
1559 3672 1624 3726 ἂν
1645 3676 1852 3738 ἐκεῖνος

261 3754 613 3824 συνεχώρησε
641 3753 814 3807 ταῦτα
859 3753 1133 3822 γενέσθαι.
1181 3753 1447 3820 Ἕκρυψε
1500 3750 1606 3814 δὲ,
1649 3753 1848 3823 φησὶν,

272 3831 489 3888 Ἰακὼϐ
500 3831 703 3887 Λὰϐαν
721 3831 828 3886 τὸν
846 3833 1061 3899 Σύρον,
1080 3828 1184 3884 τοῦ
1194 3829 1280 3898 μὴ
1301 3828 1649 3899 ἀναγγεῖλαι
1668 3829 1848 3895 αὐτῷ,

257 3914 351 3965 ὅτι
387 3911 838 3981 ἀποδιδράσκει.
880 3911 987 3966 Καὶ
1020 3909 1251 3977 ἀπέδρα
1282 3909 1486 3974 αὐτὸς,
1521 3910 1620 3962 καὶ
1653 3909 1852 3964 πάντα

255 3990 334 4046 τὰ
362 3989 575 4053 αὑτοῦ,
596 3989 692 4043 καὶ
723 3989 887 4056 διέϐη
906 3988 1013 4042 τὸν
1030 3985 1321 4056 ποταμὸν,
1346 3987 1444 4041 καὶ
1467 3987 1746 4056 ὥρμησεν
1764 3991 1851 4056 εἰς

257 4068 328 4120 τὸ
361 4067 501 4134 ὄρος
528 4067 794 4122 Palatia.
824 4068 934 4121 Θέα
972 4085 1060 4138 μοι
1101 4067 1200 4137 τὴν
1230 4065 1432 4138 πολλὴν
1459 4064 1553 4119 τοῦ
1594 4065 1728 4118 Θεοῦ
1755 4067 1850 4121 καὶ

258 4145 497 4200 ἐνταῦθα
525 4145 800 4216 πρόνοιαν,
819 4147 988 4209 ὅπως,
1012 4144 1205 4216 μέχρις
1220 4144 1307 4197 ὅτε
1328 4143 1610 4216 πόρρωθεν
1628 4143 1850 4213 γέγονεν

255 4225 286 4277 6
313 4226 545 4288 δίκαιος,
575 4224 636 4277 οὐ
669 4223 1015 4294 συνεχώρησε
1040 4223 1118 4292 τῷ
1139 4222 1325 4276 Λάϐαν
1348 4224 1427 4284 εἰς
1447 4221 1648 4290 γνῶσιν
1674 4221 1850 4277 ἐλθεῖν

258 4306 355 4376 τὴν
368 4304 716 4376 ἀναχώρησιν
738 4303 834 4356 τοῦ
851 4301 1065 4356 Ἰακώϐ.
1092 4300 1281 4368 Τριῶν
1303 4300 1412 4371 γάρ
1436 4299 1846 4374 ἡμερῶν.[554]

253 4385 416 4453 φησι,
445 4381 900 4450 παρελθουσῶν,
931 4378 1012 4445 τῷ
1034 4379 1238 4433 Λάϐαν
1261 4377 1558 4446 ἐγνώσθη.
1593 4379 1702 4431 Καὶ
1740 4393 1849 4433 παν

245 4461 535 4528 Γαλαϐὼν
566 4459 800 4525 πάντας
829 4459 970 4526 τοὺς
997 4455 1301 4525 ἀδελφοὺς
1345 4455 1533 4509 αὑτοῦ
1560 4455 1688 4523 μεθ’
1708 4456 1848 4510 ἐαυ-

252 4541 400 4600 τοῦ,
431 4539 680 4604 ἐδίωξεν
728 4540 922 4593 ὀπίσω
969 4535 1155 4590 αὺτοῦ
1197 4533 1343 4588 ὁδὸν
1372 4533 1609 4603 ’ἡμερῶν
1657 4534 1807 4588 ἑπτά
1828 4551 1844 4566 ·

253 4619 354 4672 καὶ
387 4619 717 4671 κατέλαϐεν⁵
748 4617 935 4672 αὐτὸν
967 4616 1036 4668 ἐν
1067 4613 1146 4679 τῷ
1177 4615 1298 4680 ὄρει
1344 4612 1611 4668 Γαλαὰδ.
1647 4614 1847 4668 Σκόπει

253 4699 420 4751 πάλιν
447 4697 548 4766 τὴν
568 4697 772 4766 ἄφατον
790 4696 883 4749 τοῦ
909 4693 1044 4747 Θεοῦ
1071 4692 1418 4763 κηδεμονίαν.
1451 4693 1508 4745 Ὀ
1523 4691 1632 4763 γὰρ
1653 4692 1844 4758 εἰπὼν,

264 4778 628 4846 Ἁπόστρεφε
678 4779 765 4842 εἰς
807 4775 922 4843 τὴν
964 4772 1081 4843 γῆν
1125 4789 1265 4838 σου,
1312 4772 1414 4827 καί
1450 4774 1663 4841 ἔσομαι
1694 4773 1846 4843 μετὰ

249 4855 392 4915 σοῦ,
415 4846 573 4917 οὗτος
593 4855 688 4906 καὶ
703 4853 798 4908 νῦν
818 4853 916 4924 τὴν
945 4851 1152 4905 οἰκείαν
1178 4850 1542 4904 ἐπιδείκνυται
1564 4852 1842 4921 πρόνοιαν.

263 4930 489 5002 Ἐπειδὴ
516 4931 624 5001 γάρ
655 4925 761 4983 εἶδε
785 4928 878 4982 τὸν
907 4929 1095 4982 Λάϐαν
1129 4927 1267 4998 μετά
1302 4927 1502 4997 πολλῆς
1531 4927 1846 4998 ἀγανακτή-

250 5027 392 5073 σεως
426 5009 833 5062 καταδιώκοντα
854 5007 944 5060 τὸν
970 5007 1197 5070 δίκαιον,
1225 5007 1317 5060 καὶ
1344 5006 1520 5077 δίκην,
1543 5005 1618 5068 ώς
1646 5007 1841 5068 είπεῐν,

245 5089 658 5158 εἰσπράξασθαι
705 5087 1029 5157 βουλόμενον
1085 5087 1187 5157 τῆς
1241 5087 1662 5157 ἀναχωρήσεως,
1724 5086 1846 5138 ἐπι-

245 5169 504 5234 φαίνεται
554 5165 633 5231 τῷ
679 5167 863 5220 Λάϐαν
908 5165 1031 5218 καθ’
1077 5163 1244 5218 ὐπνον
1300 5165 1398 5235 τὴν
1436 5165 1626 5217 νύκτα.
1655 5159 1844 5219 *Ηλοε

243 5247 337 5310 δὲ,
389 5246 576 5315 φησὶν,
633 5246 665 5298 ό
707 5244 852 5310 Θεὸς
885 5244 1036 5311 πρὸς
1069 5243 1272 5296 Λάϐαν
1322 5243 1433 5296 τὸν
1479 5245 1677 5310 Σύρον
1728 5244 1846 5312 τὴν

245 5327 467 5383 νύκτα,
501 5323 600 5376 καὶ
637 5317 808 5376 εἶπεν
844 5321 1028 5387 αὐτῷ.
1061 5323 1202 5392 Ὅρα
1243 5321 1380 5375 Θεοῦ
1411 5320 1840 5390 συγκατάϐασιν,

245 5405 343 5456 καὶ
378 5404 528 5464 ὅπως
554 5401 642 5454 διὰ
673 5401 772 5473 τὴν
804 5401 933 5472 περί
962 5400 1052 5454 τὸν
1074 5400 1280 5454 δίκαιον
1299 5401 1626 5471 κηδεμονίαν
1653 5401 1843 5471 καὶτῷ

246 5482 438 5534 Λάϐαν
468 5479 797 5548 διαλέγεται,
819 5480 906 5534 ἵνα
930 5479 1260 5543 κατασείσας
1291 5479 1454 5533 αὐτοῦ
1478 5478 1578 5550 τὴν
1603 5479 1841 5534 διάνοιαν

243 5559 536 5628 ἀποστήσῃ
593 5557 694 5625 τῆς
750 5557 890 5610 κατά
942 5557 1035 5611 τοῦ
1097 5555 1290 5610 Ἰακὼϐ
1341 5559 1536 5630 ὁρμῆς.
1571 5558 1842 5621 Φύλαξαι

242 5638 534 5698 σεαυτὸν,
567 5635 799 5705 μήποτε
847 5637 1130 5703 λαλήσῃς
1169 5636 1319 5706 μετὰ
1351 5636 1457 5691 τοῦ
1497 5636 1698 5690 Ἰακὼϐ
1731 5653 1839 5690 πο-

245 5715 423 5783 νηρά.
457 5715 634 5786 Πολλὴ
658 5714 751 5766 τοῦ
781 5716 1048 5768 Δεσπὸτου
1069 5717 1102 5786 ἡ
1125 5716 1417 5786 άγαθότης.
1455 5715 1672 5788 Ἐπειδὴ
1693 5716 1838 5788 ἐώρα

247 5794 412 5848 αὐτὸν
445 5795 580 5863 πρὸς
615 5792 794 5862 μάχην
837 5794 1206 5866 ἐπειγόμενον,
1243 5796 1335 5850 καὶ
1366 5795 1832 5866 κατεξαναστῆναι

308 5965 330 5991 ⁸
362 5963 442 6011 Sic
465 5963 646 6011 indicat
679 5960 945 6012 Rachelt‘m
973 5970 1021 6015 cl
1063 5965 1197 6018 Liaul
1226 5981 1360 6019 more
1397 5969 1689 6022 ῦτωωτυω.
1718 5968 1840 6023 LXX

249 6024 428 6076 habent
458 6023 640 6088 Ῥαχὴλ
665 6024 744 6070 καί
778 6023 910 6073 Λεία.

1301 405 1380 464 ἸΝ
1419 403 1569 461 CAP.
1612 402 1759 459 XXX
1803 399 1853 456 G‘

1957 396 2048 453 ES.
2095 395 2326 452 HOMIL.
2371 395 2526 451 LVII.
3453 397 3566 449 Si"?

1978 523 2072 578 τοῦ
2095 523 2300 576 δικαίου
2327 522 2668 592 βουλόμενον,
2692 517 2970 589 μονονουχὶ
2985 515 3070 569 δῐά
3095 514 3336 588 ῥήματος
3367 516 3563 574 καθέλε

1974 606 2245 661 κειαύτοῦ
2269 606 2360 657 τὸν
2389 603 2666 674 λογισμὸν,
2695 602 2785 654 καί
2805 617 2957 671 φησι·
2981 600 3247 662 Φύλαξαι
3273 601 3559 666 σεαυτὸν,

1967 689 2200 760 μήποτε
2219 690 2501 756 λαλήσῃς
2523 686 2672 755 μετὰ
2699 685 2898 739 Ἰακὼϐ
2917 685 3204 750 πονηρόν.
3225 683 3376 752 Μηδὲ
3399 685 3560 762 μέχρι

1973 773 2251 842 ῥημάτων,
2299 773 2481 841 φησὶν,
2517 769 2874 838 ἐπιχειρήσῃς
2918 765 3159 835 λυπῆσαι
3205 765 3295 818 τὸν
3341 766 3558 832 Ἰακὼϐ,

1969 853 2104 907 ἀλλὰ
2134 854 2363 922 φύλαξαι
2407 853 2652 914 σεαυτὸν,
2683 851 2908 919 ἐπίσχες
2952 865 3046 901 σου
3087 849 3186 918 τὴν
3210 847 3396 918 κακὴν
3422 849 3559 900 ταύ-

1967 953 2067 1006 την
2095 937 2293 1008 ὁρμὴν,
2324 934 2672 989 κατάστειλαι
2708 933 2800 986 τὸν
2839 931 3035 1001 θυμὸν,
3081 930 3426 1004 ἀναχαίτισόν
3461 949 3577 987 σου¹

1969 1019 2316 1090 θυμουμένην
2344 1018 2444 1089 τὴν
2487 1017 2746 1078 διάνοιαν,
2794 1015 2889 1068 καὶ
2925 1013 3065 1085 μηδὲ·
3102 1014 3263 1083 μέχρι
3311 1014 3555 1084 ῥήματος

1968 1101 2208 1171 λυπῆσαι
2233 1101 2398 1154 αὐτὸν
2431 1101 2662 1170 ἀνάσχῃ.
2695 1096 2806 1152 Kal
2837 1095 3028 1149 σκόπει
3060 1112 3145 1166 μοι
3185 1094 3319 1148 Θεοῦ
3361 1097 3578 1166 φιλανο-

1967 1184 2236 1256 θρωπίαν.
2285 1184 2360 1239 Οὐ
2418 1181 2720 1254 προσέταξε
2766 1179 2844 1252 τῷ
2896 1178 3082 1233 Λάϐαν
3131 1180 3209 1242 είς
3258 1178 3326 1232 τὰ
3379 1181 3555 1235 οἰκεῖα

1966 1267 2326 1342 ὑποστρέψαι,
2357 1267 2492 1322 ἀλλά
2540 1267 2699 1337 μόνον
2739 1262 3176 1335 παρεκελεύσατο
3225 1263 3388 1333 μηδὲν
3422 1281 3555 1342 φορέ

1963 1340 2317 1422 τικδνμμηδὲ
2363 1349 2598 1420 ἐπαχθὲς
2634 1346 2982 1417 διαλεχθῆναι
3026 1345 3105 1416 τῷ
3146 1345 3361 1416 δικαίῳ.
3398 1340 3556 1410 Τίνος

1963 1433 2168 1497 ἕνεκεν,
2197 1434 2288 1486 καὶ
2315 1433 2405 1488 διὰ
2427 1431 2516 1499 τίς
2547 1431 2665 1484 ’Ὶνα
2698 1428 2846 1501 μάθῃ
2878 1428 2971 1481 καὶ
2999 1427 3088 1481 διὰ
3116 1426 3224 1480 τῶν
3255 1427 3432 1499 ἔργων
3453 1429 3553 1482 αύ-

1962 1515 2070 1568 τῶν
2102 1518 2130 1569 6
2167 1515 2374 1579 δίκαιος
2405 1515 2500 1569 καὶ
2537 1513 2627 1567 διὰ
2661 1512 2770 1565 τῶν
2810 1509 3172 1582 πραγμάτων,
3211 1510 3342 1580 ὅσης
3372 1510 3555 1575 ἀξιοῦ-

1962 1615 2051 1651 ται
2078 1597 2231 1668 παρὰ
2260 1597 2354 1650 τοῦ
2383 1595 2517 1650 Θεοῦ
2544 1596 2642 1666 τῆς
2673 1594 3021 1666 κηδεμονίας.
3061 1593 3123 1646 Εἰ
3150 1593 3259 1663 γάρ
3290 1593 3560 1665 ὑπέστρε-.

1960 1679 2060 1748 ψεν
2090 1682 2118 1733 6
2145 1679 2352 1745 Λάϐαν,
2386 1679 2549 1732 πόθεν
2599 1679 2665 1732 ἂν
2703 1676 2862 1730 τοῦτο
2891 1676 3038 1744 ἔγνω
3067 1679 3096 1728 6
3133 1675 3365 1741 Ἰακὼϐ,
3415 1678 3458 1749 ἢ⁶
3497 1679 3552 1729 αἱ

1959 1761 2153 1816 τούτου
2207 1765 2497 1832 γυναῖκες;
2562 1759 2674 1814 Καὶ
2724 1759 2813 1812 διὰ
2860 1757 3020 1811 τοῦτο
3073 1761 3366 1829 συγχωρεῖ·
3393 1760 3582 1818 αὐτὸν,

1959 1845 2234 1911 ἀπελθεῖν,
2274 1845 2366 1899 καὶ
2390 1845 2477 1898 διά
2503 1846 2604 1915 τῆς
2633 1843 2839 1905 οἰκείας
2861 1841 3105 1910 γλώττης
3127 1843 3460 1912 ὁμολογῆσαι
3485 1843 3552 1896 τά

1960 1928 2110 1997 παρά
2138 1927 2232 1984 τοῦ
2281 1928 2416 1982 Θεοῦ
2448 1929 2582 2000 πρὸς
2604 1926 2766 1982 αὐτὸν
2783 1925 3036 1996 ρηθέντα,
3059 1925 3144 1977 ἵνα
3167 1925 3261 1978 καὶ
3292 1927 3320 1977 6
3345 1927 3548 1990 δίκαιος

1961 2011 2179 2065 πλείονα
2195 2013 2292 2083 τὴν
2311 2011 2620 2084 προθυμίαν
2649 2011 2914 2080 κτήσηται
2937 2007 3066 2078 περὶ
3092 2008 3191 2075 τὴν
3215 2008 3547 2079 ἀποδημίαν,

1959 2096 2054 2147 καὶ
2084 2094 2282 2165 θάρσος
2311 2093 2615 2166 προσλάϐῃ,
2647 2091 2741 2144 καὶ
2795 2095 2850 2145 αἰ
2912 2090 3102 2142 τούτου
3143 2093 3402 2158 γυναῖκες
3445 2109 3540 2162 μα-

1959 2176 2148 2230 θοῦσαι
2189 2179 2323 2249 ὅσης
2365 2175 2610 2242 ἀξιοῦται
2646 2177 2674 2227 6
2712 2172 2905 2227 Ἰακὼϐ
2944 2171 3096 2244 παρά
3136 2173 3229 2225 τοῦ
3267 2172 3374 2225 τῶν
3414 2174 3574 2228 ὅλων.

1957 2259 2092 2313 Θεοῦ
2146 2260 2243 2329 τῆς
2292 2259 2647 2331 κηδεμονίας.
2699 2256 3101 2310 ἀποσείσωνται
3145 2256 3244 2327 τὴν
3279 2255 3570 2333 πατρικὴν.

1959 2341 2166 2413 πλάνην
2195 2346 2287 2396 καὶ
2311 2340 2596 2412 ζηλώσωσι
2625 2340 2715 2392 τὸν
2734 2340 2961 2404 δίκαιον,
2987 2339 3078 2392 καὶ
3109 2337 3440 2406 θεογνωσίας
3464 2341 3550 2393 ἐνο

1955 2424 2148 2478 τεῦθεν
2197 2424 2472 2496 ἀρκοῦσαν
2522 2421 2875 2475 διδασκαλίαν
2930 2421 3210 2486 δέξωνται.
3259 2422 3393 2474 Οὐδέ
3440 2422 3549 2494 γὰρ

1955 2506 2126 2571 οὕτως
2149 2502 2218 2578 ἦν
2244 2506 2314 2560 τά
2344 2507 2494 2577 παρά
2519 2505 2612 2559 τοῦ
2648 2505 2844 2559 Ἰακὼϐ
2870 2503 3181 2568 ἀξιόπιστα,
3205 2504 3280 2568 ὡς
3305 2505 3373 2558 τά
3397 2509 3548 2578 παρά

1954 2588 2048 2642 τοῦ
2087 2589 2269 2643 Δάϐαν
2297 2589 2595 2659 λεγόμενα,
2625 2587 2720 2640 τοῦ
2755 2587 2836 2640 ἔτι
2875 2587 3003 2658 περὶ
3031 2585 3098 2639 τά
3129 2587 3324 2640 εἴδωλα
3347 2591 3546 2658 ἐπτοη-

1959 2673 2141 2742 μένου.
2178 2674 2244 2726 Αἰ
2270 2671 2379 2744 γὰρ
2405 2673 2554 2742 παρὰ
2582 2671 2688 2724 τῶν
2716 2671 2962 2725 ἀπίστων
2995 2671 3288 2741 μαρτυρίαι
3311 2674 3404 2724 καὶ
3437 2673 3546 2726 τῶν

1956 2755 2171 2828 ἐχθρῶν
2202 2756 2300 2826 τῆς
2323 2757 2608 2818 εὐσεϐείας
2630 2754 2717 2808 ἀεὶ
2752 2755 2885 2808 πολὺ
2915 2754 2975 2806 τὸ
3003 2753 3312 2820 ἀξιόπιστον
3341 2755 3542 2824 έχουσι.

1955 2840 2067 2892 Kal
2102 2838 2260 2892 τοῦτο
2278 2838 2387 2910 γὰρ
2413 2839 2511 2910 τῆς
2542 2837 2853 2908 εὐμηχάνου
2879 2836 2975 2889 τοῦ
3013 2836 3148 2889 Θεοῦ
3178 2837 3398 2906 σοφίας,
3418 2839 3545 2891 ὅταν

1953 2922 2048 2975 καὶ
2073 2922 2198 2986 τοὺς
2221 2922 2448 2994 ἐχθροὺς
2478 2922 2578 2992 τῆς
2602 2921 2861 2992 ἀληθείας
2880 2921 3078 2982 αὐτοὺς
3108 2920 3392 2992 μάρτυρας
3416 2924 3545 2993 ποιῇ

1952 3005 2202 3074 γενέσθαι
2223 3005 2322 3077 τῆς
2345 3005 2623 3076 ἀληθείας,
2651 3005 2746 3060 καὶ
2763 3005 2849 3058 διὰ
2870 3005 2969 3075 τῆς
2987 3004 3193 3067 οἰκείας
3215 3005 3459 3076 γλώττης
3479 3007 3547 3058 τά

1951 3088 2090 3142 αὐτά
2145 3089 2635 3158 συναγωνίζωνται.
2702 3086 2998 3142 Κατέλαϐε
3048 3085 3116 3138 δὲ
3180 3087 3386 3140 Λάϐαν
3440 3089 3546 3142 τὸν

1965 3171 2188 3225 Ἰακώϐ.
2235 3170 2439 3225 Ἰακὼϐ
2454 3171 2522 3223 δὲ
2546 3169 2735 3237 ἔπηξε
2763 3170 2877 3237 τὴν
2903 3168 3146 3237 σκηνὴν
3165 3167 3355 3222 αὐτοῦ
3376 3171 3446 3223 ἐν
3466 3168 3543 3238 τῷ

1951 3253 2074 3320 ὄρει
2095 3272 2106 3284 ·
2148 3252 2352 3307 Λάϐαν
2380 3253 2448 3306 δὲ
2481 3255 2709 3320 ἔστησε
2736 3252 2878 3318 τοὺς
2907 3251 3210 3320 ἀδελφοὺς
3247 3253 3434 3306 αὑτοῦ
3475 3254 3545 3306 ἐν

1949 3334 2030 3400 τῷ
2069 3335 2185 3404 ὄρει
2217 3335 2486 3390 Γαλαιίδ.
2524 3336 2632 3390 Καὶ
2674 3331 2805 3388 εἷπε
2847 3333 3051 3388 Λάϐαν
3091 3334 3171 3400 τῷ
3215 3333 3440 3388 Ἰακώϐ·
3483 3335 3543 3390 Τί

1950 3419 2127 3473 τοῦτο
2151 3421 2477 3486 ἐποίησας;
2511 3419 2649 3490 Ὅρα
2679 3417 2797 3480 πῶς
2827 3417 2888 3470 τδ
2917 3416 3066 3488 παρὰ
3099 3415 3192 3469 τοῦ
3208 3416 3343 3468 Θεοῦ
3375 3419 3544 3488 πρόσο

1952 3519 2141 3574 ταγμα
2201 3504 2302 3573 τὴν
2330 3501 2530 3571 πολλὴν
2555 3500 2719 3554 αὐτοῦ
2750 3499 3057 3570 φλεγμονὴν
3084 3499 3418 3566 κατέστειλε,
3449 3499 3544 3554 καὶ

1949 3587 2043 3639 τὸν
2072 3585 2240 3657 θυμὸν
2264 3585 2580 3657 ἐχαλίνωσε.
2605 3584 2704 3637 Διά
2740 3583 2900 3636 τοῦτο
2953 3578 3091 3652 μετά
3125 3582 3326 3654 πολλῆς
3344 3585 3544 3655 ἡμερό-

1950 3686 2112 3739 τητος
2147 3669 2273 3733 τοὺς
2325 3669 2462 3740 πρὸς
2506 3667 2670 3721 αὐτὸν
2715 3668 2950 3720 ποιεῖται
2982 3666 3209 3736 λόγους,
3261 3667 3545 3741 μονονουχὶ

1951 3751 2405 3822 ἀπολογούμενος,
2443 3751 2536 3804 καὶ
2567 3749 2839 3822 πατρικὴν
2865 3749 3251 3820 φιλοστοργίαν
3281 3751 3409 3821 περὶ
3447 3750 3545 3801 αὐ-

1950 3834 2041 3887 τὸν
2089 3832 2550 3904 ἐπιδεικνύμενος.
2603 3832 2776 3886 ’Όταν
2826 3830 2935 3903 γάρ
2971 3830 3122 3901 [555]
3180 3831 3280 3898 τῆς
3335 3831 3560 3893 ἀνωθενε

1951 3911 2316 3979 ἀπολαύωμεν
2344 3910 2618 3982 προνοίας,
2648 3911 2708 3962 οὐ
2747 3909 2905 3980 μόνον
2949 3909 3057 3962 τῶν
3091 3909 3392 3978 ἀνθρώπων
3431 3908 3542 3960 τῶν

1950 3990 2200 4061 πονηρῶν
2237 3989 2519 4058 διαφυγεῖν
2554 3988 2829 4058 δυνάμεθα
2882 3987 2982 4050 τὰς
3025 3986 3353 4050 ἐπιϐουλάς,
3401 3987 3544 4040 ἀλλὰ.

1949 4069 2043 4122 καὶ
2075 4068 2283 4138 θηρίοις
2317 4067 2614 4138 ἀνημέροις
2647 4067 2743 4120 ἐὰν
2775 4067 3196 4138 περιπέσωμεν,
3232 4065 3385 4118 οὐδὲν
3412 4066 3544 4119 ὐπο-

1951 4145 2266 4218 στησόμεθα
2289 4145 2479 4200 δεινόν.
2526 4145 2583 4200 '0
2603 4145 2710 4218 γὰρ
2736 4146 2843 4199 τῶν
2874 4147 3127 4200 ἁπάντων
3149 4145 3427 4215 Δεσπότης
3441 4146 3542 4216 τῆς

1947 4225 2154 4288 οἰκείας
2189 4224 2471 4295 δυνάμεως
2497 4224 2596 4297 τὴν
2627 4225 2944 4296 περιουσίαν
2968 4222 3428 4293 ἐπιδεικνύμενος,
3447 4225 3542 4278 καὶ

1949 4305 2059 4357 τῶν
2095 4303 2299 4374 θηρίων
2329 4304 2654 4374 μεταϐάλλει
2682 4305 2780 4375 τὴν
2806 4304 2988 4373 φύσιν,
3027 4304 3120 4358 καὶ
3150 4303 3229 4366 εἰς
3253 4303 3546 4374 προϐάτων

1948 4385 2264 4455 ἡμερότητα
2286 4384 2424 4438 αὐτά
2453 4385 2793 4455 μεθίστησιν,
2816 4384 2936 4453 οὐχὶ
2966 4385 3064 4452 τῆς
3087 4382 3380 4452 θηριωδίας
3400 4381 3544 4435 αὐτὰ

1951 4461 2229 4530 μεθιστὰς.
2271 4461 2386 4514 ἀλλ’
2419 4463 2477 4513 ἐν
2510 4463 2648 4532 αὐτῇ
2677 4465 2742 4532 τῇ
2791 4461 2949 4530 φύσει
2989 4460 3438 4528 καταλιμπάνων,
3469 4461 3541 4511 τὰ

1946 4541 2055 4593 τῶν
2081 4539 2366 4611 προϐάτων
2399 4540 2799 4593 ἐπιδείκνυσθαι
2833 4540 3260 4610 παρασκευάζει.
3303 4537 3415 4589 Kal.
3439 4537 3540 4591 οὐκ

1949 4619 2177 4670 ἐπὶτῶν
2207 4618 2412 4688 θηρίων
2453 4618 2614 4688 μόνον
2646 4617 2804 4672 τοῦτο
2838 4617 2936 4670 ἴδοι
2969 4634 3054 4680 τις
3112 4618 3177 4671 ἂν
3201 4657 3216 4681 ,
3269 4616 3538 4679 ἀλλὰκαὶ

1948 4699 2034 4750 ἐπ’
2069 4696 2247 4750 αὐτῶν
2272 4697 2380 4750 τῶν
2413 4697 2887 4766 στοιχείων.”οταν
2921 4696 3030 4765 γὰρ
3057 4696 3218 4759 αὐτὸς
3251 4694 3535 4764 βούληται.

1950 4775 2044 4828 καὶ
2073 4775 2142 4827 τά
2172 4777 2409 4845 στοιχεῖα
2435 4775 2573 4830 αὐτὰ
2603 4775 2700 4844 τῆς
2747 4775 2956 4836 οἰκείας
3001 4776 3279 4846 ἐνεργείας
3316 4773 3538 4828 ἐπιλαν-

1949 4854 2192 4917 θάνεται,
2226 4854 2323 4907 καὶ
2373 4854 2494 4907 οὐδέ
2523 4852 2636 4924 πῦρ
2667 4853 2733 4907 τὰ
2767 4853 2939 4924 πυρὸς
2981 4853 3373 4917 ἐπιδείκνυται.¹
3426 4853 3539 4917 Καὶ

1947 4932 2105 4984 τοῦτό
2142 4951 2226 4996 τις
2257 4933 2563 5002 καταμάθοι
2589 4933 2678 4986 ἐπί
2705 4949 2764 4986 τε
2789 4932 2899 4985 τῶν
2923 4932 3093 5003 τριῶν
3120 4933 3345 4998 παίδων,
3368 4933 3458 4997 ἐπί
3476 4949 3536 4984 τε

1947 5011 2041 5064 τοῦ
2074 5011 2294 5081 Δανιήλ.
2328 5011 2386 5064 '0
2425 5012 2521 5082 μὲν
2557 5011 2663 5064 ὐπὸ
2691 5011 2920 5064 λεόντων
2949 5011 3442 5081 περιστατούμενος
3482 5011 3542 5075 ⁵,,

1948 5089 2024 5154 ὡς
2055 5091 2162 5143 ὑπὸ
2181 5089 2465 5160 προϐάτων
2492 5089 2878 5159 κυκλούμενος,
2898 5090 3052 5144 οὐδὲν
3086 5083 3322 5160 ἔπασχεν
3348 5087 3533 5156 ἀηδὲς,

1946 5171 2050 5236 τῆς
2081 5165 2292 5220 ἄνωθεν
2323 5166 2494 5236 ῥοπῆς
2526 5165 2623 5235 τὴν
2657 5165 2880 5217 ἐκείνων
2908 5164 3208 5233 ἀγριότητα
3251 5161 3535 5234 ἀναχαιτιέ

1951 5247 2169 5317 ζούσης.
2212 5246 2337 5300 ’Ὁτι
2362 5247 2469 5316 γάρ
2507 5244 2670 5316 θῆρες
2701 5244 2855 5306 ὄντες
2891 5244 3086 5312 έμενον,
3110 5236 3179 5294 τά
3202 5241 3307 5320 ,τῆς
3331 5240 3532 5310 θηριων

1944 5325 2064 5390 δίας
2098 5326 2173 5396 μὴ
2201 5325 2657 5395 ἐπιδεικνύμενοι,
2698 5325 2766 5376 δι’
2803 5323 2982 5375 αὐτῶν
3035 5320 3140 5372 τῶν
3186 5319 3532 5389 πραγμάτων

1944 5405 2188 5474 ἔγνωσαν
2221 5405 2330 5457 τῶν
2349 5404 2557 5472 ἀλόγων
2591 5401 2794 5471 θηρίων
2827 5402 2876 5452 οἰ
2909 5397 3255 5478 ἀγριώτεροι.

2015 5489 2081 5546 ε’.
2118 5491 2227 5546 Kal
2255 5491 2414 5546 τοῦτο
2441 5491 2498 5544 δὲ
2521 5490 2732 5559 ἐγίνετο
2757 5489 2894 5558 πρὸς
2929 5489 3150 5562 μείζονα
3186 5492 3525 5564 κατηγορίαν

1946 5571 2283 5636 ἐκείνων,ὃτι
2298 5573 2346 5625 οἰ
2365 5571 2508 5641 λόγῳ
2530 5569 2966 5639 τετιμημένοιτά
2981 5568 3151 5645 ἄλογα
3171 5569 3334 5642 θηρία
3350 5573 3522 5642 61:59-

1945 5667 2238 5736 ηκόντισαν
2268 5662 2338 5731 τῇ
2366 5658 2628 5736 ὠμότητι.
2656 5654 3100 5736 Καὶ-ἐμάνθανον
3122 5654 3213 5708 διὰ
3238 5652 3357 5736 ⁸τῶν
3390 5669 3529 5736 πραο

1944 5731 2190 5814 γμάτων,
2247 5739 2395 5800 ὅπως
2441 5736 2529 5790 διὰ
2573 5733 2672 5805 τὴν
2697 5731 3100 5814 τοῦνΔεσπότου-
3136 5731 3404 5814 *πρόνοιαν
3435 5731 3528 5787 τὸν

1951 5809 2048 5892 μὲν
2072 5822 2276 5875 δίκαιον
2303 5817 2395 5870 καὶ
2420 5816 2486 5869 τά
2515 5815 2678 5884 θηρία
2727 5812 2945 5884 ᾐδέσθη,
2982 5812 3075 5865 καὶ
3095 5811 3197 5864 οὐκ
3220 5809 3524 5881 ἐτόλμησαν

2016 5965 2041 6003 b
2067 5967 2207 6016 Alius
2254 5962 2690 6027 περιτειχιζόμενος,
2726 5960 2862 6027 alius
2887 5972 3003 6027 vqrq
3049 5955 3520 6021 περιστοιχιῗὸμενος.

1957 6031 2106 6087 L‘nus.
2131 6032 2260 6078 teste.
2285 6021 2488 6087 δὶνὶιὶὑ,
2517 6023 2902 6085 ἐπιτε·χιζομενος
2927 6021 3093 6087 habet:
