3974 6452
335 352 430 412 501

333 487 460 533 runt
486 478 599 534 '.Et
646 495 714 534 ne
742 489 987 550 putarent
1016 480 1129 536 haec
1154 498 1217 536 ex
1241 482 1354 535 visu
1384 482 1502 536 solo
1521 498 1583 536 ac
1604 481 1780 552 Specie
1797 480 1931 534 facta

334 587 475 637 esse;
494 587 589 640 per
598 586 694 628 eos
704 574 793 644 qui
811 584 988 641 postea
1007 575 1058 629 in
1076 574 1244 628 lacum
1259 573 1434 643 injecti
1447 583 1567 628 sunt
1581 580 1927 644 agnoverunt,

336 677 429 716 eas
454 677 578 718 cum
603 664 750 733 justo
772 665 887 718 viro
910 666 1089 719 ovium
1117 666 1577 721 mansuetudinem
1608 667 1855 731 imitatas,
1879 672 1933 719 et

338 763 545 807 natura:
583 769 694 809 sua:
724 756 918 810 oblitas
946 772 1104 812 esse:
1147 772 1269 812 cum
1298 758 1363 811 iis
1402 766 1580 811 autem
1629 757 1718 826 qui
1750 765 1933 827 postea

340 845 524 914 iujecti
556 858 681 901 sunt
707 846 962 902 ferociam
985 863 1136 903 suam
1162 849 1484 903 exhibuisse.
1518 849 1776 904 Similiter
1798 857 1852 904 et
1880 849 1931 904 in

340 936 561 992 fnruace
584 939 718 1006 ignis
746 938 941 993 factum
971 950 1051 995 est
1083 940 1309 1011 (Daniel.
1342 941 1420 1008 5).
1453 940 1587 995 Nam
1616 955 1709 995 eos
1734 941 1821 1010 qui
1855 941 1936 994 iu-

339 1038 426 1083 tus
446 1038 601 1084 erant
628 1031 972 1086 reverebatur
989 1032 1335 1097 elementum,
1355 1040 1406 1087 et
1428 1049 1532 1087 non
1557 1034 1742 1088 urebat
1762 1034 1893 1103 ignis
1915 1050 1929 1088 :

338 1121 433 1176 sed
461 1123 614 1192 quasi
639 1124 793 1192 ligata
822 1127 1131 1195 Operatione
1159 1142 1274 1191 sua,
1300 1127 1371 1181 ita
1394 1126 1524 1181 nihil
1552 1128 1779 1182 nocebat
1805 1142 1932 1197 pue-

340 1230 525 1269 rorum
553 1218 890 1286 corporibus,
921 1227 975 1273 et
999 1234 1169 1288 neque
1191 1219 1413 1288 capillos
1443 1234 1631 1274 eorum
1669 1223 1933 1290 attingere

1348 363 1420 422 IN
1450 365 1603 422 CAP.
1647 364 1837 421 λχχι.
1880 363 2124 422 GENES.
2166 365 2393 424 nomn.
2437 368 2591 424 LVII.

3519 376 3635 433 5021

2042 492 2165 537 sunt
2192 481 2262 538 dii
2293 486 2401 552 tui,
2434 500 2467 541 ο
2497 484 2698 553 Labau,
2728 486 2818 557 qui
2847 502 3017 558 neque
3043 503 3165 543 cum
3191 488 3409 545 furaturi
3430 506 3488 546 se
3508 494 3625 562 qui-

2038 576 2161 631 dam
2182 587 2353 642 erant,
2373 578 2560 647 jnvare
2583 593 2639 634 se
2660 582 2986 649 potuerunt?
3010 581 3109 648 Qui
3135 582 3278 638 enim
3301 592 3515 652 possent
3535 586 3625 653 qui

2038 683 2069 721 e
2102 667 2274 737 lapide
2296 678 2420 725 sunt
2445 670 2713 725 confecti?
2752 671 2892 726 Deus
2930 682 3107 727 autem
3144 674 3316 741 justi,
3348 674 3627 743 ignorante

2035 758 2179 828 justo
2200 802 2215 826 ,
2244 760 2498 829 impetum
2525 771 2674 816 tuum
2698 763 2954 817 coercuit.
2986 762 3053 818 Et
3072 779 3178 819 non
3204 765 3405 835 cogitas
3426 766 3626 820 erroris

2039 851 2476 919 magnitudinem,
2524 862 2579 907 et
2607 852 2809 922 justum
2853 854 2977 909 furti
3017 856 3238 924 arguis?
3265 856 3440 924 Quare
3483 858 3627 913 enim

2034 940 2212 1010 justus
2242 942 2361 996 illos
2387 942 2551 997 furari
2579 944 2867 1009 voluisset,
2895 960 3032 1015 quos
3059 946 3485 1013 abominabatur,
3515 948 3632 1002 imo

2034 1048 2172 1103 quos
2216 1033 2418 1089 sciebat
2446 1050 2565 1090 esse
2604 1051 2766 1091 sensu
2794 1052 2990 1092 vacuos
3039 1038 3285 1107 lapides?
3314 1040 3479 1094 Porro
3510 1040 3623 1094 lucc

2036 1139 2157 1178 cum
2203 1124 2439 1180 audisset
2481 1124 2667 1193 Iacob,
2718 1127 2945 1197 primum
2992 1144 3176 1199 magna
3220 1130 3627 1186 mansuetudine

2037 1216 2104 1271 de
2127 1218 2351 1287 objectis
2375 1219 2684 1273 criminibus
2710 1234 2768 1274 se
2797 1231 3004 1290 purgat,
3036 1229 3092 1275 et
3120 1230 3244 1276 tunc
3273 1232 3328 1277 ut
3357 1223 3626 1294 inquiran-

338 1320 503 1361 ausus
546 1306 665 1374 fuit,
694 1310 844 1380 quasi
885 1310 1135 1366 mandato
1180 1311 1403 1381 alicujus
1446 1311 1771 1367 elementum
1811 1326 1941 1381 pro-
2040 1316 2123 1362 tur
2151 1308 2223 1362 dii
2263 1309 2432 1377 jubet.
2460 1310 2548 1365 5l.
2579 1308 2704 1364 Dixi
2744 1311 2874 1364 enim
2896 1353 2909 1376 ,
2944 1312 3135 1382 inquit,
3165 1329 3228 1366 ne
3256 1317 3383 1383 forte
3418 1317 3624 1384 auferas

340 1399 515 1467 priam
536 1399 812 1457 declarare
849 1402 1097 1456 virtutem
1152 1401 1524 1471 prohiberetur
1558 1420 1570 1455 :
1618 1417 1712 1457 eos
1754 1411 1932 1456 autem

338 1491 428 1558 qui
457 1499 607 1544 extra
637 1491 908 1547 fornacem
926 1503 1098 1557 erant,
1132 1493 1446 1563 absumpsit.
1475 1492 1532 1547 ln
1560 1502 1786 1563 utroque
1814 1508 1930 1547 ma-

336 1596 443 1649 gna
473 1582 564 1636 Dei
596 1584 828 1653 potentia
853 1582 1151 1638 declaratur
1170 1625 1186 1649 ,
1217 1592 1268 1638 et
1295 1584 1414 1654 quia
1443 1584 1515 1638 illi
1545 1584 1686 1638 intus
1715 1599 1930 1638 manse-

339 1680 467 1726 runt
509 1672 700 1740 illzesi,
731 1682 787 1730 et
829 1676 954 1745 quia
995 1675 1084 1744 qui
1115 1676 1243 1729 laris
1265 1683 1419 1731 erant
1444 1716 1459 1742 ,
1505 1675 1798 1745 perierunt.
1844 1673 1932 1728 Sic

336 1761 557 1831 quando
604 1778 837 1833 superno
881 1765 1078 1819 auxilio
1134 1765 1443 1830 munimur,
1494 1780 1600 1819 non
1630 1763 1804 1819 solum
1848 1762 1932 1818 ef-

340 1853 573 1923 fugimus
624 1854 960 1910 inimicorum
1008 1855 1269 1921 insidias,
1334 1854 1430 1910 sed
1478 1854 1578 1910 etsi
1629 1854 1684 1910 in
1733 1853 1932 1909 bestias

340 1945 488 2013 ipsas
504 1944 828 2009 incidamus,
866 1946 995 2001 nihil
1020 1946 1247 2016 patimur
1285 1961 1464 2017 grave.
1496 1946 1585 2001 Dei
1624 1945 1766 2000 enim
1815 1961 1931 2000 ma-

336 2051 443 2090 nus
474 2037 743 2105 potentior
776 2046 861 2093 est
892 2038 1177 2105 omnibus;
1224 2039 1338 2108 ipsa
1381 2054 1478 2095 nos
1526 2038 1759 2108 undique
1802 2039 1932 2093 satis

336 2129 533 2194 munit,
550 2138 607 2184 et
625 2129 846 2185 invictos
868 2129 990 2185 facit
1014 2148 1026 2184 :
1055 2130 1104 2185 id
1119 2131 1258 2200 quod
1281 2140 1333 2186 et
1350 2131 1402 2184 in
1418 2130 1563 2200 justo
1584 2130 1685 2185 hoc
1696 2129 1934 2185 declam-

340 2229 456 2273 tum
478 2228 579 2274 est.
612 2220 742 2275 Nam
770 2221 857 2290 qui
889 2228 1037 2275 tanto
1065 2221 1263 2291 impetu
1290 2221 1749 2291 Comprehendere
1769 2221 1931 2276 Jaco-

341 2308 491 2377 bum,
517 2320 573 2365 et
600 2326 814 2380 pinnam
842 2311 977 2383 fuga
1004 2312 1071 2367 de
1097 2327 1164 2367 eo
1191 2327 1405 2367 sumere
1430 2313 1673 2380 volebat;
1703 2328 1809 2368 non
1841 2329 1933 2367 so-

342 2401 455 2454 lum
487 2402 616 2456 nihil
643 2417 895 2472 aSperum
921 2412 976 2458 et
1002 2403 1196 2458 durum
1225 2403 1482 2460 adversus
1508 2405 1888 2475 eumloquitur
1911 2444 1927 2469 ,

336 2492 441 2548 sed
467 2494 600 2549 sicut
628 2504 780 2564 pater
814 2494 979 2549 filium
1009 2496 1376 2564 compellans,
1408 2496 1479 2550 ita
1521 2495 1729 2551 blandis
1757 2496 1932 2551 verbis

339 2584 594 2639 convenit
619 2604 632 2638 :
663 2585 795 2639 dicit
820 2587 964 2641 enim
994 2606 1005 2641 :
1034 2587 1123 2641 26.
1143 2587 1253 2642 Cur
1280 2589 1374 2641 hoc
1400 2588 1560 2657 fecisti
1580 2588 1607 2642 ?
1627 2605 1782 2657 quare
1801 2590 1933 2641 clam

336 2678 666 2732 abscessisti?
697 2678 828 2734 Vide
868 2689 1062 2750 quanta
1107 2682 1367 2736 mutatio:
1416 2681 1534 2736 vide
1577 2681 1844 2752 quomodo
1888 2682 1933 2736 is

334 2770 433 2839 qui
463 2781 519 2825 ut
545 2770 712 2824 bestia
743 2770 1062 2837 insaniebat,
1096 2773 1277 2827 ovium
1302 2773 1538 2835 imitatur
1567 2773 1933 2828 mansuetudi-

341 2875 487 2914 nem.
524 2860 693 2927 Quare
729 2862 962 2917 clanculo
1005 2862 1298 2931 discessisti,
1330 2873 1377 2917 et
1417 2880 1527 2919 mea
1553 2864 1728 2935 furtim
1758 2865 1931 2918 abstu-

342 2952 448 3005 listi
469 2994 483 3016 ,
529 2962 576 3007 et
619 2954 876 3009 abduxisti
921 2955 1058 3025 ﬁlias
1097 2972 1234 3010 meas
1260 2958 1406 3028 quasi
1453 2960 1673 3027 captivas
1719 2957 1934 3028 gladio?

340 3045 520 3111 Quare
539 3087 555 3113 ,
585 3046 789 3117 inquit,
818 3046 919 3104 hoc
949 3048 1156 3104 fecisti?
1182 3050 1306 3120 quid
1338 3049 1548 3104 tandem
1576 3051 1629 3104 in
1660 3052 1934 3121 proposito

344 3138 620 3193 habuisti?
648 3155 814 3209 quare
859 3142 935 3195 sic
974 3142 1184 3197 occulte
1226 3141 1424 3212 parasti
1461 3140 1800 3197 discessum?
1842 3143 1931 3197 27.

344 3231 487 3285 Nam
514 3232 558 3286 si
583 3234 938 3288 annuntiasses
966 3234 1091 3287 mihi
1115 3275 1129 3300 ,
1161 3250 1275 3288 cum
1302 3250 1484 3305 magno
1512 3234 1700 3289 honore
1724 3244 1770 3288 et
1799 3235 1931 3289 ιωιὶ-

340 3325 414 3376 tia
441 3325 645 3394 fuissem
672 3334 719 3380 te
742 3336 1091 3395 prosequutus.
1122 3327 1410 3381 Enimvero
1439 3326 1482 3381 si
1509 3326 1611 3383 hoc
1634 3326 1931 3396 scivissem,

334 3415 471 3468 Cum
500 3416 735 3483 musicis,
768 3426 814 3470 et
844 3418 1095 3487 tympanis
1130 3426 1175 3471 et
1205 3417 1403 3471 cithara
1450 3426 1781 3487 prosequutus
1809 3418 1935 3487 fuis-

338 3524 446 3559 sem
465 3517 530 3561 te.
555 3506 644 3562 28.
667 3506 787 3561 Non
802 3524 914 3561 sum
940 3508 1123 3579 dignus
1149 3509 1349 3562 habitus
1372 3509 1590 3562 osculari
1608 3508 1744 3576 ﬁlias
1766 3525 1932 3563 meas:

338 3616 478 3651 nunc
515 3609 686 3653 autem
728 3599 1019 3668 insipienter
1061 3600 1222 3670 egisti.
1268 3598 1430 3655 Vides
1480 3599 1750 3669 quomodo
1794 3615 1934 3655 nunc

326 3689 694 3757 semetipsum
734 3691 928 3759 arguit,
979 3699 1032 3744 et
1076 3706 1170 3760 per
1212 3690 1447 3761 linguam
1490 3704 1643 3745 suam
1700 3689 1930 3757 fatetur,

338 3795 465 3835 sese
494 3782 706 3851 quidem
729 3782 934 3850 justum
953 3783 1093 3836 male
1115 3782 1328 3837 afficere
1357 3790 1597 3852 paratum
1625 3782 1808 3850 fuisse,
1842 3783 1932 3838 Dei

338 3880 525 3925 autem
560 3872 945 3939 providentiam
966 3914 982 3940 ,
1013 3888 1042 3927 a
1070 3873 1345 3930 molimine
1373 3887 1470 3928 suo
1497 3873 1669 3943 ipsum
1704 3872 1931 3943 impedi-

343 3962 509 4016 visse.
536 3962 625 4016 29.
662 3962 852 4029 Potest,
882 3964 1071 4033 inquit,
1102 3979 1282 4017 manus
1308 3979 1418 4017 mea
1438 3972 1486 4017 te
1518 3964 1768 4033 afﬂigere;
1793 3961 1933 4017 Deus

337 4064 513 4107 autem
543 4055 701 4124 patris
727 4056 801 4109 tui
827 4055 937 4109 heri
960 4056 1084 4109 mihi
1109 4055 1274 4109 dixit:
1301 4055 1432 4110 Cave
1456 4056 1541 4109 tibi
1572 4056 1688 4125 ipsi,
1720 4072 1783 4109 ne
1804 4060 1934 4125 forte

337 4147 569 4215 loquaris
596 4163 712 4200 cum
733 4145 895 4201 Iacob
919 4148 1073 4201 mala.
1105 4146 1289 4218 Cogita
1318 4148 1402 4204 hic
1429 4157 1625 4219 quanta
1650 4164 1771 4205 cum
1806 4165 1933 4204 con-

337 4238 605 4294 selatione
625 4238 753 4310 justi
784 4239 977 4295 emissa
1007 4239 1201 4295 fuerint
1228 4240 1343 4295 haec
1369 4242 1550 4307 verba,
1574 4249 1628 4296 et
1654 4241 1932 4297 considera

336 4330 613 4400 quomodo
641 4331 727 4386 hic
754 4330 943 4386 cffatur
969 4347 1087 4402 quae
1112 4332 1371 4388 adversus
1392 4333 1593 4403 justum
1614 4333 1930 4400 decreverit,

336 4435 394 4479 et
414 4424 644 4494 qualiter
663 4439 785 4480 eum
807 4425 1263 4494 comprehendere
1287 4426 1525 4490 voluerit,
1554 4441 1718 4495 seque
1745 4426 1934 4482 timore

339 4517 439 4572 Dei
459 4532 489 4570 a
521 4518 675 4572 malis
700 4519 937 4573 consiliis
962 4517 1255 4573 cohibitum
1285 4518 1467 4573 fuisse.
1492 4517 1629 4573 Deus
1657 4518 1814 4586 patris
1838 4521 1930 4587 tui,

338 4609 533 4678 inquit.
568 4607 696 4663 Vide
721 4608 988 4679 quomodo
1010 4609 1123 4678 ipse
1147 4608 1329 4665 Labau
1351 4624 1455 4663 non
1483 4624 1669 4679 parum
1694 4609 1934 4665 utilitatis

336 4699 468 4752 hinc
487 4699 820 4769 perceperit,
854 4700 1140 4753 maximam
1166 4714 1233 4753 ex
1262 4699 1325 4753 iis
1352 4715 1472 4768 quae
1508 4698 1610 4753 sibi
1648 4698 1788 4754 dicta
1817 4699 1931 4756 fue-

338 4801 470 4848 runt
497 4794 705 4848 virtutis
737 4793 831 4846 Dei
866 4793 1137 4863 accipiens
1176 4791 1706 4847 demonstrationem.
1738 4793 1931 4847 Verum

335 4885 463 4954 quia
485 4894 541 4940 et
555 4893 630 4951 tu,
653 4884 843 4955 inquit,
865 4885 964 4940 hoc
981 4884 1287 4951 decrevisti,
1307 4894 1359 4939 et
1376 4885 1517 4939 Deus
1533 4893 1614 4940 est
1629 4886 1715 4955 qui
1735 4894 1931 4940 tantam

337 4978 417 5031 tui
439 4992 619 5032 curam
635 4979 792 5048 gerit,
816 4978 905 5033 50.
933 4977 1085 5031 Nunc
1102 4977 1256 5048 igitur
1276 4976 1434 5031 vade:
1457 4992 1639 5047 magno
1660 4977 1792 5031 enim
1809 4976 1935 5031 desi-

335 5073 483 5126 derio
506 5072 805 5126 desiderasti
818 5071 957 5126 abire
972 5072 1023 5125 in
1040 5071 1245 5125 domum
1262 5071 1420 5141 patris
1432 5070 1526 5123 tui.
1554 5069 1721 5135 Quare
1735 5069 1933 5139 furatus

334 5181 389 5215 es
410 5164 533 5217 deos
552 5179 686 5216 meos
704 5163 726 5217 ?
747 5162 899 5228 Esto,
929 5162 1129 5232 inquit;
1158 5162 1260 5216 hoc
1280 5162 1585 5218 decreveris
1610 5170 1664 5215 ut
1689 5161 1848 5216 abeas
1878 5160 1931 5215 iu

331 5255 556 5309 domum
576 5252 736 5323 patris
752 5254 821 5307 tui
840 5270 852 5305 :
882 5267 1044 5322 quare
1060 5251 1189 5307 deos
1207 5267 1354 5307 meos
1368 5252 1569 5306 furatus
1584 5252 1676 5305 es?
1695 5252 1739 5305 0
1756 5251 1933 5321 ingen-

331 5358 445 5402 tem
464 5345 849 5415 insipientiam!
876 5345 1076 5399 talesne
1097 5355 1216 5397 sunt
1236 5344 1307 5397 dii
1329 5344 1426 5410 tui,
1442 5352 1498 5397 ut
1517 5343 1638 5413 quis
1652 5358 1746 5399 eos
1764 5341 1931 5399 furari

330 5440 542 5509 queat?
568 5438 681 5492 Non
709 5437 984 5493 erubescis
1021 5435 1237 5501 dicens,
1270 5434 1439 5500 Quare
1478 5437 1676 5504 furatus
1719 5451 1772 5489 es
1812 5434 1931 5488 deos

333 5531 514 5585 meos?
544 5529 675 5583 Vide
702 5539 895 5598 quanta
928 5527 1027 5582 fuit
1064 5527 1262 5581 erroris
1287 5527 1527 5597 gravitas
1552 5567 1567 5590 ,
1616 5526 1743 5580 dum
1774 5526 1809 5580 ii
1839 5526 1928 5595 qui

334 5624 547 5679 ratione
580 5620 786 5690 praediti
821 5630 995 5686 erant,
1038 5618 1287 5675 colebant
1333 5616 1535 5687 lapides
1574 5627 1628 5672 et
1671 5617 1831 5687 ligna.
1863 5617 1929 5672 lli

404 5730 416 5759 ί
452 5724 569 5793 llaec
603 5723 756 5793 verba
781 5722 912 5793 ,_tll_i
965 5736 1080 5793 vero
1113 5722 1265 5793 [eram
1286 5719 1581 5793 inmunitate
1624 5728 1933 5793 superarunt,

335 5789 486 5857 αὐτοὶ.
515 5788 660 5899 δίιέὰ
684 5787 778 5835 τῶν
804 5786 973 5849 θηρίων
1015 5786 1144 5849 α’)τῴ
1193 5785 1349 5848 χεῖρον
1400 5785 1644 5846 διέθηκαν,
1672 5785 1851 5834 desunt
1885 5785 1937 5835 iu

337 5853 517 5900 multis
627 5863 668 5897 s.

337 5866 517 5902 {HUIUS
552 5866 668 5899 Μδδ.

2038 1399 2173 1466 ﬁlias
2198 1409 2310 1453 tuas
2335 1417 2366 1453 a
2392 1416 2486 1467 me,
2519 1412 2565 1454 et
2593 1402 2762 1455 omnia
2789 1419 2919 1455 mea.
2952 1402 3108 1470 Quia,
3143 1404 3345 1473 inquit,
3376 1403 3635 1459 videbam.

2034 1498 2089 1543 te
2134 1506 2239 1544 non
2270 1490 2408 1546 bene
2446 1508 2573 1561 erga
2620 1508 2709 1546 me
2747 1493 3030 1557 alfectum,
3060 1494 3249 1547 anxius
3290 1494 3359 1547 fui
3391 1509 3459 1548 ne
3489 1493 3626 1549 forte

2037 1584 2309 1639 enitareris
2338 1584 2546 1640 auferre
2578 1585 2709 1639 ﬁlias
2739 1595 2854 1639 tuas
2882 1594 2937 1640 et
2966 1585 3240 1641 facultates
3267 1602 3435 1650 meas,
3464 1596 3625 1657 atque

2039 1675 2248 1745 privare
2286 1691 2373 1731 me
2411 1676 2568 1742 meis,
2599 1677 2738 1731 sicut
2780 1676 3045 1745 quondam
3096 1676 3284 1731 fecisti.
3337 1675 3438 1730 Ista
3470 1677 3628 1747 igitur

2030 1779 2198 1820 causa
2224 1766 2429 1821 timoris
2456 1766 2579 1823 fecit
2598 1807 2613 1831 ,
2642 1775 2704 1821 ut
2724 1766 2871 1821 clam
2898 1775 2949 1822 te
2974 1766 3199 1821 abirem.
3227 1765 3492 1822 Caeterum
3534 1765 3621 1822 3‘2.

2037 1856 2189 1925 Apud
2212 1873 2357 1926 quem
2385 1857 2631 1911 inveneris
2657 1857 2775 1910 deos
2800 1866 2932 1923 tuos,
2961 1873 3061 1910 non
3090 1856 3216 1910 vivet
3244 1872 3417 1909 coram
3445 1856 3624 1925 fratri-

2036 1947 2129 2002 bus
2166 1949 2371 2005 nostris.
2400 1947 2558 2002 Vides
2584 1948 2859 2017 ignorasse
2902 1945 3069 2001 Iacob
3112 1948 3307 2000 furtum
3334 1961 3363 1998 a
3393 1945 3636 2000 Rachele-

2036 2041 2400 2096 commissum.
2424 2040 2559 2096 Vide
2586 2040 2729 2096 enim
2756 2048 2951 2109 quanta
2974 2038 3284 2093 austeritate
3307 2038 3625 2108 supplicium

2036 2132 2275 2188 decernit
2300 2132 2349 2187 ei
2371 2132 2460 2202 qui
2491 2131 2687 2186 furtum
2716 2130 3027 2185 admiserat.
3058 2129 3211 2199 Apud
3236 2145 3404 2198 quem,
3432 2128 3627 2198 inquit,

2037 2227 2225 2280 inventi
2253 2221 2461 2297 fuerint,
2502 2240 2602 2278 non
2628 2224 2751 2278 vivet
2768 2239 2947 2277 coram
2987 2222 3228 2292 fratribus
3254 2221 3458 2275 nostris.
3510 2220 3626 2275 Non

2037 2316 2209 2371 Solum
2231 2358 2247 2384 ,
2278 2316 2487 2387 inquit,
2518 2315 2641 2386 quia
2670 2314 2903 2369 ablatum
2927 2324 3037 2381 est,
3068 2313 3161 2368 sed
3190 2322 3245 2368 et
3281 2312 3404 2383 quia
3432 2312 3627 2367 furtum

2037 2409 2127 2481 qui
2160 2409 2363 2476 fucerit,
2397 2409 2736 2464 manifestum
2761 2410 2843 2463 sui
2871 2408 3054 2479 ﬂagitii
3087 2407 3339 2462 indicium
3368 2404 3624 2476 proferet.

2040 2503 2187 2558 Scias
2211 2503 2255 2556 si
2279 2501 2403 2572 quid
2431 2509 2502 2554 est
2532 2509 2735 2554 tuorum
2758 2500 2898 2567 apud
2928 2516 3024 2563 me,
3046 2508 3094 2552 et
3119 2499 3309 2568 accipe.
3338 2498 3637 2561 Scrutare,

2040 2594 2225 2664 inquit,
2261 2608 2386 2648 num
2429 2591 2555 2663 quid
2595 2589 2907 2646 abstulerim
2942 2588 3083 2659 quod
3109 2588 3175 2642 ad
3208 2603 3293 2643 me
3320 2602 3424 2642 non
3466 2587 3627 2656 perti-

2038 2687 2234 2740 nuerit.
2262 2683 2401 2738 Nihil
2427 2680 2570 2737 aliud
2605 2682 2659 2736 in
2685 2694 2771 2735 me
2790 2695 3013 2750 arguere
3044 2679 3264 2749 poteris,
3298 2693 3457 2748 quam
3482 2677 3625 2747 quod

2037 2777 2174 2831 clam
2200 2775 2420 2829 abierim
2446 2790 2459 2827 :
2489 2773 2665 2828 ethoc
2699 2787 2807 2826 non
2836 2778 3025 2841 sponte
3058 2769 3178 2835 feci,
3205 2768 3299 2824 sed
3323 2769 3637 2837 suspicatus.

2040 2866 2374 2936 injustitiam,
2402 2872 2456 2919 et
2485 2866 2680 2918 timens
2707 2877 2774 2917 ne
2801 2861 2967 2915 velles
2992 2858 3205 2915 auferre
3237 2859 3371 2913 tilias
3396 2866 3539 2924 tuas,
3573 2866 3632 2913 et.

2038 2959 2169 3013 alias
2195 2972 2343 3012 meas
2372 2955 2687 3020 facultates,
2719 2954 2763 3008 si
2800 2952 2852 3007 id
2896 2952 3145 3007 rescires.
3193 2951 3259 3006 Et
3288 2967 3389 3004 non
3426 2950 3633 3021 agnovit

2038 3050 2175 3121 apud
2204 3065 2319 3103 eum
2344 3047 2557 3116 aliquid.
2592 3044 2860 3099 Nesciebat
2884 3054 3051 3097 autem
3074 3042 3235 3097 Iacob
3263 3042 3399 3112 quod
3432 3041 3627 3095 Ilacltd

2038 3158 2167 3195 uxor
2192 3157 2285 3194 sua
2315 3140 2486 3209 furata
2514 3138 2688 3207 fuisset
2714 3154 2818 3190 eos.
2851 3137 2940 3191 55.
2970 3134 3236 3206 Ingressus
3261 3143 3429 3189 autem
3449 3132 3626 3187 Labau

2038 3241 2289 3286 scrutatus
2317 3239 2387 3283 est
2418 3230 2623 3283 domum
2650 3227 2792 3295 Liui,
2822 3237 2869 3281 et
2893 3243 2995 3280 non
3021 3226 3224 3279 invenit.
3265 3223 3531 3296 Ingressus
3555 3234 3628 3279 est

2037 3332 2202 3376 autent
2240 3332 2290 3375 et
2334 3322 2387 3374 in
2425 3320 2632 3373 domum
2669 3316 2881 3371 Rachel.
2923 3318 3011 3372 54.
3055 3316 3245 3370 Rachel
3277 3332 3392 3371 vero
3436 3316 3627 3385 accepit

2036 3414 2193 3480 idola,
2222 3424 2267 3467 et
2294 3411 2460 3482 posuit
2488 3427 2546 3463 ea
2571 3409 2739 3465 subter
2764 3418 3036 3461 stramenta
3056 3408 3393 3471 camelorum,
3424 3416 3471 3460 et
3499 3407 3627 3460 sedit

2038 3525 2187 3577 super
2228 3524 2306 3561 ea.
2340 3505 2405 3559 Et
2445 3504 2573 3558 dixit
2618 3503 2751 3573 patri
2779 3516 2912 3556 suo:
2942 3501 3030 3555 55.
3074 3498 3157 3553 Ne
3200 3500 3418 3568 graviter
3464 3499 3624 3568 feras,

2038 3602 2238 3655 domine
2264 3601 2330 3652 mi
2353 3615 2372 3651 :
2401 3614 2499 3651 non
2530 3612 2733 3667 possum
2762 3610 2965 3663 surgere
2988 3609 3163 3646 coram
3194 3603 3267 3658 te,
3298 3591 3418 3661 quia
3443 3606 3625 3645 secun—

2039 3696 2158 3747 dum
2183 3692 2591 3747 consuetudinem
2616 3689 2881 3743 mulierum
2909 3687 3032 3741 mihi
3053 3695 3142 3740 est.
3166 3685 3440 3741 Scrutatus
3460 3692 3627 3739 autem

2038 3796 2109 3840 est
2140 3784 2314 3838 Labau
2334 3785 2388 3838 in
2411 3791 2513 3836 tota
2533 3782 2682 3834 domo
2705 3781 2833 3851 ejus,
2866 3788 2911 3833 et
2935 3795 3035 3833 non
3065 3778 3270 3831 invenit.

2112 3878 2165 3932 6.
2209 3877 2395 3946 Magna
2442 3871 2691 3927 ltachelis
2739 3871 2975 3936 solertia,
3021 3885 3115 3938 per
3159 3884 3317 3937 quam
3373 3866 3628 3923 deludere

2042 3970 2209 4039 poruit
2238 3966 2532 4021 Labanum.
2563 3962 2797 4016 Audiant
2835 3961 2926 4031 qui
2972 3958 3150 4013 adhuc
3197 3956 3470 4012 erroribus
3505 3965 3628 4011 sunt

2038 4060 2259 4125 addicti,
2308 4066 2363 4112 et
2411 4054 2767 4110 idololatriam
2822 4051 2999 4122 magni
3056 4050 3273 4105 faciunt.
3339 4046 3520 4103 Posuit
3570 4065 3629 4102 ea

2037 4155 2205 4207 subter
2232 4159 2507 4205 stramenta
2535 4148 2867 4213 camelorum,
2921 4146 3114 4214 inquit.
3158 4154 3203 4199 et
3224 4142 3349 4197 sedit
3369 4158 3521 4212 super
3547 4158 3629 4197 ea.

2039 4245 2175 4314 Quid
2203 4244 2285 4299 his
2316 4244 2483 4315 magis
2509 4240 2835 4296 ridiculum?
2856 4238 2957 4307 Qui
2984 4238 3191 4293 ratione
3223 4236 3426 4307 praediti
3455 4244 3633 4299 erant,

2041 4344 2335 4412 et.tautam
2384 4331 2749 4389 misericordia
2782 4331 2876 4386 Dei
2915 4330 3187 4399 assequuti
3226 4328 3436 4382 fuerant
3459 4327 3629 4397 digni-

2042 4437 2201 4482 tatem
2228 4468 2243 4493 ,
2295 4425 2499 4495 lapides
2541 4439 2703 4479 sensu
2744 4435 2940 4476 vacuos
2980 4428 3167 4490 putant
3202 4417 3457 4473 colendos
3487 4435 3499 4471 :
3532 4433 3630 4471 nec

2042 4518 2204 4587 pudet
2232 4532 2346 4583 eos,
2377 4531 2475 4569 nec
2503 4524 2701 4568 tantam
2724 4526 2909 4566 secum
2943 4518 3190 4580 reputant
3218 4507 3628 4571 absurditatem,

2042 4611 2136 4665 sed
2162 4625 2191 4663 a
2219 4605 2613 4663 consuetudine
2657 4604 2805 4672 quasi
2835 4617 2964 4657 oves
3011 4598 3387 4654 abducuntur?
3429 4597 3630 4652 Idcirco

2042 4697 2236 4752 Paulus
2263 4709 2473 4765 quoque
2495 4691 2734 4746 scribens
2757 4689 2969 4744 dicebat
3002 4705 3014 4741 :
3044 4686 3199 4742 Scitis
3228 4686 3433 4755 quando
3460 4693 3635 4754 gentes

2044 4792 2223 4855 eratis,
2280 4789 2347 4841 ad
2390 4786 2528 4841 idola
2578 4794 2719 4838 mula
2763 4793 3032 4851 utcumque
3080 4780 3401 4834 ducebamini
3462 4787 3632 4834 euntes

2044 4885 2118 4955 (l.
2148 4883 2267 4939 Cor.
2295 4882 2379 4936 l2.
2410 4880 2493 4952 2).
2526 4879 2592 4933 Et
2618 4886 2761 4932 recte
2782 4876 2935 4940 dixit,
2970 4874 3136 4929 Muta.
3168 4872 3268 4939 Qui
3294 4888 3504 4937 vocem,
3547 4871 3629 4924 in-

2039 4976 2170 5045 quit,
2204 4973 2412 5029 habetis
2432 4980 2487 5027 et
2522 4985 2696 5034 aures,
2726 4976 2781 5024 et
2805 4967 3028 5023 rationis
3052 4967 3183 5021 estis
3224 4964 3528 5034 participes,
3560 4962 3628 5016 ad

2039 5083 2100 5123 ca
2127 5082 2246 5138 quae
2288 5065 2493 5121 nullum
2532 5077 2748 5119 sensum
2785 5060 3001 5126 habent,
3032 5061 3171 5114 sicut
3215 5058 3370 5111 bruta
3407 5053 3626 5108 abduci—

2039 5160 2190 5215 mini.
2247 5158 2316 5213 Et
2364 5157 2575 5228 qualem
2619 5153 2711 5225 qui
2738 5153 2873 5208 tales
2908 5160 3033 5207 sunt
3073 5148 3279 5204 veniam
3310 5142 3626 5200 merentur?

2038 5250 2144 5306 Sed
2176 5249 2450 5304 videamus
2471 5245 2739 5317 quomodo
2760 5245 2936 5314 justus
2977 5255 3120 5295 nunc
3167 5236 3415 5291 fiduciam
3460 5247 3622 5289 acce—

2038 5343 2197 5413 perit,
2227 5342 2421 5411 partim
2456 5354 2534 5395 cx
2579 5339 2643 5393 iis
2669 5351 2786 5406 quae
2841 5332 3020 5387 Laban
3060 5327 3338 5384 confessus
3363 5335 3467 5392 est,
3501 5339 3624 5393 par-

2040 5436 2132 5489 tim
2175 5433 2427 5503 quoniam
2497 5430 2702 5485 nullum
2755 5425 2958 5479 crimen
3005 5430 3190 5476 contra
3236 5432 3295 5472 se
3349 5418 3624 5471 invenerat

2038 5526 2453 5597 reprehensione
2504 5521 2717 5591 dignum
2749 5558 2764 5584 ,
2797 5514 2921 5585 quid
2973 5512 3148 5568 dicit?
3198 5510 3286 5567 '56.
3334 5507 3505 5562 Iratus
3555 5515 3627 5560 est

2036 5629 2222 5682 autem,
2255 5616 2443 5686 inquit,
2494 5611 2676 5675 Jacob,
2708 5619 2753 5663 et
2780 5606 3034 5662 contendit
3065 5620 3180 5657 cum
3221 5601 3417 5666 Labau,
3472 5610 3519 5652 et
3540 5600 3625 5651 αἰα-

2035 5714 2127 5763 ait.
2155 5706 2286 5759 Vide
2336 5702 2604 5775 quomodo
2652 5701 2812 5755 etiam
2858 5694 3245 5767 expostulando
3274 5694 3467 5748 anima:
3513 5706 3625 5745 Siue

2045 5801 2292 5854 virtutem
2322 5796 2538 5868 detegit.
2590 5795 2717 5861 Qua:
2750 5791 2999 5861 injustitia
3030 5806 3160 5857 mea,
3180 5786 3265 5843 vel
3292 5784 3427 5858 quod
3449 5800 3621 5856 φασιν
