  <div class='ocr_page' id='page_1' title='image "/cluster/home/n/w/nwhite01/storage/ocr_20150623/54:no.4:pt.2/coo.31924054869544/131.png"; bbox 0 0 3974 6418; ppageno 0'>
   <div class='ocr_carea' id='block_1_1' title="bbox 415 335 519 391">
    <p class='ocr_par' dir='ltr' id='par_1_1' title="bbox 415 335 519 391">
     <span class='ocr_line' id='line_1_1' title="bbox 415 335 519 391; baseline 0.019 -2"><span class='ocrx_word' id='word_1_1' title='bbox 415 335 519 391; x_wconf 75' lang='grc'><strong>503</strong></span> 
     </span>
    </p>
   </div>
   <div class='ocr_carea' id='block_1_2' title="bbox 406 448 1997 520">
    <p class='ocr_par' dir='ltr' id='par_1_2' title="bbox 406 448 1997 520">
     <span class='ocr_line' id='line_1_2' title="bbox 406 448 1997 520; baseline 0.004 -19"><span class='ocrx_word' id='word_1_2' title='bbox 406 464 510 502; x_wconf 83' lang='lat' dir='ltr'><strong>non</strong></span> <span class='ocrx_word' id='word_1_3' title='bbox 550 465 737 517; x_wconf 83' lang='lat' dir='ltr'><strong>meum,</strong></span> <span class='ocrx_word' id='word_1_4' title='bbox 786 448 978 520; x_wconf 86' lang='lat' dir='ltr'><strong>inquit,</strong></span> <span class='ocrx_word' id='word_1_5' title='bbox 1023 450 1158 519; x_wconf 88' lang='lat' dir='ltr'><strong>quod</strong></span> <span class='ocrx_word' id='word_1_6' title='bbox 1196 459 1526 519; x_wconf 70' lang='lat' dir='ltr'><strong>persequutus</strong></span> <span class='ocrx_word' id='word_1_7' title='bbox 1547 467 1600 505; x_wconf 91' lang='lat' dir='ltr'><strong>es</strong></span> <span class='ocrx_word' id='word_1_8' title='bbox 1628 451 1747 505; x_wconf 83' lang='lat' dir='ltr'><strong>me?</strong></span> <span class='ocrx_word' id='word_1_9' title='bbox 1797 451 1997 519; x_wconf 83' lang='lat' dir='ltr'><strong>Quare,</strong></span> 
     </span>
    </p>
   </div>
   <div class='ocr_carea' id='block_1_3' title="bbox 408 539 2001 612">
    <p class='ocr_par' dir='ltr' id='par_1_3' title="bbox 408 539 2001 612">
     <span class='ocr_line' id='line_1_3' title="bbox 408 539 2001 612; baseline 0.002 -20"><span class='ocrx_word' id='word_1_10' title='bbox 408 542 597 610; x_wconf 88' lang='lat' dir='ltr'><strong>inquit,</strong></span> <span class='ocrx_word' id='word_1_11' title='bbox 630 549 777 595; x_wconf 88' lang='lat' dir='ltr'><strong>tanto</strong></span> <span class='ocrx_word' id='word_1_12' title='bbox 805 540 1005 612; x_wconf 90' lang='lat' dir='ltr'><strong>impetu</strong></span> <span class='ocrx_word' id='word_1_13' title='bbox 1036 539 1326 595; x_wconf 88' lang='lat' dir='ltr'><strong>insectatus</strong></span> <span class='ocrx_word' id='word_1_14' title='bbox 1362 553 1423 593; x_wconf 90' lang='lat' dir='ltr'><strong>es</strong></span> <span class='ocrx_word' id='word_1_15' title='bbox 1472 540 1601 594; x_wconf 85' lang='lat' dir='ltr'><strong>me?</strong></span> <span class='ocrx_word' id='word_1_16' title='bbox 1652 541 1864 609; x_wconf 88' lang='lat' dir='ltr'><strong>qualem</strong></span> <span class='ocrx_word' id='word_1_17' title='bbox 1917 542 2001 595; x_wconf 86' lang='lat' dir='ltr'><strong>iu-</strong></span> 
     </span>
    </p>
   </div>
   <div class='ocr_carea' id='block_1_4' title="bbox 408 630 2003 702">
    <p class='ocr_par' dir='ltr' id='par_1_4' title="bbox 408 630 2003 702">
     <span class='ocr_line' id='line_1_4' title="bbox 408 630 2003 702; baseline 0.003 -19"><span class='ocrx_word' id='word_1_18' title='bbox 408 633 660 696; x_wconf 71' lang='lat' dir='ltr'><strong>iustitiam</strong></span> <span class='ocrx_word' id='word_1_19' title='bbox 714 632 842 687; x_wconf 91' lang='lat' dir='ltr'><strong>mibi</strong></span> <span class='ocrx_word' id='word_1_20' title='bbox 893 641 1043 702; x_wconf 90' lang='lat' dir='ltr'><strong>potes</strong></span> <span class='ocrx_word' id='word_1_21' title='bbox 1087 630 1456 702; x_wconf 79' lang='lat' dir='ltr'><strong>exprobrare?</strong></span> <span class='ocrx_word' id='word_1_22' title='bbox 1495 632 1651 701; x_wconf 83' lang='lat' dir='ltr'><strong>quale</strong></span> <span class='ocrx_word' id='word_1_23' title='bbox 1682 636 2003 702; x_wconf 83' lang='lat' dir='ltr'><strong>peccatum?</strong></span> 
     </span>
    </p>
   </div>
   <div class='ocr_carea' id='block_1_5' title="bbox 408 730 1999 803">
    <p class='ocr_par' dir='ltr' id='par_1_5' title="bbox 408 730 1999 803">
     <span class='ocr_line' id='line_1_5' title="bbox 408 730 1999 803; baseline 0.001 -21"><span class='ocrx_word' id='word_1_24' title='bbox 408 730 589 799; x_wconf 81' lang='lat' dir='ltr'><strong>Neque</strong></span> <span class='ocrx_word' id='word_1_25' title='bbox 617 731 667 786; x_wconf 89' lang='lat' dir='ltr'><strong>id</strong></span> <span class='ocrx_word' id='word_1_26' title='bbox 718 731 868 794; x_wconf 88' lang='lat' dir='ltr'><strong>satis,</strong></span> <span class='ocrx_word' id='word_1_27' title='bbox 896 731 998 785; x_wconf 87' lang='lat' dir='ltr'><strong>nisi</strong></span> <span class='ocrx_word' id='word_1_28' title='bbox 1045 741 1099 786; x_wconf 92' lang='lat' dir='ltr'><strong>et</strong></span> <span class='ocrx_word' id='word_1_29' title='bbox 1130 740 1333 787; x_wconf 90' lang='lat' dir='ltr'><strong>tantam</strong></span> <span class='ocrx_word' id='word_1_30' title='bbox 1378 732 1844 803; x_wconf 76' lang='lat' dir='ltr'><strong>superinduxisscs</strong></span> <span class='ocrx_word' id='word_1_31' title='bbox 1867 744 1999 784; x_wconf 88' lang='lat' dir='ltr'><strong>con-</strong></span> 
     </span>
    </p>
   </div>
   <div class='ocr_carea' id='block_1_6' title="bbox 409 822 1998 893">
    <p class='ocr_par' dir='ltr' id='par_1_6' title="bbox 409 822 1998 893">
     <span class='ocr_line' id='line_1_6' title="bbox 409 822 1998 893; baseline 0.001 -21"><span class='ocrx_word' id='word_1_32' title='bbox 409 831 462 872; x_wconf 92' lang='lat' dir='ltr'><strong>tu</strong></span> <span class='ocrx_word' id='word_1_33' title='bbox 489 822 699 881; x_wconf 66' lang='lat' dir='ltr'><strong>neliam,</strong></span> <span class='ocrx_word' id='word_1_34' title='bbox 744 830 799 875; x_wconf 91' lang='lat' dir='ltr'><strong>ut</strong></span> <span class='ocrx_word' id='word_1_35' title='bbox 829 824 1146 877; x_wconf 90' lang='lat' dir='ltr'><strong>scrutareris</strong></span> <span class='ocrx_word' id='word_1_36' title='bbox 1172 823 1350 877; x_wconf 85' lang='lat' dir='ltr'><strong>omnia</strong></span> <span class='ocrx_word' id='word_1_37' title='bbox 1400 840 1519 893; x_wconf 65' lang='lat' dir='ltr'><strong>quae</strong></span> <span class='ocrx_word' id='word_1_38' title='bbox 1564 824 1617 877; x_wconf 90' lang='lat' dir='ltr'><strong>in</strong></span> <span class='ocrx_word' id='word_1_39' title='bbox 1658 823 1819 877; x_wconf 91' lang='lat' dir='ltr'><strong>domo</strong></span> <span class='ocrx_word' id='word_1_40' title='bbox 1860 834 1998 874; x_wconf 90' lang='lat' dir='ltr'><strong>mea.</strong></span> 
     </span>
    </p>
   </div>
   <div class='ocr_carea' id='block_1_7' title="bbox 410 911 2003 985">
    <p class='ocr_par' dir='ltr' id='par_1_7' title="bbox 410 911 2003 985">
     <span class='ocr_line' id='line_1_7' title="bbox 410 911 2003 985; baseline -0.001 -20"><span class='ocrx_word' id='word_1_41' title='bbox 410 914 501 966; x_wconf 79' lang='grc'><strong>57.</strong></span> <span class='ocrx_word' id='word_1_42' title='bbox 532 912 666 978; x_wconf 86' lang='lat' dir='ltr'><strong>Quid</strong></span> <span class='ocrx_word' id='word_1_43' title='bbox 706 914 935 968; x_wconf 79' lang='lat' dir='ltr'><strong>invenisti</strong></span> <span class='ocrx_word' id='word_1_44' title='bbox 963 914 1025 967; x_wconf 90' lang='lat' dir='ltr'><strong>de</strong></span> <span class='ocrx_word' id='word_1_45' title='bbox 1052 915 1283 969; x_wconf 88' lang='lat' dir='ltr'><strong>oumibus</strong></span> <span class='ocrx_word' id='word_1_46' title='bbox 1310 916 1442 969; x_wconf 83' lang='lat' dir='ltr'><strong>vasis</strong></span> <span class='ocrx_word' id='word_1_47' title='bbox 1476 930 1589 985; x_wconf 74' lang='lat' dir='ltr'><strong>qua:</strong></span> <span class='ocrx_word' id='word_1_48' title='bbox 1614 914 1667 968; x_wconf 83' lang='lat' dir='ltr'><strong>in</strong></span> <span class='ocrx_word' id='word_1_49' title='bbox 1693 914 1841 968; x_wconf 91' lang='lat' dir='ltr'><strong>domo</strong></span> <span class='ocrx_word' id='word_1_50' title='bbox 1869 911 2003 965; x_wconf 81' lang='lat' dir='ltr'><strong>tua?</strong></span> 
     </span>
    </p>
   </div>
   <div class='ocr_carea' id='block_1_8' title="bbox 416 1002 2000 1075">
    <p class='ocr_par' dir='ltr' id='par_1_8' title="bbox 416 1002 2000 1075">
     <span class='ocr_line' id='line_1_8' title="bbox 416 1002 2000 1075; baseline 0 -20"><span class='ocrx_word' id='word_1_51' title='bbox 416 1002 558 1056; x_wconf 85' lang='lat' dir='ltr'><strong>Pone</strong></span> <span class='ocrx_word' id='word_1_52' title='bbox 586 1004 666 1057; x_wconf 84' lang='lat' dir='ltr'><strong>hic</strong></span> <span class='ocrx_word' id='word_1_53' title='bbox 694 1021 867 1058; x_wconf 89' lang='lat' dir='ltr'><strong>coram</strong></span> <span class='ocrx_word' id='word_1_54' title='bbox 899 1005 1140 1075; x_wconf 91' lang='lat' dir='ltr'><strong>fratribus</strong></span> <span class='ocrx_word' id='word_1_55' title='bbox 1170 1006 1269 1060; x_wconf 87' lang='lat' dir='ltr'><strong>tuis</strong></span> <span class='ocrx_word' id='word_1_56' title='bbox 1294 1016 1341 1059; x_wconf 91' lang='lat' dir='ltr'><strong>et</strong></span> <span class='ocrx_word' id='word_1_57' title='bbox 1362 1005 1609 1075; x_wconf 73' lang='lat' dir='ltr'><strong>fratribus</strong></span> <span class='ocrx_word' id='word_1_58' title='bbox 1648 1005 1793 1070; x_wconf 88' lang='lat' dir='ltr'><strong>meis,</strong></span> <span class='ocrx_word' id='word_1_59' title='bbox 1838 1012 1882 1057; x_wconf 90' lang='lat' dir='ltr'><strong>et</strong></span> <span class='ocrx_word' id='word_1_60' title='bbox 1912 1004 2000 1072; x_wconf 89' lang='lat' dir='ltr'><strong>ju-</strong></span> 
     </span>
    </p>
   </div>
   <div class='ocr_carea' id='block_1_9' title="bbox 407 1094 1997 1167">
    <p class='ocr_par' dir='ltr' id='par_1_9' title="bbox 407 1094 1997 1167">
     <span class='ocr_line' id='line_1_9' title="bbox 407 1094 1997 1167; baseline 0.002 -20"><span class='ocrx_word' id='word_1_61' title='bbox 407 1096 573 1149; x_wconf 82' lang='lat' dir='ltr'><strong>dicent</strong></span> <span class='ocrx_word' id='word_1_62' title='bbox 602 1097 732 1150; x_wconf 85' lang='lat' dir='ltr'><strong>inter</strong></span> <span class='ocrx_word' id='word_1_63' title='bbox 756 1113 849 1151; x_wconf 86' lang='lat' dir='ltr'><strong>nos</strong></span> <span class='ocrx_word' id='word_1_64' title='bbox 878 1097 1027 1151; x_wconf 88' lang='lat' dir='ltr'><strong>duos.</strong></span> <span class='ocrx_word' id='word_1_65' title='bbox 1059 1098 1252 1165; x_wconf 87' lang='lat' dir='ltr'><strong>Tanto,</strong></span> <span class='ocrx_word' id='word_1_66' title='bbox 1307 1098 1496 1167; x_wconf 87' lang='lat' dir='ltr'><strong>inquit,</strong></span> <span class='ocrx_word' id='word_1_67' title='bbox 1544 1097 1804 1153; x_wconf 91' lang='lat' dir='ltr'><strong>scrutinio</strong></span> <span class='ocrx_word' id='word_1_68' title='bbox 1834 1094 1997 1161; x_wconf 82' lang='lat' dir='ltr'><strong>facto,</strong></span> 
     </span>
    </p>
   </div>
   <div class='ocr_carea' id='block_1_10' title="bbox 413 1187 2000 1259">
    <p class='ocr_par' dir='ltr' id='par_1_10' title="bbox 413 1187 2000 1259">
     <span class='ocr_line' id='line_1_10' title="bbox 413 1187 2000 1259; baseline 0.003 -22"><span class='ocrx_word' id='word_1_69' title='bbox 413 1188 700 1255; x_wconf 83' lang='lat' dir='ltr'><strong>potuistine</strong></span> <span class='ocrx_word' id='word_1_70' title='bbox 754 1187 953 1258; x_wconf 89' lang='lat' dir='ltr'><strong>aliquid</strong></span> <span class='ocrx_word' id='word_1_71' title='bbox 1004 1187 1243 1243; x_wconf 89' lang='lat' dir='ltr'><strong>invenire</strong></span> <span class='ocrx_word' id='word_1_72' title='bbox 1287 1188 1429 1259; x_wconf 92' lang='lat' dir='ltr'><strong>quod</strong></span> <span class='ocrx_word' id='word_1_73' title='bbox 1472 1188 1539 1243; x_wconf 88' lang='lat' dir='ltr'><strong>ad</strong></span> <span class='ocrx_word' id='word_1_74' title='bbox 1591 1203 1677 1244; x_wconf 91' lang='lat' dir='ltr'><strong>me</strong></span> <span class='ocrx_word' id='word_1_75' title='bbox 1713 1202 1819 1243; x_wconf 91' lang='lat' dir='ltr'><strong>non</strong></span> <span class='ocrx_word' id='word_1_76' title='bbox 1876 1188 2000 1242; x_wconf 87' lang='lat' dir='ltr'><strong>atti-</strong></span> 
     </span>
    </p>
   </div>
   <div class='ocr_carea' id='block_1_11' title="bbox 407 1278 2001 1350">
    <p class='ocr_par' dir='ltr' id='par_1_11' title="bbox 407 1278 2001 1350">
     <span class='ocr_line' id='line_1_11' title="bbox 407 1278 2001 1350; baseline 0.001 -18"><span class='ocrx_word' id='word_1_77' title='bbox 407 1286 552 1340; x_wconf 87' lang='lat' dir='ltr'><strong>neat,</strong></span> <span class='ocrx_word' id='word_1_78' title='bbox 609 1278 690 1333; x_wconf 93' lang='lat' dir='ltr'><strong>vel</strong></span> <span class='ocrx_word' id='word_1_79' title='bbox 718 1278 860 1349; x_wconf 92' lang='lat' dir='ltr'><strong>quod</strong></span> <span class='ocrx_word' id='word_1_80' title='bbox 890 1288 1037 1334; x_wconf 88' lang='lat' dir='ltr'><strong>tuum</strong></span> <span class='ocrx_word' id='word_1_81' title='bbox 1069 1280 1177 1335; x_wconf 85' lang='lat' dir='ltr'><strong>sit?</strong></span> <span class='ocrx_word' id='word_1_82' title='bbox 1202 1279 1256 1335; x_wconf 89' lang='lat' dir='ltr'><strong>Si</strong></span> <span class='ocrx_word' id='word_1_83' title='bbox 1283 1280 1553 1346; x_wconf 79' lang='lat' dir='ltr'><strong>invenisti,</strong></span> <span class='ocrx_word' id='word_1_84' title='bbox 1581 1279 1760 1350; x_wconf 77' lang='lat' dir='ltr'><strong>profer</strong></span> <span class='ocrx_word' id='word_1_85' title='bbox 1805 1279 1856 1333; x_wconf 92' lang='lat' dir='ltr'><strong>in</strong></span> <span class='ocrx_word' id='word_1_86' title='bbox 1886 1294 2001 1334; x_wconf 86' lang='lat' dir='ltr'><strong>me-</strong></span> 
     </span>
    </p>
   </div>
   <div class='ocr_carea' id='block_1_12' title="bbox 408 1372 1997 1443">
    <p class='ocr_par' dir='ltr' id='par_1_12' title="bbox 408 1372 1997 1443">
     <span class='ocr_line' id='line_1_12' title="bbox 408 1372 1997 1443; baseline 0 -18"><span class='ocrx_word' id='word_1_87' title='bbox 408 1372 577 1434; x_wconf 92' lang='lat' dir='ltr'><strong>dium,</strong></span> <span class='ocrx_word' id='word_1_88' title='bbox 617 1379 675 1425; x_wconf 92' lang='lat' dir='ltr'><strong>ut</strong></span> <span class='ocrx_word' id='word_1_89' title='bbox 730 1373 819 1441; x_wconf 92' lang='lat' dir='ltr'><strong>qui</strong></span> <span class='ocrx_word' id='word_1_90' title='bbox 862 1373 948 1427; x_wconf 84' lang='lat' dir='ltr'><strong>hic</strong></span> <span class='ocrx_word' id='word_1_91' title='bbox 991 1372 1189 1428; x_wconf 85' lang='lat' dir='ltr'><strong>adsunt</strong></span> <span class='ocrx_word' id='word_1_92' title='bbox 1230 1373 1370 1443; x_wconf 90' lang='lat' dir='ltr'><strong>apud</strong></span> <span class='ocrx_word' id='word_1_93' title='bbox 1414 1388 1503 1429; x_wconf 88' lang='lat' dir='ltr'><strong>me</strong></span> <span class='ocrx_word' id='word_1_94' title='bbox 1543 1382 1597 1429; x_wconf 92' lang='lat' dir='ltr'><strong>et</strong></span> <span class='ocrx_word' id='word_1_95' title='bbox 1631 1382 1704 1441; x_wconf 91' lang='lat' dir='ltr'><strong>te,</strong></span> <span class='ocrx_word' id='word_1_96' title='bbox 1738 1372 1997 1442; x_wconf 86' lang='lat' dir='ltr'><strong>judicium</strong></span> 
     </span>
    </p>
   </div>
   <div class='ocr_carea' id='block_1_13' title="bbox 418 1463 1997 1535">
    <p class='ocr_par' dir='ltr' id='par_1_13' title="bbox 418 1463 1997 1535">
     <span class='ocr_line' id='line_1_13' title="bbox 418 1463 1997 1535; baseline 0 -19"><span class='ocrx_word' id='word_1_97' title='bbox 418 1464 667 1517; x_wconf 75' lang='lat' dir='ltr'><strong>reddant.</strong></span> <span class='ocrx_word' id='word_1_98' title='bbox 712 1463 975 1531; x_wconf 90' lang='lat' dir='ltr'><strong>Quoniam</strong></span> <span class='ocrx_word' id='word_1_99' title='bbox 1001 1464 1133 1519; x_wconf 86' lang='lat' dir='ltr'><strong>vidit</strong></span> <span class='ocrx_word' id='word_1_100' title='bbox 1158 1479 1217 1519; x_wconf 90' lang='lat' dir='ltr'><strong>se</strong></span> <span class='ocrx_word' id='word_1_101' title='bbox 1247 1465 1574 1535; x_wconf 85' lang='lat' dir='ltr'><strong>inculpatum</strong></span> <span class='ocrx_word' id='word_1_102' title='bbox 1618 1465 1670 1519; x_wconf 90' lang='lat' dir='ltr'><strong>in</strong></span> <span class='ocrx_word' id='word_1_103' title='bbox 1710 1463 1957 1519; x_wconf 91' lang='lat' dir='ltr'><strong>omnibus</strong></span> <span class='ocrx_word' id='word_1_104' title='bbox 1982 1505 1997 1526; x_wconf 90' lang='lat'><strong>,</strong></span> 
     </span>
    </p>
   </div>
   <div class='ocr_carea' id='block_1_14' title="bbox 412 1553 1999 1624">
    <p class='ocr_par' dir='ltr' id='par_1_14' title="bbox 412 1553 1999 1624">
     <span class='ocr_line' id='line_1_14' title="bbox 412 1553 1999 1624; baseline 0.001 -19"><span class='ocrx_word' id='word_1_105' title='bbox 412 1568 603 1623; x_wconf 87' lang='lat' dir='ltr'><strong>magna</strong></span> <span class='ocrx_word' id='word_1_106' title='bbox 633 1563 843 1623; x_wconf 90' lang='lat' dir='ltr'><strong>sumpta</strong></span> <span class='ocrx_word' id='word_1_107' title='bbox 875 1554 1087 1619; x_wconf 82' lang='lat' dir='ltr'><strong>ﬁducia,</strong></span> <span class='ocrx_word' id='word_1_108' title='bbox 1138 1564 1417 1610; x_wconf 88' lang='lat' dir='ltr'><strong>enumerat</strong></span> <span class='ocrx_word' id='word_1_109' title='bbox 1457 1555 1711 1611; x_wconf 83' lang='lat' dir='ltr'><strong>beneﬁcia</strong></span> <span class='ocrx_word' id='word_1_110' title='bbox 1756 1570 1874 1624; x_wconf 73' lang='lat' dir='ltr'><strong>qua:</strong></span> <span class='ocrx_word' id='word_1_111' title='bbox 1926 1553 1999 1607; x_wconf 90' lang='lat' dir='ltr'><strong>illi</strong></span> 
     </span>
    </p>
   </div>
   <div class='ocr_carea' id='block_1_15' title="bbox 410 1644 2003 1715">
    <p class='ocr_par' dir='ltr' id='par_1_15' title="bbox 410 1644 2003 1715">
     <span class='ocr_line' id='line_1_15' title="bbox 410 1644 2003 1715; baseline 0 -18"><span class='ocrx_word' id='word_1_112' title='bbox 410 1658 508 1710; x_wconf 84' lang='lat' dir='ltr'><strong>per</strong></span> <span class='ocrx_word' id='word_1_113' title='bbox 546 1658 704 1698; x_wconf 88' lang='lat' dir='ltr'><strong>omne</strong></span> <span class='ocrx_word' id='word_1_114' title='bbox 751 1653 959 1715; x_wconf 82' lang='lat' dir='ltr'><strong>tempus</strong></span> <span class='ocrx_word' id='word_1_115' title='bbox 1005 1646 1264 1712; x_wconf 78' lang='lat' dir='ltr'><strong>exhibuit,</strong></span> <span class='ocrx_word' id='word_1_116' title='bbox 1314 1655 1369 1701; x_wconf 88' lang='lat' dir='ltr'><strong>et</strong></span> <span class='ocrx_word' id='word_1_117' title='bbox 1415 1646 1587 1715; x_wconf 89' lang='lat' dir='ltr'><strong>inquit</strong></span> <span class='ocrx_word' id='word_1_118' title='bbox 1618 1663 1634 1701; x_wconf 90' lang='lat'><strong>:</strong></span> <span class='ocrx_word' id='word_1_119' title='bbox 1666 1645 1755 1701; x_wconf 79' lang='grc'><strong>58.</strong></span> <span class='ocrx_word' id='word_1_120' title='bbox 1786 1644 1854 1698; x_wconf 75' lang='grc' dir='ltr'><strong>ιιι</strong></span> <span class='ocrx_word' id='word_1_121' title='bbox 1884 1652 2003 1699; x_wconf 88' lang='lat' dir='ltr'><strong>sunt</strong></span> 
     </span>
    </p>
   </div>
   <div class='ocr_carea' id='block_1_16' title="bbox 412 1734 1998 1805">
    <p class='ocr_par' dir='ltr' id='par_1_16' title="bbox 412 1734 1998 1805">
     <span class='ocr_line' id='line_1_16' title="bbox 412 1734 1998 1805; baseline 0.003 -20"><span class='ocrx_word' id='word_1_122' title='bbox 412 1734 585 1801; x_wconf 76' lang='lat' dir='ltr'><strong>viginti</strong></span> <span class='ocrx_word' id='word_1_123' title='bbox 608 1735 729 1787; x_wconf 87' lang='lat' dir='ltr'><strong>anni</strong></span> <span class='ocrx_word' id='word_1_124' title='bbox 748 1777 762 1798; x_wconf 94' lang='lat'><strong>,</strong></span> <span class='ocrx_word' id='word_1_125' title='bbox 794 1738 972 1805; x_wconf 84' lang='lat' dir='ltr'><strong>quibus</strong></span> <span class='ocrx_word' id='word_1_126' title='bbox 999 1746 1159 1790; x_wconf 85' lang='lat' dir='ltr'><strong>tecum</strong></span> <span class='ocrx_word' id='word_1_127' title='bbox 1185 1753 1315 1791; x_wconf 88' lang='lat' dir='ltr'><strong>sum.</strong></span> <span class='ocrx_word' id='word_1_128' title='bbox 1385 1737 1488 1791; x_wconf 86' lang='lat' dir='ltr'><strong>Pro</strong></span> <span class='ocrx_word' id='word_1_129' title='bbox 1514 1736 1695 1792; x_wconf 88' lang='lat' dir='ltr'><strong>labore</strong></span> <span class='ocrx_word' id='word_1_130' title='bbox 1722 1744 1800 1791; x_wconf 89' lang='lat' dir='ltr'><strong>tot</strong></span> <span class='ocrx_word' id='word_1_131' title='bbox 1828 1750 1998 1790; x_wconf 81' lang='lat' dir='ltr'><strong>anno-</strong></span> 
     </span>
    </p>
   </div>
   <div class='ocr_carea' id='block_1_17' title="bbox 411 1826 2003 1901">
    <p class='ocr_par' dir='ltr' id='par_1_17' title="bbox 411 1826 2003 1901">
     <span class='ocr_line' id='line_1_17' title="bbox 411 1826 2003 1901; baseline 0.003 -23"><span class='ocrx_word' id='word_1_132' title='bbox 411 1840 551 1893; x_wconf 89' lang='lat' dir='ltr'><strong>rum,</strong></span> <span class='ocrx_word' id='word_1_133' title='bbox 578 1826 796 1883; x_wconf 87' lang='lat' dir='ltr'><strong>haccine</strong></span> <span class='ocrx_word' id='word_1_134' title='bbox 825 1828 1014 1898; x_wconf 91' lang='lat' dir='ltr'><strong>dignus</strong></span> <span class='ocrx_word' id='word_1_135' title='bbox 1042 1846 1189 1885; x_wconf 87' lang='lat' dir='ltr'><strong>eram</strong></span> <span class='ocrx_word' id='word_1_136' title='bbox 1217 1831 1574 1886; x_wconf 84' lang='lat' dir='ltr'><strong>contumelia?</strong></span> <span class='ocrx_word' id='word_1_137' title='bbox 1600 1830 1669 1884; x_wconf 83' lang='lat' dir='ltr'><strong>Ili</strong></span> <span class='ocrx_word' id='word_1_138' title='bbox 1688 1832 1812 1885; x_wconf 74' lang='lat' dir='ltr'><strong>milii</strong></span> <span class='ocrx_word' id='word_1_139' title='bbox 1828 1830 2003 1901; x_wconf 82' lang='lat' dir='ltr'><strong>viginti</strong></span> 
     </span>
    </p>
   </div>
   <div class='ocr_carea' id='block_1_18' title="bbox 410 1918 2000 1994">
    <p class='ocr_par' dir='ltr' id='par_1_18' title="bbox 410 1918 2000 1994">
     <span class='ocr_line' id='line_1_18' title="bbox 410 1918 2000 1994; baseline 0.003 -24"><span class='ocrx_word' id='word_1_140' title='bbox 410 1919 554 1971; x_wconf 85' lang='lat' dir='ltr'><strong>anni.</strong></span> <span class='ocrx_word' id='word_1_141' title='bbox 607 1918 777 1974; x_wconf 85' lang='lat' dir='ltr'><strong>Hodie</strong></span> <span class='ocrx_word' id='word_1_142' title='bbox 814 1921 1001 1991; x_wconf 79' lang='lat' dir='ltr'><strong>viginti</strong></span> <span class='ocrx_word' id='word_1_143' title='bbox 1047 1936 1309 1977; x_wconf 91' lang='lat' dir='ltr'><strong>annorum</strong></span> <span class='ocrx_word' id='word_1_144' title='bbox 1351 1922 1615 1994; x_wconf 77' lang='lat' dir='ltr'><strong>complevi</strong></span> <span class='ocrx_word' id='word_1_145' title='bbox 1647 1924 1698 1977; x_wconf 91' lang='lat' dir='ltr'><strong>in</strong></span> <span class='ocrx_word' id='word_1_146' title='bbox 1722 1922 1885 1978; x_wconf 88' lang='lat' dir='ltr'><strong>domo</strong></span> <span class='ocrx_word' id='word_1_147' title='bbox 1913 1931 2000 1976; x_wconf 91' lang='lat' dir='ltr'><strong>tua</strong></span> 
     </span>
    </p>
   </div>
   <div class='ocr_carea' id='block_1_19' title="bbox 409 2011 1997 2087">
    <p class='ocr_par' dir='ltr' id='par_1_19' title="bbox 409 2011 1997 2087">
     <span class='ocr_line' id='line_1_19' title="bbox 409 2011 1997 2087; baseline 0.003 -25"><span class='ocrx_word' id='word_1_148' title='bbox 409 2024 713 2065; x_wconf 85' lang='lat' dir='ltr'><strong>numerum.</strong></span> <span class='ocrx_word' id='word_1_149' title='bbox 746 2011 875 2066; x_wconf 86' lang='lat' dir='ltr'><strong>Oves</strong></span> <span class='ocrx_word' id='word_1_150' title='bbox 902 2023 1003 2066; x_wconf 78' lang='lat' dir='ltr'><strong>tua:</strong></span> <span class='ocrx_word' id='word_1_151' title='bbox 1030 2022 1077 2068; x_wconf 88' lang='lat' dir='ltr'><strong>et</strong></span> <span class='ocrx_word' id='word_1_152' title='bbox 1102 2030 1272 2086; x_wconf 78' lang='lat' dir='ltr'><strong>capra:</strong></span> <span class='ocrx_word' id='word_1_153' title='bbox 1292 2024 1391 2069; x_wconf 79' lang='lat' dir='ltr'><strong>tute</strong></span> <span class='ocrx_word' id='word_1_154' title='bbox 1414 2016 1608 2069; x_wconf 83' lang='lat' dir='ltr'><strong>steriles</strong></span> <span class='ocrx_word' id='word_1_155' title='bbox 1635 2032 1736 2069; x_wconf 85' lang='lat' dir='ltr'><strong>non</strong></span> <span class='ocrx_word' id='word_1_156' title='bbox 1764 2019 1997 2087; x_wconf 79' lang='lat' dir='ltr'><strong>fuerunt,</strong></span> 
     </span>
    </p>
   </div>
   <div class='ocr_carea' id='block_1_20' title="bbox 407 2102 2000 2180">
    <p class='ocr_par' dir='ltr' id='par_1_20' title="bbox 407 2102 2000 2180">
     <span class='ocr_line' id='line_1_20' title="bbox 407 2102 2000 2180; baseline 0.008 -29"><span class='ocrx_word' id='word_1_157' title='bbox 407 2102 590 2154; x_wconf 91' lang='lat' dir='ltr'><strong>arietes</strong></span> <span class='ocrx_word' id='word_1_158' title='bbox 616 2104 781 2157; x_wconf 77' lang='lat' dir='ltr'><strong>ovium</strong></span> <span class='ocrx_word' id='word_1_159' title='bbox 807 2114 1009 2160; x_wconf 90' lang='lat' dir='ltr'><strong>tuarum</strong></span> <span class='ocrx_word' id='word_1_160' title='bbox 1035 2124 1135 2161; x_wconf 85' lang='lat' dir='ltr'><strong>non</strong></span> <span class='ocrx_word' id='word_1_161' title='bbox 1161 2109 1357 2162; x_wconf 84' lang='lat' dir='ltr'><strong>comedi</strong></span> <span class='ocrx_word' id='word_1_162' title='bbox 1387 2124 1405 2163; x_wconf 91' lang='lat'><strong><em>:</em></strong></span> <span class='ocrx_word' id='word_1_163' title='bbox 1431 2108 1523 2164; x_wconf 75' lang='lat'><strong>39.</strong></span> <span class='ocrx_word' id='word_1_164' title='bbox 1578 2120 1785 2178; x_wconf 88' lang='lat' dir='ltr'><strong>captum</strong></span> <span class='ocrx_word' id='word_1_165' title='bbox 1823 2126 1855 2163; x_wconf 91' lang='lat' dir='ltr'><strong>a</strong></span> <span class='ocrx_word' id='word_1_166' title='bbox 1890 2109 2000 2180; x_wconf 86' lang='lat' dir='ltr'><strong>fera</strong></span> 
     </span>
    </p>
   </div>
   <div class='ocr_carea' id='block_1_21' title="bbox 411 2191 2002 2269">
    <p class='ocr_par' dir='ltr' id='par_1_21' title="bbox 411 2191 2002 2269">
     <span class='ocr_line' id='line_1_21' title="bbox 411 2191 2002 2269; baseline 0.008 -28"><span class='ocrx_word' id='word_1_167' title='bbox 411 2191 500 2243; x_wconf 85' lang='lat' dir='ltr'><strong>tibi</strong></span> <span class='ocrx_word' id='word_1_168' title='bbox 528 2209 627 2245; x_wconf 86' lang='lat' dir='ltr'><strong>non</strong></span> <span class='ocrx_word' id='word_1_169' title='bbox 656 2195 823 2262; x_wconf 81' lang='lat' dir='ltr'><strong>attuli.</strong></span> <span class='ocrx_word' id='word_1_170' title='bbox 859 2194 969 2265; x_wconf 85' lang='lat' dir='ltr'><strong>Ego</strong></span> <span class='ocrx_word' id='word_1_171' title='bbox 999 2198 1221 2268; x_wconf 82' lang='lat' dir='ltr'><strong>satisfeci</strong></span> <span class='ocrx_word' id='word_1_172' title='bbox 1252 2198 1313 2252; x_wconf 85' lang='lat' dir='ltr'><strong>de</strong></span> <span class='ocrx_word' id='word_1_173' title='bbox 1333 2214 1461 2263; x_wconf 83' lang='lat' dir='ltr'><strong>utea,</strong></span> <span class='ocrx_word' id='word_1_174' title='bbox 1491 2199 1629 2268; x_wconf 86' lang='lat' dir='ltr'><strong>furta</strong></span> <span class='ocrx_word' id='word_1_175' title='bbox 1657 2199 1757 2252; x_wconf 88' lang='lat' dir='ltr'><strong>diei</strong></span> <span class='ocrx_word' id='word_1_176' title='bbox 1787 2210 1834 2253; x_wconf 89' lang='lat' dir='ltr'><strong>et</strong></span> <span class='ocrx_word' id='word_1_177' title='bbox 1862 2199 2002 2269; x_wconf 88' lang='lat' dir='ltr'><strong>furta</strong></span> 
     </span>
    </p>
   </div>
   <div class='ocr_carea' id='block_1_22' title="bbox 415 2284 2002 2363">
    <p class='ocr_par' dir='ltr' id='par_1_22' title="bbox 415 2284 2002 2363">
     <span class='ocr_line' id='line_1_22' title="bbox 415 2284 2002 2363; baseline 0.008 -29"><span class='ocrx_word' id='word_1_178' title='bbox 415 2284 598 2338; x_wconf 82' lang='lat' dir='ltr'><strong>noctis.</strong></span> <span class='ocrx_word' id='word_1_179' title='bbox 622 2284 709 2339; x_wconf 69' lang='grc'><strong>60.</strong></span> <span class='ocrx_word' id='word_1_180' title='bbox 743 2284 842 2340; x_wconf 90' lang='lat' dir='ltr'><strong>Die</strong></span> <span class='ocrx_word' id='word_1_181' title='bbox 866 2288 1049 2342; x_wconf 85' lang='lat' dir='ltr'><strong>urebar</strong></span> <span class='ocrx_word' id='word_1_182' title='bbox 1071 2299 1219 2355; x_wconf 81' lang='lat' dir='ltr'><strong>testu,</strong></span> <span class='ocrx_word' id='word_1_183' title='bbox 1245 2300 1293 2343; x_wconf 87' lang='lat' dir='ltr'><strong>et</strong></span> <span class='ocrx_word' id='word_1_184' title='bbox 1320 2300 1465 2345; x_wconf 84' lang='lat' dir='ltr'><strong>nocte</strong></span> <span class='ocrx_word' id='word_1_185' title='bbox 1488 2292 1624 2363; x_wconf 87' lang='lat' dir='ltr'><strong>gelu,</strong></span> <span class='ocrx_word' id='word_1_186' title='bbox 1647 2301 1693 2346; x_wconf 88' lang='lat' dir='ltr'><strong>et</strong></span> <span class='ocrx_word' id='word_1_187' title='bbox 1719 2292 2002 2347; x_wconf 83' lang='lat' dir='ltr'><strong>discedebat</strong></span> 
     </span>
    </p>
   </div>
   <div class='ocr_carea' id='block_1_23' title="bbox 409 2378 1999 2456">
    <p class='ocr_par' dir='ltr' id='par_1_23' title="bbox 409 2378 1999 2456">
     <span class='ocr_line' id='line_1_23' title="bbox 409 2378 1999 2456; baseline 0.009 -30"><span class='ocrx_word' id='word_1_188' title='bbox 409 2390 618 2430; x_wconf 83' lang='lat' dir='ltr'><strong>somnus</strong></span> <span class='ocrx_word' id='word_1_189' title='bbox 655 2378 720 2432; x_wconf 87' lang='lat' dir='ltr'><strong>ab</strong></span> <span class='ocrx_word' id='word_1_190' title='bbox 767 2380 927 2435; x_wconf 86' lang='lat' dir='ltr'><strong>oculis</strong></span> <span class='ocrx_word' id='word_1_191' title='bbox 972 2381 1112 2437; x_wconf 87' lang='lat' dir='ltr'><strong>meis.</strong></span> <span class='ocrx_word' id='word_1_192' title='bbox 1152 2381 1361 2438; x_wconf 87' lang='lat' dir='ltr'><strong>Oblitus</strong></span> <span class='ocrx_word' id='word_1_193' title='bbox 1390 2398 1465 2449; x_wconf 85' lang='lat' dir='ltr'><strong>es,</strong></span> <span class='ocrx_word' id='word_1_194' title='bbox 1517 2385 1707 2456; x_wconf 90' lang='lat' dir='ltr'><strong>inquit,</strong></span> <span class='ocrx_word' id='word_1_195' title='bbox 1760 2386 1999 2441; x_wconf 89' lang='lat' dir='ltr'><strong>laborum</strong></span> 
     </span>
    </p>
   </div>
   <div class='ocr_carea' id='block_1_24' title="bbox 410 2469 1998 2547">
    <p class='ocr_par' dir='ltr' id='par_1_24' title="bbox 410 2469 1998 2547">
     <span class='ocr_line' id='line_1_24' title="bbox 410 2469 1998 2547; baseline 0.009 -31"><span class='ocrx_word' id='word_1_196' title='bbox 410 2479 547 2533; x_wconf 87' lang='lat' dir='ltr'><strong>quos</strong></span> <span class='ocrx_word' id='word_1_197' title='bbox 592 2469 857 2524; x_wconf 83' lang='lat' dir='ltr'><strong>exautlavi</strong></span> <span class='ocrx_word' id='word_1_198' title='bbox 905 2486 1131 2542; x_wconf 82' lang='lat' dir='ltr'><strong>pascens</strong></span> <span class='ocrx_word' id='word_1_199' title='bbox 1177 2487 1306 2529; x_wconf 89' lang='lat' dir='ltr'><strong>oves</strong></span> <span class='ocrx_word' id='word_1_200' title='bbox 1356 2482 1473 2529; x_wconf 87' lang='lat' dir='ltr'><strong>tuas</strong></span> <span class='ocrx_word' id='word_1_201' title='bbox 1518 2484 1571 2530; x_wconf 93' lang='lat' dir='ltr'><strong>et</strong></span> <span class='ocrx_word' id='word_1_202' title='bbox 1607 2477 1837 2547; x_wconf 86' lang='lat' dir='ltr'><strong>capras?</strong></span> <span class='ocrx_word' id='word_1_203' title='bbox 1864 2476 1998 2531; x_wconf 84' lang='lat' dir='ltr'><strong>Num</strong></span> 
     </span>
    </p>
   </div>
   <div class='ocr_carea' id='block_1_25' title="bbox 413 2562 2000 2635">
    <p class='ocr_par' dir='ltr' id='par_1_25' title="bbox 413 2562 2000 2635">
     <span class='ocr_line' id='line_1_25' title="bbox 413 2562 2000 2635; baseline 0.008 -26"><span class='ocrx_word' id='word_1_204' title='bbox 413 2568 563 2623; x_wconf 77' lang='lat' dir='ltr'><strong>potes</strong></span> <span class='ocrx_word' id='word_1_205' title='bbox 583 2574 807 2627; x_wconf 80' lang='lat' dir='ltr'><strong>arguere</strong></span> <span class='ocrx_word' id='word_1_206' title='bbox 842 2562 983 2631; x_wconf 90' lang='lat' dir='ltr'><strong>quod</strong></span> <span class='ocrx_word' id='word_1_207' title='bbox 1014 2579 1263 2635; x_wconf 89' lang='lat' dir='ltr'><strong>umquam</strong></span> <span class='ocrx_word' id='word_1_208' title='bbox 1293 2579 1422 2619; x_wconf 86' lang='lat' dir='ltr'><strong>oves</strong></span> <span class='ocrx_word' id='word_1_209' title='bbox 1449 2566 1530 2620; x_wconf 89' lang='lat' dir='ltr'><strong>vel</strong></span> <span class='ocrx_word' id='word_1_210' title='bbox 1560 2581 1734 2635; x_wconf 69' lang='lat' dir='ltr'><strong>capra:</strong></span> <span class='ocrx_word' id='word_1_211' title='bbox 1762 2575 1864 2621; x_wconf 74' lang='lat' dir='ltr'><strong>tum</strong></span> <span class='ocrx_word' id='word_1_212' title='bbox 1884 2567 2000 2623; x_wconf 81' lang='lat' dir='ltr'><strong>fue—</strong></span> 
     </span>
    </p>
   </div>
   <div class='ocr_carea' id='block_1_26' title="bbox 411 2647 1999 2726">
    <p class='ocr_par' dir='ltr' id='par_1_26' title="bbox 411 2647 1999 2726">
     <span class='ocr_line' id='line_1_26' title="bbox 411 2647 1999 2726; baseline 0.012 -27"><span class='ocrx_word' id='word_1_213' title='bbox 411 2647 519 2703; x_wconf 88' lang='lat' dir='ltr'><strong>rint</strong></span> <span class='ocrx_word' id='word_1_214' title='bbox 545 2652 789 2707; x_wconf 83' lang='lat' dir='ltr'><strong>steriles?</strong></span> <span class='ocrx_word' id='word_1_215' title='bbox 845 2655 977 2710; x_wconf 82' lang='lat' dir='ltr'><strong>Vide</strong></span> <span class='ocrx_word' id='word_1_216' title='bbox 1006 2668 1258 2726; x_wconf 86' lang='lat' dir='ltr'><strong>quantam</strong></span> <span class='ocrx_word' id='word_1_217' title='bbox 1282 2658 1615 2714; x_wconf 87' lang='lat' dir='ltr'><strong>demonstrat</strong></span> <span class='ocrx_word' id='word_1_218' title='bbox 1639 2674 1667 2712; x_wconf 87' lang='lat' dir='ltr'><strong>a</strong></span> <span class='ocrx_word' id='word_1_219' title='bbox 1698 2660 1807 2714; x_wconf 92' lang='lat' dir='ltr'><strong>Deo</strong></span> <span class='ocrx_word' id='word_1_220' title='bbox 1834 2661 1999 2717; x_wconf 89' lang='lat' dir='ltr'><strong>bene-</strong></span> 
     </span>
    </p>
   </div>
   <div class='ocr_carea' id='block_1_27' title="bbox 413 2737 2002 2819">
    <p class='ocr_par' dir='ltr' id='par_1_27' title="bbox 413 2737 2002 2819">
     <span class='ocr_line' id='line_1_27' title="bbox 413 2737 2002 2819; baseline 0.013 -31"><span class='ocrx_word' id='word_1_221' title='bbox 413 2737 697 2795; x_wconf 82' lang='lat' dir='ltr'><strong>volentiam</strong></span> <span class='ocrx_word' id='word_1_222' title='bbox 736 2746 1022 2813; x_wconf 88' lang='lat' dir='ltr'><strong>contigisse</strong></span> <span class='ocrx_word' id='word_1_223' title='bbox 1063 2748 1245 2803; x_wconf 91' lang='lat' dir='ltr'><strong>domui</strong></span> <span class='ocrx_word' id='word_1_224' title='bbox 1276 2748 1452 2802; x_wconf 86' lang='lat' dir='ltr'><strong>Laban</strong></span> <span class='ocrx_word' id='word_1_225' title='bbox 1480 2758 1699 2819; x_wconf 86' lang='lat' dir='ltr'><strong>propter</strong></span> <span class='ocrx_word' id='word_1_226' title='bbox 1727 2768 1880 2807; x_wconf 89' lang='lat' dir='ltr'><strong>suum</strong></span> <span class='ocrx_word' id='word_1_227' title='bbox 1906 2752 2002 2808; x_wconf 88' lang='lat' dir='ltr'><strong>ad-</strong></span> 
     </span>
    </p>
   </div>
   <div class='ocr_carea' id='block_1_28' title="bbox 413 2832 2001 2918">
    <p class='ocr_par' dir='ltr' id='par_1_28' title="bbox 413 2832 2001 2918">
     <span class='ocr_line' id='line_1_28' title="bbox 413 2832 2001 2918; baseline 0.014 -40"><span class='ocrx_word' id='word_1_228' title='bbox 413 2838 651 2885; x_wconf 84' lang='lat' dir='ltr'><strong>ventum.</strong></span> <span class='ocrx_word' id='word_1_229' title='bbox 686 2832 799 2888; x_wconf 92' lang='lat' dir='ltr'><strong>lloc</strong></span> <span class='ocrx_word' id='word_1_230' title='bbox 823 2837 965 2890; x_wconf 90' lang='lat' dir='ltr'><strong>enim</strong></span> <span class='ocrx_word' id='word_1_231' title='bbox 994 2850 1076 2893; x_wconf 90' lang='lat' dir='ltr'><strong>est</strong></span> <span class='ocrx_word' id='word_1_232' title='bbox 1106 2840 1158 2894; x_wconf 90' lang='lat' dir='ltr'><strong>id</strong></span> <span class='ocrx_word' id='word_1_233' title='bbox 1189 2843 1330 2911; x_wconf 89' lang='lat' dir='ltr'><strong>quod</strong></span> <span class='ocrx_word' id='word_1_234' title='bbox 1360 2853 1414 2900; x_wconf 89' lang='lat' dir='ltr'><strong>et</strong></span> <span class='ocrx_word' id='word_1_235' title='bbox 1441 2860 1599 2918; x_wconf 90' lang='lat' dir='ltr'><strong>supra</strong></span> <span class='ocrx_word' id='word_1_236' title='bbox 1619 2846 1830 2902; x_wconf 89' lang='lat' dir='ltr'><strong>dicebat</strong></span> <span class='ocrx_word' id='word_1_237' title='bbox 1862 2865 1874 2901; x_wconf 92' lang='lat'>:</span> <span class='ocrx_word' id='word_1_238' title='bbox 1905 2846 2001 2901; x_wconf 87' lang='lat' dir='ltr'><strong>Be-</strong></span> 
     </span>
    </p>
   </div>
   <div class='ocr_carea' id='block_1_29' title="bbox 414 2919 2001 2999">
    <p class='ocr_par' dir='ltr' id='par_1_29' title="bbox 414 2919 2001 2999">
     <span class='ocr_line' id='line_1_29' title="bbox 414 2919 2001 2999; baseline 0.015 -30"><span class='ocrx_word' id='word_1_239' title='bbox 414 2919 606 2973; x_wconf 75' lang='lat' dir='ltr'><strong>uedixit</strong></span> <span class='ocrx_word' id='word_1_240' title='bbox 631 2931 678 2975; x_wconf 89' lang='lat' dir='ltr'><strong>te</strong></span> <span class='ocrx_word' id='word_1_241' title='bbox 703 2922 839 2979; x_wconf 87' lang='lat' dir='ltr'><strong>Deus</strong></span> <span class='ocrx_word' id='word_1_242' title='bbox 864 2928 934 2980; x_wconf 89' lang='lat' dir='ltr'><strong>ad</strong></span> <span class='ocrx_word' id='word_1_243' title='bbox 961 2930 1138 2999; x_wconf 85' lang='lat' dir='ltr'><strong>pedem</strong></span> <span class='ocrx_word' id='word_1_244' title='bbox 1164 2950 1351 2989; x_wconf 89' lang='lat' dir='ltr'><strong>meum.</strong></span> <span class='ocrx_word' id='word_1_245' title='bbox 1401 2936 1513 2992; x_wconf 84' lang='lat' dir='ltr'><strong>Hoc</strong></span> <span class='ocrx_word' id='word_1_246' title='bbox 1562 2939 1704 2993; x_wconf 90' lang='lat' dir='ltr'><strong>enim</strong></span> <span class='ocrx_word' id='word_1_247' title='bbox 1752 2940 1928 2993; x_wconf 89' lang='lat' dir='ltr'><strong>nullus</strong></span> <span class='ocrx_word' id='word_1_248' title='bbox 1969 2952 2001 2993; x_wconf 84' lang='lat' dir='ltr'><strong>a</strong></span> 
     </span>
    </p>
   </div>
   <div class='ocr_carea' id='block_1_30' title="bbox 415 3014 2001 3097">
    <p class='ocr_par' dir='ltr' id='par_1_30' title="bbox 415 3014 2001 3097">
     <span class='ocr_line' id='line_1_30' title="bbox 415 3014 2001 3097; baseline 0.015 -36"><span class='ocrx_word' id='word_1_249' title='bbox 415 3018 628 3076; x_wconf 85' lang='lat' dir='ltr'><strong>pastore</strong></span> <span class='ocrx_word' id='word_1_250' title='bbox 669 3014 928 3085; x_wconf 81' lang='lat' dir='ltr'><strong>exigeret.</strong></span> <span class='ocrx_word' id='word_1_251' title='bbox 976 3018 1160 3091; x_wconf 87' lang='lat' dir='ltr'><strong>Neque</strong></span> <span class='ocrx_word' id='word_1_252' title='bbox 1198 3025 1340 3079; x_wconf 90' lang='lat' dir='ltr'><strong>enim</strong></span> <span class='ocrx_word' id='word_1_253' title='bbox 1394 3029 1675 3097; x_wconf 86' lang='lat' dir='ltr'><strong>pastoralis</strong></span> <span class='ocrx_word' id='word_1_254' title='bbox 1720 3030 1849 3084; x_wconf 87' lang='lat' dir='ltr'><strong>artis</strong></span> <span class='ocrx_word' id='word_1_255' title='bbox 1900 3029 2001 3086; x_wconf 86' lang='lat' dir='ltr'><strong>hoc</strong></span> 
     </span>
    </p>
   </div>
   <div class='ocr_carea' id='block_1_31' title="bbox 413 3108 2000 3200">
    <p class='ocr_par' dir='ltr' id='par_1_31' title="bbox 413 3108 2000 3200">
     <span class='ocr_line' id='line_1_31' title="bbox 413 3108 2000 3200; baseline 0.019 -47"><span class='ocrx_word' id='word_1_256' title='bbox 413 3115 547 3200; x_wconf 75' lang='lat' dir='ltr'><strong>opus</strong></span> <span class='ocrx_word' id='word_1_257' title='bbox 576 3108 799 3200; x_wconf 32' lang='lat' dir='ltr'><strong>esus-ed</strong></span> <span class='ocrx_word' id='word_1_258' title='bbox 828 3121 1051 3169; x_wconf 63' lang='lat' dir='ltr'><strong>natura).</strong></span> <span class='ocrx_word' id='word_1_259' title='bbox 1098 3115 1389 3186; x_wconf 87' lang='lat' dir='ltr'><strong>Propterea</strong></span> <span class='ocrx_word' id='word_1_260' title='bbox 1412 3132 1536 3179; x_wconf 91' lang='lat' dir='ltr'><strong>ante</strong></span> <span class='ocrx_word' id='word_1_261' title='bbox 1564 3125 1743 3179; x_wconf 90' lang='lat' dir='ltr'><strong>omnia</strong></span> <span class='ocrx_word' id='word_1_262' title='bbox 1774 3124 1876 3180; x_wconf 91' lang='lat' dir='ltr'><strong>hoc</strong></span> <span class='ocrx_word' id='word_1_263' title='bbox 1904 3140 2000 3196; x_wconf 86' lang='lat' dir='ltr'><strong>po-</strong></span> 
     </span>
    </p>
   </div>
   <div class='ocr_carea' id='block_1_32' title="bbox 415 3196 2000 3287">
    <p class='ocr_par' dir='ltr' id='par_1_32' title="bbox 415 3196 2000 3287">
     <span class='ocr_line' id='line_1_32' title="bbox 415 3196 2000 3287; baseline 0.02 -46"><span class='ocrx_word' id='word_1_264' title='bbox 415 3196 994 3287; x_wconf 39' lang='lat' dir='ltr'><strong>nit,uprovideutiaque</strong></span> <span class='ocrx_word' id='word_1_265' title='bbox 1018 3217 1247 3276; x_wconf 87' lang='lat' dir='ltr'><strong>superna</strong></span> <span class='ocrx_word' id='word_1_266' title='bbox 1272 3208 1466 3267; x_wconf 77' lang='lat' dir='ltr'><strong>factum</strong></span> <span class='ocrx_word' id='word_1_267' title='bbox 1496 3213 1599 3269; x_wconf 86' lang='lat' dir='ltr'><strong>hoc</strong></span> <span class='ocrx_word' id='word_1_268' title='bbox 1629 3213 1792 3272; x_wconf 84' lang='lat' dir='ltr'><strong>fuisse</strong></span> <span class='ocrx_word' id='word_1_269' title='bbox 1820 3216 1872 3270; x_wconf 91' lang='lat' dir='ltr'><strong>iu</strong></span> <span class='ocrx_word' id='word_1_270' title='bbox 1906 3232 2000 3287; x_wconf 90' lang='lat' dir='ltr'><strong>pe-</strong></span> 
     </span>
    </p>
   </div>
   <div class='ocr_carea' id='block_1_33' title="bbox 412 3283 1997 3363">
    <p class='ocr_par' dir='ltr' id='par_1_33' title="bbox 412 3283 1997 3363">
     <span class='ocr_line' id='line_1_33' title="bbox 412 3283 1997 3363; baseline 0.018 -28"><span class='ocrx_word' id='word_1_271' title='bbox 412 3283 638 3341; x_wconf 89' lang='lat' dir='ltr'><strong>cudibus</strong></span> <span class='ocrx_word' id='word_1_272' title='bbox 683 3292 935 3348; x_wconf 87' lang='lat' dir='ltr'><strong>ostendit.</strong></span> <span class='ocrx_word' id='word_1_273' title='bbox 980 3296 1173 3353; x_wconf 80' lang='lat' dir='ltr'><strong>Arietes</strong></span> <span class='ocrx_word' id='word_1_274' title='bbox 1212 3303 1378 3356; x_wconf 83' lang='lat' dir='ltr'><strong>ovium</strong></span> <span class='ocrx_word' id='word_1_275' title='bbox 1416 3315 1619 3360; x_wconf 89' lang='lat' dir='ltr'><strong>tuarum</strong></span> <span class='ocrx_word' id='word_1_276' title='bbox 1648 3324 1748 3363; x_wconf 88' lang='lat' dir='ltr'><strong>non</strong></span> <span class='ocrx_word' id='word_1_277' title='bbox 1784 3283 1997 3363; x_wconf 78' lang='lat' dir='ltr'><strong>comedi.</strong></span> 
     </span>
    </p>
   </div>
   <div class='ocr_carea' id='block_1_34' title="bbox 414 3374 1999 3466">
    <p class='ocr_par' dir='ltr' id='par_1_34' title="bbox 414 3374 1999 3466">
     <span class='ocr_line' id='line_1_34' title="bbox 414 3374 1999 3466; baseline 0.016 -39"><span class='ocrx_word' id='word_1_278' title='bbox 414 3374 548 3430; x_wconf 86' lang='lat' dir='ltr'><strong>Num</strong></span> <span class='ocrx_word' id='word_1_279' title='bbox 578 3388 749 3447; x_wconf 84' lang='lat' dir='ltr'><strong>potes,</strong></span> <span class='ocrx_word' id='word_1_280' title='bbox 777 3381 965 3454; x_wconf 88' lang='lat' dir='ltr'><strong>inquit,</strong></span> <span class='ocrx_word' id='word_1_281' title='bbox 990 3388 1166 3445; x_wconf 84' lang='lat' dir='ltr'><strong>dicere</strong></span> <span class='ocrx_word' id='word_1_282' title='bbox 1194 3393 1337 3461; x_wconf 91' lang='lat' dir='ltr'><strong>quod</strong></span> <span class='ocrx_word' id='word_1_283' title='bbox 1363 3395 1651 3466; x_wconf 87' lang='lat' dir='ltr'><strong>aliquando</strong></span> <span class='ocrx_word' id='word_1_284' title='bbox 1676 3400 1999 3455; x_wconf 89' lang='lat' dir='ltr'><strong>comederim</strong></span> 
     </span>
    </p>
   </div>
   <div class='ocr_carea' id='block_1_35' title="bbox 402 3470 1999 3560">
    <p class='ocr_par' dir='ltr' id='par_1_35' title="bbox 402 3470 1999 3560">
     <span class='ocr_line' id='line_1_35' title="bbox 402 3470 1999 3560; baseline 0.02 -43"><span class='ocrx_word' id='word_1_285' title='bbox 402 3470 631 3527; x_wconf 87' lang='lat' dir='ltr'><strong>.arietem</strong></span> <span class='ocrx_word' id='word_1_286' title='bbox 665 3475 731 3530; x_wconf 89' lang='lat' dir='ltr'><strong>de</strong></span> <span class='ocrx_word' id='word_1_287' title='bbox 759 3479 1007 3548; x_wconf 79' lang='lat' dir='ltr'><strong>gregibus</strong></span> <span class='ocrx_word' id='word_1_288' title='bbox 1040 3485 1175 3552; x_wconf 90' lang='lat' dir='ltr'><strong>tuis,</strong></span> <span class='ocrx_word' id='word_1_289' title='bbox 1226 3487 1316 3556; x_wconf 91' lang='lat' dir='ltr'><strong>qui</strong></span> <span class='ocrx_word' id='word_1_290' title='bbox 1344 3489 1546 3545; x_wconf 87' lang='lat' dir='ltr'><strong>scilicet</strong></span> <span class='ocrx_word' id='word_1_291' title='bbox 1584 3491 1871 3546; x_wconf 88' lang='lat' dir='ltr'><strong>multorum</strong></span> <span class='ocrx_word' id='word_1_292' title='bbox 1903 3508 1999 3560; x_wconf 87' lang='lat' dir='ltr'><strong>pa-</strong></span> 
     </span>
    </p>
   </div>
   <div class='ocr_carea' id='block_1_36' title="bbox 412 3572 2000 3648">
    <p class='ocr_par' dir='ltr' id='par_1_36' title="bbox 412 3572 2000 3648">
     <span class='ocr_line' id='line_1_36' title="bbox 412 3572 2000 3648; baseline 0.015 -32"><span class='ocrx_word' id='word_1_293' title='bbox 412 3572 617 3618; x_wconf 87' lang='lat' dir='ltr'><strong>storum</strong></span> <span class='ocrx_word' id='word_1_294' title='bbox 650 3583 766 3622; x_wconf 90' lang='lat' dir='ltr'><strong>mos</strong></span> <span class='ocrx_word' id='word_1_295' title='bbox 791 3572 906 3625; x_wconf 79' lang='lat' dir='ltr'><strong>est?</strong></span> <span class='ocrx_word' id='word_1_296' title='bbox 950 3573 993 3626; x_wconf 77' lang='grc' dir='ltr'><em>Α</em></span> <span class='ocrx_word' id='word_1_297' title='bbox 1021 3574 1177 3629; x_wconf 85' lang='lat' dir='ltr'><strong>bestia</strong></span> <span class='ocrx_word' id='word_1_298' title='bbox 1202 3590 1407 3648; x_wconf 87' lang='lat' dir='ltr'><strong>captum</strong></span> <span class='ocrx_word' id='word_1_299' title='bbox 1440 3597 1541 3637; x_wconf 83' lang='lat' dir='ltr'><strong>non</strong></span> <span class='ocrx_word' id='word_1_300' title='bbox 1566 3584 1713 3637; x_wconf 84' lang='lat' dir='ltr'><strong>attuli</strong></span> <span class='ocrx_word' id='word_1_301' title='bbox 1736 3586 1841 3638; x_wconf 87' lang='lat' dir='ltr'><strong>tibi.</strong></span> <span class='ocrx_word' id='word_1_302' title='bbox 1889 3584 2000 3639; x_wconf 87' lang='lat' dir='ltr'><strong>Ne-</strong></span> 
     </span>
    </p>
   </div>
   <div class='ocr_carea' id='block_1_37' title="bbox 413 3657 1998 3745">
    <p class='ocr_par' dir='ltr' id='par_1_37' title="bbox 413 3657 1998 3745">
     <span class='ocr_line' id='line_1_37' title="bbox 413 3657 1998 3745; baseline 0.016 -38"><span class='ocrx_word' id='word_1_303' title='bbox 413 3668 518 3745; x_wconf 89' lang='lat' dir='ltr'><strong>que</strong></span> <span class='ocrx_word' id='word_1_304' title='bbox 563 3657 695 3725; x_wconf 87' lang='lat' dir='ltr'><strong>ipse,</strong></span> <span class='ocrx_word' id='word_1_305' title='bbox 743 3659 935 3730; x_wconf 91' lang='lat' dir='ltr'><strong>inquit,</strong></span> <span class='ocrx_word' id='word_1_306' title='bbox 991 3665 1279 3736; x_wconf 90' lang='lat' dir='ltr'><strong>aliquando</strong></span> <span class='ocrx_word' id='word_1_307' title='bbox 1316 3673 1563 3742; x_wconf 84' lang='lat' dir='ltr'><strong>comedi,</strong></span> <span class='ocrx_word' id='word_1_308' title='bbox 1620 3692 1795 3745; x_wconf 89' lang='lat' dir='ltr'><strong>neque</strong></span> <span class='ocrx_word' id='word_1_309' title='bbox 1830 3678 1998 3733; x_wconf 87' lang='lat' dir='ltr'><strong>bestia</strong></span> 
     </span>
    </p>
   </div>
   <div class='ocr_carea' id='block_1_38' title="bbox 413 3744 1999 3838">
    <p class='ocr_par' dir='ltr' id='par_1_38' title="bbox 413 3744 1999 3838">
     <span class='ocr_line' id='line_1_38' title="bbox 413 3744 1999 3838; baseline 0.018 -43"><span class='ocrx_word' id='word_1_310' title='bbox 413 3744 700 3814; x_wconf 88' lang='lat' dir='ltr'><strong>aliquando</strong></span> <span class='ocrx_word' id='word_1_311' title='bbox 746 3765 935 3820; x_wconf 89' lang='lat' dir='ltr'><strong>rapere</strong></span> <span class='ocrx_word' id='word_1_312' title='bbox 977 3758 1163 3825; x_wconf 89' lang='lat' dir='ltr'><strong>potuit.</strong></span> <span class='ocrx_word' id='word_1_313' title='bbox 1226 3760 1367 3817; x_wconf 84' lang='lat' dir='ltr'><strong>Num</strong></span> <span class='ocrx_word' id='word_1_314' title='bbox 1403 3766 1549 3819; x_wconf 85' lang='lat' dir='ltr'><strong>attuli</strong></span> <span class='ocrx_word' id='word_1_315' title='bbox 1573 3744 1817 3838; x_wconf 83' lang='lat' dir='ltr'><strong>aliquida</strong></span> <span class='ocrx_word' id='word_1_316' title='bbox 1842 3768 1999 3822; x_wconf 83' lang='lat' dir='ltr'><strong>bestia</strong></span> 
     </span>
    </p>
   </div>
   <div class='ocr_carea' id='block_1_39' title="bbox 412 3840 1998 3933">
    <p class='ocr_par' dir='ltr' id='par_1_39' title="bbox 412 3840 1998 3933">
     <span class='ocr_line' id='line_1_39' title="bbox 412 3840 1998 3933; baseline 0.023 -48"><span class='ocrx_word' id='word_1_317' title='bbox 412 3840 662 3933; x_wconf 36' lang='lat' dir='ltr'><strong>capt-urit?</strong></span> <span class='ocrx_word' id='word_1_318' title='bbox 710 3842 901 3898; x_wconf 87' lang='lat' dir='ltr'><strong>Annon</strong></span> <span class='ocrx_word' id='word_1_319' title='bbox 942 3850 1176 3916; x_wconf 86' lang='lat' dir='ltr'><strong>quotidie</strong></span> <span class='ocrx_word' id='word_1_320' title='bbox 1226 3853 1372 3910; x_wconf 80' lang='lat' dir='ltr'><strong>vides</strong></span> <span class='ocrx_word' id='word_1_321' title='bbox 1411 3872 1526 3922; x_wconf 89' lang='lat' dir='ltr'><strong>eos,</strong></span> <span class='ocrx_word' id='word_1_322' title='bbox 1569 3860 1763 3929; x_wconf 86' lang='lat' dir='ltr'><strong>quibus</strong></span> <span class='ocrx_word' id='word_1_323' title='bbox 1806 3877 1998 3933; x_wconf 78' lang='lat' dir='ltr'><strong>greges</strong></span> 
     </span>
    </p>
   </div>
   <div class='ocr_carea' id='block_1_40' title="bbox 412 3928 1997 4007">
    <p class='ocr_par' dir='ltr' id='par_1_40' title="bbox 412 3928 1997 4007">
     <span class='ocr_line' id='line_1_40' title="bbox 412 3928 1997 4007; baseline 0.018 -28"><span class='ocrx_word' id='word_1_324' title='bbox 412 3928 600 3983; x_wconf 88' lang='lat' dir='ltr'><strong>crediti</strong></span> <span class='ocrx_word' id='word_1_325' title='bbox 626 3941 766 3998; x_wconf 89' lang='lat' dir='ltr'><strong>sunt,</strong></span> <span class='ocrx_word' id='word_1_326' title='bbox 816 3945 970 4007; x_wconf 87' lang='lat' dir='ltr'><strong>capta</strong></span> <span class='ocrx_word' id='word_1_327' title='bbox 1010 3953 1042 3992; x_wconf 86' lang='lat' dir='ltr'><strong>a</strong></span> <span class='ocrx_word' id='word_1_328' title='bbox 1069 3939 1254 3997; x_wconf 90' lang='lat' dir='ltr'><strong>bestiis</strong></span> <span class='ocrx_word' id='word_1_329' title='bbox 1280 3943 1473 4002; x_wconf 78' lang='lat' dir='ltr'><strong>all’erre</strong></span> <span class='ocrx_word' id='word_1_330' title='bbox 1511 3928 1783 4006; x_wconf 88' lang='lat' dir='ltr'><strong>dominis?</strong></span> <span class='ocrx_word' id='word_1_331' title='bbox 1811 3928 1997 4007; x_wconf 37' lang='lat' dir='ltr'><strong>&#39;At&#39;tu</strong></span> 
     </span>
    </p>
   </div>
   <div class='ocr_carea' id='block_1_41' title="bbox 412 4019 1998 4120">
    <p class='ocr_par' dir='ltr' id='par_1_41' title="bbox 412 4019 1998 4120">
     <span class='ocr_line' id='line_1_41' title="bbox 412 4019 1998 4120; baseline 0.019 -50"><span class='ocrx_word' id='word_1_332' title='bbox 412 4019 542 4120; x_wconf 78' lang='lat' dir='ltr'><strong>nihil</strong></span> <span class='ocrx_word' id='word_1_333' title='bbox 569 4022 678 4120; x_wconf 77' lang='lat' dir='ltr'><strong>tale</strong></span> <span class='ocrx_word' id='word_1_334' title='bbox 716 4027 794 4081; x_wconf 88' lang='lat' dir='ltr'><strong>vel</strong></span> <span class='ocrx_word' id='word_1_335' title='bbox 844 4028 1213 4091; x_wconf 87' lang='lat' dir='ltr'><strong>demonstrare</strong></span> <span class='ocrx_word' id='word_1_336' title='bbox 1249 4038 1334 4093; x_wconf 89' lang='lat' dir='ltr'><strong>vel</strong></span> <span class='ocrx_word' id='word_1_337' title='bbox 1361 4040 1596 4109; x_wconf 89' lang='lat' dir='ltr'><strong>objicere</strong></span> <span class='ocrx_word' id='word_1_338' title='bbox 1624 4042 1816 4099; x_wconf 81' lang='lat' dir='ltr'><strong>laetum</strong></span> <span class='ocrx_word' id='word_1_339' title='bbox 1845 4054 1998 4114; x_wconf 89' lang='lat' dir='ltr'><strong>potes</strong></span> 
     </span>
    </p>
   </div>
   <div class='ocr_carea' id='block_1_42' title="bbox 398 4111 1997 4199">
    <p class='ocr_par' dir='ltr' id='par_1_42' title="bbox 398 4111 1997 4199">
     <span class='ocr_line' id='line_1_42' title="bbox 398 4111 1997 4199; baseline 0.022 -42"><span class='ocrx_word' id='word_1_340' title='bbox 398 4111 463 4160; x_wconf 18' lang='lat' dir='ltr'><strong>Ain</strong></span> <span class='ocrx_word' id='word_1_341' title='bbox 497 4111 680 4178; x_wconf 80' lang='lat' dir='ltr'><strong>viginti</strong></span> <span class='ocrx_word' id='word_1_342' title='bbox 706 4116 881 4169; x_wconf 88' lang='lat' dir='ltr'><strong>annis.</strong></span> <span class='ocrx_word' id='word_1_343' title='bbox 916 4119 979 4172; x_wconf 88' lang='lat' dir='ltr'><strong>Et</strong></span> <span class='ocrx_word' id='word_1_344' title='bbox 1008 4123 1132 4190; x_wconf 92' lang='lat' dir='ltr'><strong>quid</strong></span> <span class='ocrx_word' id='word_1_345' title='bbox 1158 4125 1278 4180; x_wconf 91' lang='lat' dir='ltr'><strong>dico</strong></span> <span class='ocrx_word' id='word_1_346' title='bbox 1303 4138 1515 4199; x_wconf 88' lang='lat' dir='ltr'><strong>captum</strong></span> <span class='ocrx_word' id='word_1_347' title='bbox 1542 4147 1572 4185; x_wconf 90' lang='lat' dir='ltr'><strong>a</strong></span> <span class='ocrx_word' id='word_1_348' title='bbox 1609 4132 1758 4187; x_wconf 79' lang='lat' dir='ltr'><strong>fera?</strong></span> <span class='ocrx_word' id='word_1_349' title='bbox 1780 4111 1884 4190; x_wconf 81' lang='lat' dir='ltr'><strong>Sed</strong></span> <span class='ocrx_word' id='word_1_350' title='bbox 1912 4150 1997 4191; x_wconf 87' lang='lat' dir='ltr'><strong>ue-</strong></span> 
     </span>
    </p>
   </div>
   <div class='ocr_carea' id='block_1_43' title="bbox 409 4202 1997 4295">
    <p class='ocr_par' dir='ltr' id='par_1_43' title="bbox 409 4202 1997 4295">
     <span class='ocr_line' id='line_1_43' title="bbox 409 4202 1997 4295; baseline 0.021 -45"><span class='ocrx_word' id='word_1_351' title='bbox 409 4214 516 4295; x_wconf 88' lang='lat' dir='ltr'><strong>que</strong></span> <span class='ocrx_word' id='word_1_352' title='bbox 542 4204 586 4255; x_wconf 90' lang='lat' dir='ltr'><strong>si</strong></span> <span class='ocrx_word' id='word_1_353' title='bbox 616 4202 757 4259; x_wconf 78' lang='lat' dir='ltr'><strong>furto</strong></span> <span class='ocrx_word' id='word_1_354' title='bbox 780 4206 1013 4264; x_wconf 90' lang='lat' dir='ltr'><strong>ablatum</strong></span> <span class='ocrx_word' id='word_1_355' title='bbox 1041 4213 1190 4283; x_wconf 91' lang='lat' dir='ltr'><strong>quid,</strong></span> <span class='ocrx_word' id='word_1_356' title='bbox 1221 4225 1281 4272; x_wconf 93' lang='lat' dir='ltr'><strong>ut</strong></span> <span class='ocrx_word' id='word_1_357' title='bbox 1303 4233 1447 4290; x_wconf 66' lang='lat' dir='ltr'><strong>saepe</strong></span> <span class='ocrx_word' id='word_1_358' title='bbox 1467 4225 1748 4295; x_wconf 90' lang='lat' dir='ltr'><strong>contingit,</strong></span> <span class='ocrx_word' id='word_1_359' title='bbox 1801 4226 1866 4280; x_wconf 91' lang='lat' dir='ltr'><strong>ad</strong></span> <span class='ocrx_word' id='word_1_360' title='bbox 1900 4242 1997 4282; x_wconf 90' lang='lat' dir='ltr'><strong>no-</strong></span> 
     </span>
    </p>
   </div>
   <div class='ocr_carea' id='block_1_44' title="bbox 414 4294 1992 4396">
    <p class='ocr_par' dir='ltr' id='par_1_44' title="bbox 414 4294 1992 4396">
     <span class='ocr_line' id='line_1_44' title="bbox 414 4294 1992 4396; baseline 0.02 -48"><span class='ocrx_word' id='word_1_361' title='bbox 414 4294 584 4396; x_wconf 74' lang='lat' dir='ltr'><strong>titiam</strong></span> <span class='ocrx_word' id='word_1_362' title='bbox 606 4308 767 4396; x_wconf 67' lang='lat' dir='ltr'><strong>tuam</strong></span> <span class='ocrx_word' id='word_1_363' title='bbox 800 4309 984 4365; x_wconf 87' lang='lat' dir='ltr'><strong>venire</strong></span> <span class='ocrx_word' id='word_1_364' title='bbox 1011 4316 1193 4369; x_wconf 80' lang='lat' dir='ltr'><strong>Curavi</strong></span> <span class='ocrx_word' id='word_1_365' title='bbox 1224 4333 1238 4369; x_wconf 88' lang='lat'><strong>:</strong></span> <span class='ocrx_word' id='word_1_366' title='bbox 1268 4318 1361 4373; x_wconf 90' lang='lat' dir='ltr'><strong>sed</strong></span> <span class='ocrx_word' id='word_1_367' title='bbox 1390 4335 1490 4390; x_wconf 85' lang='lat' dir='ltr'><strong>ego</strong></span> <span class='ocrx_word' id='word_1_368' title='bbox 1514 4336 1609 4389; x_wconf 94' lang='lat' dir='ltr'><strong>pro</strong></span> <span class='ocrx_word' id='word_1_369' title='bbox 1635 4294 1699 4378; x_wconf 85' lang='lat' dir='ltr'><strong>iis</strong></span> <span class='ocrx_word' id='word_1_370' title='bbox 1738 4339 1857 4394; x_wconf 73' lang='lat' dir='ltr'><strong>qua:</strong></span> <span class='ocrx_word' id='word_1_371' title='bbox 1882 4324 1992 4378; x_wconf 80' lang='lat' dir='ltr'><strong>fur-</strong></span> 
     </span>
    </p>
   </div>
   <div class='ocr_carea' id='block_1_45' title="bbox 409 4390 1994 4472">
    <p class='ocr_par' dir='ltr' id='par_1_45' title="bbox 409 4390 1994 4472">
     <span class='ocr_line' id='line_1_45' title="bbox 409 4390 1994 4472; baseline 0.019 -33"><span class='ocrx_word' id='word_1_372' title='bbox 409 4390 504 4442; x_wconf 88' lang='lat' dir='ltr'><strong>tim</strong></span> <span class='ocrx_word' id='word_1_373' title='bbox 535 4390 708 4448; x_wconf 90' lang='lat' dir='ltr'><strong>ablata</strong></span> <span class='ocrx_word' id='word_1_374' title='bbox 740 4394 953 4454; x_wconf 79' lang='lat' dir='ltr'><strong>fuerunt</strong></span> <span class='ocrx_word' id='word_1_375' title='bbox 975 4403 1225 4472; x_wconf 72' lang='lat' dir='ltr'><strong>satisfeci,</strong></span> <span class='ocrx_word' id='word_1_376' title='bbox 1272 4409 1384 4464; x_wconf 86' lang='lat' dir='ltr'><strong>sive</strong></span> <span class='ocrx_word' id='word_1_377' title='bbox 1414 4410 1501 4465; x_wconf 90' lang='lat' dir='ltr'><strong>die</strong></span> <span class='ocrx_word' id='word_1_378' title='bbox 1527 4412 1639 4467; x_wconf 89' lang='lat' dir='ltr'><strong>sive</strong></span> <span class='ocrx_word' id='word_1_379' title='bbox 1670 4390 1825 4470; x_wconf 76' lang='lat' dir='ltr'><strong>nocte</strong></span> <span class='ocrx_word' id='word_1_380' title='bbox 1851 4417 1994 4470; x_wconf 87' lang='lat' dir='ltr'><strong>acci-</strong></span> 
     </span>
    </p>
   </div>
   <div class='ocr_carea' id='block_1_46' title="bbox 407 4478 1990 4573">
    <p class='ocr_par' dir='ltr' id='par_1_46' title="bbox 407 4478 1990 4573">
     <span class='ocr_line' id='line_1_46' title="bbox 407 4478 1990 4573; baseline 0.02 -42"><span class='ocrx_word' id='word_1_381' title='bbox 407 4478 597 4573; x_wconf 84' lang='lat' dir='ltr'><strong>disset.</strong></span> <span class='ocrx_word' id='word_1_382' title='bbox 652 4484 719 4539; x_wconf 86' lang='lat' dir='ltr'><strong>Et</strong></span> <span class='ocrx_word' id='word_1_383' title='bbox 764 4502 885 4545; x_wconf 92' lang='lat' dir='ltr'><strong>eum</strong></span> <span class='ocrx_word' id='word_1_384' title='bbox 936 4504 1099 4551; x_wconf 63' lang='lat' dir='ltr'><strong>aestus</strong></span> <span class='ocrx_word' id='word_1_385' title='bbox 1144 4497 1413 4568; x_wconf 83' lang='lat' dir='ltr'><strong>ﬂagraret,</strong></span> <span class='ocrx_word' id='word_1_386' title='bbox 1460 4501 1696 4558; x_wconf 83' lang='lat' dir='ltr'><strong>ferebam</strong></span> <span class='ocrx_word' id='word_1_387' title='bbox 1738 4504 1990 4573; x_wconf 81' lang='lat' dir='ltr'><strong>fortiter,</strong></span> 
     </span>
    </p>
   </div>
   <div class='ocr_carea' id='block_1_47' title="bbox 413 4572 1994 4657">
    <p class='ocr_par' dir='ltr' id='par_1_47' title="bbox 413 4572 1994 4657">
     <span class='ocr_line' id='line_1_47' title="bbox 413 4572 1994 4657; baseline 0.015 -28"><span class='ocrx_word' id='word_1_388' title='bbox 413 4572 659 4630; x_wconf 77' lang='lat' dir='ltr'><strong>similiter</strong></span> <span class='ocrx_word' id='word_1_389' title='bbox 694 4589 748 4634; x_wconf 92' lang='lat' dir='ltr'><strong>et</strong></span> <span class='ocrx_word' id='word_1_390' title='bbox 785 4581 950 4653; x_wconf 80' lang='lat' dir='ltr'><strong>frigus</strong></span> <span class='ocrx_word' id='word_1_391' title='bbox 999 4588 1193 4657; x_wconf 91' lang='lat' dir='ltr'><strong>noctis,</strong></span> <span class='ocrx_word' id='word_1_392' title='bbox 1239 4600 1294 4645; x_wconf 92' lang='lat' dir='ltr'><strong>ut</strong></span> <span class='ocrx_word' id='word_1_393' title='bbox 1345 4592 1497 4648; x_wconf 83' lang='lat' dir='ltr'><strong>illaesi</strong></span> <span class='ocrx_word' id='word_1_394' title='bbox 1548 4572 1994 4653; x_wconf 84' lang='lat' dir='ltr'><strong>conservarentur</strong></span> 
     </span>
    </p>
   </div>
   <div class='ocr_carea' id='block_1_48' title="bbox 407 4673 1992 4758">
    <p class='ocr_par' dir='ltr' id='par_1_48' title="bbox 407 4673 1992 4758">
     <span class='ocr_line' id='line_1_48' title="bbox 407 4673 1992 4758; baseline 0.017 -38"><span class='ocrx_word' id='word_1_395' title='bbox 407 4682 602 4739; x_wconf 79' lang='lat' dir='ltr'><strong>greges</strong></span> <span class='ocrx_word' id='word_1_396' title='bbox 630 4673 701 4727; x_wconf 90' lang='lat' dir='ltr'><strong>tui</strong></span> <span class='ocrx_word' id='word_1_397' title='bbox 733 4692 747 4727; x_wconf 93' lang='lat'><strong>:</strong></span> <span class='ocrx_word' id='word_1_398' title='bbox 776 4690 840 4732; x_wconf 89' lang='lat' dir='ltr'><strong>ac</strong></span> <span class='ocrx_word' id='word_1_399' title='bbox 869 4693 972 4733; x_wconf 91' lang='lat' dir='ltr'><strong>non</strong></span> <span class='ocrx_word' id='word_1_400' title='bbox 1000 4680 1103 4737; x_wconf 90' lang='lat' dir='ltr'><strong>hoc</strong></span> <span class='ocrx_word' id='word_1_401' title='bbox 1128 4684 1300 4739; x_wconf 91' lang='lat' dir='ltr'><strong>solum</strong></span> <span class='ocrx_word' id='word_1_402' title='bbox 1323 4728 1336 4751; x_wconf 90' lang='lat'><strong>,</strong></span> <span class='ocrx_word' id='word_1_403' title='bbox 1385 4686 1479 4742; x_wconf 89' lang='lat' dir='ltr'><strong>sed</strong></span> <span class='ocrx_word' id='word_1_404' title='bbox 1521 4696 1575 4743; x_wconf 90' lang='lat' dir='ltr'><strong>et</strong></span> <span class='ocrx_word' id='word_1_405' title='bbox 1612 4690 1727 4758; x_wconf 91' lang='lat' dir='ltr'><strong>ipse</strong></span> <span class='ocrx_word' id='word_1_406' title='bbox 1772 4704 1992 4746; x_wconf 90' lang='lat' dir='ltr'><strong>somnus</strong></span> 
     </span>
    </p>
   </div>
   <div class='ocr_carea' id='block_1_49' title="bbox 406 4767 1900 4838">
    <p class='ocr_par' dir='ltr' id='par_1_49' title="bbox 406 4767 1900 4838">
     <span class='ocr_line' id='line_1_49' title="bbox 406 4767 1900 4838; baseline 0.016 -27"><span class='ocrx_word' id='word_1_407' title='bbox 406 4770 633 4829; x_wconf 80' lang='lat' dir='ltr'><strong>propter</strong></span> <span class='ocrx_word' id='word_1_408' title='bbox 658 4767 873 4821; x_wconf 90' lang='lat' dir='ltr'><strong>multam</strong></span> <span class='ocrx_word' id='word_1_409' title='bbox 908 4785 1089 4828; x_wconf 85' lang='lat' dir='ltr'><strong>curam</strong></span> <span class='ocrx_word' id='word_1_410' title='bbox 1118 4774 1427 4833; x_wconf 82' lang='lat' dir='ltr'><strong>discedebat</strong></span> <span class='ocrx_word' id='word_1_411' title='bbox 1452 4779 1519 4834; x_wconf 91' lang='lat' dir='ltr'><strong>ab</strong></span> <span class='ocrx_word' id='word_1_412' title='bbox 1547 4781 1716 4837; x_wconf 90' lang='lat' dir='ltr'><strong>oculis</strong></span> <span class='ocrx_word' id='word_1_413' title='bbox 1745 4783 1900 4838; x_wconf 89' lang='lat' dir='ltr'><strong>meis.</strong></span> 
     </span>
    </p>
   </div>
   <div class='ocr_carea' id='block_1_50' title="bbox 482 4848 1988 4940">
    <p class='ocr_par' dir='ltr' id='par_1_50' title="bbox 482 4848 1988 4940">
     <span class='ocr_line' id='line_1_50' title="bbox 482 4848 1988 4940; baseline 0.018 -37"><span class='ocrx_word' id='word_1_414' title='bbox 482 4848 724 4923; x_wconf 86' lang='lat' dir='ltr'><strong>Increpat</strong></span> <span class='ocrx_word' id='word_1_415' title='bbox 757 4861 1059 4929; x_wconf 83' lang='lat' dir='ltr'><strong>negligentes</strong></span> <span class='ocrx_word' id='word_1_416' title='bbox 1092 4866 1380 4923; x_wconf 87' lang='lat' dir='ltr'><strong>animarum</strong></span> <span class='ocrx_word' id='word_1_417' title='bbox 1417 4881 1662 4940; x_wconf 88' lang='lat' dir='ltr'><strong>pastores.</strong></span> <span class='ocrx_word' id='word_1_418' title='bbox 1692 4904 1763 4914; x_wconf 93' lang='lat'><strong><em>—</em></strong></span> <span class='ocrx_word' id='word_1_419' title='bbox 1800 4874 1988 4930; x_wconf 83' lang='lat' dir='ltr'><strong>Vidisti</strong></span> 
     </span>
    </p>
   </div>
   <div class='ocr_carea' id='block_1_51' title="bbox 409 4947 1988 5033">
    <p class='ocr_par' dir='ltr' id='par_1_51' title="bbox 409 4947 1988 5033">
     <span class='ocr_line' id='line_1_51' title="bbox 409 4947 1988 5033; baseline 0.02 -42"><span class='ocrx_word' id='word_1_420' title='bbox 409 4947 635 5011; x_wconf 75' lang='lat' dir='ltr'><strong>pastoris</strong></span> <span class='ocrx_word' id='word_1_421' title='bbox 661 4949 983 5019; x_wconf 88' lang='lat' dir='ltr'><strong>vigilantiam</strong></span> <span class='ocrx_word' id='word_1_422' title='bbox 1009 4955 1031 5007; x_wconf 85' lang='lat'><strong>?</strong></span> <span class='ocrx_word' id='word_1_423' title='bbox 1051 4957 1228 5013; x_wconf 87' lang='lat' dir='ltr'><strong>vidisti</strong></span> <span class='ocrx_word' id='word_1_424' title='bbox 1256 4960 1515 5017; x_wconf 90' lang='lat' dir='ltr'><strong>intentum</strong></span> <span class='ocrx_word' id='word_1_425' title='bbox 1544 4966 1775 5020; x_wconf 87' lang='lat' dir='ltr'><strong>studium</strong></span> <span class='ocrx_word' id='word_1_426' title='bbox 1796 4967 1820 5019; x_wconf 71' lang='grc' dir='ltr'><em>ἲ</em></span> <span class='ocrx_word' id='word_1_427' title='bbox 1840 4967 1988 5033; x_wconf 83' lang='lat' dir='ltr'><strong>Qua-</strong></span> 
     </span>
    </p>
   </div>
   <div class='ocr_carea' id='block_1_52' title="bbox 408 5035 1988 5125">
    <p class='ocr_par' dir='ltr' id='par_1_52' title="bbox 408 5035 1988 5125">
     <span class='ocr_line' id='line_1_52' title="bbox 408 5035 1988 5125; baseline 0.016 -38"><span class='ocrx_word' id='word_1_428' title='bbox 408 5035 509 5091; x_wconf 89' lang='lat' dir='ltr'><strong>lem</strong></span> <span class='ocrx_word' id='word_1_429' title='bbox 557 5038 825 5097; x_wconf 88' lang='lat' dir='ltr'><strong>habebunt</strong></span> <span class='ocrx_word' id='word_1_430' title='bbox 885 5048 1280 5105; x_wconf 80' lang='lat' dir='ltr'><strong>excusationem</strong></span> <span class='ocrx_word' id='word_1_431' title='bbox 1320 5053 1392 5120; x_wconf 90' lang='lat' dir='ltr'><strong>ii,</strong></span> <span class='ocrx_word' id='word_1_432' title='bbox 1465 5056 1657 5125; x_wconf 88' lang='lat' dir='ltr'><strong>quibus</strong></span> <span class='ocrx_word' id='word_1_433' title='bbox 1703 5060 1988 5114; x_wconf 88' lang='lat' dir='ltr'><strong>rationales</strong></span> 
     </span>
    </p>
   </div>
   <div class='ocr_carea' id='block_1_53' title="bbox 406 5133 1989 5218">
    <p class='ocr_par' dir='ltr' id='par_1_53' title="bbox 406 5133 1989 5218">
     <span class='ocr_line' id='line_1_53' title="bbox 406 5133 1989 5218; baseline 0.016 -40"><span class='ocrx_word' id='word_1_434' title='bbox 406 5141 594 5198; x_wconf 83' lang='lat' dir='ltr'><strong>greges</strong></span> <span class='ocrx_word' id='word_1_435' title='bbox 621 5133 807 5188; x_wconf 90' lang='lat' dir='ltr'><strong>crediti</strong></span> <span class='ocrx_word' id='word_1_436' title='bbox 835 5143 976 5201; x_wconf 92' lang='lat' dir='ltr'><strong>sunt,</strong></span> <span class='ocrx_word' id='word_1_437' title='bbox 1026 5152 1377 5212; x_wconf 86' lang='lat' dir='ltr'><strong>magnamque</strong></span> <span class='ocrx_word' id='word_1_438' title='bbox 1404 5159 1512 5213; x_wconf 64' lang='lat' dir='ltr'><strong>prae</strong></span> <span class='ocrx_word' id='word_1_439' title='bbox 1538 5159 1597 5199; x_wconf 88' lang='lat' dir='ltr'><strong>se</strong></span> <span class='ocrx_word' id='word_1_440' title='bbox 1622 5146 1796 5202; x_wconf 79' lang='lat' dir='ltr'><strong>lerunt</strong></span> <span class='ocrx_word' id='word_1_441' title='bbox 1822 5150 1989 5218; x_wconf 81' lang='lat' dir='ltr'><strong>negli-</strong></span> 
     </span>
    </p>
   </div>
   <div class='ocr_carea' id='block_1_54' title="bbox 404 5223 1986 5309">
    <p class='ocr_par' dir='ltr' id='par_1_54' title="bbox 404 5223 1986 5309">
     <span class='ocr_line' id='line_1_54' title="bbox 404 5223 1986 5309; baseline 0.013 -36"><span class='ocrx_word' id='word_1_442' title='bbox 404 5223 632 5286; x_wconf 82' lang='lat' dir='ltr'><strong>gentiam</strong></span> <span class='ocrx_word' id='word_1_443' title='bbox 664 5239 679 5277; x_wconf 90' lang='lat'>:</span> <span class='ocrx_word' id='word_1_444' title='bbox 713 5234 766 5281; x_wconf 94' lang='lat' dir='ltr'><strong>et</strong></span> <span class='ocrx_word' id='word_1_445' title='bbox 791 5228 1046 5297; x_wconf 89' lang='lat' dir='ltr'><strong>quotidie,</strong></span> <span class='ocrx_word' id='word_1_446' title='bbox 1092 5232 1383 5288; x_wconf 89' lang='lat' dir='ltr'><strong>secundum</strong></span> <span class='ocrx_word' id='word_1_447' title='bbox 1441 5236 1773 5306; x_wconf 88' lang='lat' dir='ltr'><strong>prophetam,</strong></span> <span class='ocrx_word' id='word_1_448' title='bbox 1825 5255 1986 5309; x_wconf 89' lang='lat' dir='ltr'><strong>pecu-</strong></span> 
     </span>
    </p>
   </div>
   <div class='ocr_carea' id='block_1_55' title="bbox 405 5312 1986 5398">
    <p class='ocr_par' dir='ltr' id='par_1_55' title="bbox 405 5312 1986 5398">
     <span class='ocr_line' id='line_1_55' title="bbox 405 5312 1986 5398; baseline 0.015 -36"><span class='ocrx_word' id='word_1_449' title='bbox 405 5312 501 5366; x_wconf 91' lang='lat' dir='ltr'><strong>des</strong></span> <span class='ocrx_word' id='word_1_450' title='bbox 529 5315 657 5372; x_wconf 89' lang='lat' dir='ltr'><strong>alias</strong></span> <span class='ocrx_word' id='word_1_451' title='bbox 697 5329 931 5376; x_wconf 90' lang='lat' dir='ltr'><strong>mactant</strong></span> <span class='ocrx_word' id='word_1_452' title='bbox 981 5322 1205 5394; x_wconf 80' lang='lat' dir='ltr'><strong>(Ezcclt.</strong></span> <span class='ocrx_word' id='word_1_453' title='bbox 1234 5325 1321 5380; x_wconf 76' lang='grc'><strong>54.</strong></span> <span class='ocrx_word' id='word_1_454' title='bbox 1354 5325 1495 5398; x_wconf 81' lang='grc'><strong>5-6)</strong></span> <span class='ocrx_word' id='word_1_455' title='bbox 1538 5344 1550 5379; x_wconf 90' lang='lat'>:</span> <span class='ocrx_word' id='word_1_456' title='bbox 1582 5328 1715 5383; x_wconf 89' lang='lat' dir='ltr'><strong>alias</strong></span> <span class='ocrx_word' id='word_1_457' title='bbox 1743 5344 1772 5384; x_wconf 90' lang='lat' dir='ltr'><strong>a</strong></span> <span class='ocrx_word' id='word_1_458' title='bbox 1803 5330 1986 5387; x_wconf 76' lang='lat' dir='ltr'><strong>bestiis</strong></span> 
     </span>
    </p>
   </div>
   <div class='ocr_carea' id='block_1_56' title="bbox 406 5413 1984 5488">
    <p class='ocr_par' dir='ltr' id='par_1_56' title="bbox 406 5413 1984 5488">
     <span class='ocr_line' id='line_1_56' title="bbox 406 5413 1984 5488; baseline 0.011 -33"><span class='ocrx_word' id='word_1_459' title='bbox 406 5413 585 5472; x_wconf 74' lang='lat' dir='ltr'><strong>raptas</strong></span> <span class='ocrx_word' id='word_1_460' title='bbox 610 5420 955 5469; x_wconf 90' lang='lat' dir='ltr'><strong>contemnunt</strong></span> <span class='ocrx_word' id='word_1_461' title='bbox 986 5433 999 5468; x_wconf 91' lang='lat'>:</span> <span class='ocrx_word' id='word_1_462' title='bbox 1046 5416 1178 5471; x_wconf 91' lang='lat' dir='ltr'><strong>alias</strong></span> <span class='ocrx_word' id='word_1_463' title='bbox 1210 5431 1339 5472; x_wconf 91' lang='lat' dir='ltr'><strong>vero</strong></span> <span class='ocrx_word' id='word_1_464' title='bbox 1368 5418 1436 5473; x_wconf 87' lang='lat' dir='ltr'><strong>ab</strong></span> <span class='ocrx_word' id='word_1_465' title='bbox 1464 5418 1567 5473; x_wconf 91' lang='lat' dir='ltr'><strong>illis</strong></span> <span class='ocrx_word' id='word_1_466' title='bbox 1610 5429 1788 5488; x_wconf 86' lang='lat' dir='ltr'><strong>raptas</strong></span> <span class='ocrx_word' id='word_1_467' title='bbox 1828 5420 1984 5476; x_wconf 88' lang='lat' dir='ltr'><strong>redu-</strong></span> 
     </span>
    </p>
   </div>
   <div class='ocr_carea' id='block_1_57' title="bbox 407 5508 1981 5576">
    <p class='ocr_par' dir='ltr' id='par_1_57' title="bbox 407 5508 1981 5576">
     <span class='ocr_line' id='line_1_57' title="bbox 407 5508 1981 5576; baseline 0.013 -30"><span class='ocrx_word' id='word_1_468' title='bbox 407 5508 530 5550; x_wconf 82' lang='lat' dir='ltr'><strong>cere</strong></span> <span class='ocrx_word' id='word_1_469' title='bbox 579 5514 681 5552; x_wconf 89' lang='lat' dir='ltr'><strong>non</strong></span> <span class='ocrx_word' id='word_1_470' title='bbox 716 5516 903 5560; x_wconf 89' lang='lat' dir='ltr'><strong>curant</strong></span> <span class='ocrx_word' id='word_1_471' title='bbox 948 5523 963 5567; x_wconf 84' lang='lat'><strong>:</strong></span> <span class='ocrx_word' id='word_1_472' title='bbox 1007 5509 1215 5564; x_wconf 87' lang='lat' dir='ltr'><strong>tametsi</strong></span> <span class='ocrx_word' id='word_1_473' title='bbox 1266 5511 1442 5565; x_wconf 90' lang='lat' dir='ltr'><strong>minor</strong></span> <span class='ocrx_word' id='word_1_474' title='bbox 1476 5512 1545 5564; x_wconf 91' lang='lat' dir='ltr'><strong>sit</strong></span> <span class='ocrx_word' id='word_1_475' title='bbox 1574 5510 1743 5576; x_wconf 90' lang='lat' dir='ltr'><strong>labor,</strong></span> <span class='ocrx_word' id='word_1_476' title='bbox 1778 5522 1831 5566; x_wconf 91' lang='lat' dir='ltr'><strong>et</strong></span> <span class='ocrx_word' id='word_1_477' title='bbox 1856 5528 1981 5567; x_wconf 89' lang='lat' dir='ltr'><strong>cura</strong></span> 
     </span>
    </p>
   </div>
   <div class='ocr_carea' id='block_1_58' title="bbox 409 5586 1979 5670">
    <p class='ocr_par' dir='ltr' id='par_1_58' title="bbox 409 5586 1979 5670">
     <span class='ocr_line' id='line_1_58' title="bbox 409 5586 1979 5670; baseline 0.015 -35"><span class='ocrx_word' id='word_1_478' title='bbox 409 5586 651 5644; x_wconf 76' lang='lat' dir='ltr'><strong>facilior?</strong></span> <span class='ocrx_word' id='word_1_479' title='bbox 695 5595 882 5651; x_wconf 86' lang='lat' dir='ltr'><strong>Anima</strong></span> <span class='ocrx_word' id='word_1_480' title='bbox 907 5599 1047 5653; x_wconf 88' lang='lat' dir='ltr'><strong>enim</strong></span> <span class='ocrx_word' id='word_1_481' title='bbox 1078 5610 1161 5656; x_wconf 89' lang='lat' dir='ltr'><strong>cst</strong></span> <span class='ocrx_word' id='word_1_482' title='bbox 1190 5617 1306 5670; x_wconf 77' lang='lat' dir='ltr'><strong>qua:</strong></span> <span class='ocrx_word' id='word_1_483' title='bbox 1330 5603 1550 5659; x_wconf 90' lang='lat' dir='ltr'><strong>docetur</strong></span> <span class='ocrx_word' id='word_1_484' title='bbox 1594 5620 1607 5657; x_wconf 90' lang='lat'><strong>:</strong></span> <span class='ocrx_word' id='word_1_485' title='bbox 1658 5604 1768 5660; x_wconf 92' lang='lat' dir='ltr'><strong>illic</strong></span> <span class='ocrx_word' id='word_1_486' title='bbox 1804 5616 1979 5660; x_wconf 83' lang='lat' dir='ltr'><strong>autem</strong></span> 
     </span>
    </p>
   </div>
   <div class='ocr_carea' id='block_1_59' title="bbox 408 5677 1535 5755">
    <p class='ocr_par' dir='ltr' id='par_1_59' title="bbox 408 5677 1535 5755">
     <span class='ocr_line' id='line_1_59' title="bbox 408 5677 1535 5755; baseline 0.019 -29"><span class='ocrx_word' id='word_1_487' title='bbox 408 5677 601 5731; x_wconf 83' lang='lat' dir='ltr'><strong>inultus</strong></span> <span class='ocrx_word' id='word_1_488' title='bbox 625 5692 706 5735; x_wconf 92' lang='lat' dir='ltr'><strong>est</strong></span> <span class='ocrx_word' id='word_1_489' title='bbox 730 5690 788 5738; x_wconf 89' lang='lat' dir='ltr'><strong>ct</strong></span> <span class='ocrx_word' id='word_1_490' title='bbox 808 5689 1046 5755; x_wconf 78' lang='lat' dir='ltr'><strong>corporis</strong></span> <span class='ocrx_word' id='word_1_491' title='bbox 1068 5700 1123 5745; x_wconf 87' lang='lat' dir='ltr'><strong>et</strong></span> <span class='ocrx_word' id='word_1_492' title='bbox 1148 5692 1340 5753; x_wconf 77' lang='lat' dir='ltr'><strong>animm</strong></span> <span class='ocrx_word' id='word_1_493' title='bbox 1368 5693 1535 5749; x_wconf 91' lang='lat' dir='ltr'><strong>labor.</strong></span> 
     </span>
    </p>
   </div>
   <div class='ocr_carea' id='block_1_60' title="bbox 477 5767 1980 5858">
    <p class='ocr_par' dir='ltr' id='par_1_60' title="bbox 477 5767 1980 5858">
     <span class='ocr_line' id='line_1_60' title="bbox 477 5767 1980 5858; baseline 0.013 -36"><span class='ocrx_word' id='word_1_494' title='bbox 477 5767 528 5816; x_wconf 84' lang='grc'><strong>7-</strong></span> <span class='ocrx_word' id='word_1_495' title='bbox 571 5769 701 5827; x_wconf 85' lang='lat' dir='ltr'><strong>Vide</strong></span> <span class='ocrx_word' id='word_1_496' title='bbox 723 5775 862 5830; x_wconf 81' lang='lat' dir='ltr'><strong>enim</strong></span> <span class='ocrx_word' id='word_1_497' title='bbox 900 5778 1022 5847; x_wconf 91' lang='lat' dir='ltr'><strong>quid</strong></span> <span class='ocrx_word' id='word_1_498' title='bbox 1053 5779 1210 5836; x_wconf 88' lang='lat' dir='ltr'><strong>dicat.</strong></span> <span class='ocrx_word' id='word_1_499' title='bbox 1248 5780 1342 5837; x_wconf 89' lang='lat' dir='ltr'><strong>Die</strong></span> <span class='ocrx_word' id='word_1_500' title='bbox 1369 5785 1546 5840; x_wconf 88' lang='lat' dir='ltr'><strong>urebar</strong></span> <span class='ocrx_word' id='word_1_501' title='bbox 1570 5796 1693 5841; x_wconf 65' lang='lat' dir='ltr'><strong>aestu</strong></span> <span class='ocrx_word' id='word_1_502' title='bbox 1717 5826 1732 5854; x_wconf 90' lang='lat'><strong>,</strong></span> <span class='ocrx_word' id='word_1_503' title='bbox 1774 5797 1819 5841; x_wconf 82' lang='lat' dir='ltr'><strong>et</strong></span> <span class='ocrx_word' id='word_1_504' title='bbox 1865 5780 1980 5858; x_wconf 77' lang='lat' dir='ltr'><strong>gelu</strong></span> 
     </span>
    </p>
   </div>
   <div class='ocr_carea' id='block_1_61' title="bbox 1086 336 2909 399">
    <p class='ocr_par' dir='ltr' id='par_1_61' title="bbox 1086 336 2909 399">
     <span class='ocr_line' id='line_1_61' title="bbox 1086 336 2909 399; baseline 0.002 -4"><span class='ocrx_word' id='word_1_505' title='bbox 1086 338 1140 395; x_wconf 86' lang='lat' dir='ltr'><strong>S.</strong></span> <span class='ocrx_word' id='word_1_506' title='bbox 1183 337 1459 395; x_wconf 69' lang='lat' dir='ltr'><strong>JOANNIS</strong></span> <span class='ocrx_word' id='word_1_507' title='bbox 1496 336 1975 395; x_wconf 72' lang='lat' dir='ltr'><strong>CllRYSOSTOMl</strong></span> <span class='ocrx_word' id='word_1_508' title='bbox 2016 337 2331 396; x_wconf 76' lang='lat' dir='ltr'><strong>ARCIIIEP.</strong></span> <span class='ocrx_word' id='word_1_509' title='bbox 2377 340 2909 399; x_wconf 66' lang='lat' dir='ltr'><strong>CONSTANTINOP.</strong></span> 
     </span>
    </p>
   </div>
   <div class='ocr_carea' id='block_1_62' title="bbox 3606 349 3710 405">
    <p class='ocr_par' dir='ltr' id='par_1_62' title="bbox 3606 349 3710 405">
     <span class='ocr_line' id='line_1_62' title="bbox 3606 349 3710 405; baseline -0.029 0"><span class='ocrx_word' id='word_1_510' title='bbox 3606 349 3710 405; x_wconf 78' lang='grc' dir='ltr'><strong>5οί</strong></span> 
     </span>
    </p>
   </div>
   <div class='ocr_carea' id='block_1_63' title="bbox 2115 454 3711 532">
    <p class='ocr_par' dir='ltr' id='par_1_63' title="bbox 2115 454 3711 532">
     <span class='ocr_line' id='line_1_63' title="bbox 2115 454 3711 532; baseline 0.003 -27"><span class='ocrx_word' id='word_1_511' title='bbox 2115 461 2277 517; x_wconf 74' lang='lat' dir='ltr'><strong>nocte,</strong></span> <span class='ocrx_word' id='word_1_512' title='bbox 2328 462 2375 506; x_wconf 91' lang='lat' dir='ltr'><strong>et</strong></span> <span class='ocrx_word' id='word_1_513' title='bbox 2404 454 2697 507; x_wconf 80' lang='lat' dir='ltr'><strong>discedebat</strong></span> <span class='ocrx_word' id='word_1_514' title='bbox 2717 472 2925 509; x_wconf 80' lang='lat' dir='ltr'><strong>somnus</strong></span> <span class='ocrx_word' id='word_1_515' title='bbox 2958 472 2988 509; x_wconf 90' lang='lat' dir='ltr'><strong>a</strong></span> <span class='ocrx_word' id='word_1_516' title='bbox 3012 471 3109 510; x_wconf 77' lang='lat' dir='ltr'><strong>me.</strong></span> <span class='ocrx_word' id='word_1_517' title='bbox 3141 456 3271 525; x_wconf 78' lang='lat' dir='ltr'><strong>Quis</strong></span> <span class='ocrx_word' id='word_1_518' title='bbox 3296 458 3412 513; x_wconf 78' lang='lat' dir='ltr'><strong>lucc</strong></span> <span class='ocrx_word' id='word_1_519' title='bbox 3444 475 3590 516; x_wconf 80' lang='lat' dir='ltr'><strong>nunc</strong></span> <span class='ocrx_word' id='word_1_520' title='bbox 3618 477 3711 532; x_wconf 82' lang='lat' dir='ltr'><strong>po-</strong></span> 
     </span>
    </p>
   </div>
   <div class='ocr_carea' id='block_1_64' title="bbox 2113 544 3708 621">
    <p class='ocr_par' dir='ltr' id='par_1_64' title="bbox 2113 544 3708 621">
     <span class='ocr_line' id='line_1_64' title="bbox 2113 544 3708 621; baseline 0.004 -23"><span class='ocrx_word' id='word_1_521' title='bbox 2113 554 2216 599; x_wconf 91' lang='lat' dir='ltr'><strong>test</strong></span> <span class='ocrx_word' id='word_1_522' title='bbox 2245 544 2446 610; x_wconf 91' lang='lat' dir='ltr'><strong>dicere,</strong></span> <span class='ocrx_word' id='word_1_523' title='bbox 2496 560 2555 600; x_wconf 88' lang='lat' dir='ltr'><strong>se</strong></span> <span class='ocrx_word' id='word_1_524' title='bbox 2597 556 2814 615; x_wconf 91' lang='lat' dir='ltr'><strong>pr0pter</strong></span> <span class='ocrx_word' id='word_1_525' title='bbox 2848 561 3035 601; x_wconf 87' lang='lat' dir='ltr'><strong>eorum</strong></span> <span class='ocrx_word' id='word_1_526' title='bbox 3067 549 3291 603; x_wconf 85' lang='lat' dir='ltr'><strong>salutem</strong></span> <span class='ocrx_word' id='word_1_527' title='bbox 3331 565 3469 620; x_wconf 89' lang='lat' dir='ltr'><strong>quos</strong></span> <span class='ocrx_word' id='word_1_528' title='bbox 3503 554 3708 621; x_wconf 82' lang='lat' dir='ltr'><strong>pascit,</strong></span> 
     </span>
    </p>
   </div>
   <div class='ocr_carea' id='block_1_65' title="bbox 2112 636 3707 712">
    <p class='ocr_par' dir='ltr' id='par_1_65' title="bbox 2112 636 3707 712">
     <span class='ocr_line' id='line_1_65' title="bbox 2112 636 3707 712; baseline 0.004 -21"><span class='ocrx_word' id='word_1_529' title='bbox 2112 647 2189 691; x_wconf 90' lang='lat' dir='ltr'><strong>tot</strong></span> <span class='ocrx_word' id='word_1_530' title='bbox 2213 636 2351 692; x_wconf 77' lang='lat' dir='ltr'><strong>ferre</strong></span> <span class='ocrx_word' id='word_1_531' title='bbox 2382 638 2593 693; x_wconf 89' lang='lat' dir='ltr'><strong>labores</strong></span> <span class='ocrx_word' id='word_1_532' title='bbox 2628 648 2682 693; x_wconf 91' lang='lat' dir='ltr'><strong>et</strong></span> <span class='ocrx_word' id='word_1_533' title='bbox 2721 638 3001 708; x_wconf 80' lang='lat' dir='ltr'><strong>pericula?</strong></span> <span class='ocrx_word' id='word_1_534' title='bbox 3051 640 3113 694; x_wconf 82' lang='lat' dir='ltr'><strong>Et</strong></span> <span class='ocrx_word' id='word_1_535' title='bbox 3155 640 3259 696; x_wconf 90' lang='lat' dir='ltr'><strong>hoc</strong></span> <span class='ocrx_word' id='word_1_536' title='bbox 3302 642 3524 712; x_wconf 82' lang='lat' dir='ltr'><strong>quidem</strong></span> <span class='ocrx_word' id='word_1_537' title='bbox 3569 660 3707 698; x_wconf 91' lang='lat' dir='ltr'><strong>nunc</strong></span> 
     </span>
    </p>
   </div>
   <div class='ocr_carea' id='block_1_66' title="bbox 2110 729 3709 804">
    <p class='ocr_par' dir='ltr' id='par_1_66' title="bbox 2110 729 3709 804">
     <span class='ocr_line' id='line_1_66' title="bbox 2110 729 3709 804; baseline 0.005 -22"><span class='ocrx_word' id='word_1_538' title='bbox 2110 729 2288 783; x_wconf 89' lang='lat' dir='ltr'><strong>nullus</strong></span> <span class='ocrx_word' id='word_1_539' title='bbox 2313 729 2491 784; x_wconf 85' lang='lat' dir='ltr'><strong>dicere</strong></span> <span class='ocrx_word' id='word_1_540' title='bbox 2526 729 2701 785; x_wconf 85' lang='lat' dir='ltr'><strong>audet.</strong></span> <span class='ocrx_word' id='word_1_541' title='bbox 2733 729 2898 785; x_wconf 85' lang='lat' dir='ltr'><strong>Paulo</strong></span> <span class='ocrx_word' id='word_1_542' title='bbox 2921 742 3097 785; x_wconf 86' lang='lat' dir='ltr'><strong>autem</strong></span> <span class='ocrx_word' id='word_1_543' title='bbox 3126 732 3224 787; x_wconf 89' lang='lat' dir='ltr'><strong>soli</strong></span> <span class='ocrx_word' id='word_1_544' title='bbox 3254 733 3403 788; x_wconf 85' lang='lat' dir='ltr'><strong>orbis</strong></span> <span class='ocrx_word' id='word_1_545' title='bbox 3450 735 3709 804; x_wconf 85' lang='lat' dir='ltr'><strong>magistro</strong></span> 
     </span>
    </p>
   </div>
   <div class='ocr_carea' id='block_1_67' title="bbox 2108 820 3703 894">
    <p class='ocr_par' dir='ltr' id='par_1_67' title="bbox 2108 820 3703 894">
     <span class='ocr_line' id='line_1_67' title="bbox 2108 820 3703 894; baseline 0.004 -20"><span class='ocrx_word' id='word_1_546' title='bbox 2108 820 2235 875; x_wconf 89' lang='lat' dir='ltr'><strong>licet</strong></span> <span class='ocrx_word' id='word_1_547' title='bbox 2280 820 2381 875; x_wconf 88' lang='lat' dir='ltr'><strong>boc</strong></span> <span class='ocrx_word' id='word_1_548' title='bbox 2422 822 2647 877; x_wconf 89' lang='lat' dir='ltr'><strong>lidenter</strong></span> <span class='ocrx_word' id='word_1_549' title='bbox 2675 822 2877 889; x_wconf 87' lang='lat' dir='ltr'><strong>dicere,</strong></span> <span class='ocrx_word' id='word_1_550' title='bbox 2907 831 3066 893; x_wconf 89' lang='lat' dir='ltr'><strong>atque</strong></span> <span class='ocrx_word' id='word_1_551' title='bbox 3093 824 3177 878; x_wconf 89' lang='lat' dir='ltr'><strong>bis</strong></span> <span class='ocrx_word' id='word_1_552' title='bbox 3206 826 3434 894; x_wconf 89' lang='lat' dir='ltr'><strong>majora.</strong></span> <span class='ocrx_word' id='word_1_553' title='bbox 3485 826 3552 880; x_wconf 79' lang='lat' dir='ltr'><strong>Et</strong></span> <span class='ocrx_word' id='word_1_554' title='bbox 3597 827 3703 893; x_wconf 90' lang='lat' dir='ltr'><strong>ubi,</strong></span> 
     </span>
    </p>
   </div>
   <div class='ocr_carea' id='block_1_68' title="bbox 2110 911 3707 981">
    <p class='ocr_par' dir='ltr' id='par_1_68' title="bbox 2110 911 3707 981">
     <span class='ocr_line' id='line_1_68' title="bbox 2110 911 3707 981; baseline 0.004 -16"><span class='ocrx_word' id='word_1_555' title='bbox 2110 912 2303 981; x_wconf 88' lang='lat' dir='ltr'><strong>inquis,</strong></span> <span class='ocrx_word' id='word_1_556' title='bbox 2331 911 2523 966; x_wconf 79' lang='lat' dir='ltr'><strong>Paulus</strong></span> <span class='ocrx_word' id='word_1_557' title='bbox 2550 911 2664 967; x_wconf 71' lang='lat' dir='ltr'><strong>haec</strong></span> <span class='ocrx_word' id='word_1_558' title='bbox 2693 912 2983 967; x_wconf 89' lang='lat' dir='ltr'><strong>sustinuit?</strong></span> <span class='ocrx_word' id='word_1_559' title='bbox 3029 913 3165 967; x_wconf 81' lang='lat' dir='ltr'><strong>Audi</strong></span> <span class='ocrx_word' id='word_1_560' title='bbox 3204 930 3325 969; x_wconf 89' lang='lat' dir='ltr'><strong>eum</strong></span> <span class='ocrx_word' id='word_1_561' title='bbox 3372 915 3646 972; x_wconf 92' lang='lat' dir='ltr'><strong>dicentem</strong></span> <span class='ocrx_word' id='word_1_562' title='bbox 3694 936 3707 971; x_wconf 91' lang='lat'><strong>:</strong></span> 
     </span>
    </p>
   </div>
   <div class='ocr_carea' id='block_1_69' title="bbox 2111 1002 3703 1075">
    <p class='ocr_par' dir='ltr' id='par_1_69' title="bbox 2111 1002 3703 1075">
     <span class='ocr_line' id='line_1_69' title="bbox 2111 1002 3703 1075; baseline 0.004 -19"><span class='ocrx_word' id='word_1_563' title='bbox 2111 1002 2237 1068; x_wconf 83' lang='lat' dir='ltr'><strong>Quis</strong></span> <span class='ocrx_word' id='word_1_564' title='bbox 2267 1004 2575 1071; x_wconf 78' lang='lat' dir='ltr'><strong>infirmatur,</strong></span> <span class='ocrx_word' id='word_1_565' title='bbox 2604 1014 2651 1057; x_wconf 89' lang='lat' dir='ltr'><strong>et</strong></span> <span class='ocrx_word' id='word_1_566' title='bbox 2686 1020 2777 1075; x_wconf 91' lang='lat' dir='ltr'><strong>ego</strong></span> <span class='ocrx_word' id='word_1_567' title='bbox 2807 1021 2908 1059; x_wconf 88' lang='lat' dir='ltr'><strong>non</strong></span> <span class='ocrx_word' id='word_1_568' title='bbox 2948 1005 3218 1073; x_wconf 79' lang='lat' dir='ltr'><strong>infirmor.’</strong></span> <span class='ocrx_word' id='word_1_569' title='bbox 3246 1007 3357 1075; x_wconf 83' lang='lat' dir='ltr'><strong>quis</strong></span> <span class='ocrx_word' id='word_1_570' title='bbox 3376 1009 3703 1062; x_wconf 71' lang='lat' dir='ltr'><strong>scandalisa-</strong></span> 
     </span>
    </p>
   </div>
   <div class='ocr_carea' id='block_1_70' title="bbox 2108 1094 3707 1167">
    <p class='ocr_par' dir='ltr' id='par_1_70' title="bbox 2108 1094 3707 1167">
     <span class='ocr_line' id='line_1_70' title="bbox 2108 1094 3707 1167; baseline 0.006 -21"><span class='ocrx_word' id='word_1_571' title='bbox 2108 1103 2207 1157; x_wconf 90' lang='lat' dir='ltr'><strong>tur,</strong></span> <span class='ocrx_word' id='word_1_572' title='bbox 2240 1103 2288 1147; x_wconf 91' lang='lat' dir='ltr'><strong>et</strong></span> <span class='ocrx_word' id='word_1_573' title='bbox 2316 1110 2407 1165; x_wconf 80' lang='lat' dir='ltr'><strong>ego</strong></span> <span class='ocrx_word' id='word_1_574' title='bbox 2434 1111 2534 1149; x_wconf 87' lang='lat' dir='ltr'><strong>non</strong></span> <span class='ocrx_word' id='word_1_575' title='bbox 2562 1111 2683 1150; x_wconf 86' lang='lat' dir='ltr'><strong>uror</strong></span> <span class='ocrx_word' id='word_1_576' title='bbox 2731 1096 2807 1165; x_wconf 86' lang='lat' dir='ltr'><strong>(l.</strong></span> <span class='ocrx_word' id='word_1_577' title='bbox 2837 1094 2958 1151; x_wconf 83' lang='lat' dir='ltr'><strong>Cor.</strong></span> <span class='ocrx_word' id='word_1_578' title='bbox 2989 1096 3076 1150; x_wconf 88' lang='grc' dir='ltr'>ιι.</span> <span class='ocrx_word' id='word_1_579' title='bbox 3103 1096 3244 1166; x_wconf 71' lang='lat'><strong>29)?</strong></span> <span class='ocrx_word' id='word_1_580' title='bbox 3288 1096 3333 1152; x_wconf 92' lang='grc'>0</span> <span class='ocrx_word' id='word_1_581' title='bbox 3373 1100 3607 1167; x_wconf 86' lang='lat' dir='ltr'><strong>pastoris</strong></span> <span class='ocrx_word' id='word_1_582' title='bbox 3636 1101 3707 1155; x_wconf 85' lang='lat' dir='ltr'><strong>di-</strong></span> 
     </span>
    </p>
   </div>
   <div class='ocr_carea' id='block_1_71' title="bbox 2108 1182 3700 1257">
    <p class='ocr_par' dir='ltr' id='par_1_71' title="bbox 2108 1182 3700 1257">
     <span class='ocr_line' id='line_1_71' title="bbox 2108 1182 3700 1257; baseline 0.006 -21"><span class='ocrx_word' id='word_1_583' title='bbox 2108 1182 2425 1239; x_wconf 84' lang='lat' dir='ltr'><strong>lectionem!</strong></span> <span class='ocrx_word' id='word_1_584' title='bbox 2476 1185 2680 1240; x_wconf 72' lang='lat' dir='ltr'><strong>Aliena:</strong></span> <span class='ocrx_word' id='word_1_585' title='bbox 2710 1186 2899 1253; x_wconf 73' lang='lat' dir='ltr'><strong>ruinze,</strong></span> <span class='ocrx_word' id='word_1_586' title='bbox 2948 1186 3135 1257; x_wconf 92' lang='lat' dir='ltr'><strong>inquit,</strong></span> <span class='ocrx_word' id='word_1_587' title='bbox 3185 1203 3336 1243; x_wconf 90' lang='lat' dir='ltr'><strong>meos</strong></span> <span class='ocrx_word' id='word_1_588' title='bbox 3364 1189 3581 1245; x_wconf 86' lang='lat' dir='ltr'><strong>dolores</strong></span> <span class='ocrx_word' id='word_1_589' title='bbox 3608 1206 3700 1245; x_wconf 78' lang='lat' dir='ltr'><strong>au-</strong></span> 
     </span>
    </p>
   </div>
   <div class='ocr_carea' id='block_1_72' title="bbox 2106 1274 3701 1344">
    <p class='ocr_par' dir='ltr' id='par_1_72' title="bbox 2106 1274 3701 1344">
     <span class='ocr_line' id='line_1_72' title="bbox 2106 1274 3701 1344; baseline 0.005 -17"><span class='ocrx_word' id='word_1_590' title='bbox 2106 1284 2253 1344; x_wconf 86' lang='lat' dir='ltr'><strong>gent,</strong></span> <span class='ocrx_word' id='word_1_591' title='bbox 2278 1275 2447 1330; x_wconf 89' lang='lat' dir='ltr'><strong>aliena</strong></span> <span class='ocrx_word' id='word_1_592' title='bbox 2487 1274 2733 1331; x_wconf 87' lang='lat' dir='ltr'><strong>scandala</strong></span> <span class='ocrx_word' id='word_1_593' title='bbox 2779 1276 3049 1331; x_wconf 81' lang='lat' dir='ltr'><strong>fornacem</strong></span> <span class='ocrx_word' id='word_1_594' title='bbox 3094 1276 3298 1333; x_wconf 90' lang='lat' dir='ltr'><strong>doloris</strong></span> <span class='ocrx_word' id='word_1_595' title='bbox 3346 1280 3453 1334; x_wconf 91' lang='lat' dir='ltr'><strong>mei</strong></span> <span class='ocrx_word' id='word_1_596' title='bbox 3481 1294 3701 1335; x_wconf 85' lang='lat' dir='ltr'><strong>succen-</strong></span> 
     </span>
    </p>
   </div>
   <div class='ocr_carea' id='block_1_73' title="bbox 2106 1367 3702 1440">
    <p class='ocr_par' dir='ltr' id='par_1_73' title="bbox 2106 1367 3702 1440">
     <span class='ocr_line' id='line_1_73' title="bbox 2106 1367 3702 1440; baseline 0.004 -19"><span class='ocrx_word' id='word_1_597' title='bbox 2106 1367 2258 1422; x_wconf 90' lang='lat' dir='ltr'><strong>dunt.</strong></span> <span class='ocrx_word' id='word_1_598' title='bbox 2292 1368 2442 1423; x_wconf 82' lang='lat' dir='ltr'><strong>Hunc</strong></span> <span class='ocrx_word' id='word_1_599' title='bbox 2482 1384 2669 1425; x_wconf 91' lang='lat' dir='ltr'><strong>omnes</strong></span> <span class='ocrx_word' id='word_1_600' title='bbox 2701 1370 2995 1436; x_wconf 89' lang='lat' dir='ltr'><strong>imitentur,</strong></span> <span class='ocrx_word' id='word_1_601' title='bbox 3024 1370 3217 1440; x_wconf 90' lang='lat' dir='ltr'><strong>quibus</strong></span> <span class='ocrx_word' id='word_1_602' title='bbox 3245 1371 3540 1427; x_wconf 84' lang='lat' dir='ltr'><strong>rationales</strong></span> <span class='ocrx_word' id='word_1_603' title='bbox 3576 1386 3702 1428; x_wconf 86' lang='lat' dir='ltr'><strong>oves</strong></span> 
     </span>
    </p>
   </div>
   <div class='ocr_carea' id='block_1_74' title="bbox 2108 1460 3699 1533">
    <p class='ocr_par' dir='ltr' id='par_1_74' title="bbox 2108 1460 3699 1533">
     <span class='ocr_line' id='line_1_74' title="bbox 2108 1460 3699 1533; baseline 0.001 -19"><span class='ocrx_word' id='word_1_604' title='bbox 2108 1460 2431 1515; x_wconf 66' lang='lat' dir='ltr'><strong>concreditae</strong></span> <span class='ocrx_word' id='word_1_605' title='bbox 2457 1470 2600 1525; x_wconf 90' lang='lat' dir='ltr'><strong>sunt,</strong></span> <span class='ocrx_word' id='word_1_606' title='bbox 2647 1471 2703 1517; x_wconf 90' lang='lat' dir='ltr'><strong>et</strong></span> <span class='ocrx_word' id='word_1_607' title='bbox 2747 1477 2816 1517; x_wconf 89' lang='lat' dir='ltr'><strong>ne</strong></span> <span class='ocrx_word' id='word_1_608' title='bbox 2863 1462 3159 1517; x_wconf 85' lang='lat' dir='ltr'><strong>deteriores</strong></span> <span class='ocrx_word' id='word_1_609' title='bbox 3191 1462 3318 1517; x_wconf 74' lang='lat' dir='ltr'><strong>[iant</strong></span> <span class='ocrx_word' id='word_1_610' title='bbox 3345 1464 3440 1517; x_wconf 90' lang='lat' dir='ltr'><strong>illo</strong></span> <span class='ocrx_word' id='word_1_611' title='bbox 3465 1464 3557 1533; x_wconf 91' lang='lat' dir='ltr'><strong>qui</strong></span> <span class='ocrx_word' id='word_1_612' title='bbox 3581 1473 3699 1517; x_wconf 86' lang='lat' dir='ltr'><strong>tan-</strong></span> 
     </span>
    </p>
   </div>
   <div class='ocr_carea' id='block_1_75' title="bbox 2109 1553 3693 1626">
    <p class='ocr_par' dir='ltr' id='par_1_75' title="bbox 2109 1553 3693 1626">
     <span class='ocr_line' id='line_1_75' title="bbox 2109 1553 3693 1626; baseline 0.001 -17"><span class='ocrx_word' id='word_1_613' title='bbox 2109 1563 2175 1609; x_wconf 74' lang='lat' dir='ltr'><strong>tte</strong></span> <span class='ocrx_word' id='word_1_614' title='bbox 2201 1555 2254 1609; x_wconf 91' lang='lat' dir='ltr'><strong>in</strong></span> <span class='ocrx_word' id='word_1_615' title='bbox 2285 1553 2455 1609; x_wconf 91' lang='lat' dir='ltr'><strong>brutis</strong></span> <span class='ocrx_word' id='word_1_616' title='bbox 2501 1554 2794 1624; x_wconf 85' lang='lat' dir='ltr'><strong>pecudibus</strong></span> <span class='ocrx_word' id='word_1_617' title='bbox 2841 1555 3205 1610; x_wconf 86' lang='lat' dir='ltr'><strong>custodiendis</strong></span> <span class='ocrx_word' id='word_1_618' title='bbox 3248 1556 3537 1626; x_wconf 69' lang='lat' dir='ltr'><strong>vigilantiae</strong></span> <span class='ocrx_word' id='word_1_619' title='bbox 3582 1554 3693 1619; x_wconf 74' lang='lat' dir='ltr'><strong>fuit,</strong></span> 
     </span>
    </p>
   </div>
   <div class='ocr_carea' id='block_1_76' title="bbox 2108 1648 3699 1719">
    <p class='ocr_par' dir='ltr' id='par_1_76' title="bbox 2108 1648 3699 1719">
     <span class='ocr_line' id='line_1_76' title="bbox 2108 1648 3699 1719; baseline 0 -17"><span class='ocrx_word' id='word_1_620' title='bbox 2108 1648 2266 1719; x_wconf 89' lang='lat' dir='ltr'><strong>idque</strong></span> <span class='ocrx_word' id='word_1_621' title='bbox 2293 1657 2370 1703; x_wconf 94' lang='lat' dir='ltr'><strong>tot</strong></span> <span class='ocrx_word' id='word_1_622' title='bbox 2398 1662 2659 1703; x_wconf 88' lang='lat' dir='ltr'><strong>annorum</strong></span> <span class='ocrx_word' id='word_1_623' title='bbox 2695 1664 2935 1703; x_wconf 88' lang='lat' dir='ltr'><strong>numero.</strong></span> <span class='ocrx_word' id='word_1_624' title='bbox 2985 1648 3051 1702; x_wconf 88' lang='lat' dir='ltr'><strong>Et</strong></span> <span class='ocrx_word' id='word_1_625' title='bbox 3095 1648 3206 1702; x_wconf 91' lang='lat' dir='ltr'><strong>illic</strong></span> <span class='ocrx_word' id='word_1_626' title='bbox 3248 1648 3485 1718; x_wconf 86' lang='lat' dir='ltr'><strong>quidem,</strong></span> <span class='ocrx_word' id='word_1_627' title='bbox 3538 1648 3583 1702; x_wconf 91' lang='lat' dir='ltr'><strong>si</strong></span> <span class='ocrx_word' id='word_1_628' title='bbox 3625 1648 3699 1702; x_wconf 70' lang='lat' dir='ltr'><strong>in~</strong></span> 
     </span>
    </p>
   </div>
   <div class='ocr_carea' id='block_1_77' title="bbox 2107 1737 3697 1809">
    <p class='ocr_par' dir='ltr' id='par_1_77' title="bbox 2107 1737 3697 1809">
     <span class='ocr_line' id='line_1_77' title="bbox 2107 1737 3697 1809; baseline 0 -16"><span class='ocrx_word' id='word_1_629' title='bbox 2107 1740 2251 1793; x_wconf 92' lang='lat' dir='ltr'><strong>curia</strong></span> <span class='ocrx_word' id='word_1_630' title='bbox 2292 1738 2535 1809; x_wconf 70' lang='lat' dir='ltr'><strong>quaedam</strong></span> <span class='ocrx_word' id='word_1_631' title='bbox 2588 1738 2865 1806; x_wconf 90' lang='lat' dir='ltr'><strong>acciderit,</strong></span> <span class='ocrx_word' id='word_1_632' title='bbox 2911 1738 3114 1794; x_wconf 88' lang='lat' dir='ltr'><strong>nullum</strong></span> <span class='ocrx_word' id='word_1_633' title='bbox 3156 1737 3451 1793; x_wconf 89' lang='lat' dir='ltr'><strong>damnum:</strong></span> <span class='ocrx_word' id='word_1_634' title='bbox 3483 1738 3571 1793; x_wconf 86' lang='lat' dir='ltr'><strong>hic</strong></span> <span class='ocrx_word' id='word_1_635' title='bbox 3604 1754 3697 1793; x_wconf 89' lang='lat' dir='ltr'><strong>au-</strong></span> 
     </span>
    </p>
   </div>
   <div class='ocr_carea' id='block_1_78' title="bbox 2110 1831 3697 1901">
    <p class='ocr_par' dir='ltr' id='par_1_78' title="bbox 2110 1831 3697 1901">
     <span class='ocr_line' id='line_1_78' title="bbox 2110 1831 3697 1901; baseline 0.001 -16"><span class='ocrx_word' id='word_1_636' title='bbox 2110 1840 2217 1886; x_wconf 92' lang='lat' dir='ltr'><strong>tem</strong></span> <span class='ocrx_word' id='word_1_637' title='bbox 2265 1832 2309 1885; x_wconf 92' lang='lat' dir='ltr'><strong>si</strong></span> <span class='ocrx_word' id='word_1_638' title='bbox 2334 1831 2417 1886; x_wconf 89' lang='lat' dir='ltr'><strong>vel</strong></span> <span class='ocrx_word' id='word_1_639' title='bbox 2459 1846 2561 1885; x_wconf 90' lang='lat' dir='ltr'><strong>una</strong></span> <span class='ocrx_word' id='word_1_640' title='bbox 2612 1832 2726 1886; x_wconf 84' lang='lat' dir='ltr'><strong>ovis</strong></span> <span class='ocrx_word' id='word_1_641' title='bbox 2778 1832 3049 1887; x_wconf 88' lang='lat' dir='ltr'><strong>rationalis</strong></span> <span class='ocrx_word' id='word_1_642' title='bbox 3096 1832 3336 1901; x_wconf 89' lang='lat' dir='ltr'><strong>perierit,</strong></span> <span class='ocrx_word' id='word_1_643' title='bbox 3365 1833 3505 1888; x_wconf 87' lang='lat' dir='ltr'><strong>vela</strong></span> <span class='ocrx_word' id='word_1_644' title='bbox 3535 1833 3697 1887; x_wconf 83' lang='lat' dir='ltr'><strong>bestia</strong></span> 
     </span>
    </p>
   </div>
   <div class='ocr_carea' id='block_1_79' title="bbox 2108 1922 3696 1993">
    <p class='ocr_par' dir='ltr' id='par_1_79' title="bbox 2108 1922 3696 1993">
     <span class='ocr_line' id='line_1_79' title="bbox 2108 1922 3696 1993; baseline 0.002 -19"><span class='ocrx_word' id='word_1_645' title='bbox 2108 1923 2267 1977; x_wconf 80' lang='lat' dir='ltr'><strong>fuerit</strong></span> <span class='ocrx_word' id='word_1_646' title='bbox 2314 1930 2485 1992; x_wconf 80' lang='lat' dir='ltr'><strong>capta,</strong></span> <span class='ocrx_word' id='word_1_647' title='bbox 2535 1938 2697 1993; x_wconf 84' lang='lat' dir='ltr'><strong>grave</strong></span> <span class='ocrx_word' id='word_1_648' title='bbox 2740 1922 3015 1988; x_wconf 86' lang='lat' dir='ltr'><strong>damnum,</strong></span> <span class='ocrx_word' id='word_1_649' title='bbox 3066 1923 3355 1977; x_wconf 84' lang='lat' dir='ltr'><strong>maximum</strong></span> <span class='ocrx_word' id='word_1_650' title='bbox 3400 1923 3696 1979; x_wconf 84' lang='lat' dir='ltr'><strong>detrimen-</strong></span> 
     </span>
    </p>
   </div>
   <div class='ocr_carea' id='block_1_80' title="bbox 2109 2012 3699 2083">
    <p class='ocr_par' dir='ltr' id='par_1_80' title="bbox 2109 2012 3699 2083">
     <span class='ocr_line' id='line_1_80' title="bbox 2109 2012 3699 2083; baseline 0 -16"><span class='ocrx_word' id='word_1_651' title='bbox 2109 2021 2240 2079; x_wconf 89' lang='lat' dir='ltr'><strong>tum,</strong></span> <span class='ocrx_word' id='word_1_652' title='bbox 2292 2012 2575 2068; x_wconf 84' lang='lat' dir='ltr'><strong>inetl&#39;abilis</strong></span> <span class='ocrx_word' id='word_1_653' title='bbox 2628 2028 2803 2083; x_wconf 65' lang='lat' dir='ltr'><strong>plena.</strong></span> <span class='ocrx_word' id='word_1_654' title='bbox 2839 2012 2973 2067; x_wconf 86' lang='lat' dir='ltr'><strong>Nam</strong></span> <span class='ocrx_word' id='word_1_655' title='bbox 3016 2013 3061 2068; x_wconf 90' lang='lat' dir='ltr'><strong>si</strong></span> <span class='ocrx_word' id='word_1_656' title='bbox 3092 2013 3348 2068; x_wconf 85' lang='lat' dir='ltr'><strong>Dominus</strong></span> <span class='ocrx_word' id='word_1_657' title='bbox 3378 2025 3564 2067; x_wconf 82' lang='lat' dir='ltr'><strong>noster</strong></span> <span class='ocrx_word' id='word_1_658' title='bbox 3589 2028 3699 2068; x_wconf 84' lang='lat' dir='ltr'><strong>san-</strong></span> 
     </span>
    </p>
   </div>
   <div class='ocr_carea' id='block_1_81' title="bbox 2106 2104 3695 2176">
    <p class='ocr_par' dir='ltr' id='par_1_81' title="bbox 2106 2104 3695 2176">
     <span class='ocr_line' id='line_1_81' title="bbox 2106 2104 3695 2176; baseline -0.001 -17"><span class='ocrx_word' id='word_1_659' title='bbox 2106 2106 2320 2175; x_wconf 88' lang='lat' dir='ltr'><strong>guinem</strong></span> <span class='ocrx_word' id='word_1_660' title='bbox 2370 2121 2522 2160; x_wconf 91' lang='lat' dir='ltr'><strong>suum</strong></span> <span class='ocrx_word' id='word_1_661' title='bbox 2570 2106 2844 2176; x_wconf 90' lang='lat' dir='ltr'><strong>proprium</strong></span> <span class='ocrx_word' id='word_1_662' title='bbox 2889 2104 3167 2160; x_wconf 85' lang='lat' dir='ltr'><strong>ell&#39;undere</strong></span> <span class='ocrx_word' id='word_1_663' title='bbox 3198 2120 3295 2175; x_wconf 90' lang='lat' dir='ltr'><strong>pro</strong></span> <span class='ocrx_word' id='word_1_664' title='bbox 3339 2105 3427 2159; x_wconf 86' lang='lat' dir='ltr'><strong>illa</strong></span> <span class='ocrx_word' id='word_1_665' title='bbox 3465 2120 3576 2158; x_wconf 91' lang='lat' dir='ltr'><strong>non</strong></span> <span class='ocrx_word' id='word_1_666' title='bbox 3601 2105 3695 2158; x_wconf 87' lang='lat' dir='ltr'><strong>de-</strong></span> 
     </span>
    </p>
   </div>
   <div class='ocr_carea' id='block_1_82' title="bbox 2107 2192 3696 2265">
    <p class='ocr_par' dir='ltr' id='par_1_82' title="bbox 2107 2192 3696 2265">
     <span class='ocr_line' id='line_1_82' title="bbox 2107 2192 3696 2265; baseline -0.002 -15"><span class='ocrx_word' id='word_1_667' title='bbox 2107 2195 2345 2261; x_wconf 91' lang='lat' dir='ltr'><strong>clinavit,</strong></span> <span class='ocrx_word' id='word_1_668' title='bbox 2391 2209 2493 2264; x_wconf 92' lang='lat' dir='ltr'><strong>qua</strong></span> <span class='ocrx_word' id='word_1_669' title='bbox 2524 2195 2677 2249; x_wconf 90' lang='lat' dir='ltr'><strong>venia</strong></span> <span class='ocrx_word' id='word_1_670' title='bbox 2707 2195 2900 2265; x_wconf 87' lang='lat' dir='ltr'><strong>dignus</strong></span> <span class='ocrx_word' id='word_1_671' title='bbox 2943 2194 3123 2261; x_wconf 81' lang='lat' dir='ltr'><strong>fuerit,</strong></span> <span class='ocrx_word' id='word_1_672' title='bbox 3165 2195 3358 2264; x_wconf 89' lang='lat' dir='ltr'><strong>quisic</strong></span> <span class='ocrx_word' id='word_1_673' title='bbox 3386 2192 3696 2248; x_wconf 84' lang='lat' dir='ltr'><strong>honoratam</strong></span> 
     </span>
    </p>
   </div>
   <div class='ocr_carea' id='block_1_83' title="bbox 2106 2284 3697 2355">
    <p class='ocr_par' dir='ltr' id='par_1_83' title="bbox 2106 2284 3697 2355">
     <span class='ocr_line' id='line_1_83' title="bbox 2106 2284 3697 2355; baseline -0.001 -16"><span class='ocrx_word' id='word_1_674' title='bbox 2106 2300 2136 2339; x_wconf 88' lang='lat' dir='ltr'><strong>a</strong></span> <span class='ocrx_word' id='word_1_675' title='bbox 2177 2286 2402 2340; x_wconf 92' lang='lat' dir='ltr'><strong>Domino</strong></span> <span class='ocrx_word' id='word_1_676' title='bbox 2430 2285 2709 2355; x_wconf 89' lang='lat' dir='ltr'><strong>despicere</strong></span> <span class='ocrx_word' id='word_1_677' title='bbox 2737 2286 2985 2350; x_wconf 89' lang='lat' dir='ltr'><strong>voluerit,</strong></span> <span class='ocrx_word' id='word_1_678' title='bbox 3034 2293 3089 2339; x_wconf 90' lang='lat' dir='ltr'><strong>et</strong></span> <span class='ocrx_word' id='word_1_679' title='bbox 3131 2299 3235 2338; x_wconf 90' lang='lat' dir='ltr'><strong>non</strong></span> <span class='ocrx_word' id='word_1_680' title='bbox 3260 2284 3436 2339; x_wconf 91' lang='lat' dir='ltr'><strong>omnia</strong></span> <span class='ocrx_word' id='word_1_681' title='bbox 3462 2300 3581 2353; x_wconf 79' lang='lat' dir='ltr'><strong>qua:</strong></span> <span class='ocrx_word' id='word_1_682' title='bbox 3609 2299 3697 2353; x_wconf 85' lang='lat' dir='ltr'><strong>po-</strong></span> 
     </span>
    </p>
   </div>
   <div class='ocr_carea' id='block_1_84' title="bbox 2108 2376 3697 2446">
    <p class='ocr_par' dir='ltr' id='par_1_84' title="bbox 2108 2376 3697 2446">
     <span class='ocr_line' id='line_1_84' title="bbox 2108 2376 3697 2446; baseline -0.001 -14"><span class='ocrx_word' id='word_1_683' title='bbox 2108 2386 2213 2434; x_wconf 88' lang='lat' dir='ltr'><strong>test</strong></span> <span class='ocrx_word' id='word_1_684' title='bbox 2252 2378 2306 2433; x_wconf 92' lang='lat' dir='ltr'><strong>in</strong></span> <span class='ocrx_word' id='word_1_685' title='bbox 2353 2377 2590 2433; x_wconf 91' lang='lat' dir='ltr'><strong>curanda</strong></span> <span class='ocrx_word' id='word_1_686' title='bbox 2620 2378 2825 2432; x_wconf 91' lang='lat' dir='ltr'><strong>ovicula</strong></span> <span class='ocrx_word' id='word_1_687' title='bbox 2870 2376 3279 2446; x_wconf 88' lang='lat' dir='ltr'><strong>adimpleverit?</strong></span> <span class='ocrx_word' id='word_1_688' title='bbox 3331 2377 3597 2431; x_wconf 65' lang='lat' dir='ltr'><strong>Cteterum</strong></span> <span class='ocrx_word' id='word_1_689' title='bbox 3635 2376 3697 2430; x_wconf 89' lang='lat' dir='ltr'><strong>ad</strong></span> 
     </span>
    </p>
   </div>
   <div class='ocr_carea' id='block_1_85' title="bbox 2106 2467 3698 2537">
    <p class='ocr_par' dir='ltr' id='par_1_85' title="bbox 2106 2467 3698 2537">
     <span class='ocr_line' id='line_1_85' title="bbox 2106 2467 3698 2537; baseline -0.004 -12"><span class='ocrx_word' id='word_1_690' title='bbox 2106 2471 2299 2527; x_wconf 89' lang='lat' dir='ltr'><strong>seriem</strong></span> <span class='ocrx_word' id='word_1_691' title='bbox 2350 2471 2614 2525; x_wconf 91' lang='lat' dir='ltr'><strong>sermonis</strong></span> <span class='ocrx_word' id='word_1_692' title='bbox 2657 2470 2960 2525; x_wconf 86' lang='lat' dir='ltr'><strong>redeamus.</strong></span> <span class='ocrx_word' id='word_1_693' title='bbox 2988 2469 3079 2523; x_wconf 65' lang='lat' dir='ltr'><strong>ll.</strong></span> <span class='ocrx_word' id='word_1_694' title='bbox 3112 2468 3184 2522; x_wconf 84' lang='lat' dir='ltr'><strong>Hi</strong></span> <span class='ocrx_word' id='word_1_695' title='bbox 3208 2469 3351 2534; x_wconf 81' lang='lat' dir='ltr'><strong>mihi,</strong></span> <span class='ocrx_word' id='word_1_696' title='bbox 3382 2468 3575 2537; x_wconf 89' lang='lat' dir='ltr'><strong>inquit,</strong></span> <span class='ocrx_word' id='word_1_697' title='bbox 3626 2467 3698 2519; x_wconf 77' lang='lat' dir='ltr'><strong>vi-</strong></span> 
     </span>
    </p>
   </div>
   <div class='ocr_carea' id='block_1_86' title="bbox 2105 2559 3699 2635">
    <p class='ocr_par' dir='ltr' id='par_1_86' title="bbox 2105 2559 3699 2635">
     <span class='ocr_line' id='line_1_86' title="bbox 2105 2559 3699 2635; baseline -0.003 -18"><span class='ocrx_word' id='word_1_698' title='bbox 2105 2564 2232 2635; x_wconf 87' lang='lat' dir='ltr'><strong>ginti</strong></span> <span class='ocrx_word' id='word_1_699' title='bbox 2271 2564 2412 2628; x_wconf 86' lang='lat' dir='ltr'><strong>anni,</strong></span> <span class='ocrx_word' id='word_1_700' title='bbox 2472 2562 2653 2632; x_wconf 86' lang='lat' dir='ltr'><strong>quibus</strong></span> <span class='ocrx_word' id='word_1_701' title='bbox 2696 2579 2810 2616; x_wconf 88' lang='lat' dir='ltr'><strong>sum</strong></span> <span class='ocrx_word' id='word_1_702' title='bbox 2866 2562 2920 2615; x_wconf 87' lang='lat' dir='ltr'><strong>in</strong></span> <span class='ocrx_word' id='word_1_703' title='bbox 2974 2563 3123 2615; x_wconf 87' lang='lat' dir='ltr'><strong>domo</strong></span> <span class='ocrx_word' id='word_1_704' title='bbox 3172 2571 3279 2615; x_wconf 85' lang='lat' dir='ltr'><strong>tua.</strong></span> <span class='ocrx_word' id='word_1_705' title='bbox 3358 2559 3557 2616; x_wconf 71' lang='grc' dir='ltr'><strong>εει-υἱιβὶ</strong></span> <span class='ocrx_word' id='word_1_706' title='bbox 3616 2560 3699 2613; x_wconf 84' lang='lat' dir='ltr'><strong>tibi</strong></span> 
     </span>
    </p>
   </div>
   <div class='ocr_carea' id='block_1_87' title="bbox 2105 2652 3696 2724">
    <p class='ocr_par' dir='ltr' id='par_1_87' title="bbox 2105 2652 3696 2724">
     <span class='ocr_line' id='line_1_87' title="bbox 2105 2652 3696 2724; baseline 0.001 -20"><span class='ocrx_word' id='word_1_707' title='bbox 2105 2653 2485 2724; x_wconf 79' lang='lat' dir='ltr'><strong>quatuordecim</strong></span> <span class='ocrx_word' id='word_1_708' title='bbox 2510 2653 2656 2706; x_wconf 88' lang='lat' dir='ltr'><strong>anuis</strong></span> <span class='ocrx_word' id='word_1_709' title='bbox 2701 2668 2793 2721; x_wconf 90' lang='lat' dir='ltr'><strong>pro</strong></span> <span class='ocrx_word' id='word_1_710' title='bbox 2822 2653 3027 2721; x_wconf 83' lang='lat' dir='ltr'><strong>filiabus</strong></span> <span class='ocrx_word' id='word_1_711' title='bbox 3054 2653 3172 2717; x_wconf 85' lang='lat' dir='ltr'><strong>tuis,</strong></span> <span class='ocrx_word' id='word_1_712' title='bbox 3226 2662 3273 2706; x_wconf 88' lang='lat' dir='ltr'><strong>et</strong></span> <span class='ocrx_word' id='word_1_713' title='bbox 3313 2668 3405 2706; x_wconf 83' lang='lat' dir='ltr'><strong>sea:</strong></span> <span class='ocrx_word' id='word_1_714' title='bbox 3426 2652 3580 2705; x_wconf 82' lang='lat' dir='ltr'><strong>anuis</strong></span> <span class='ocrx_word' id='word_1_715' title='bbox 3608 2668 3696 2719; x_wconf 83' lang='lat' dir='ltr'><strong>pro</strong></span> 
     </span>
    </p>
   </div>
   <div class='ocr_carea' id='block_1_88' title="bbox 2106 2745 3697 2815">
    <p class='ocr_par' dir='ltr' id='par_1_88' title="bbox 2106 2745 3697 2815">
     <span class='ocr_line' id='line_1_88' title="bbox 2106 2745 3697 2815; baseline -0.001 -16"><span class='ocrx_word' id='word_1_716' title='bbox 2106 2747 2277 2799; x_wconf 82' lang='lat' dir='ltr'><strong>ovibus</strong></span> <span class='ocrx_word' id='word_1_717' title='bbox 2320 2746 2441 2809; x_wconf 87' lang='lat' dir='ltr'><strong>tuis,</strong></span> <span class='ocrx_word' id='word_1_718' title='bbox 2477 2756 2524 2799; x_wconf 86' lang='lat' dir='ltr'><strong>et</strong></span> <span class='ocrx_word' id='word_1_719' title='bbox 2550 2746 2802 2815; x_wconf 85' lang='lat' dir='ltr'><strong>fraudasti</strong></span> <span class='ocrx_word' id='word_1_720' title='bbox 2847 2745 3121 2799; x_wconf 87' lang='lat' dir='ltr'><strong>mercedem</strong></span> <span class='ocrx_word' id='word_1_721' title='bbox 3150 2762 3313 2799; x_wconf 86' lang='lat' dir='ltr'><strong>meam</strong></span> <span class='ocrx_word' id='word_1_722' title='bbox 3337 2746 3508 2798; x_wconf 85' lang='lat' dir='ltr'><strong>decem</strong></span> <span class='ocrx_word' id='word_1_723' title='bbox 3537 2762 3697 2814; x_wconf 78' lang='lat' dir='ltr'><strong>agna-</strong></span> 
     </span>
    </p>
   </div>
   <div class='ocr_carea' id='block_1_89' title="bbox 2106 2834 3697 2907">
    <p class='ocr_par' dir='ltr' id='par_1_89' title="bbox 2106 2834 3697 2907">
     <span class='ocr_line' id='line_1_89' title="bbox 2106 2834 3697 2907; baseline -0.001 -15"><span class='ocrx_word' id='word_1_724' title='bbox 2106 2839 2215 2892; x_wconf 82' lang='lat' dir='ltr'><strong>bus.</strong></span> <span class='ocrx_word' id='word_1_725' title='bbox 2250 2837 2339 2891; x_wconf 69' lang='lat'><strong>4‘2.</strong></span> <span class='ocrx_word' id='word_1_726' title='bbox 2390 2836 2459 2890; x_wconf 83' lang='lat' dir='ltr'><strong>Et</strong></span> <span class='ocrx_word' id='word_1_727' title='bbox 2505 2838 2601 2891; x_wconf 85' lang='lat' dir='ltr'><strong>nisi</strong></span> <span class='ocrx_word' id='word_1_728' title='bbox 2648 2835 2787 2891; x_wconf 85' lang='lat' dir='ltr'><strong>Deus</strong></span> <span class='ocrx_word' id='word_1_729' title='bbox 2831 2837 2989 2907; x_wconf 87' lang='lat' dir='ltr'><strong>patris</strong></span> <span class='ocrx_word' id='word_1_730' title='bbox 3034 2836 3130 2890; x_wconf 89' lang='lat' dir='ltr'><strong>mei</strong></span> <span class='ocrx_word' id='word_1_731' title='bbox 3182 2836 3421 2900; x_wconf 75' lang='lat' dir='ltr'><strong>Abralue,</strong></span> <span class='ocrx_word' id='word_1_732' title='bbox 3470 2848 3518 2889; x_wconf 88' lang='lat' dir='ltr'><strong>et</strong></span> <span class='ocrx_word' id='word_1_733' title='bbox 3563 2834 3697 2890; x_wconf 83' lang='lat' dir='ltr'><strong>Deus</strong></span> 
     </span>
    </p>
   </div>
   <div class='ocr_carea' id='block_1_90' title="bbox 2106 2927 3696 2999">
    <p class='ocr_par' dir='ltr' id='par_1_90' title="bbox 2106 2927 3696 2999">
     <span class='ocr_line' id='line_1_90' title="bbox 2106 2927 3696 2999; baseline 0 -18"><span class='ocrx_word' id='word_1_734' title='bbox 2106 2927 2303 2982; x_wconf 75' lang='lat' dir='ltr'><strong>lsaac‘</strong></span> <span class='ocrx_word' id='word_1_735' title='bbox 2348 2929 2523 2999; x_wconf 88' lang='lat' dir='ltr'><strong>fuisset</strong></span> <span class='ocrx_word' id='word_1_736' title='bbox 2576 2928 2701 2980; x_wconf 84' lang='lat' dir='ltr'><strong>milii</strong></span> <span class='ocrx_word' id='word_1_737' title='bbox 2748 2927 2973 2999; x_wconf 85' lang='lat' dir='ltr'><strong>adjutor,</strong></span> <span class='ocrx_word' id='word_1_738' title='bbox 3017 2943 3153 2981; x_wconf 84' lang='lat' dir='ltr'><strong>nunc</strong></span> <span class='ocrx_word' id='word_1_739' title='bbox 3192 2931 3322 2997; x_wconf 89' lang='lat' dir='ltr'><strong>forte</strong></span> <span class='ocrx_word' id='word_1_740' title='bbox 3363 2943 3443 2980; x_wconf 89' lang='lat' dir='ltr'><strong>me</strong></span> <span class='ocrx_word' id='word_1_741' title='bbox 3489 2943 3696 2981; x_wconf 72' lang='lat' dir='ltr'><strong>vacuum</strong></span> 
     </span>
    </p>
   </div>
   <div class='ocr_carea' id='block_1_91' title="bbox 2106 3016 3695 3073">
    <p class='ocr_par' dir='ltr' id='par_1_91' title="bbox 2106 3016 3695 3073">
     <span class='ocr_line' id='line_1_91' title="bbox 2106 3016 3695 3073; baseline 0 -1"><span class='ocrx_word' id='word_1_742' title='bbox 2106 3018 2396 3073; x_wconf 87' lang='lat' dir='ltr'><strong>dimisisses.</strong></span> <span class='ocrx_word' id='word_1_743' title='bbox 2462 3016 2817 3073; x_wconf 84' lang='lat' dir='ltr'><strong>Humilitatem</strong></span> <span class='ocrx_word' id='word_1_744' title='bbox 2870 3034 3033 3073; x_wconf 89' lang='lat' dir='ltr'><strong>meam</strong></span> <span class='ocrx_word' id='word_1_745' title='bbox 3079 3026 3125 3072; x_wconf 81' lang='lat' dir='ltr'><strong>et</strong></span> <span class='ocrx_word' id='word_1_746' title='bbox 3173 3018 3397 3071; x_wconf 86' lang='lat' dir='ltr'><strong>laborem</strong></span> <span class='ocrx_word' id='word_1_747' title='bbox 3454 3035 3695 3073; x_wconf 81' lang='lat' dir='ltr'><strong>manuum</strong></span> 
     </span>
    </p>
   </div>
   <div class='ocr_carea' id='block_1_92' title="bbox 2105 3109 3699 3182">
    <p class='ocr_par' dir='ltr' id='par_1_92' title="bbox 2105 3109 3699 3182">
     <span class='ocr_line' id='line_1_92' title="bbox 2105 3109 3699 3182; baseline 0 -17"><span class='ocrx_word' id='word_1_748' title='bbox 2105 3128 2329 3166; x_wconf 83' lang='lat' dir='ltr'><strong>mearum</strong></span> <span class='ocrx_word' id='word_1_749' title='bbox 2354 3111 2475 3165; x_wconf 80' lang='lat' dir='ltr'><strong>uidit</strong></span> <span class='ocrx_word' id='word_1_750' title='bbox 2503 3110 2659 3179; x_wconf 88' lang='lat' dir='ltr'><strong>Deus,</strong></span> <span class='ocrx_word' id='word_1_751' title='bbox 2706 3120 2753 3165; x_wconf 92' lang='lat' dir='ltr'><strong>et</strong></span> <span class='ocrx_word' id='word_1_752' title='bbox 2792 3111 2962 3182; x_wconf 84' lang='lat' dir='ltr'><strong>arguit</strong></span> <span class='ocrx_word' id='word_1_753' title='bbox 3010 3120 3058 3165; x_wconf 90' lang='lat' dir='ltr'><strong>te</strong></span> <span class='ocrx_word' id='word_1_754' title='bbox 3101 3109 3228 3165; x_wconf 77' lang='lat' dir='ltr'><strong>lteri.</strong></span> <span class='ocrx_word' id='word_1_755' title='bbox 3268 3110 3399 3165; x_wconf 90' lang='lat' dir='ltr'><strong>Vide</strong></span> <span class='ocrx_word' id='word_1_756' title='bbox 3429 3111 3699 3180; x_wconf 88' lang='lat' dir='ltr'><strong>quomodo</strong></span> 
     </span>
    </p>
   </div>
   <div class='ocr_carea' id='block_1_93' title="bbox 2104 3201 3695 3276">
    <p class='ocr_par' dir='ltr' id='par_1_93' title="bbox 2104 3201 3695 3276">
     <span class='ocr_line' id='line_1_93' title="bbox 2104 3201 3695 3276; baseline -0.002 -16"><span class='ocrx_word' id='word_1_757' title='bbox 2104 3218 2167 3260; x_wconf 87' lang='lat' dir='ltr'><strong>ea</strong></span> <span class='ocrx_word' id='word_1_758' title='bbox 2197 3219 2315 3276; x_wconf 71' lang='lat' dir='ltr'><strong>quae</strong></span> <span class='ocrx_word' id='word_1_759' title='bbox 2343 3204 2623 3260; x_wconf 78' lang='lat' dir='ltr'><strong>confessus</strong></span> <span class='ocrx_word' id='word_1_760' title='bbox 2665 3213 2748 3259; x_wconf 90' lang='lat' dir='ltr'><strong>est</strong></span> <span class='ocrx_word' id='word_1_761' title='bbox 2790 3202 2992 3268; x_wconf 87' lang='lat' dir='ltr'><strong>Laban,</strong></span> <span class='ocrx_word' id='word_1_762' title='bbox 3042 3203 3345 3258; x_wconf 85' lang='lat' dir='ltr'><strong>animarum</strong></span> <span class='ocrx_word' id='word_1_763' title='bbox 3381 3201 3605 3272; x_wconf 87' lang='lat' dir='ltr'><strong>justum,</strong></span> <span class='ocrx_word' id='word_1_764' title='bbox 3644 3213 3695 3258; x_wconf 93' lang='lat' dir='ltr'><strong>ut</strong></span> 
     </span>
    </p>
   </div>
   <div class='ocr_carea' id='block_1_94' title="bbox 2103 3291 3693 3364">
    <p class='ocr_par' dir='ltr' id='par_1_94' title="bbox 2103 3291 3693 3364">
     <span class='ocr_line' id='line_1_94' title="bbox 2103 3291 3693 3364; baseline -0.002 -14"><span class='ocrx_word' id='word_1_765' title='bbox 2103 3310 2225 3350; x_wconf 90' lang='lat' dir='ltr'><strong>cum</strong></span> <span class='ocrx_word' id='word_1_766' title='bbox 2275 3294 2467 3350; x_wconf 84' lang='lat' dir='ltr'><strong>ﬁducia</strong></span> <span class='ocrx_word' id='word_1_767' title='bbox 2520 3294 2665 3349; x_wconf 92' lang='lat' dir='ltr'><strong>illum</strong></span> <span class='ocrx_word' id='word_1_768' title='bbox 2717 3291 3157 3364; x_wconf 87' lang='lat' dir='ltr'><strong>reprehenderet.</strong></span> <span class='ocrx_word' id='word_1_769' title='bbox 3211 3291 3427 3358; x_wconf 92' lang='lat' dir='ltr'><strong>Vidisti,</strong></span> <span class='ocrx_word' id='word_1_770' title='bbox 3480 3293 3693 3363; x_wconf 90' lang='lat' dir='ltr'><strong>inquit,</strong></span> 
     </span>
    </p>
   </div>
   <div class='ocr_carea' id='block_1_95' title="bbox 2103 3383 3698 3458">
    <p class='ocr_par' dir='ltr' id='par_1_95' title="bbox 2103 3383 3698 3458">
     <span class='ocr_line' id='line_1_95' title="bbox 2103 3383 3698 3458; baseline -0.002 -16"><span class='ocrx_word' id='word_1_771' title='bbox 2103 3386 2372 3458; x_wconf 84' lang='lat' dir='ltr'><strong>quomodo</strong></span> <span class='ocrx_word' id='word_1_772' title='bbox 2404 3386 2588 3457; x_wconf 88' lang='lat' dir='ltr'><strong>viginti</strong></span> <span class='ocrx_word' id='word_1_773' title='bbox 2635 3400 2896 3440; x_wconf 86' lang='lat' dir='ltr'><strong>annorum</strong></span> <span class='ocrx_word' id='word_1_774' title='bbox 2926 3398 3149 3439; x_wconf 89' lang='lat' dir='ltr'><strong>numero</strong></span> <span class='ocrx_word' id='word_1_775' title='bbox 3176 3384 3371 3438; x_wconf 87' lang='lat' dir='ltr'><strong>servivi</strong></span> <span class='ocrx_word' id='word_1_776' title='bbox 3420 3383 3549 3451; x_wconf 88' lang='lat' dir='ltr'><strong>tibi,</strong></span> <span class='ocrx_word' id='word_1_777' title='bbox 3604 3400 3698 3455; x_wconf 89' lang='lat' dir='ltr'><strong>pro</strong></span> 
     </span>
    </p>
   </div>
   <div class='ocr_carea' id='block_1_96' title="bbox 2105 3476 3697 3549">
    <p class='ocr_par' dir='ltr' id='par_1_96' title="bbox 2105 3476 3697 3549">
     <span class='ocr_line' id='line_1_96' title="bbox 2105 3476 3697 3549; baseline -0.003 -15"><span class='ocrx_word' id='word_1_778' title='bbox 2105 3481 2353 3547; x_wconf 84' lang='lat' dir='ltr'><strong>ﬁliabus,</strong></span> <span class='ocrx_word' id='word_1_779' title='bbox 2403 3479 2805 3549; x_wconf 88' lang='lat' dir='ltr'><strong>quatuordecim</strong></span> <span class='ocrx_word' id='word_1_780' title='bbox 2866 3478 3053 3542; x_wconf 91' lang='lat' dir='ltr'><strong>annis,</strong></span> <span class='ocrx_word' id='word_1_781' title='bbox 3107 3476 3329 3545; x_wconf 89' lang='lat' dir='ltr'><strong>reliquis</strong></span> <span class='ocrx_word' id='word_1_782' title='bbox 3376 3483 3556 3532; x_wconf 86' lang='lat' dir='ltr'><strong>autem</strong></span> <span class='ocrx_word' id='word_1_783' title='bbox 3602 3491 3697 3545; x_wconf 92' lang='lat' dir='ltr'><strong>pro</strong></span> 
     </span>
    </p>
   </div>
   <div class='ocr_carea' id='block_1_97' title="bbox 2103 3567 3697 3641">
    <p class='ocr_par' dir='ltr' id='par_1_97' title="bbox 2103 3567 3697 3641">
     <span class='ocr_line' id='line_1_97' title="bbox 2103 3567 3697 3641; baseline -0.004 -12"><span class='ocrx_word' id='word_1_784' title='bbox 2103 3574 2292 3629; x_wconf 88' lang='lat' dir='ltr'><strong>ovibus</strong></span> <span class='ocrx_word' id='word_1_785' title='bbox 2325 3590 2337 3626; x_wconf 94' lang='lat'>:</span> <span class='ocrx_word' id='word_1_786' title='bbox 2372 3581 2548 3627; x_wconf 83' lang='lat' dir='ltr'><strong>tamen</strong></span> <span class='ocrx_word' id='word_1_787' title='bbox 2581 3572 2790 3641; x_wconf 86' lang='lat' dir='ltr'><strong>privare</strong></span> <span class='ocrx_word' id='word_1_788' title='bbox 2817 3585 2904 3625; x_wconf 90' lang='lat' dir='ltr'><strong>me</strong></span> <span class='ocrx_word' id='word_1_789' title='bbox 2940 3569 3155 3625; x_wconf 90' lang='lat' dir='ltr'><strong>voluisti</strong></span> <span class='ocrx_word' id='word_1_790' title='bbox 3180 3567 3452 3635; x_wconf 89' lang='lat' dir='ltr'><strong>mercede,</strong></span> <span class='ocrx_word' id='word_1_791' title='bbox 3489 3576 3545 3623; x_wconf 90' lang='lat' dir='ltr'><strong>et</strong></span> <span class='ocrx_word' id='word_1_792' title='bbox 3588 3584 3697 3623; x_wconf 81' lang='lat' dir='ltr'><strong>non</strong></span> 
     </span>
    </p>
   </div>
   <div class='ocr_carea' id='block_1_98' title="bbox 2106 3659 3693 3733">
    <p class='ocr_par' dir='ltr' id='par_1_98' title="bbox 2106 3659 3693 3733">
     <span class='ocr_line' id='line_1_98' title="bbox 2106 3659 3693 3733; baseline -0.005 -14"><span class='ocrx_word' id='word_1_793' title='bbox 2106 3674 2159 3719; x_wconf 89' lang='lat' dir='ltr'><strong>te</strong></span> <span class='ocrx_word' id='word_1_794' title='bbox 2196 3678 2356 3733; x_wconf 91' lang='lat' dir='ltr'><strong>super</strong></span> <span class='ocrx_word' id='word_1_795' title='bbox 2401 3662 2503 3717; x_wconf 92' lang='lat' dir='ltr'><strong>hoc</strong></span> <span class='ocrx_word' id='word_1_796' title='bbox 2545 3661 2738 3730; x_wconf 84' lang='lat' dir='ltr'><strong>argui?</strong></span> <span class='ocrx_word' id='word_1_797' title='bbox 2781 3660 2974 3716; x_wconf 87' lang='lat' dir='ltr'><strong>Verum</strong></span> <span class='ocrx_word' id='word_1_798' title='bbox 3029 3674 3099 3715; x_wconf 81' lang='lat' dir='ltr'><strong>ex</strong></span> <span class='ocrx_word' id='word_1_799' title='bbox 3141 3659 3248 3715; x_wconf 89' lang='lat' dir='ltr'><strong>illis</strong></span> <span class='ocrx_word' id='word_1_800' title='bbox 3291 3659 3442 3728; x_wconf 91' lang='lat' dir='ltr'><strong>ipsis,</strong></span> <span class='ocrx_word' id='word_1_801' title='bbox 3480 3674 3601 3727; x_wconf 72' lang='lat' dir='ltr'><strong>qua:</strong></span> <span class='ocrx_word' id='word_1_802' title='bbox 3642 3668 3693 3712; x_wconf 90' lang='lat' dir='ltr'><strong>tu</strong></span> 
     </span>
    </p>
   </div>
   <div class='ocr_carea' id='block_1_99' title="bbox 2102 3747 3695 3823">
    <p class='ocr_par' dir='ltr' id='par_1_99' title="bbox 2102 3747 3695 3823">
     <span class='ocr_line' id='line_1_99' title="bbox 2102 3747 3695 3823; baseline -0.004 -14"><span class='ocrx_word' id='word_1_803' title='bbox 2102 3753 2379 3810; x_wconf 81' lang='lat' dir='ltr'><strong>confessus</strong></span> <span class='ocrx_word' id='word_1_804' title='bbox 2404 3768 2483 3819; x_wconf 90' lang='lat' dir='ltr'><strong>es,</strong></span> <span class='ocrx_word' id='word_1_805' title='bbox 2505 3754 2618 3809; x_wconf 88' lang='lat' dir='ltr'><strong>scio</strong></span> <span class='ocrx_word' id='word_1_806' title='bbox 2672 3750 2812 3823; x_wconf 89' lang='lat' dir='ltr'><strong>quod</strong></span> <span class='ocrx_word' id='word_1_807' title='bbox 2858 3750 2961 3805; x_wconf 89' lang='lat' dir='ltr'><strong>nisi</strong></span> <span class='ocrx_word' id='word_1_808' title='bbox 3003 3750 3145 3805; x_wconf 86' lang='lat' dir='ltr'><strong>Deus</strong></span> <span class='ocrx_word' id='word_1_809' title='bbox 3172 3748 3439 3803; x_wconf 79' lang='lat' dir='ltr'><strong>Abraham</strong></span> <span class='ocrx_word' id='word_1_810' title='bbox 3467 3757 3521 3803; x_wconf 92' lang='lat' dir='ltr'><strong>et</strong></span> <span class='ocrx_word' id='word_1_811' title='bbox 3552 3747 3695 3802; x_wconf 85' lang='lat' dir='ltr'><strong>Isaac</strong></span> 
     </span>
    </p>
   </div>
   <div class='ocr_carea' id='block_1_100' title="bbox 2103 3840 3695 3916">
    <p class='ocr_par' dir='ltr' id='par_1_100' title="bbox 2103 3840 3695 3916">
     <span class='ocr_line' id='line_1_100' title="bbox 2103 3840 3695 3916; baseline -0.005 -13"><span class='ocrx_word' id='word_1_812' title='bbox 2103 3848 2290 3903; x_wconf 83' lang='lat' dir='ltr'><strong>fuisset</strong></span> <span class='ocrx_word' id='word_1_813' title='bbox 2324 3846 2455 3902; x_wconf 83' lang='lat' dir='ltr'><strong>mihi</strong></span> <span class='ocrx_word' id='word_1_814' title='bbox 2492 3846 2735 3916; x_wconf 87' lang='lat' dir='ltr'><strong>adjutor,</strong></span> <span class='ocrx_word' id='word_1_815' title='bbox 2785 3857 2927 3898; x_wconf 88' lang='lat' dir='ltr'><strong>nunc</strong></span> <span class='ocrx_word' id='word_1_816' title='bbox 2975 3858 3060 3897; x_wconf 91' lang='lat' dir='ltr'><strong>me</strong></span> <span class='ocrx_word' id='word_1_817' title='bbox 3106 3857 3333 3896; x_wconf 89' lang='lat' dir='ltr'><strong>vacuum</strong></span> <span class='ocrx_word' id='word_1_818' title='bbox 3392 3840 3695 3895; x_wconf 84' lang='lat' dir='ltr'><strong>dimisisscs</strong></span> 
     </span>
    </p>
   </div>
   <div class='ocr_carea' id='block_1_101' title="bbox 2101 3932 3694 4007">
    <p class='ocr_par' dir='ltr' id='par_1_101' title="bbox 2101 3932 3694 4007">
     <span class='ocr_line' id='line_1_101' title="bbox 2101 3932 3694 4007; baseline -0.007 -11"><span class='ocrx_word' id='word_1_819' title='bbox 2101 3951 2152 3997; x_wconf 90' lang='lat' dir='ltr'><strong>et</strong></span> <span class='ocrx_word' id='word_1_820' title='bbox 2200 3939 2421 4007; x_wconf 91' lang='lat' dir='ltr'><strong>nudum,</strong></span> <span class='ocrx_word' id='word_1_821' title='bbox 2458 3938 2636 3994; x_wconf 90' lang='lat' dir='ltr'><strong>omnia</strong></span> <span class='ocrx_word' id='word_1_822' title='bbox 2688 3936 2825 3992; x_wconf 83' lang='lat' dir='ltr'><strong>forte</strong></span> <span class='ocrx_word' id='word_1_823' title='bbox 2869 3934 3187 3990; x_wconf 83' lang='lat' dir='ltr'><strong>abstulisses</strong></span> <span class='ocrx_word' id='word_1_824' title='bbox 3235 3948 3266 3987; x_wconf 90' lang='lat' dir='ltr'><strong>a</strong></span> <span class='ocrx_word' id='word_1_825' title='bbox 3316 3948 3424 3997; x_wconf 90' lang='lat' dir='ltr'><strong>me,</strong></span> <span class='ocrx_word' id='word_1_826' title='bbox 3473 3942 3529 3987; x_wconf 89' lang='lat' dir='ltr'><strong>et</strong></span> <span class='ocrx_word' id='word_1_827' title='bbox 3558 3932 3694 3999; x_wconf 84' lang='lat' dir='ltr'><strong>inju-</strong></span> 
     </span>
    </p>
   </div>
   <div class='ocr_carea' id='block_1_102' title="bbox 2101 4022 3692 4099">
    <p class='ocr_par' dir='ltr' id='par_1_102' title="bbox 2101 4022 3692 4099">
     <span class='ocr_line' id='line_1_102' title="bbox 2101 4022 3692 4099; baseline -0.005 -14"><span class='ocrx_word' id='word_1_828' title='bbox 2101 4031 2321 4095; x_wconf 81' lang='lat' dir='ltr'><strong>stitiain,</strong></span> <span class='ocrx_word' id='word_1_829' title='bbox 2349 4045 2510 4099; x_wconf 89' lang='lat' dir='ltr'><strong>quam</strong></span> <span class='ocrx_word' id='word_1_830' title='bbox 2537 4041 2911 4098; x_wconf 83' lang='lat' dir='ltr'><strong>proposueras,</strong></span> <span class='ocrx_word' id='word_1_831' title='bbox 2948 4040 3112 4096; x_wconf 89' lang='lat' dir='ltr'><strong>opere</strong></span> <span class='ocrx_word' id='word_1_832' title='bbox 3153 4023 3555 4093; x_wconf 87' lang='lat' dir='ltr'><strong>complevisses.</strong></span> <span class='ocrx_word' id='word_1_833' title='bbox 3587 4022 3692 4078; x_wconf 85' lang='lat' dir='ltr'><strong>Sed</strong></span> 
     </span>
    </p>
   </div>
   <div class='ocr_carea' id='block_1_103' title="bbox 2102 4118 3691 4194">
    <p class='ocr_par' dir='ltr' id='par_1_103' title="bbox 2102 4118 3691 4194">
     <span class='ocr_line' id='line_1_103' title="bbox 2102 4118 3691 4194; baseline -0.007 -13"><span class='ocrx_word' id='word_1_834' title='bbox 2102 4126 2244 4181; x_wconf 88' lang='lat' dir='ltr'><strong>Deus</strong></span> <span class='ocrx_word' id='word_1_835' title='bbox 2287 4124 2377 4194; x_wconf 92' lang='lat' dir='ltr'><strong>qui</strong></span> <span class='ocrx_word' id='word_1_836' title='bbox 2408 4124 2509 4177; x_wconf 90' lang='lat' dir='ltr'><strong>scit</strong></span> <span class='ocrx_word' id='word_1_837' title='bbox 2540 4121 2889 4175; x_wconf 82' lang='lat' dir='ltr'><strong>Humilitatem</strong></span> <span class='ocrx_word' id='word_1_838' title='bbox 2927 4136 3089 4174; x_wconf 86' lang='lat' dir='ltr'><strong>meam</strong></span> <span class='ocrx_word' id='word_1_839' title='bbox 3113 4128 3160 4172; x_wconf 92' lang='lat' dir='ltr'><strong>et</strong></span> <span class='ocrx_word' id='word_1_840' title='bbox 3201 4118 3423 4173; x_wconf 87' lang='lat' dir='ltr'><strong>laborem</strong></span> <span class='ocrx_word' id='word_1_841' title='bbox 3449 4134 3691 4171; x_wconf 84' lang='lat' dir='ltr'><strong>manuum</strong></span> 
     </span>
    </p>
   </div>
   <div class='ocr_carea' id='block_1_104' title="bbox 2101 4212 3691 4283">
    <p class='ocr_par' dir='ltr' id='par_1_104' title="bbox 2101 4212 3691 4283">
     <span class='ocr_line' id='line_1_104' title="bbox 2101 4212 3691 4283; baseline -0.004 -11"><span class='ocrx_word' id='word_1_842' title='bbox 2101 4234 2345 4272; x_wconf 89' lang='lat' dir='ltr'><strong>mearum.</strong></span> <span class='ocrx_word' id='word_1_843' title='bbox 2407 4214 2543 4283; x_wconf 87' lang='lat' dir='ltr'><strong>Quid</strong></span> <span class='ocrx_word' id='word_1_844' title='bbox 2586 4224 2669 4269; x_wconf 87' lang='lat' dir='ltr'><strong>est</strong></span> <span class='ocrx_word' id='word_1_845' title='bbox 2693 4255 2708 4279; x_wconf 91' lang='lat'><strong>,</strong></span> <span class='ocrx_word' id='word_1_846' title='bbox 2766 4213 3117 4267; x_wconf 85' lang='lat' dir='ltr'><strong>Humilitatem</strong></span> <span class='ocrx_word' id='word_1_847' title='bbox 3156 4229 3319 4266; x_wconf 81' lang='lat' dir='ltr'><strong>meum</strong></span> <span class='ocrx_word' id='word_1_848' title='bbox 3365 4222 3413 4266; x_wconf 91' lang='lat' dir='ltr'><strong>et</strong></span> <span class='ocrx_word' id='word_1_849' title='bbox 3469 4212 3691 4266; x_wconf 88' lang='lat' dir='ltr'><strong>laborem</strong></span> 
     </span>
    </p>
   </div>
   <div class='ocr_carea' id='block_1_105' title="bbox 2101 4304 3692 4375">
    <p class='ocr_par' dir='ltr' id='par_1_105' title="bbox 2101 4304 3692 4375">
     <span class='ocr_line' id='line_1_105' title="bbox 2101 4304 3692 4375; baseline -0.003 -11"><span class='ocrx_word' id='word_1_850' title='bbox 2101 4326 2343 4364; x_wconf 87' lang='lat' dir='ltr'><strong>manuum</strong></span> <span class='ocrx_word' id='word_1_851' title='bbox 2385 4306 2651 4361; x_wconf 85' lang='lat' dir='ltr'><strong>mearum?</strong></span> <span class='ocrx_word' id='word_1_852' title='bbox 2699 4305 2981 4373; x_wconf 89' lang='lat' dir='ltr'><strong>Quoniam,</strong></span> <span class='ocrx_word' id='word_1_853' title='bbox 3029 4306 3216 4375; x_wconf 90' lang='lat' dir='ltr'><strong>inquit,</strong></span> <span class='ocrx_word' id='word_1_854' title='bbox 3259 4306 3358 4361; x_wconf 90' lang='lat' dir='ltr'><strong>scit</strong></span> <span class='ocrx_word' id='word_1_855' title='bbox 3385 4304 3527 4360; x_wconf 90' lang='lat' dir='ltr'><strong>Deus</strong></span> <span class='ocrx_word' id='word_1_856' title='bbox 3552 4321 3692 4374; x_wconf 88' lang='lat' dir='ltr'><strong>quo-</strong></span> 
     </span>
    </p>
   </div>
   <div class='ocr_carea' id='block_1_106' title="bbox 2101 4395 3692 4471">
    <p class='ocr_par' dir='ltr' id='par_1_106' title="bbox 2101 4395 3692 4471">
     <span class='ocr_line' id='line_1_106' title="bbox 2101 4395 3692 4471; baseline -0.003 -14"><span class='ocrx_word' id='word_1_857' title='bbox 2101 4402 2260 4457; x_wconf 92' lang='lat' dir='ltr'><strong>modo</strong></span> <span class='ocrx_word' id='word_1_858' title='bbox 2292 4414 2392 4471; x_wconf 87' lang='lat' dir='ltr'><strong>ego</strong></span> <span class='ocrx_word' id='word_1_859' title='bbox 2439 4413 2630 4469; x_wconf 85' lang='lat' dir='ltr'><strong>magno</strong></span> <span class='ocrx_word' id='word_1_860' title='bbox 2671 4397 2847 4452; x_wconf 92' lang='lat' dir='ltr'><strong>studio</strong></span> <span class='ocrx_word' id='word_1_861' title='bbox 2884 4396 3189 4452; x_wconf 87' lang='lat' dir='ltr'><strong>servitutem</strong></span> <span class='ocrx_word' id='word_1_862' title='bbox 3231 4410 3404 4451; x_wconf 89' lang='lat' dir='ltr'><strong>meam</strong></span> <span class='ocrx_word' id='word_1_863' title='bbox 3450 4395 3692 4466; x_wconf 83' lang='lat' dir='ltr'><strong>perfece-</strong></span> 
     </span>
    </p>
   </div>
   <div class='ocr_carea' id='block_1_107' title="bbox 2102 4488 3689 4561">
    <p class='ocr_par' dir='ltr' id='par_1_107' title="bbox 2102 4488 3689 4561">
     <span class='ocr_line' id='line_1_107' title="bbox 2102 4488 3689 4561; baseline -0.003 -14"><span class='ocrx_word' id='word_1_864' title='bbox 2102 4496 2238 4561; x_wconf 89' lang='lat' dir='ltr'><strong>rim,</strong></span> <span class='ocrx_word' id='word_1_865' title='bbox 2303 4501 2357 4547; x_wconf 91' lang='lat' dir='ltr'><strong>et</strong></span> <span class='ocrx_word' id='word_1_866' title='bbox 2405 4500 2658 4560; x_wconf 91' lang='lat' dir='ltr'><strong>quantum</strong></span> <span class='ocrx_word' id='word_1_867' title='bbox 2724 4488 2960 4542; x_wconf 90' lang='lat' dir='ltr'><strong>laborem</strong></span> <span class='ocrx_word' id='word_1_868' title='bbox 3028 4488 3410 4555; x_wconf 88' lang='lat' dir='ltr'><strong>sustinuerim,</strong></span> <span class='ocrx_word' id='word_1_869' title='bbox 3462 4503 3689 4558; x_wconf 87' lang='lat' dir='ltr'><strong>pascens</strong></span> 
     </span>
    </p>
   </div>
   <div class='ocr_carea' id='block_1_108' title="bbox 2098 4579 3685 4651">
    <p class='ocr_par' dir='ltr' id='par_1_108' title="bbox 2098 4579 3685 4651">
     <span class='ocr_line' id='line_1_108' title="bbox 2098 4579 3685 4651; baseline -0.004 -12"><span class='ocrx_word' id='word_1_870' title='bbox 2098 4598 2246 4651; x_wconf 80' lang='lat' dir='ltr'><strong>oves,</strong></span> <span class='ocrx_word' id='word_1_871' title='bbox 2298 4583 2385 4638; x_wconf 89' lang='lat' dir='ltr'><strong>die</strong></span> <span class='ocrx_word' id='word_1_872' title='bbox 2429 4591 2696 4651; x_wconf 90' lang='lat' dir='ltr'><strong>noctuque</strong></span> <span class='ocrx_word' id='word_1_873' title='bbox 2747 4580 2801 4634; x_wconf 92' lang='lat' dir='ltr'><strong>in</strong></span> <span class='ocrx_word' id='word_1_874' title='bbox 2848 4580 2989 4635; x_wconf 89' lang='lat' dir='ltr'><strong>curis</strong></span> <span class='ocrx_word' id='word_1_875' title='bbox 3037 4588 3283 4634; x_wconf 89' lang='lat' dir='ltr'><strong>versatus</strong></span> <span class='ocrx_word' id='word_1_876' title='bbox 3322 4579 3431 4633; x_wconf 86' lang='lat' dir='ltr'><strong>:ad</strong></span> <span class='ocrx_word' id='word_1_877' title='bbox 3464 4580 3577 4645; x_wconf 89' lang='lat' dir='ltr'><strong>illa,</strong></span> <span class='ocrx_word' id='word_1_878' title='bbox 3605 4580 3685 4633; x_wconf 80' lang='lat' dir='ltr'><strong>in-</strong></span> 
     </span>
    </p>
   </div>
   <div class='ocr_carea' id='block_1_109' title="bbox 2098 4671 3688 4747">
    <p class='ocr_par' dir='ltr' id='par_1_109' title="bbox 2098 4671 3688 4747">
     <span class='ocr_line' id='line_1_109' title="bbox 2098 4671 3688 4747; baseline -0.002 -17"><span class='ocrx_word' id='word_1_879' title='bbox 2098 4692 2279 4747; x_wconf 89' lang='lat' dir='ltr'><strong>quam,</strong></span> <span class='ocrx_word' id='word_1_880' title='bbox 2329 4675 2563 4744; x_wconf 81' lang='lat' dir='ltr'><strong>respexit</strong></span> <span class='ocrx_word' id='word_1_881' title='bbox 2598 4673 2857 4743; x_wconf 87' lang='lat' dir='ltr'><strong>benignus</strong></span> <span class='ocrx_word' id='word_1_882' title='bbox 2910 4671 3167 4727; x_wconf 89' lang='lat' dir='ltr'><strong>Dominus</strong></span> <span class='ocrx_word' id='word_1_883' title='bbox 3206 4687 3327 4727; x_wconf 90' lang='lat' dir='ltr'><strong>cum</strong></span> <span class='ocrx_word' id='word_1_884' title='bbox 3358 4671 3474 4727; x_wconf 87' lang='lat' dir='ltr'><strong>heri</strong></span> <span class='ocrx_word' id='word_1_885' title='bbox 3514 4673 3688 4743; x_wconf 84' lang='lat' dir='ltr'><strong>arguit</strong></span> 
     </span>
    </p>
   </div>
   <div class='ocr_carea' id='block_1_110' title="bbox 2100 4765 3683 4836">
    <p class='ocr_par' dir='ltr' id='par_1_110' title="bbox 2100 4765 3683 4836">
     <span class='ocr_line' id='line_1_110' title="bbox 2100 4765 3683 4836; baseline -0.003 -13"><span class='ocrx_word' id='word_1_886' title='bbox 2100 4779 2181 4824; x_wconf 91' lang='lat' dir='ltr'><strong>te:</strong></span> <span class='ocrx_word' id='word_1_887' title='bbox 2205 4768 2440 4824; x_wconf 89' lang='lat' dir='ltr'><strong>coercuit</strong></span> <span class='ocrx_word' id='word_1_888' title='bbox 2469 4766 2775 4836; x_wconf 87' lang='lat' dir='ltr'><strong>injustitiam</strong></span> <span class='ocrx_word' id='word_1_889' title='bbox 2805 4780 2959 4835; x_wconf 91' lang='lat' dir='ltr'><strong>quam</strong></span> <span class='ocrx_word' id='word_1_890' title='bbox 2988 4765 3271 4819; x_wconf 88' lang='lat' dir='ltr'><strong>adversum</strong></span> <span class='ocrx_word' id='word_1_891' title='bbox 3301 4780 3388 4819; x_wconf 90' lang='lat' dir='ltr'><strong>me</strong></span> <span class='ocrx_word' id='word_1_892' title='bbox 3416 4765 3683 4832; x_wconf 88' lang='lat' dir='ltr'><strong>struebas,</strong></span> 
     </span>
    </p>
   </div>
   <div class='ocr_carea' id='block_1_111' title="bbox 2096 4854 3682 4925">
    <p class='ocr_par' dir='ltr' id='par_1_111' title="bbox 2096 4854 3682 4925">
     <span class='ocr_line' id='line_1_111' title="bbox 2096 4854 3682 4925; baseline -0.004 -10"><span class='ocrx_word' id='word_1_893' title='bbox 2096 4870 2151 4915; x_wconf 91' lang='lat' dir='ltr'><strong>et</strong></span> <span class='ocrx_word' id='word_1_894' title='bbox 2195 4857 2582 4915; x_wconf 86' lang='lat' dir='ltr'><strong>irrationabiles</strong></span> <span class='ocrx_word' id='word_1_895' title='bbox 2623 4866 2745 4912; x_wconf 89' lang='lat' dir='ltr'><strong>tuos</strong></span> <span class='ocrx_word' id='word_1_896' title='bbox 2782 4864 3025 4911; x_wconf 91' lang='lat' dir='ltr'><strong>conatus.</strong></span> <span class='ocrx_word' id='word_1_897' title='bbox 3088 4854 3230 4910; x_wconf 88' lang='lat' dir='ltr'><strong>Satis</strong></span> <span class='ocrx_word' id='word_1_898' title='bbox 3282 4855 3453 4925; x_wconf 86' lang='lat' dir='ltr'><strong>tetigit</strong></span> <span class='ocrx_word' id='word_1_899' title='bbox 3497 4855 3682 4910; x_wconf 79' lang='lat' dir='ltr'><strong>deleu-</strong></span> 
     </span>
    </p>
   </div>
   <div class='ocr_carea' id='block_1_112' title="bbox 2093 4945 3683 5014">
    <p class='ocr_par' dir='ltr' id='par_1_112' title="bbox 2093 4945 3683 5014">
     <span class='ocr_line' id='line_1_112' title="bbox 2093 4945 3683 5014; baseline -0.002 -11"><span class='ocrx_word' id='word_1_900' title='bbox 2093 4948 2271 5005; x_wconf 89' lang='lat' dir='ltr'><strong>dendo</strong></span> <span class='ocrx_word' id='word_1_901' title='bbox 2306 4964 2366 5003; x_wconf 89' lang='lat' dir='ltr'><strong>se</strong></span> <span class='ocrx_word' id='word_1_902' title='bbox 2427 4948 2734 5012; x_wconf 87' lang='lat' dir='ltr'><strong>Labanum,</strong></span> <span class='ocrx_word' id='word_1_903' title='bbox 2800 4956 2855 5001; x_wconf 90' lang='lat' dir='ltr'><strong>et</strong></span> <span class='ocrx_word' id='word_1_904' title='bbox 2919 4953 3197 5014; x_wconf 89' lang='lat' dir='ltr'><strong>postquam</strong></span> <span class='ocrx_word' id='word_1_905' title='bbox 3250 4945 3683 5014; x_wconf 85' lang='lat' dir='ltr'><strong>reprehendisset</strong></span> 
     </span>
    </p>
   </div>
   <div class='ocr_carea' id='block_1_113' title="bbox 2097 5035 3680 5107">
    <p class='ocr_par' dir='ltr' id='par_1_113' title="bbox 2097 5035 3680 5107">
     <span class='ocr_line' id='line_1_113' title="bbox 2097 5035 3680 5107; baseline -0.002 -13"><span class='ocrx_word' id='word_1_906' title='bbox 2097 5041 2237 5096; x_wconf 90' lang='lat' dir='ltr'><strong>illius</strong></span> <span class='ocrx_word' id='word_1_907' title='bbox 2281 5041 2334 5093; x_wconf 92' lang='lat' dir='ltr'><strong>in</strong></span> <span class='ocrx_word' id='word_1_908' title='bbox 2378 5054 2438 5095; x_wconf 90' lang='lat' dir='ltr'><strong>se</strong></span> <span class='ocrx_word' id='word_1_909' title='bbox 2486 5037 2819 5107; x_wconf 72' lang='lat' dir='ltr'><strong>iniustitiam,</strong></span> <span class='ocrx_word' id='word_1_910' title='bbox 2882 5051 2976 5092; x_wconf 88' lang='lat' dir='ltr'><strong>sua</strong></span> <span class='ocrx_word' id='word_1_911' title='bbox 3022 5036 3075 5090; x_wconf 94' lang='lat' dir='ltr'><strong>in</strong></span> <span class='ocrx_word' id='word_1_912' title='bbox 3114 5036 3261 5091; x_wconf 93' lang='lat' dir='ltr'><strong>illum</strong></span> <span class='ocrx_word' id='word_1_913' title='bbox 3303 5035 3561 5091; x_wconf 90' lang='lat' dir='ltr'><strong>benelicia</strong></span> <span class='ocrx_word' id='word_1_914' title='bbox 3591 5053 3680 5091; x_wconf 82' lang='lat' dir='ltr'><strong>re-</strong></span> 
     </span>
    </p>
   </div>
   <div class='ocr_carea' id='block_1_114' title="bbox 2093 5126 3680 5197">
    <p class='ocr_par' dir='ltr' id='par_1_114' title="bbox 2093 5126 3680 5197">
     <span class='ocr_line' id='line_1_114' title="bbox 2093 5126 3680 5197; baseline -0.004 -10"><span class='ocrx_word' id='word_1_915' title='bbox 2093 5131 2319 5187; x_wconf 89' lang='lat' dir='ltr'><strong>censuit.</strong></span> <span class='ocrx_word' id='word_1_916' title='bbox 2346 5130 2467 5185; x_wconf 91' lang='lat' dir='ltr'><strong>ldeo</strong></span> <span class='ocrx_word' id='word_1_917' title='bbox 2494 5131 2581 5185; x_wconf 91' lang='lat' dir='ltr'><strong>ille</strong></span> <span class='ocrx_word' id='word_1_918' title='bbox 2606 5129 2933 5184; x_wconf 88' lang='lat' dir='ltr'><strong>erubescens</strong></span> <span class='ocrx_word' id='word_1_919' title='bbox 2955 5127 3023 5182; x_wconf 90' lang='lat' dir='ltr'><strong>de</strong></span> <span class='ocrx_word' id='word_1_920' title='bbox 3047 5128 3109 5182; x_wconf 89' lang='lat' dir='ltr'><strong>iis</strong></span> <span class='ocrx_word' id='word_1_921' title='bbox 3130 5142 3247 5197; x_wconf 62' lang='lat' dir='ltr'><strong>quas</strong></span> <span class='ocrx_word' id='word_1_922' title='bbox 3272 5126 3506 5193; x_wconf 79' lang='lat' dir='ltr'><strong>dixerat,</strong></span> <span class='ocrx_word' id='word_1_923' title='bbox 3542 5143 3680 5181; x_wconf 89' lang='lat' dir='ltr'><strong>nunc</strong></span> 
     </span>
    </p>
   </div>
   <div class='ocr_carea' id='block_1_115' title="bbox 2094 5217 3675 5287">
    <p class='ocr_par' dir='ltr' id='par_1_115' title="bbox 2094 5217 3675 5287">
     <span class='ocr_line' id='line_1_115' title="bbox 2094 5217 3675 5287; baseline -0.004 -10"><span class='ocrx_word' id='word_1_924' title='bbox 2094 5222 2147 5277; x_wconf 88' lang='lat' dir='ltr'><strong>in</strong></span> <span class='ocrx_word' id='word_1_925' title='bbox 2178 5223 2422 5277; x_wconf 88' lang='lat' dir='ltr'><strong>timorem</strong></span> <span class='ocrx_word' id='word_1_926' title='bbox 2443 5236 2626 5275; x_wconf 90' lang='lat' dir='ltr'><strong>versus</strong></span> <span class='ocrx_word' id='word_1_927' title='bbox 2655 5227 2756 5282; x_wconf 88' lang='lat' dir='ltr'><strong>est,</strong></span> <span class='ocrx_word' id='word_1_928' title='bbox 2781 5228 2837 5273; x_wconf 91' lang='lat' dir='ltr'><strong>et</strong></span> <span class='ocrx_word' id='word_1_929' title='bbox 2863 5217 3061 5274; x_wconf 66' lang='lat' dir='ltr'><strong>foedera</strong></span> <span class='ocrx_word' id='word_1_930' title='bbox 3086 5218 3219 5272; x_wconf 90' lang='lat' dir='ltr'><strong>inire</strong></span> <span class='ocrx_word' id='word_1_931' title='bbox 3240 5217 3488 5272; x_wconf 89' lang='lat' dir='ltr'><strong>vultcum</strong></span> <span class='ocrx_word' id='word_1_932' title='bbox 3510 5218 3675 5287; x_wconf 71' lang='lat' dir='ltr'><strong>justo.</strong></span> 
     </span>
    </p>
   </div>
   <div class='ocr_carea' id='block_1_116' title="bbox 2093 5312 3677 5385">
    <p class='ocr_par' dir='ltr' id='par_1_116' title="bbox 2093 5312 3677 5385">
     <span class='ocr_line' id='line_1_116' title="bbox 2093 5312 3677 5385; baseline -0.003 -16"><span class='ocrx_word' id='word_1_933' title='bbox 2093 5314 2225 5370; x_wconf 90' lang='lat' dir='ltr'><strong>Vide</strong></span> <span class='ocrx_word' id='word_1_934' title='bbox 2250 5314 2633 5385; x_wconf 87' lang='lat' dir='ltr'><strong>providentiam</strong></span> <span class='ocrx_word' id='word_1_935' title='bbox 2661 5312 2775 5367; x_wconf 85' lang='lat' dir='ltr'><strong>Dei.</strong></span> <span class='ocrx_word' id='word_1_936' title='bbox 2818 5313 2917 5378; x_wconf 84' lang='lat' dir='ltr'><strong>Qui</strong></span> <span class='ocrx_word' id='word_1_937' title='bbox 2966 5321 3112 5366; x_wconf 89' lang='lat' dir='ltr'><strong>tanto</strong></span> <span class='ocrx_word' id='word_1_938' title='bbox 3148 5312 3347 5379; x_wconf 87' lang='lat' dir='ltr'><strong>impetu</strong></span> <span class='ocrx_word' id='word_1_939' title='bbox 3385 5312 3451 5365; x_wconf 88' lang='lat' dir='ltr'><strong>ad</strong></span> <span class='ocrx_word' id='word_1_940' title='bbox 3496 5327 3677 5380; x_wconf 86' lang='lat' dir='ltr'><strong>perse-</strong></span> 
     </span>
    </p>
   </div>
   <div class='ocr_carea' id='block_1_117' title="bbox 2091 5403 3673 5476">
    <p class='ocr_par' dir='ltr' id='par_1_117' title="bbox 2091 5403 3673 5476">
     <span class='ocr_line' id='line_1_117' title="bbox 2091 5403 3673 5476; baseline -0.003 -15"><span class='ocrx_word' id='word_1_941' title='bbox 2091 5408 2358 5476; x_wconf 89' lang='lat' dir='ltr'><strong>quendum</strong></span> <span class='ocrx_word' id='word_1_942' title='bbox 2388 5408 2611 5473; x_wconf 73' lang='lat' dir='ltr'><strong>exierat,</strong></span> <span class='ocrx_word' id='word_1_943' title='bbox 2648 5416 2792 5459; x_wconf 88' lang='lat' dir='ltr'><strong>tanto</strong></span> <span class='ocrx_word' id='word_1_944' title='bbox 2821 5408 3007 5460; x_wconf 87' lang='lat' dir='ltr'><strong>timore</strong></span> <span class='ocrx_word' id='word_1_945' title='bbox 3037 5403 3259 5459; x_wconf 73' lang='lat' dir='ltr'><strong>allectus</strong></span> <span class='ocrx_word' id='word_1_946' title='bbox 3293 5415 3392 5467; x_wconf 84' lang='lat' dir='ltr'><strong>est,</strong></span> <span class='ocrx_word' id='word_1_947' title='bbox 3434 5414 3493 5458; x_wconf 93' lang='grc' dir='ltr'><strong>ιιι</strong></span> <span class='ocrx_word' id='word_1_948' title='bbox 3517 5405 3584 5459; x_wconf 89' lang='lat' dir='ltr'><strong>ab</strong></span> <span class='ocrx_word' id='word_1_949' title='bbox 3611 5419 3673 5457; x_wconf 89' lang='lat' dir='ltr'><strong>eo</strong></span> 
     </span>
    </p>
   </div>
   <div class='ocr_carea' id='block_1_118' title="bbox 2092 5494 3673 5567">
    <p class='ocr_par' dir='ltr' id='par_1_118' title="bbox 2092 5494 3673 5567">
     <span class='ocr_line' id='line_1_118' title="bbox 2092 5494 3673 5567; baseline -0.003 -15"><span class='ocrx_word' id='word_1_950' title='bbox 2092 5500 2289 5554; x_wconf 73' lang='lat' dir='ltr'><strong>lmdera</strong></span> <span class='ocrx_word' id='word_1_951' title='bbox 2314 5507 2595 5567; x_wconf 69' lang='lat' dir='ltr'><strong>quaereret.</strong></span> <span class='ocrx_word' id='word_1_952' title='bbox 2623 5499 2711 5552; x_wconf 70' lang='lat'><strong>45.</strong></span> <span class='ocrx_word' id='word_1_953' title='bbox 2760 5496 3089 5565; x_wconf 81' lang='lat' dir='ltr'><strong>Respondeas</strong></span> <span class='ocrx_word' id='word_1_954' title='bbox 3126 5507 3293 5549; x_wconf 90' lang='lat' dir='ltr'><strong>autem</strong></span> <span class='ocrx_word' id='word_1_955' title='bbox 3317 5494 3511 5559; x_wconf 88' lang='lat' dir='ltr'><strong>Labau,</strong></span> <span class='ocrx_word' id='word_1_956' title='bbox 3546 5496 3673 5549; x_wconf 69' lang='lat' dir='ltr'><strong>dixit</strong></span> 
     </span>
    </p>
   </div>
   <div class='ocr_carea' id='block_1_119' title="bbox 2089 5586 3670 5656">
    <p class='ocr_par' dir='ltr' id='par_1_119' title="bbox 2089 5586 3670 5656">
     <span class='ocr_line' id='line_1_119' title="bbox 2089 5586 3670 5656; baseline -0.004 -13"><span class='ocrx_word' id='word_1_957' title='bbox 2089 5591 2156 5643; x_wconf 89' lang='lat' dir='ltr'><strong>ad</strong></span> <span class='ocrx_word' id='word_1_958' title='bbox 2177 5588 2337 5643; x_wconf 87' lang='lat' dir='ltr'><strong>Jacob</strong></span> <span class='ocrx_word' id='word_1_959' title='bbox 2365 5605 2383 5641; x_wconf 90' lang='lat'><strong><em>:</em></strong></span> <span class='ocrx_word' id='word_1_960' title='bbox 2412 5586 2563 5642; x_wconf 81' lang='lat' dir='ltr'><strong>Filia:</strong></span> <span class='ocrx_word' id='word_1_961' title='bbox 2588 5599 2705 5653; x_wconf 72' lang='lat' dir='ltr'><strong>tute,</strong></span> <span class='ocrx_word' id='word_1_962' title='bbox 2732 5590 2855 5656; x_wconf 73' lang='lat' dir='ltr'><strong>ﬁlia:</strong></span> <span class='ocrx_word' id='word_1_963' title='bbox 2882 5605 3003 5644; x_wconf 67' lang='lat' dir='ltr'><strong>meae</strong></span> <span class='ocrx_word' id='word_1_964' title='bbox 3030 5605 3048 5643; x_wconf 89' lang='lat'><strong><em>:</em></strong></span> <span class='ocrx_word' id='word_1_965' title='bbox 3078 5598 3123 5641; x_wconf 91' lang='lat' dir='ltr'><strong>et</strong></span> <span class='ocrx_word' id='word_1_966' title='bbox 3151 5589 3245 5656; x_wconf 85' lang='lat' dir='ltr'><strong>ﬁlii</strong></span> <span class='ocrx_word' id='word_1_967' title='bbox 3277 5588 3370 5652; x_wconf 91' lang='lat' dir='ltr'><strong>tui,</strong></span> <span class='ocrx_word' id='word_1_968' title='bbox 3412 5588 3509 5654; x_wconf 80' lang='lat' dir='ltr'><strong>filii</strong></span> <span class='ocrx_word' id='word_1_969' title='bbox 3536 5586 3630 5639; x_wconf 73' lang='lat' dir='ltr'><strong>mei</strong></span> <span class='ocrx_word' id='word_1_970' title='bbox 3652 5600 3670 5637; x_wconf 90' lang='lat'><strong><em>:</em></strong></span> 
     </span>
    </p>
   </div>
   <div class='ocr_carea' id='block_1_120' title="bbox 2090 5682 3671 5753">
    <p class='ocr_par' dir='ltr' id='par_1_120' title="bbox 2090 5682 3671 5753">
     <span class='ocr_line' id='line_1_120' title="bbox 2090 5682 3671 5753; baseline -0.005 -14"><span class='ocrx_word' id='word_1_971' title='bbox 2090 5694 2134 5740; x_wconf 90' lang='lat' dir='ltr'><strong>et</strong></span> <span class='ocrx_word' id='word_1_972' title='bbox 2183 5699 2363 5753; x_wconf 83' lang='lat' dir='ltr'><strong>pecora</strong></span> <span class='ocrx_word' id='word_1_973' title='bbox 2402 5692 2508 5749; x_wconf 90' lang='lat' dir='ltr'><strong>tua,</strong></span> <span class='ocrx_word' id='word_1_974' title='bbox 2557 5697 2738 5751; x_wconf 78' lang='lat' dir='ltr'><strong>perora</strong></span> <span class='ocrx_word' id='word_1_975' title='bbox 2790 5697 2900 5735; x_wconf 90' lang='lat' dir='ltr'><strong>mea</strong></span> <span class='ocrx_word' id='word_1_976' title='bbox 2933 5691 3022 5737; x_wconf 78' lang='lat' dir='ltr'><strong>.‘et</strong></span> <span class='ocrx_word' id='word_1_977' title='bbox 3048 5682 3216 5735; x_wconf 89' lang='lat' dir='ltr'><strong>omnia</strong></span> <span class='ocrx_word' id='word_1_978' title='bbox 3249 5696 3573 5751; x_wconf 70' lang='lat' dir='ltr'><strong>quiscumque</strong></span> <span class='ocrx_word' id='word_1_979' title='bbox 3619 5688 3671 5731; x_wconf 85' lang='lat' dir='ltr'><strong>tu</strong></span> 
     </span>
    </p>
   </div>
   <div class='ocr_carea' id='block_1_121' title="bbox 2150 5792 3424 5863">
    <p class='ocr_par' dir='ltr' id='par_1_121' title="bbox 2150 5792 3424 5863">
     <span class='ocr_line' id='line_1_121' title="bbox 2150 5792 3424 5863; baseline -0.012 -8"><span class='ocrx_word' id='word_1_980' title='bbox 2150 5806 2162 5834; x_wconf 81' lang='lat'><strong><em>‘</em></strong></span> <span class='ocrx_word' id='word_1_981' title='bbox 2192 5804 2337 5855; x_wconf 79' lang='lat' dir='ltr'><strong>Coisl.</strong></span> <span class='ocrx_word' id='word_1_982' title='bbox 2367 5809 2416 5853; x_wconf 81' lang='lat' dir='ltr'><strong>cl</strong></span> <span class='ocrx_word' id='word_1_983' title='bbox 2444 5801 2590 5863; x_wconf 67' lang='lat' dir='ltr'><strong>Bibl,</strong></span> <span class='ocrx_word' id='word_1_984' title='bbox 2618 5807 2767 5852; x_wconf 84' lang='lat' dir='ltr'><strong>metus</strong></span> <span class='ocrx_word' id='word_1_985' title='bbox 2789 5800 2973 5861; x_wconf 67' lang='lat' dir='ltr'><strong>Isaac,</strong></span> <span class='ocrx_word' id='word_1_986' title='bbox 3010 5799 3035 5847; x_wconf 83' lang='lat'><strong>6</strong></span> <span class='ocrx_word' id='word_1_987' title='bbox 3062 5795 3205 5859; x_wconf 79' lang='grc' dir='ltr'>φόϐος</span> <span class='ocrx_word' id='word_1_988' title='bbox 3240 5792 3424 5843; x_wconf 73' lang='grc' dir='ltr'><strong>Ἰσαάκ.</strong></span> 
     </span>
    </p>
   </div>
  </div>
