3974 6398
284 344 389 399 5ϋό

237 441 246 513 ἔ
281 454 484 522 διὰτῆς
510 449 692 522 μάχης
706 453 804 522 τῆς
833 451 1038 516 οἰκείας
1061 451 1237 522 ψυχῆς
1268 449 1712 521 ἑκκαλύπτειτὴν
1729 451 1857 519 ἀρε-

274 539 398 604 τήν.
455 535 516 587 Τί
537 533 604 585 τὸ
635 533 896 603 ἀδίκημά
928 553 1067 603 μου,
1093 534 1254 604 φησίν
1275 553 1289 598 ;
1309 533 1346 601 ’ἣ
1374 534 1430 586 τί
1456 535 1520 586 τὸ
1549 532 1861 601 ἁμάρτημά

273 637 418 688 μου.
453 618 538 670 ὅτι
561 616 918 683 κατεδίωξας
941 618 1133 671 ὀπίσω
1141 635 1259 685 μου
1273 633 1292 680 ;
1317 616 1472 678 Τίνος
1487 615 1690 676 ἕνεκεν,
1706 615 1857 684 φησὶ,

281 701 423 771 μετὰ
441 698 710 768 τοσαύτης
728 701 902 769 ὁρμῆς
920 699 1252 766 κατεδίωξάς
1295 717 1360 770 με
1396 714 1410 762 ;
1446 699 1596 749 ποῖον
1617 696 1858 765 ἀδίκημα

276 783 532 850 ἐγκαλεῖν
549 781 687 851 ἔχων
708 799 723 847 ;
748 785 902 835 ποῖον
917 781 1224 854 ἁμάρτημα
1245 797 1260 844 ;
1292 780 1400 833 Καὶ
1416 781 1475 832 οὺ
1498 779 1658 850 μόνον
1676 780 1855 840 τοῦτο,

276 867 420 919 ἀλλὰ
447 867 542 918 καὶ
557 862 826 935 τοσαύτην
868 863 1026 936 ὓϐριν
1075 866 1208 934 ἡμῖν
1245 865 1547 934 ἐπήγαγες,
1579 862 1718 915 ὥστε
1764 862 1858 914 καὶ¹

274 951 572 1020 ἐρευνῆσαι
598 947 778 1000 πάντα
827 947 896 1000 τά
943 948 1000 1000 ἐν
1043 946 1119 1016 τῷ
1139 947 1273 1018 οῐκῳ
1305 965 1429 1016 μου.
1460 946 1521 998 Τί
1545 941 1716 1014 εὗρες
1737 943 1856 998 ἀπὸ

275 1032 520 1086 πάντων
536 1030 776 1084 σκευῶν
801 1031 908 1084 τοῦ
933 1032 1102 1085 οἴκου
1131 1045 1281 1094 σου;
1305 1029 1415 1095 Θὲς
1440 1023 1556 1082 ὦδε
1579 1029 1858 1082 ἐναντίον

273 1115 396 1168 τῶν
410 1114 690 1182 ἀδελφῶν
716 1128 833 1168 σου
863 1112 1089 1168 καὶτῶν
1113 1111 1392 1182 ἀδελφῶν
1408 1130 1550 1182 μου,
1575 1111 1673 1165 καὶ
1697 1113 1858 1180 ἐλεγ-

275 1199 559 1261 ξάτωσαν
581 1197 698 1252 ἀνὰ
711 1197 908 1266 μέσον
935 1197 1054 1251 τῶν
1078 1197 1187 1251 δύο
1217 1197 1402 1265 ἡμῶν.
1436 1195 1736 1265 Τοσαύτην,
1754 1212 1857 1265 φη-

275 1283 385 1346 σὶν,
423 1281 651 1352 ἔρευναν
673 1280 1058 1351 ποιησάμενος,
1077 1275 1184 1351 ἆρα
1207 1278 1474 1349 ήδυνήθης
1487 1296 1538 1332 τι
1555 1279 1732 1346 εὑρεῖν
1749 1276 1854 1329 τῶν

276 1365 355 1436 μὴ
371 1363 759 1434 προσηκόντων
779 1380 868 1434 μοι
887 1380 902 1429 ;
925 1363 958 1434 ἢ
975 1361 1082 1414 τῶν
1097 1379 1178 1414 σοι
1194 1361 1578 1431 διαφερόντων;
1596 1361 1660 1413 El
1676 1354 1852 1431 εὗρες,

273 1449 334 1500 ἐν
355 1446 434 1517 τῷ
459 1447 612 1516 μέσῳ
629 1445 942 1517 παράγαγε,
1138 1444 1219 1497 ἵνα
1237 1445 1286 1497 οί
1318 1443 1568 1506 συνόντες
1589 1461 1678 1514 μοι
1696 1445 1790 1496 καὶ
1806 1443 1853 1495 οί

276 1529 422 1600 μετὰ
445 1529 540 1582 σοῦ
591 1529 1027 1600 παραγενόμενοι
1059 1526 1157 1597 τὴν
1179 1527 1451 1594 διάκρισιν
1496 1529 1852 1597 ποιήσωνται.

274 1611 503 1683 Ἐπειδὴ
525 1606 663 1665 εἶδεν
681 1609 974 1664 ἀνεύθυνον
994 1609 1186 1663 ἑαυτὸν
1205 1611 1261 1662 ἐν
1280 1609 1451 1664 ἅπασι
1465 1609 1854 1680 γεγενημένον,

271 1696 481 1767 πολλὴν
529 1695 713 1748 λοιπὸν
747 1694 1060 1766 παρρησίαν
1097 1693 1420 1764 προσλαϐὼν
1465 1695 1856 1765 ἀπαριθμεῖται

275 1782 379 1852 τὴν
417 1779 654 1842 εὔνοιαν,
684 1778 752 1850 ἦν
787 1778 918 1848 περὶ
949 1775 1112 1829 αὑτὸν
1134 1779 1190 1829 ἐν
1219 1777 1382 1830 παντὶ⁹
1417 1777 1494 1848 τῷ
1520 1777 1697 1848 χρόνῳ
1749 1777 1852 1828 ἐπ-

271 1861 539 1928 εδείξατο,
568 1861 661 1914 καί
676 1875 830 1932 φησι·
859 1859 1154 1929 Ταῦτάμοι
1175 1861 1410 1914 εἴκοσιν
1436 1860 1560 1928 ἐτη.
1588 1859 1742 1914 Μετὰ
1763 1858 1853 1913 τὸν

274 1944 528 2016 κάματον
556 1942 664 1996 τῶν
683 1942 954 1996 τοσούτων
975 1941 1114 1996 ἐτῶν
1143 1943 1368 2006 τούτων,
1384 1944 1531 2014 ’ήμην
1558 1943 1706 2008 ἄξιος
1722 1939 1855 1995 ταύ-

271 2043 375 2096 της
408 2026 509 2096 τῆς
542 2024 785 2097 ὖϐρεως;
830 2023 1027 2078 Ταῦτά
1056 2043 1157 2094 μοι
1189 2027 1423 2079 εἴκοσιν
1457 2027 1583 2093 ἐτη.
1609 2027 1855 2096 Σήμερον

271 2111 482 2163 εἴκοσιν
502 2109 638 2162 ἐτῶν
656 2107 886 2178 ἀριθμὸν
904 2107 1011 2174 ἔχω
1043 2111 1099 2161 ἐν
1125 2107 1201 2178 τῷ
1233 2108 1366 2180 οἴκῳ
1397 2108 1474 2179 τῷ
1504 2109 1598 2179 σῷ.
1625 2110 1702 2162 Τὰ
1721 2109 1857 2175 πρό-

271 2193 422 2248 ϐατά
436 2209 552 2247 σου
570 2192 667 2246 καὶ
683 2195 742 2246 αἱ
755 2188 916 2261 αἷγές
927 2205 1042 2246 σου
1064 2194 1173 2245 οὐκ
1197 2191 1640 2261 ήτεκνώθησαν·
1656 2190 1857 2261 κριοὺς

270 2277 396 2331 τῶν
423 2276 734 2346 προϐάτων
747 2291 862 2330 σου
879 2279 949 2330 οὺ
977 2275 1315 2346 κατέφαγον
1332 2293 1344 2306 ·
1363 2276 1732 2344 θηριάλωτον
1747 2282 1858 2334 οὐκ

268 2360 541 2429 ἐνήνοχά
558 2377 676 2415 σοι.
706 2358 845 2426 Ἐγὼ
861 2359 1224 2413 ἀπετίννυον
1235 2359 1370 2427 παρ’
1392 2358 1669 2426 ἐμαυτοῦ,
1686 2363 1858 2430 κλέμ-

264 2461 433 2513 ματα
447 2444 671 2513 ἡμέρας
692 2442 789 2496 καί
809 2441 1115 2511 κλέμματα
1136 2443 1379 2506 νυκτός.
1411 2443 1465 2492 Ἐ
1472 2443 1730 2510 γενόμην
1747 2443 1858 2511 τῆς

271 2527 504 2597 ἡμέρας
529 2526 965 2596 συγκαιόμενος
1010 2523 1090 2590 τῷ
1123 2525 1399 2594 καύματι,
1419 2523 1610 2588 καὶτῴ
1625 2524 1857 2593 παγετῷ

270 2610 385 2679 τῆς
414 2610 656 2676 νυκτὸς,
678 2609 776 2663 καὶ
790 2610 1084 2678 ἀφίστατο
1104 2611 1136 2662 ό
1153 2609 1346 2672 ὐπνος
1357 2607 1475 2662 ἀπὸ
1504 2606 1622 2660 τῶν
1633 2609 1858 2676 69:00.1-

265 2694 406 2764 μῶν
420 2712 562 2763 μου.
595 2691 913 2756 Ἐπελάθου,
935 2692 1088 2763 φησι,
1117 2689 1225 2744 τῶν
1259 2691 1520 2760 καμάτων
1553 2690 1661 2743 τῶν
1681 2690 1854 2761 ἐμῶν,

271 2775 350 2833 ὢν
372 2778 735 2850 ἐπεδειξάμην
760 2777 1062 2848 ποιμαίνων
1077 2776 1145 2830 τὰ
1161 2775 1409 2846 πρόϐατά
1435 2792 1527 2828 σου
1548 2777 1752 2840 καὶτὰς
1774 2774 1858 2831 αἷ-

274 2881 383 2933 γας
406 2882 420 2930 ;
446 2865 537 2936 Μή
553 2865 694 2934 ἔχεις
715 2862 1010 2931 ἐγκαλέσαι
1028 2862 1109 2915 ὅτι
1134 2860 1263 2915 ποτέ
1285 2860 1353 2914 τὰ
1365 2860 1632 2932 πρόϐατα,
1648 2861 1680 2933 ἢ
1699 2865 1752 2915 αἱ
1771 2858 1855 2916 αῖ-

271 2966 372 3017 γες
393 2948 817 3018 ἡτεκνώθησαη
839 2948 980 3016 Ὅρα
1007 2945 1178 3016 πόσην
1204 2943 1444 2998 δείκνυσι
1460 2945 1558 3015 τὴν
1577 2945 1727 3016 παρά
1755 2946 1852 2999 τοῦ

271 3032 412 3085 Θεοῦ
432 3032 642 3085 εὔνοιαν
661 3031 1036 3102 γεγενημένην
1054 3032 1134 3094 είς
1164 3029 1254 3083 τὸν
1282 3025 1429 3082 οἷκον
1447 3028 1540 3082 τοῦ
1559 3030 1745 3084 Λάϐαν
1767 3031 1854 3087 διὰ

272 3118 376 3186 τὴν
410 3116 572 3169 06106
607 3116 928 3186 παρουσίαν.
963 3113 1134 3167 Τοῦτο
1162 3114 1272 3185 γάρ
1302 3115 1449 3166 ἐστιν
1471 3114 1608 3184 ὅπερ
1635 3115 1728 3167 καὶ
1744 3114 1856 3169 ἀνω

273 3203 463 3270 ἔλεγεν
488 3217 501 3230 ·
521 3203 566 3252 Ε
571 3198 838 3269 ὐλόγησέ
853 3215 926 3252 σε
944 3201 975 3252 ό
1005 3198 1148 3264 Θεὸς
1162 3196 1355 3262 ἐπὶτῷ
1371 3195 1512 3249 ποδί
1528 3213 1667 3265 μου.
1689 3197 1859 3251 Τοῦτο

273 3287 386 3358 γὰρ
405 3285 578 3347 οὐδεὶς
595 3285 659 3338 ἂν
678 3283 826 3354 παρά
843 3283 1099 3354 ποιμένος
1111 3280 1624 3352 άπαιτήσειεν.οὑδέ
1637 3280 1744 3353 γὰρ
1761 3283 1858 3354 τῆς

274 3368 645 3438 ποιμαντικῆς
668 3367 823 3420 τοῦτο
841 3367 1018 3438 ἔργον·
1042 3365 1256 3435 φύσεως
1270 3366 1378 3433 γάρ
1409 3366 1544 3418 ἐστι.
1572 3365 1669 3417 Διὰ
1700 3366 1858 3418 τοῦτο

276 3455 389 3525 πρὸ
407 3451 621 3505 πάντων
638 3451 797 3504 τοῦτο
825 3450 1134 3521 προτίθησι,
1159 3449 1252 3503 καὶ
1272 3449 1472 3520 πολλὴν
1492 3449 1731 3502 δείκνυσι
1758 3451 1858 3520 τήν

277 3540 489 3596 ἄνωθεν
507 3536 876 3608 γεγενημένην
894 3534 1150 3606 πρόνοιαν
1162 3551 1229 3586 πε
1238 3534 1289 3604 ρὶ
1303 3533 1372 3586 τὰ
1389 3533 1614 3604 ποίμνια
1640 3536 1855 3602 Κριοὺς

276 3624 401 3677 τῶν
417 3620 723 3690 προϐάτων
737 3635 854 3673 σου
871 3620 942 3672 οὐ
959 3617 1317 3687 κατέφαγον.
1332 3616 1423 3687 Μή
1441 3616 1664 3670 δύνασαι
1681 3619 1858 3670 εἰπεῖν

275 3711 360 3763 ὃτι
383 3706 515 3760 ποτὲ
536 3705 841 3772 κατέφαγον
863 3703 1014 3775 κριὸν
1030 3704 1094 3754 ἐκ
1110 3700 1220 3753 τῶν
1239 3699 1527 3770 προϐάτων
1550 3717 1665 3764 σου,
1679 3701 1708 3754 0
1729 3701 1857 3754 πολ-

274 3792 390 3854 λοῖς
409 3802 433 3829 α
456 3789 563 3842 τῶν
586 3786 858 3857 ποιμένων
873 3787 1044 3838 ποιεῖν
1067 3783 1214 3849 έθος;
1240 3781 1616 3851 Θηριάλωτον
1635 3786 1745 3837 οὐκ
1761 3783 1859 3837 ἐν·

273 3873 476 3941 ήνοχά
508 3890 628 3927 σοι.
662 3870 799 3924 Οὔτε
832 3870 1014 3933 αὐτὸς,
1037 3869 1189 3938 φησὶ,
1223 3867 1350 3921 ποτέ
1383 3866 1712 3935 κατέφαγον,
1734 3864 1858 3920 οὔτε

275 3962 346 4030 θη
356 3958 468 4029 ρίον
491 3955 676 4026 ἴσχυσέ
692 3971 820 4007 ποτε
834 3951 1147 4022 ἀφελέσθαι.
1163 3953 1219 4003 Μ
1225 3949 1258 4018 ἡ
1271 3949 1534 4018 ἐνήνοχά
1542 3966 1641 4004 σοι
1659 3949 1859 4017 θηριά-

273 4048 508 4103 ,ιωτον;
534 4040 603 4091 "H
624 4038 744 4107 οὐχὶ
771 4037 892 4089 καθ’
907 4034 1142 4104 ἑκάστην
1164 4035 1377 4104 ἡμέραν
1397 4036 1521 4095 τοὺς
1539 4032 1608 4085 τὰ
1634 4031 1858 4103 ποίμνια

279 4123 756 4198 ἐγχειριζομένους
777 4121 906 4190 δρᾷς
931 4119 995 4188 θη
1004 4117 1242 4189 ριάλωτα
1260 4119 1372 4179 τοῖς
1385 4115 1668 4178 δεσπόταις
1685 4133 1858 4186 προσ-

278 4212 546 4278 ἀγοντας;
584 4204 743 4258 Ἀλλὰ
765 4206 828 4256 σὺ
848 4202 1000 4256 οὐδὲν
1016 4199 1251 4254 τοιοῦτον
1267 4199 1559 4266 ἐγκαλέσαι
1577 4198 1800 4270 δυνήσῃ,
1822 4199 1855 4269 ἢ

277 4293 452 4359 δεῖξαι
471 4287 836 4360 γεγενημένον
857 4289 913 4340 ἐν
933 4287 1045 4348 τοῖς
1066 4285 1268 4336 είκοσιν
1295 4281 1602 4360 ἐτεσιηΚαὶ
1627 4280 1678 4333 τί
1716 4281 1858 4349 λέγω

279 4358 618 4447 θηριάλωτον
635 4358 663 4437 ;⁷
679 4358 817 4423 Ἀλλ’
835 4367 955 4421 οὐδὲ
971 4369 1022 4447 εί
1044 4366 1255 4447 ἐκλάπη
1268 4366 1417 4430 ποτέ,
1436 4358 1523 4416 οἷα
1543 4363 1858 4433 συμϐαίνειν

279 4444 452 4522 εἰκὸς,
473 4459 551 4520 εἰς
583 4457 680 4525 τὴν
711 4455 811 4524 σὴν
889 4444 1090 4516 γνῶσιν
1161 4444 1317 4500 τοῦτο
1417 4447 1714 4517 πεποίηκα,
1743 4447 1856 4501 ἀλλ’

280 4543 398 4611 ἐγὼ
425 4541 522 4594 καὶ
547 4539 837 4608 κλέμματα
865 4533 1206 4604 κλεπτόμενα
1233 4529 1570 4594 ἀπετίννυον,
1604 4529 1674 4584 τά
1705 4547 1764 4583 τε
1802 4533 1858 4585 ἐν

278 4626 490 4697 ἡμέρᾳ,
514 4622 583 4676 τά
599 4639 658 4674 τε
687 4623 744 4672 ἐν
766 4618 922 4672 νυκτὶ
942 4617 1222 4685 γινόμενα.
1236 4614 1344 4666 Καὶ
1365 4611 1626 4697 διηνεκώς
1655 4612 1859 4697 καὶτὸν

278 4694 379 4762 106
401 4694 678 4776 καύματος
711 4701 963 4756 καύσωνα
991 4701 1184 4769 ἔφερον
1211 4694 1494 4766 γενναίως,
1511 4694 1710 4748 καὶτὸν
1729 4713 1860 4766 1100-

284 4795 387 4865 μὸν
417 4792 508 4844 τὸν
534 4790 642 4842 ἀπὸ
669 4787 769 4856 τῆς
799 4785 1011 4846 νυκτὶς,
1033 4781 1171 4865 ὺπέρ
1203 4779 1297 4865 τοῦ
1333 4777 1551 4865 ἀϐλαϐῆ.
1570 4777 1864 4865 001101101-

283 4859 419 4930 μνια
439 4869 836 4928 διασώσασθαι·
855 4867 949 4920 καὶ
971 4865 1032 4918 06
1057 4863 1214 4917 τοῦτο
1232 4862 1411 4934 μόνον,
1431 4859 1566 4913 ἀλλὰ
1589 4859 1683 4913 καὶ
1701 4861 1862 4924 αὐτὸς

276 4963 308 5016 0
342 4959 514 5020 ὕπνος
540 4955 625 5009 διὰ
652 4956 751 5026 τὴν
772 4951 974 5020 πολλὴν
1004 4946 1259 5018 φροντίδα
1291 4944 1556 5014 ἀφίστατο
1583 4944 1679 4996 ἀπ’
1701 4943 1857 5015 ἐμοῦ.

351 5041 507 5105 Εἶδες
544 5038 800 5109 ποιμένος
838 5033 1173 5104 άγρυπνίανς
1223 5027 1360 5095 εἶδες
1410 5027 1643 5098 σπουδὴν
1677 5029 1862 5082 ἐπιτε-

273 5127 556 5197 ταμένην;
600 5123 766 5176 Ποίαν
810 5121 876 5175 ἂν
917 5118 1090 5189 ἔχοιεν
1139 5115 1434 5183 ἀπολογίαν
1472 5113 1523 5197 οἱ
1560 5113 1629 5166 τὰ
1669 5111 1865 5197 λογικὰ

273 5195 511 5281 ποίμνια
546 5202 1030 5277 ἐγκεχειρισμένοι,
1069 5200 1162 5253 καὶ
1202 5197 1398 5269 πολλὴν
1442 5195 1541 5269 τήν
1593 5195 1864 5281 ρᾳθυμίαν

274 5279 736 5364 ἐπιδεικνύμενοι,
779 5288 873 5342 καὶ
919 5285 1039 5339 καθ’
1070 5283 1305 5354 ἑκάστην
1331 5281 1572 5364 ἡμέραν,
1607 5280 1750 5364 κατά
1773 5279 1865 5334 τὸν

274 5363 592 5452 προφήτην,
619 5374 688 5428 τὰ
737 5373 834 5444 μὲν
869 5367 1338 5452 κατασφάττοντες
1360 5363 1486 5452 ,Δτὰ
1533 5363 1590 5417 δέ
1626 5363 1864 5452 δρῶντες

277 5445 628 5536 θηριόϐρωτα
663 5457 938 5536 γινόμενα,
971 5450 1036 5504 τὰ
1072 5447 1271 5536 Δδέμύιςν
1313 5445 1544 5536 ἐτέρωνμ
1559 5446 1862 5536 συλώμενα,

406 5528 661 5614 οὐδεμίαν
685 5535 1005 5610 κηδεμονίαν
1028 5531 1204 5588 αὐτῶν
1221 5528 1490 5614 ποιεῖσθαι
1514 5529 1827 5614 βουλόμενοι
1844 5545 1863 5614 _;

276 5630 460 5685 καίτοι
501 5609 566 5695 γε
603 5609 834 5677 ἐνταῦθα
867 5618 1106 5674 ἐλάττων
1150 5616 1178 5668 ὁ
1212 5613 1389 5677 πόνος,
1442 5611 1537 5695 καὶ
1576 5609 1866 5695 εὔκολος

275 5693 593 5783 ἐπιμέλεια.
627 5706 790 5776 Ψυχὴ
835 5703 944 5773 γάρ
978 5703 1125 5754 ἐστιν
1155 5700 1192 5783 ήγ
1219 5693 1610 5783 παιδευομένη·
1649 5693 1768 5745 ἐκεῖ
1809 5693 1865 5745 δὲ

278 5778 448 5861 πολὺς
476 5795 572 5849 1101
601 5792 678 5863 τῷ
698 5788 910 5858 σώματι
939 5785 1032 5838 καὶ
1078 5785 1146 5853 τῇ
1167 5782 1312 5851 ψυχῇ
1346 5779 1374 5830 ὁ
1409 5778 1590 5863 πόνος.

348 5860 568 5953 ζ’έὈρα
583 5860 691 5946 γὰρ
706 5873 758 5926 τί
785 5888 968 5942 φησιν·
994 5867 1320 5937 Ἐγενόμην
1343 5863 1450 5931 τῆς
1468 5860 1688 5933 ἡμέρας
1706 5874 1856 5930 συγ-

347 5980 369 6008 ⁸
399 5979 476 6028 Sic
503 5971 652 6026 (loisl.
684 5967 926 6019 Edcbutur
959 5964 1170 6019 πο)>.ούς.
1198 5961 1332 6011 Ευιτ.

1304 339 1369 394 ΙΝ
1405 339 1556 396 CAP.
1598 337 1743 393 XXX
1779 336 2020 392 GENES.
2063 336 2294 394 HOMZL.
2337 336 2492 392 ινιτ.

3432 341 3538 396 564

1968 451 2279 519 καιόμενος
2301 452 2379 517 τῷ
2401 455 2676 522 καύματι,
2703 451 2801 506 καί
2821 451 2899 516 τῷ
2911 451 3142 520 παγετῷ
3164 451 3270 520 τῆς
3293 454 3535 519 νυκτὸς,

1962 535 2057 588 καὶ
2076 537 2367 604 ἀφίστατο
2393 540 2424 590 ό
2451 537 2635 602 ὕπνος
2672 537 2770 590 ἀπ’
2796 535 2960 606 ἐμοῦ.
2989 537 3085 599 Τίς
3121 536 3189 589 ἂν
3237 535 3393 588 τοῦτο
3441 535 3538 588 νῦν

1961 617 2210 689 δυνηθείη
2239 619 2264 658 b
2291 621 2483 682 εἰπεῖν,
2510 620 2589 673 ὅτι
2627 619 2715 672 διὰ
2742 618 2840 689 τὴν
2876 617 3148 689 σωτηρίαν
3179 617 3287 672 τῶν
3318 618 3410 670 ὑπ’
3439 619 3537 671 06-

1959 700 2055 753 106
2083 703 2518 772 ποιμαινομένων
2551 701 2700 774 [559]
2732 701 3006 764 κινδύνους
3027 699 3314 765 ἀνεδέξατο
3331 700 3424 755 καὶ
3443 718 3539 753 τα-

1959 782 2289 856 λαιπωρίας;
2309 786 2429 837 Τῶν
2450 786 2546 854 μὲν
2566 784 2658 839 νῦν
2675 785 2848 847 οὐδεὶς
2867 783 2931 837 ἂν
2947 784 3106 837 τοῦτο
3128 785 3300 836 εἰπεῖν
3328 783 3535 854 τολμή-

1960 882 2094 920 σειε.
2113 867 2309 938 Παύλῳ
2321 868 2376 920 δέ
2400 868 2544 938 μόνῳ
2564 867 2739 932 ἔξεστι
2757 867 2926 920 ταῦτα
2953 868 3090 936 μετὰ
3117 866 3430 938 παρρησίας
3459 865 3538 918 λέο

1958 964 2021 1016 γε
2030 950 2198 1011 ιν,καὶ
2209 950 2412 1004 τούτων
2429 949 2752 1021 μείζονα,τῷ
2768 949 3072 1019 διδασκάλῳ
3081 951 3338 1020 τῆςοίκου
3345 949 3533 1019 μένης.

1959 1031 2063 1084 Καὶ
2079 1032 2202 1098 1106,
2218 1033 2372 1103 φησὶ,
2393 1032 2602 1094 Παῦλος
2615 1032 2789 1086 ταῦτα
2811 1031 3099 1101 ὑπέμεινεν
3115 1048 3130 1097 ;
3152 1033 3349 1085 Ἀκουε
3367 1031 3536 1084 αὐτοῦ

1958 1115 2232 1183 λέγοντος·
2253 1116 2344 1182 Τίς
2359 1115 2621 1180 ἀσθενεῖ,
2641 1116 2736 1170 καὶ
2760 1117 2870 1170 οὐκ
2887 1116 3152 1179 ἀσθενῶ;
3171 1116 3259 1180 τίς
3279 1115 3539 1168 σκανδα-

1957 1197 2195 1263 λίζὶῐται,
2215 1199 2313 1251 καὶ
2339 1201 2452 1252 οὐκ
2491 1198 2606 1269 ἐγὼ
2645 1197 2975 1268 πυροῦμαι;
3010 1199 3074 1250 Ὢ
3107 1198 3359 1268 ποιμένος
3390 1196 3537 1264 φιλο-

1961 1283 2204 1353 στοργία,
2227 1282 2309 1335 Τὰ
2335 1281 2554 1352 ἐτέρων,
2575 1283 2725 1353 φησι,
2742 1281 3010 1352 πτώματα
3025 1281 3148 1352 ἐμοὶ
3168 1281 3422 1334 ἐπιτείνει
3439 1280 3537 1342 τὰς

1958 1366 2277 1437 ἀλγηδόνας·
2295 1365 2361 1418 τὰ
2389 1365 2590 1435 ἐτέρων
2612 1364 2881 1418 σκάνδαλα
2908 1365 3030 1433 ἐμοὶ
3055 1365 3154 1434 τήν
3176 1364 3407 1434 κάμινον
3437 1363 3534 1430 τῆς

1957 1449 2149 1520 ὀδύνης
2165 1449 2412 1503 ἀνάπτει.
2431 1448 2630 1502 Τοῦτον
2648 1449 2878 1511 ἀπαντες
2897 1446 3242 1518 ζηλούτωσαν
3257 1447 3306 1498 οἱ
3317 1447 3414 1515 τὴν
3429 1445 3537 1497 τῶν

1957 1531 2191 1600 λογικῶν
2221 1533 2510 1603 προϐάτων
2551 1531 3016 1603 ἐγκεχειρισμένοι
3065 1529 3418 1601 προστασίαν,
3442 1529 3538 1581 καὶ

1961 1615 2034 1686 μὴ
2058 1616 2274 1686 χείρους
2290 1614 2636 1684 γενέσθωσαν
2652 1615 2745 1668 τοῦ
2781 1616 2908 1683 περὶ
2933 1615 3031 1686 τὴν
3055 1615 3164 1667 τῶν
3187 1612 3396 1680 ἀλόγων
3415 1611 3538 1681 1100-

1959 1714 2105 1750 νοιαν
2121 1697 2386 1768 τοσαύτην
2405 1697 2711 1767 ἀγρυπνίαν
2724 1696 3153 1767 ἐπιδειξαμένου,
3182 1695 3276 1748 καὶ
3298 1695 3388 1746 ἐπὶ
3414 1709 3538 1745 τοσο

1957 1777 2112 1832 οῦτον
2131 1780 2268 1832 ἐτῶν
2291 1779 2542 1850 ἀριθμόν.
2591 1781 2740 1832 Ἐκεῖ
2769 1780 2866 1850 μὲν
2901 1779 3008 1848 γὰρ
3038 1779 3141 1832 κᾶν
3175 1776 3416 1848 ῥᾳθυμία
3452 1791 3537 1836 τις

1959 1863 2372 1934 γένηται,οὺδέν
2402 1864 2460 1916 τὸ
2479 1863 2692 1933 βλάϐος·
2720 1863 2951 1916 ἐνταῦθα
2981 1863 3035 1916 δὲ
3058 1863 3160 1915 κᾶν
3185 1861 3240 1914 ἒν
3267 1859 3536 1932 πρόϐατον

1958 1947 2171 2013 λογικὸν
2191 1947 2480 2016 ἀπόληται,
2510 1948 2542 2017 ἢ
2575 1947 2909 2017 θηριάλωτον
2929 1947 3174 2016 γένηται,
3204 1943 3372 2014 πολλὴ
3392 1944 3425 2012 ή
3448 1941 3537 2011 ξη·

1960 2031 2078 2101 μία,
2103 2032 2332 2102 μεγίστη
2353 2034 2386 2102 ή
2431 2031 2624 2102 βλάϐη,
2643 2031 2894 2101 ἀφατοςή
2919 2030 3159 2092 κόλασις.
3184 2029 3247 2080 EE
3273 2027 3380 2099 γὰρ
3407 2027 3538 2078 ὁΔε-

1959 2115 2163 2185 σπότης
2189 2118 2217 2168 0
2243 2115 2506 2186 ἡμέτερος
2520 2115 2582 2167 τὸ
2613 2107 2751 2184 αἷμα
2773 2113 2835 2165 τὸ
2856 2113 2985 2166 ἴδιον
2999 2113 3186 2182 ἐκχέαι
3213 2110 3352 2181 ὑπὲρ
3371 2108 3533 2163 06106

1957 2198 2018 2251 06
2057 2199 2433 2269 παρῃτήσατο,
2479 2197 2638 2260 ποίας
2672 2195 2737 2250 ἂν
2759 2197 2842 2266 είη
2875 2197 2903 2248 0
2925 2195 3164 2257 1010610;
3209 2192 3537 2262 συγγνώμης

1956 2281 2168 2346 ἄξιος,ὁ
2198 2280 2290 2333 τὸν
2321 2279 2463 2334 οὕτω
2490 2279 2787 2349 τιμηθέντα
2811 2277 2962 2349 παρά
2979 2272 3072 2330 τοῦ
3099 2276 3368 2328 Δεσπότου
3394 2291 3537 2344 παρ-

1957 2368 2088 2438 ορᾷν
2121 2364 2468 2434 ἀνεχόμενος,
2492 2363 2586 2416 καὶ
2609 2362 2683 2433 μὴ
2716 2361 2784 2416 τὰ
2805 2362 2935 2431 παρ’
2968 2360 3159 2414 ἑαυτοῦ
3193 2361 3368 2412 πάντα
3401 2357 3538 2427 πλη-

1962 2448 2068 2518 ρῶν
2097 2449 2176 2511 είς
2202 2447 2300 2517 τὴν
2328 2445 2422 2499 τοῦ
2450 2445 2720 2517 προϐάτου
2763 2443 3108 2513 ἐπιμέλειαν;
3159 2442 3298 2494 Ἀλλ’
3316 2442 3408 2493 ἐπὶ
3437 2440 3536 2511 τὴν

1957 2530 2277 2584 ἀκολουθίαν
2291 2528 2382 2582 τοῦ
2399 2528 2556 2596 λόγου
2581 2526 2986 2597 ἐπανέλθωμεν.
3007 2524 3196 2580 Ταῦτά
3204 2543 3325 2592 μοι,
3346 2523 3534 2594 φησὶν,

1956 2613 2190 2666 ετκοσιν
2229 2614 2332 2678 ἐτη
2355 2611 2469 2680 εἶμί
2498 2610 2567 2664 ἐν
2587 2609 2663 2677 τῇ
2681 2610 2839 2675 οικίᾳ
2858 2623 2992 2664 σου.
3039 2607 3410 2662 Ἐδούνίευσά
3437 2620 3535 2659 σοι

1957 2694 2368 2762 δεκατέσσαρα
2389 2694 2490 2762 ἐτη
2506 2692 2639 2748 ἀντὶ
2654 2691 2772 2746 τῶν
2787 2691 2894 2745 δύο
2921 2691 3257 2761 θυγατέρων
3281 2705 3419 2753 σου,
3437 2689 3534 2742 καί

1957 2777 2026 2843 ἐξ
2051 2777 2157 2844 ἔτη
2173 2778 2242 2831 ἐν
2269 2776 2393 2842 τοῖς
2422 2774 2736 2843 προϐάτοις
2758 2790 2894 2837 σου,
2913 2774 3010 2826 καὶ
3035 2773 3412 2842 παρελογίσω
3429 2771 3540 2825 τὸν

1953 2862 2174 2934 μισθόν
2187 2877 2304 2931 μου
2325 2859 2468 2912 δέκα
2482 2857 2769 2928 ἀμνάδας.
2792 2860 2859 2910 El
2872 2855 2959 2924 μὴ
2983 2859 3014 2910 ό
3036 2855 3179 2922 Θεὸς
3195 2855 3300 2909 τοῦ
3318 2855 3540 2921 πατρός

1952 2964 2072 3016 μου
2112 2941 2376 3012 Ἀϐραὰμ,
2395 2939 2491 2996 καί
2513 2943 2545 2994 ό
2572 2941 2718 3005 Θεὸς
2755 2939 2959 2994 Ἰσαὰκ
2979 2934 3059 3008 ἦν
3083 2938 3210 3007 μετ’
3230 2935 3396 3005 ἐμοῦ,
3421 2936 3540 2989 νῦν

1957 3029 2036 3083 ἄν
2059 3045 2135 3098 με
2156 3027 2338 3080 κενὸν
2379 3023 2830 3089 ἐξαπέστειλας.
2874 3019 2990 3089 Τὴν
3029 3019 3392 3074 ταπείνωσιν
3417 3036 3538 3088 μου

1957 3111 2057 3164 καὶ
2085 3111 2191 3163 τὸν
2207 3111 2396 3162 κόπον
2439 3105 2558 3160 τῶν
2596 3104 2808 3175 χειρῶν
2825 3122 2944 3174 μου
2976 3100 3135 3157 εἶδεν
3165 3106 3196 3156 ό
3228 3103 3392 3167 Θεὸς,
3439 3099 3536 3154 καὶ

1957 3192 2176 3264 ἢ.Ιεγξέ
2213 3209 2286 3248 σε
2315 3189 2476 3261 χθές.
2497 3191 2636 3260 Ὅρα
2657 3189 2774 3252 πῶς
2803 3189 2869 3243 τὰ
2894 3189 3043 3260 παρά
3069 3186 3162 3241 106
3199 3187 3381 3240 Λάϐαν
3412 3188 3539 3256 ὁμο-

1957 3279 2254 3352 λογηθέντα
2283 3275 2664 3346 παρεθάρρυνε
2693 3274 2784 3326 τὸν
2799 3274 3024 3333 δίκαιον,
3052 3273 3146 3325 καὶ
3169 3272 3307 3342 μετά
3328 3273 3540 3341 ποιρῤη-

1959 3363 2080 3427 σίας
2111 3361 2200 3414 τὸν
2231 3359 2450 3430 ἔλεγχον
2482 3360 2731 3411 ποιεῖται.
2757 3352 2936 3420 Οἶδας,
2957 3355 3300 3426 φησὶν,ὃπως
3333 3353 3441 3406 τῶν
3469 3353 3537 3406 εῖ-

1957 3462 2109 3500 κοσιν
2139 3443 2275 3496 ἐτῶν
2297 3443 2385 3495 τὸν
2401 3439 2630 3511 ἀριθμὸν
2651 3438 2939 3492 ἐδούλευσά
2957 3455 3056 3503 σοι,
3078 3436 3217 3507 ὑπὲρ
3240 3435 3346 3488 τῶν
3373 3435 3538 3502 θυγα-

1955 3529 2130 3600 τέρων
2152 3545 2244 3580 σου
2260 3526 2329 3579 τὰ
2353 3525 2723 3594 δεκατέσσαρα
2745 3522 2861 3592 ἐτη,
2875 3523 2932 3574 ἐν
2948 3521 3003 3574 δέ
3024 3523 3133 3583 τοῖς
3159 3519 3448 3588 προϐάτοις
3469 3517 3538 3572 τὰ

1959 3612 2244 3667 ὑπόλοιπα·
2285 3609 2380 3664 καὶ
2423 3611 2572 3680 ὅμως
2618 3605 2987 3676 ἀποστερῆσαί
3034 3620 3099 3674 με
3145 3600 3415 3665 κατεδέξω
3446 3601 3538 3652 τὸν

1961 3695 2170 3768 μισθὸν,
2197 3683 2296 3748 καὶ
2323 3693 2472 3746 οὐδὲν
2503 3692 2644 3762 ὑπὲρ
2675 3689 2863 3743 τούτου
2895 3687 3220 3751 ἐνεκάλεσα;
3251 3684 3423 3738 Τοῦτο
3459 3685 3536 3749 δέ,

1958 3766 2018 3843 ἐξ
2041 3772 2116 3832 ὧν
2143 3777 2304 3840 αὐτὸς
2345 3774 2724 3846 ὡμολόγησας,
2757 3768 2891 3836 οἴδα,
2914 3772 2995 3824 ὅτι
3024 3772 3070 3823 εί
3105 3770 3178 3841 μὴ
3218 3771 3246 3821 0
3273 3768 3402 3830 Θεὸς
3442 3766 3537 3819 τοῦ

1971 3859 2221 3930 ’Δϐραάμ
2247 3858 2341 3910 καὶ
2367 3855 2460 3910 τοῦ
2477 3850 2743 3925 Ἰσαάκῆν
2778 3871 2866 3924 μοι
2898 3851 3108 3922 βοηθὸς,
3134 3851 3226 3904 νῦν
3251 3851 3316 3904 ἀν
3350 3867 3416 3920 με
3448 3865 3540 3902 κεο

1958 3945 2046 3998 νὸν
2069 3939 2474 4008 ἐξαπέστειλας,
2519 3937 2743 4008 ἔρημον,
2784 3938 2877 3989 καὶ
2908 3935 3087 3987 πάντα
3118 3933 3183 3986 ἂν
3205 3932 3412 4002 ἀφείλω
3440 3932 3538 3985 ἀπ’

1959 4025 2116 4098 ἐμοῦ,
2138 4025 2230 4080 καὶ
2251 4023 2348 4095 τὴν
2381 4021 2616 4086 ἀδικίαν,
2645 4021 2712 4092 ἢν
2741 4018 2995 4091 προέθου,
3029 4019 3108 4080 εἰς
3130 4017 3286 4087 ἔργον
3317 4016 3382 4070 ἂν
3403 4016 3539 4084 ἤγα-

1958 4128 2073 4180 γες.
2112 4108 2249 4163 Ἀλλ’
2291 4109 2319 4160 0
2348 4105 2479 4170 Θεὸς
2510 4108 2537 4159 0
2565 4103 2720 4168 εἰδὼς
2754 4103 2873 4172 Τὴν
2901 4101 3264 4156 ταπείνωσιν
3286 4118 3406 4170 μου
3439 4099 3538 4152 και

1959 4195 2066 4248 τὸν
2093 4193 2284 4247 κόπον
2308 4189 2427 4244 τῶν
2462 4186 2676 4258 χειρῶν
2697 4205 2835 4257 μου.
2856 4186 2922 4240 Τί
2950 4188 3085 4251 ἐστι,
3108 4183 3225 4253 Τὴν
3252 4183 3538 4236 ταπείνω-

1959 4277 2065 4331 σιν
2102 4293 2222 4346 μου
2252 4274 2350 4328 καὶ
2384 4273 2489 4327 τὸν
2527 4274 2719 4326 κόπον
2756 4269 2874 4325 τῶν
2902 4267 3116 4340 χειρῶν
3137 4281 3291 4337 μου;
3321 4265 3539 4334 Ἐπειδὴ

1960 4360 2118 4433 ⁴ᾔδειό
2142 4359 2293 4422 Θεὸς,
2331 4359 2480 4421 ὅπως
2525 4356 2623 4427 μὲν
2662 4353 2772 4425 ἐγὼ
2800 4354 2938 4425 μετά
2971 4352 3172 4422 πολλῆς
3198 4352 3295 4420 τῆς
3327 4351 3538 4412 εὐνοίας

1959 4445 2058 4514 τὴν
2091 4441 2334 4496 δουλείαν
2364 4439 2836 4510 ἐποιησάμην,καὶ
2851 4439 2940 4490 τδν
2972 4437 3136 4490 κόπον
3166 4437 3288 4488 ὅσον
3314 4434 3537 4502 ὑπέμει-

1962 4545 2028 4582 να
2051 4527 2352 4597 ποιμαίνων
2383 4524 2451 4576 τά
2480 4523 2747 4593 πρόϐατα,
2779 4521 2873 4574 καὶ
2893 4522 2950 4571 ἐν
2978 4519 3159 4589 ἡμέρα
3184 4519 3278 4570 καὶ
3306 4519 3362 4568 ἐν
3383 4517 3538 4568 νυκτὶ

1961 4607 2259 4680 φροντίζων
2280 4606 2564 4669 διετέλουν,
2600 4604 2736 4675 προς
2765 4603 2946 4654 ἐκεῖνα
2966 4601 3086 4653 ίδὼν
3106 4602 3133 4652 0
3159 4599 3538 4669 φιλάνθρωπος

1961 4693 2232 4761 Δεσπότης
2257 4690 2382 4760 χθὲς
2416 4686 2608 4759 ήλεγξέ
2647 4703 2728 4749 σε,
2760 4685 2956 4754 ἐπέσχε
2985 4685 3082 4754 τῆς
3106 4683 3224 4736 κατ’
3256 4681 3389 4751 ἐμοῦ
3423 4682 3540 4734 ἀδι-

1966 4778 2088 4840 κίας
2115 4777 2209 4829 καὶ
2234 4774 2335 4843 τῆς
2363 4771 2646 4839 ἀλογίστου
2686 4769 2882 4841 ὁρμῆς.
2900 4767 3117 4830 Ἱκανῶς
3143 4768 3200 4819 ἐν
3231 4765 3379 4830 τάξει
3405 4768 3541 4819 ἀπο-

1961 4859 2145 4928 λογίας
2171 4856 2427 4911 καθίκετο
2454 4853 2550 4908 τοῦ
2591 4853 2797 4917 Λάϐαν,
2825 4852 2919 4906 καὶ
2952 4852 3089 4923 μετὰ
3118 4851 3180 4903 τὸ
3203 4849 3417 4918 ἐλέγξαι
3444 4849 3542 4920 τήν

1962 4945 2040 5007 είς
2061 4941 2224 4995 αὑτὸν
2243 4937 2477 5001 ἀδικίαν,
2495 4938 2590 4990 καὶ
2621 4935 2718 4999 τὰς
2744 4938 2872 5006 παρ’
2902 4935 3065 4989 αὑτοῦ
3087 4936 3168 4998 εἰς
3198 4932 3360 4988 αὑτὸν
3387 4934 3541 5002 e650-

1961 5025 2151 5095 γεσίας
2186 5021 2629 5094 ἀπηριθμήσατο.
2654 5020 2744 5073 Διὸ
2771 5019 3035 5082 αἰδεσθεὶς
3080 5021 3282 5078 ἐκεῖνος
3314 5017 3382 5069 τὰ
3411 5016 3540 5086 παρ’

1962 5108 2126 5165 αὐτοῦ
2182 5105 2470 5178 εἰρημένα,
2504 5103 2693 5157 λοιπὸν
2733 5105 2826 5156 καὶ
2870 5103 2949 5166 είς
2977 5101 3175 5154 δειλίαν
3200 5099 3537 5163 καθίσταται,

1965 5194 2057 5248 καὶ
2086 5191 2359 5261 συνθήκας
2388 5188 2686 5257 ἀπαιτῆσαι
2719 5186 2965 5256 βούλεται
2997 5183 3146 5254 παρὰ
3176 5181 3268 5236 τοῦ
3307 5181 3536 5235 δικαίου.

1965 5278 2108 5351 Ὅρα
2127 5273 2262 5328 Θεοῦ
2283 5271 2632 5344 κηδεμονίαν.
2649 5271 2707 5322 '0
2728 5269 2871 5322 οὓτω
2897 5265 3428 5337 παρεσκευασμένος,
3448 5267 3540 5318 καὶ

1968 5362 2106 5436 μετὰ
2119 5358 2387 5428 τοσαύτης
2402 5356 2578 5427 ὁρμῆς
2595 5356 2694 5425 τὴν
2717 5351 3036 5416 καταδίωξιν
3065 5351 3447 5436 ποιησάμενος,
3462 5353 3540 5413 εἰς

1963 5444 2229 5515 τοσαύτην
2250 5442 2492 5513 κατέστη
2509 5439 2729 5502 δειλίαν,
2746 5439 2822 5501 ώς
2832 5436 2930 5500 τὰς
2943 5436 3073 5507 παρ’
3087 5435 3251 5489 αὐτοῦ
3271 5436 3540 5506 συνθήκας

1965 5529 2261 5600 ἐπιζητεῖν.
2281 5522 2638 5590 Ἀποκριθεὶς
2654 5521 2763 5588 γὰρ
2787 5519 3008 5587 Λάϐαν,
3030 5518 3181 5590 [560]
3205 5519 3387 5590 φησὶν,
3410 5515 3540 5571 εἷπε

1965 5613 2046 5678 τῷ
2061 5608 2283 5666 Ἰακώϐ·
2299 5609 2369 5660 Al
2399 5603 2713 5673 θυγατέρες
2726 5619 2863 5668 σου,
2883 5603 3196 5672 θυγατέρες
3215 5621 3355 5673 μου,
3369 5602 3466 5655 καὶ
3487 5605 3540 5655 οί

1964 5695 2084 5749 vlo!
2111 5707 2248 5752 σου,
2281 5688 2399 5742 υἱοί
2412 5686 2665 5756 μου.καί
2688 5687 2758 5739 τὰ
2781 5687 2971 5756 κτήνη
2999 5703 3132 5752 σου,
3175 5685 3365 5753 κτήνη
3396 5703 3538 5754 μου,

1968 5777 2066 5832 καὶ
2085 5773 2280 5828 πάντα
2305 5771 2421 5824 ὅσα
2441 5769 2521 5824 σὺ
2549 5768 2714 5838 ὁρᾷς,
2739 5769 2851 5839 ἐμά
2878 5770 3008 5824 ἐστι
3032 5769 3128 5822 καὶ
3161 5765 3278 5821 τῶν
3303 5767 3538 5836 θυγατέ-

1961 5874 2085 5928 ρων
2114 5855 2326 5926 μου·τί
2349 5851 2582 5918 ποιήσω
2611 5855 2851 5918 ταύταις
2882 5851 3166 5922 σήμερον,
3211 5851 3246 5920 ἢ
3283 5849 3404 5916 τοῖς
3455 5848 3536 5901 τέ-

2029 5953 2055 5991 b
2076 5950 2325 6002 Edebatur
2349 5952 2535 6012 δυνηθῂ-
2569 5951 2710 6001 Cois}.
2738 5950 2963 6009 δυνηθείη.
2989 5947 3124 5998 Ευιῐ.
