3974 6410
460 340 576 398 505

470 475 641 526 κνοις
678 455 878 511 αὐτῶν
906 451 1022 518 τοῖς
1052 454 1381 521 τεχθεῖσινς
1416 452 1547 507 Οἶδα
1572 453 1655 507 ὃτι
1681 452 1775 507 καὶ
1802 453 1860 506 αι
1890 452 2060 522 θυγα-

466 539 856 613 τέρες,φησὶν,
892 536 1021 607 ἐμαί
1053 536 1178 597 εἰσι,
1216 535 1311 588 καὶ
1338 535 1514 591 πάντα
1545 535 1644 589 ὅσα
1683 535 1765 589 σοί
1801 536 1973 601 ἐστιν,
1997 536 2062 589 ὲκ

464 626 568 696 τῆς
586 621 866 695 ὑπάρξεως
895 623 993 690 τῆς
1010 619 1149 691 ἐμῆς
1168 618 1530 690 προσεγένετό
1547 636 1651 673 σοι.
1672 619 1734 673 Τί
1749 613 1866 673 οὖν
1890 619 2061 685 ποιή-

468 724 558 763 σω
584 708 822 771 ταύταις
848 704 1135 773 σήμερον,
1161 704 1199 771 ἢ
1229 703 1355 770 τοῖς
1384 704 1486 758 ὑπ’
1541 702 1742 758 αὐτῶν
1768 703 2059 774 τεχθεῖσις

469 791 597 845 Νῦν
619 790 816 857 δεῦρο,
860 786 1191 857 διαθώμεθα
1226 786 1527 854 διαθήκην
1556 785 1670 855 ἐγώ
1713 802 1776 840 τε
1813 787 1911 841 καὶ
1945 786 2050 849 σὺ,

468 874 568 927 καί
589 873 761 927 ἔσται
782 874 871 937 είς
879 871 1208 940 μαρτύριον
1219 869 1337 924 ἀνὰ
1346 870 1542 939 μέσον
1558 869 1705 937 ἐμοῦ
1724 885 1789 922 τε
1803 867 1900 922 καί
1918 868 2055 923 σοῦ.

466 956 767 1028 Συνθήκας,
797 954 953 1025 φησὶ,
992 951 1370 1023 ποιησώμεθα,
1394 951 1502 1007 Kal
1530 951 1702 1006 ἔσται
1734 953 1821 1018 είς
1832 953 2059 1021 μαρτύ-

456 1055 594 1108 ’ρων
629 1036 747 1095 dra
761 1039 960 1109 μέσον
981 1037 1130 1108 ἐμοῦ
1162 1036 1259 1090 καί
1277 1036 1419 1100 σοῦ,
1449 1035 1528 1099 είς
1557 1034 1800 1107 ἔλεγχον,
1822 1039 1902 1100 εἰς
1921 1035 2056 1089 ἀπό-

463 1123 648 1188 δειξιν.
686 1118 822 1177 Eius
857 1121 916 1176 δὲ
945 1119 1127 1191 αὐτῷ’
1161 1120 1227 1173 Et
1244 1136 1331 1183 τις
1352 1118 1664 1190 παραϐῆναι
1697 1118 1768 1172 τά
1798 1117 1894 1171 νῦν
1925 1118 2057 1190 παρ’

464 1207 622 1277 ἡμῶν
666 1205 1008 1279 προταθέντα
1043 1204 1462 1274 ιπιχειρήσειεν,
1513 1201 1658 1257 Ἰδοὺ
1694 1200 1899 1268 οὐδεὶς
1928 1204 2057 1273 μεθ’

465 1289 652 1360 ἡμῶν·
680 1293 714 1345 ό
748 1289 817 1343 δὲ
845 1288 990 1355 Θεὸς
1009 1286 1241 1358 μάρτυς
1257 1284 1375 1340 ἀνὰ
1394 1285 1590 1355 μέσον
1620 1283 1766 1355 ἐμοῦ
1793 1285 1890 1339 καὶ
1915 1284 2054 1339 σοῦ.

538 1375 816 1445 η’.Σκόπει
841 1373 959 1438 πῶς
980 1372 1121 1426 κατά
1145 1371 1339 1442 μικρὸν
1359 1372 1387 1424 6
1400 1370 1586 1425 Λάϐαν
1606 1371 1700 1425 καὶ
1719 1371 1798 1434 είς
1826 1369 2056 1436 θεογνω-

458 1458 588 1512 σίαν
610 1459 884 1527 ὲνάγεται.
901 1457 960 1511 Ὀ
976 1455 1084 1527 γὰρ
1101 1454 1200 1525 τὴν
1222 1453 1428 1525 κλοπὴν
1457 1452 1564 1526 πρὸ
1590 1452 1778 1508 τούτου
1795 1453 1902 1506 τῶν
1916 1452 2057 1507 θεῶν

450 1542 632 1597 αὐτοῦ
662 1542 939 1613 ἐπιφέρων
990 1539 1071 1611 τῷ
1122 1537 1340 1607 δικαίῳ,
1391 1538 1485 1592 καὶ
1533 1537 1803 1609 τοσαύτην
1830 1535 2056 1608 ἔρευναν

456 1625 855 1697 ποιησάμενος,
886 1622 980 1678 νῦν
1032 1638 1195 1693 φησιν
1215 1637 1229 1652 ⁸
1272 1620 1487 1692 Ἐπειδὴ
1507 1620 1680 1685 οὐδείς
1705 1624 1821 1675 ὲστι
1853 1619 2055 1692 μεταξὺ

466 1708 624 1778 ἡμῶν
651 1711 680 1762 6
704 1708 1024 1779 δυνάμενος,
1052 1706 1105 1760 εί
1128 1722 1181 1759 τι
1218 1701 1357 1775 μετά
1388 1702 1563 1758 ταῦτα
1592 1703 1808 1773 γένοιτο
1837 1713 1885 1770 ⁸,
1912 1720 2055 1775 μαρ-

463 1791 701 1860 τυρῆσαι
726 1794 836 1854 τοῖς
870 1789 965 1844 νῦν
997 1786 1129 1860 παρ’
1151 1784 1308 1858 ήμῶν
1336 1785 1665 1855 γινομένοις,
1696 1789 1725 1840 6
1748 1786 1881 1850 θεὸς
1916 1787 2057 1858 μάρ-

460 1893 560 1939 τυς
584 1875 687 1929 άνὰ
725 1874 890 1945 μέσον
920 1871 1055 1943 ἐμοῦ
1081 1872 1177 1925 καὶ
1211 1869 1326 1925 σοῦ.
1346 1870 1585 1934 Ἐκεῖνος
1613 1870 1900 1942 πάρεστιν,
1929 1871 1958 1923 6
1987 1870 2056 1923 τὰ

465 1957 642 2012 πάντα
667 1956 830 2029 ὁρῶν,
863 1954 925 2009 δν
970 1954 1124 2009 οὐδὲν
1154 1954 1340 2009 λαθεῖν
1356 1953 1604 2020 δύναται,
1638 1955 1668 2007 6
1698 1951 1798 2024 τὴν
1823 1951 2054 2007 ἑκάστου

461 2039 688 2111 γνώμην
706 2036 1083 2108 ἐπιστάμενος.
1100 2036 1313 2092 Λαϐὼν
1336 2035 1426 2100 δὲ,
1443 2035 1635 2107 φησὶν,
1650 2034 2053 2103 Ἰακὼϐέστη-

461 2137 538 2177 σε
555 2122 819 2188 στήλην,
860 2119 960 2173 καί
987 2118 1240 2187 ἐποίησε
1274 2119 1534 2182 βουνὸν,
1562 2119 1663 2173 καί
1692 2117 1922 2188 ἔφατον
1954 2118 2053 2172 ἐπὶ

460 2204 568 2257 τοῦ
578 2197 834 2267 βουνοῦ.
856 2192 1000 2252 Εἶτα
1022 2193 1194 2252 εἶπεν
1209 2197 1370 2264 αὐτῷ
1390 2195 1612 2252 Λάϐὰν·
1630 2198 1692 2251 ὀ
1706 2196 1938 2263 βουνὸς
1952 2192 2056 2254 οὗ-

460 2302 564 2350 τος
590 2281 881 2352 μαρτυρεῖ
899 2280 1016 2335 ἀνὰ
1029 2278 1226 2350 μέσον
1254 2280 1401 2349 ἐμοῦ
1430 2278 1530 2333 καί
1551 2279 1689 2335 σοῦ.
1706 2281 1770 2333 Τί
1802 2294 1970 2345 εστιν,
2000 2279 2055 2333 ’0

455 2365 688 2433 ,βουνὸς
703 2360 917 2430 οὗτος;
932 2362 1077 2417 Ἀντί
1096 2361 1215 2428 τοῦ,
1236 2363 1304 2417 τὰ
1321 2364 1542 2434 ῥήματα
1569 2362 1640 2417 τὰ
1661 2362 1896 2418 ἐνταῦθα
1911 2363 2057 2433 γινό-

461 2467 599 2522 μενα
623 2452 681 2504 ὲν
710 2448 789 2519 τῷ
813 2446 987 2519 βουνῷ
1014 2446 1189 2518 τούτῳ
1209 2447 1519 2518 ὑπόμνησις
1546 2448 1677 2519 ἡμῖν
1707 2446 2054 2519 ἔσταιδιηνε-

396 2554 399 2555 ν
459 2532 593 2597 κῶς.
634 2531 745 2588 Kal
778 2530 1041 2586 ἐκάλεσε
1086 2531 1154 2585 τὸ
1194 2529 1384 2598 ὄνομα
1435 2529 1545 2585 τοῦ
1573 2530 1783 2593 τόπου,
1823 2530 2055 2597 Βουνὸς

457 2610 958 2687 μαρτυρίου.Εἶτά
991 2629 1177 2686 φησιν·
1220 2612 1449 2667 Ἐπίδοι
1473 2615 1507 2667 ό
1544 2612 1691 2679 Θεὸς
1710 2613 1830 2668 ἀνὰ
1853 2613 2053 2681 μέσον

457 2697 605 2768 ἐμοῦ
628 2697 730 2752 καί
752 2697 893 2752 σοῦ.
920 2696 1122 2750 Σκόπει
1152 2694 1269 2759 πῶς
1298 2694 1461 2750 πάλιν
1497 2694 1592 2766 τὴν
1623 2695 1774 2766 παρά
1801 2697 1895 2749 τοῦ
1916 2694 2053 2749 Θεοῦ

456 2786 616 2856 δίκην
653 2782 995 2837 ἐπικαλεῖται
1025 2782 1057 2834 6
1104 2781 1313 2836 Δάϐαψ
1357 2782 1584 2835 Ἐπίδοι
1625 2781 1755 2851 γάρ,
1798 2782 1983 2852 φησὶν,
2017 2786 2051 2837 ό

462 2868 609 2934 Θεὸς
643 2865 762 2922 ἀνὰ
768 2863 966 2935 μέσον
987 2864 1138 2935 ἐμοῦ
1166 2863 1265 2917 καὶ
1290 2863 1431 2928 σοῦ,
1463 2863 1553 2917 ὅτι
1582 2864 2056 2934 ἀποστησόμεθα

457 2950 661 3019 ἔτερος
688 2949 794 3004 τοῦ
826 2948 1055 3017 ἐτέρου.
1091 2945 1229 3013 Νῦν,
1262 2947 1419 3018 φησι,
1455 2946 1932 3017 χωρισθησόμεθα,
1962 2948 2055 3001 καὶ

462 3036 527 3087 σὺ
560 3033 660 3104 μὲν
687 3030 969 3103 ἀπελεύσῃ
1012 3031 1095 3094 είς
1116 3030 1218 3100 τὴν
1245 3029 1453 3083 οἰκείαν
1475 3029 1599 3099 γῆν,
1654 3029 1766 3097 εγὼ
1796 3029 1855 3083 δὲ
1882 3030 2051 3084 ὲπανι

460 3116 753 3188 ελεύσομαι
772 3116 852 3178 είς
877 3114 969 3168 τὸν
984 3108 1135 3168 οἷκον
1164 3112 1254 3165 τὸν
1269 3111 1423 3183 ἐμόν.
1442 3113 1511 3164 El
1532 3110 1917 3179 ταπεινώσεις
1948 3111 2055 3178 τὰς

460 3198 789 3269 θυγατέρας
821 3214 963 3266 μου,
1014 3198 1068 3250 εί
1115 3195 1325 3261 λάϐοις
1387 3193 1680 3264 γυναῖκας
1726 3194 1877 3264 πρὸς
1923 3193 2055 3260 ταῖς

458 3280 786 3352 θυγατράσι
801 3296 941 3350 μου,
957 3278 1086 3349 ὅρα,
1099 3277 1300 3344 οὐδεὶς
1314 3278 1443 3348 μεθ’
1460 3277 1631 3347 ἡμῶν
1644 3278 1859 3332 έστινό
1875 3276 2049 3347 ὀρῶν

460 3367 609 3433 Θεὸς
627 3363 881 3434 μάρτυς.
911 3362 1111 3417 Σκόπει
1126 3362 1243 3428 πῶς
1275 3362 1370 3417 καὶ
1398 3361 1545 3428 ἅπαξ
1571 3362 1667 3415 καὶ
1687 3360 1937 3434 δεύτερον
1959 3361 2054 3415 καὶ

460 3449 722 3513 πολλάκις
752 3448 846 3502 τὸν
883 3446 1021 3501 Θεὸν
1049 3447 1207 3502 καλεῖ
1260 3446 1533 3518 μάρτυρα.
1563 3445 1674 3499 Καὶ
1703 3445 1813 3517 γὰρ
1846 3445 1880 3514 ἡ
1915 3444 2054 3515 πρόο

456 3550 577 3587 νοια
597 3533 632 3603 ἡ
655 3531 785 3603 περὶ
810 3531 902 3583 τὸν
929 3527 1123 3583 Ἰακὼϐ
1146 3528 1488 3599 γεγενημένη
1518 3527 1839 3580 ἐπαίδευσεν
1867 3526 2050 3593 αὐτὸν,

448 3618 557 3686 ὅση
593 3613 689 3667 τοῦ
731 3611 1003 3666 Δεσπότου
1045 3612 1080 3680 ή
1112 3610 1358 3681 δύναμις,
1387 3611 1481 3663 καὶ
1507 3610 1584 3672 ῶς
1617 3612 1716 3680 οὐχ
1756 3605 1866 3686 οξόν
1896 3610 1956 3663 τέ
1995 3626 2049 3662 τι

458 3678 644 3751 λαθεῖν
664 3695 754 3747 τὸν
783 3678 1083 3764 ἀκοίμητον
1110 3678 1409 3761 ὀφθαλμόν.
1430 3692 1529 3745 Διά
1554 3678 1715 3746 τοῦτό
1732 3678 1864 3762 φησι
1886 3706 1902 3722 °
1934 3691 2053 3746 Κᾶν

446 3776 933 3849 διαχωρισθῶμεν,
963 3774 1065 3829 κᾶν
1093 3774 1281 3846 μηδεὶς
1307 3775 1494 3847 ἕτερος
1525 3775 1553 3827 ὁ
1584 3773 1935 3846 μαρτυρῆσαι
1962 3773 2053 3827 δυ-

460 3863 713 3934 νάμενος,
745 3859 905 3923 αὐτὸς
948 3858 1099 3912 ἔσται
1133 3857 1343 3932 μάρτυς
1366 3859 1395 3911 6
1423 3856 1699 3927 πανταχοῦ
1727 3855 1917 3929 παρών
1939 3870 1954 3888 ³
1983 3857 2053 3912 δι’

448 3948 695 4003 οὲκάστου
738 3943 849 4001 τῶν
894 3942 1158 4015 ῥημάτων
1192 3942 1452 4012 ἐνέφηνεν
1472 3981 1485 4003 ,
1511 3941 1595 3994 ὅτι
1631 3941 1731 4011 τῆς
1773 3942 2050 4012 πανταχοῦ

460 4030 563 4101 γῆς
580 4030 697 4082 ἔστι
721 4026 1016 4095 Δεσπότης.
1034 4020 1327 4080 Καίείπεν
1354 4022 1563 4079 Ἰακώϐ
1578 4041 1592 4055 ’
1620 4022 1775 4078 Ἰδοὺ
1794 4025 1832 4093 ἡ
1850 4022 2049 4091 στήλη

446 4113 613 4179 ,αὕτη
640 4108 951 4180 μαρτυρεῖ.
979 4103 1125 4166 Εἶτα
1148 4107 1336 4163 πάλιν
1361 4109 1393 4161 ό
1421 4107 1624 4161 Λάϐαν
1643 4107 1868 4175 φησίνο
1909 4105 2054 4161 Ἐάν

463 4208 528 4245 τε
556 4195 667 4261 γὰρ
695 4188 812 4258 ἐγὼ
829 4187 917 4257 μὴ
963 4186 1145 4241 διαϐῶ
1185 4185 1337 4255 πρὸς
1374 4184 1472 4246 σὲ,
1512 4183 1667 4254 μήτε
1713 4183 1796 4239 σὺ
1841 4183 2052 4252 διαϐῇς

462 4273 613 4342 πρὸς
662 4273 768 4342 ἐμὲ
810 4270 917 4324 τὸν
958 4268 1197 4334 ,βουνὸν
1243 4268 1463 4323 τοῦτοι⁴
1501 4266 1597 4320 καί
1650 4265 1765 4334 τὴν
1810 4267 2053 4336 στήλην

462 4359 689 4425 ταύτην
730 4352 828 4409 ἐπὶ
871 4353 1070 4419 κακίᾳ,
1105 4355 1138 4406 ό
1186 4350 1334 4415 Θεὸς
1388 4350 1665 4418 Ἀϐραὰμ,
1705 4350 1803 4404 καί
1834 4352 1868 4404 ό
1906 4350 2052 4416 Θεὸς

450 4441 677 4512 ,Ναχὼρ
705 4439 899 4509 κρίνοι
923 4436 1042 4493 ἀνὰ
1062 4435 1261 4507 μέσον
1288 4431 1477 4503 ήμῶν.
1501 4434 1610 4487 Θέα
1643 4432 1762 4496 πῶς
1792 4434 1930 4504 μετά
1955 4435 2049 4488 τοῦ

464 4526 671 4598 πατρὸς
702 4522 912 4578 καὶτὸν
943 4522 1169 4576 πάππον
1192 4519 1283 4574 τὸν
1314 4517 1511 4572 ἑαυτοῦ
1545 4517 1801 4589 συνῆψεν,
1822 4518 2051 4587 ἀδελφὸν

466 4610 564 4679 μὲν
594 4607 689 4663 τοῦ
719 4606 1059 4679 πατριάρχου
1092 4603 1451 4674 τυγχάνοντα,
1489 4601 1684 4656 ἑαυτοῦ
1713 4601 1770 4655 δὲ
1804 4602 2045 4656 πάππον.

474 4691 539 4742 ἐ)
573 4690 717 4756 Θεὸς
764 4689 1040 4758 Ἀϐραὰμ,
1069 4687 1169 4742 καὶ
1210 4690 1244 4742 ό
1269 4688 1417 4753 Θεὸς
1462 4686 1678 4755 Ναχὼρ
1709 4684 1901 4752 κρίνοι
1932 4684 2050 4740 ἀνὰ

463 4772 658 4842 μέσον
683 4771 871 4841 ἡμῶν.
894 4772 1002 4827 Καὶ
1032 4769 1270 4840 ὤμοσεν
1301 4768 1515 4824 Ἰακὼϐ
1538 4766 1690 4823 κατὰ
1724 4767 1832 4823 τοῦ
1858 4769 2048 4837 φόϐου

467 4855 575 4911 τοῦ
603 4854 827 4922 πατρὸς
855 4855 1040 4909 αὐτοῦ
1065 4853 1282 4914 Ἰσαὰκ.
1304 4851 1455 4925 [561]
1488 4853 1585 4907 καὶ
1610 4853 1795 4907 ἔθυσε
1827 4852 2050 4907 θυσίαν

463 4940 538 4994 ἐν
575 4937 659 5003 τῷ
701 4936 854 5005 ὄρει,
905 4936 1003 4989 καί
1037 4934 1298 4990 ἐκάλεσε
1334 4934 1480 4999 τοὺς
1505 4932 1810 5003 ἀδελφοὺς
1835 4934 2046 4998 αὐτοῦ,

466 5021 566 5077 καὶ
613 5019 843 5089 ἔφαγον
884 5017 982 5072 καί
1021 5017 1223 5082 ἔπιον,
1280 5016 1379 5071 καὶ
1418 5016 1830 5087 ἐκοιμήθησαν
1861 5016 1932 5070 ἐν
1968 5016 2049 5082 τῷ

463 5105 610 5173 ὄρει.
630 5105 851 5159 Ἔθυσε
872 5100 1095 5156 θυσίαν
1113 5099 1185 5152 ἐν
1203 5097 1281 5164 τῷ
1304 5098 1424 5166 ὄρει
1442 5115 1456 5129 ·
1476 5097 1779 5171 ηὐχαρίστη
1788 5115 1868 5163 σε,
1891 5100 2045 5169 φησὶ,

454 5187 546 5258 τῷ
577 5184 697 5256 Θεῷ
726 5184 820 5238 ἐπὶ
851 5185 965 5247 τοῖς
990 5182 1271 5257 γεγονόσι·
1306 5180 1416 5236 Kal
1442 5181 1689 5251 ἔφαγον,
1721 5182 1821 5235 καὶ
1852 5181 2046 5249 ἔπιον,

464 5270 567 5324 καί
588 5267 1001 5338 ἐκοιμήθησαν
1033 5266 1104 5320 ἐν
1133 5263 1215 5332 τῷ
1245 5264 1387 5333 ὄρει.
1430 5263 1723 5329 Ἀναστὰς
1755 5263 1823 5317 δὲ
1847 5263 2051 5318 Λάϐαν

452 5352 549 5418 τῷ
588 5353 739 5421 πρωῒ
759 5351 1142 5421 ,κατεφίλησε
1181 5347 1326 5415 τοὺς
1365 5346 1537 5413 υίοὺς
1569 5347 1776 5411 αὐτοῦ,
1809 5346 1907 5401 καί
1940 5346 2049 5415 τὰς

456 5437 795 5507 θυγατέρας
839 5434 1058 5500 αὐτοῦ,
1108 5432 1209 5487 καί
1256 5431 1597 5500 εὐλόγησεν
1650 5431 1892 5497 αὐτούς.
1937 5430 2047 5485 Kal

455 5517 878 5586 ἀποστραφεὶς
914 5517 1117 5572 Λάϐαν
1151 5514 1430 5585 ἀπῆλθεν
1464 5516 1554 5581 είς
1587 5513 1694 5568 τὸν
1725 5509 1895 5568 οἷκον
1937 5514 2046 5568 αὐ-

460 5601 595 5655 τοῦ.
639 5596 812 5665 Εἶδες,
842 5601 1114 5671 ἀγαπητὲ,
1152 5600 1292 5670 πόση
1322 5595 1415 5652 τοῦ
1446 5596 1583 5651 Θεοῦ
1628 5599 1664 5669 ή
1694 5596 1875 5667 σοφία,
1899 5597 2048 5659 ὅπως

460 5685 612 5738 κατὰ
635 5685 830 5738 ταύτδν
867 5684 961 5737 καὶ
988 5684 1085 5752 τὴν
1136 5683 1263 5752 περὶ
1295 5682 1387 5737 τὸν
1427 5683 1630 5737 δίκαιον
1666 5681 1921 5755 πρόνοιαν
1951 5681 2049 5734 ἐπ-

537 5801 562 5829 α
584 5799 816 5851 Sicbene
841 5801 983 5851 Coisl.
1010 5798 1257 5851 Edcbalur
1277 5800 1483 5861 γένηται.
1513 5801 1640 5852 Enn.

1150 335 1206 392 S.
1240 334 1525 392 JOANNIS
1556 334 2052 394 CHRYSOSTOMI
2087 332 2406 394 ARCIIIEP.
2445 332 2997 395 CONSTANTINOP.

2168 454 2427 522 εδείξατο,
2453 453 2703 508 κάκεῖνον
2735 454 3008 525 ἀπέστησε
3032 451 3130 523 τῆς
3155 453 3275 506 κατ’
3308 452 3476 507 αὐτοῦ
3514 454 3751 520 ἀδικίας.

2170 538 2263 590 καὶ
2283 538 2352 592 δι’
2373 532 2450 592 ὧν
2474 538 2625 610 αὐτῷ
2648 536 2999 609 παρεγγύησε
3025 536 3101 608 μὴ
3123 535 3352 606 λαλῆσαι
3371 538 3589 609 πονηρά
3615 543 3758 595 κατά

2168 617 2262 671 τοῦ
2293 616 2510 683 Ἰακὼϐ,
2533 619 2612 682 είς
2638 619 2735 689 τὴν
2760 620 2860 687 τῆς
2889 617 3216 685 θεογνωσίας
3236 615 3355 671 ὁδὸν
3377 617 3524 671 κατά
3559 619 3758 693 μικρὸν

2169 700 2331 754 αὑτὸν
2352 703 2610 771 ἐνήγαγε,
2629 701 2725 754 καὶ
2747 702 2776 755 6
2806 698 3059 771 καθάπερ
3089 699 3275 771 θηρίον
3298 699 3632 772 ἐπιτρέχων,
3664 706 3759 758 καὶ

2170 784 2372 852 φθάσαι
2406 784 2729 855 βουλόμενος
2754 784 2850 838 καὶ
2882 782 3110 847 ἀνελεῖν,
3141 782 3634 853 ἀπολογησάμενος
3664 789 3759 841 καὶ

2169 866 2545 940 καταφιλήσας
2575 868 2671 922 καὶ
2706 867 2805 932 τὰς
2836 866 3142 937 θυγατέρας
3181 865 3277 920 καὶ
3303 867 3433 931 τοὺς
3466 868 3621 932 υίοὺς
3657 869 3757 922 αύοα

2166 951 2294 1017 τῶν,
2320 952 2495 1016 οὓτως
2519 952 2703 1006 οίκαδε
2728 951 3036 1022 ὑπέστρεψε
3059 967 3075 1018 ;
3100 949 3254 1019 Τάχα
3279 951 3361 1013 είς
3407 950 3546 1003 πολὺ
3581 951 3756 1022 μῆκος

2166 1040 2258 1094 τὸν
2291 1040 2449 1110 λόγον
2491 1039 2868 1110 ἐξετείναμεν,
2913 1038 3051 1093 ἀλλά
3099 1039 3197 1109 τῆς
3241 1038 3485 1110 ἱστορίας
3529 1041 3612 1103 είς
3657 1040 3754 1111 τήν

2166 1125 2412 1195 ἀνάγκην
2436 1126 2585 1195 ἡμᾶς
2611 1124 2816 1195 ταύτην
2840 1122 3287 1193 καταστησάσης.

2237 1209 2438 1281 Διόπερ
2459 1208 2691 1262 ἐνταῦθα
2716 1209 3014 1279 στήσαντες
3039 1206 3130 1260 τὸν
3161 1205 3339 1275 λόγον,
3375 1206 3556 1261 έκεῖνο
3578 1224 3753 1279 παρα-

2168 1293 2485 1365 καλέσωμεν
2511 1292 2540 1344 ύ
2548 1291 2665 1364 μῶν
2682 1291 2782 1363 τὴν
2807 1292 3051 1361 ἀγάπην,
3072 1289 3214 1345 ὥστε
3247 1290 3430 1345 πάντα
3460 1293 3637 1344 ποιεῖν
3662 1293 3750 1346 καὶ

2165 1375 2648 1449 πραγματεύεσθαι
2666 1416 2680 1439 ,
2716 1375 2804 1428 ἴνα
2831 1373 2931 1446 τὴν
2959 1372 3165 1429 ἀνωθεν
3203 1371 3415 1426 εὔνοιαν
3440 1372 3752 1427 ἐπισπασῶ-

2169 1459 2329 1530 μεθα.
2364 1458 2489 1514 Ἐὰν
2522 1458 2631 1530 γὰρ
2664 1458 2869 1511 ἐκεῖνον
2910 1457 3122 1528 ἔχοιμεν
3153 1455 3379 1527 εὐμενῆ,
3416 1455 3598 1510 πάντα
3624 1458 3752 1526 ἡμῖν

2167 1542 2326 1613 ῥᾴδια
2360 1542 2509 1596 ἔσται
2543 1542 2636 1596 καὶ
2659 1539 2876 1606 εὔκολα,
2906 1543 3001 1594 καὶ
3042 1539 3194 1592 οὐδὲν
3237 1540 3386 1611 ἡμᾶς
3432 1538 3547 1592 τῶν
3597 1541 3654 1593 ὲν
3677 1539 3751 1609 τῷ

2165 1626 2395 1697 παρόντι
2430 1624 2529 1698 βίῳ
2564 1624 2806 1696 λυπῆσαι
2846 1614 3158 1694 δυνήσεται,
3188 1620 3292 1674 κᾶν
3336 1619 3586 1691 λυπηρὸν
3618 1616 3752 1674 εἶναι

2163 1706 2318 1779 δοκῇ.
2347 1708 2595 1779 Τοσαύτη
2625 1708 2735 1779 γὰρ
2763 1706 2865 1777 τῆς
2894 1706 3060 1760 αὑτοῦ
3088 1703 3370 1775 δυνάμεως
3389 1705 3424 1775 ή
3451 1703 3751 1775 ὑπερϐολὴ,

2164 1791 2240 1855 ὡς
2271 1792 2365 1846 καὶ
2391 1791 2530 1845 αύτά
2559 1790 2629 1845 τά
2646 1788 2868 1862 λυπηρά
2899 1790 2980 1853 είς
3010 1789 3069 1842 τὸ
3098 1788 3338 1843 ἐναντίον
3375 1790 3749 1858 περιτρέπειν,

2163 1874 2293 1928 ὅταν
2341 1874 2619 1945 βούληται.
2661 1873 2817 1928 Οὕτω
2860 1873 2957 1929 καὶ
3006 1871 3216 1937 Παῦλος
3276 1872 3336 1924 ὲν
3389 1868 3638 1941 θλίψεσιν
3677 1868 3753 1923 ῶν

2165 1957 2349 2030 ἔχαιρε
2387 1958 2482 2013 καὶ
2518 1959 2786 2028 ἠγάλλετο
2813 1959 2881 2029 τῇ
2917 1955 3215 2029 προσδοκίᾳ
3233 1954 3341 2008 τῶν
3369 1952 3748 2024 ἀποκειμένων

2165 2041 2408 2112 ἀμοιϐῶν
2428 2042 2815 2114 πτερούμενος.
2842 2041 2942 2096 Διά
2970 2038 3127 2094 τοῦτο
3150 2038 3242 2093 καὶ
3267 2039 3297 2093 6
3319 2037 3614 2110 Προφήτης
3639 2037 3748 2091 ελε-

2164 2126 2402 2195 γεν,Ἓν
2419 2128 2619 2196 θλίψει
2643 2123 2990 2191 ἐπλάτυνάς
3010 2141 3134 2194 μοι,
3164 2121 3432 2176 διδάσκων
3461 2122 3636 2193 ἡμᾶς,
3669 2123 3748 2176 δτι

2166 2211 2224 2262 ὲν
2259 2211 2396 2281 αὐτῇ
2447 2213 2513 2282 τῇ
2557 2210 2732 2281 θλίψει
2772 2209 3113 2281 τυγχάνοντα
3153 2205 3337 2268 ἀδείας
3374 2204 3470 2259 καὶ
3513 2203 3747 2267 ἀνέσεως

2165 2293 2327 2347 αὑτὸν
2354 2292 2645 2350 ἀπολαύειν
2677 2290 3087 2363 παρεσκεύαζεν
3114 2292 3144 2343 6
3169 2288 3324 2352 Θεός.
3360 2286 3619 2342 Τοιοῦτον
3646 2288 3747 2341 τοί-

2165 2393 2260 2430 νυν
2287 2375 2500 2446 ἕχοντες
2522 2376 2819 2447 Δεσπότην,
2849 2373 2993 2428 οὕτω
3018 2372 3263 2438 δυνατὸν,
3297 2370 3474 2435 οὕτως
3505 2372 3744 2441 εὐμήχα-

2163 2476 2253 2513 νον
2296 2461 2390 2513 καὶ
2427 2459 2609 2530 σοφὸν,
2650 2458 2795 2513 οὕτω
2837 2456 3236 2529 φιλάνθρωπον,
3284 2454 3353 2508 τά
3381 2454 3510 2525 παρ’
3541 2454 3745 2508 ἑαυτῶν

2163 2544 2528 2616 είσφέρωμεν,
2560 2544 2652 2597 καὶ
2683 2544 2783 2615 τῆς
2811 2542 3013 2614 ἀρετῆς
3047 2540 3215 2595 πολὺν
3246 2539 3529 2611 ποιιίιμεθα
3573 2538 3743 2606 λόγον,

2164 2629 2254 2683 ίνα
2292 2629 2388 2683 καὶ
2418 2627 2528 2682 τῶν
2560 2626 2794 2682 ἐνταῦθα
2814 2627 2908 2705 καί.
2924 2627 3036 2681 τῶν
3071 2626 3373 2697 μελλόντων
3402 2622 3745 2694 ὲπιτύχωμεν

2163 2713 2404 2781 ἀγαθῶν,
2441 2712 2623 2783 χάριτι
2664 2713 2760 2765 καὶ
2801 2709 3182 2783 φιλανθρωπίᾳ
3215 2708 3311 2763 τοῦ
3345 2708 3554 2779 Κυρίου
3593 2707 3746 2778 ήμῶν

2175 2796 2350 2867 Ἰησοῦ
2385 2794 2655 2869 Χριστοῦ,
2709 2796 2829 2866 μεθ’
2861 2790 2924 2851 οὗ
2969 2794 3047 2866 τῷ
3086 2794 3260 2866 Πατρὶ
3310 2795 3345 2863 ἠ
3388 2791 3518 2858 δόξα
3563 2793 3660 2844 καὶ
3688 2790 3746 2843 τὸ

2164 2880 2383 2951 κράτος.
2412 2880 2530 2950 άμα
2565 2878 2644 2951 τῷ
2670 2879 2811 2951 ἁγίῳ
2843 2878 3139 2949 Πνεύματι,
3162 2877 3260 2931 νῦν
3288 2877 3383 2931 καὶ
3408 2875 3518 2941 ἀεὶ,
3546 2876 3642 2928 καὶ
3671 2876 3743 2938 είς

2164 2962 2290 3026 τοὺς
2311 2961 2514 3027 αίῶνας
2534 2962 2639 3018 τῶν
2665 2960 2897 3016 αἰώνων.
2933 2961 3128 3034 Ἀμήν.

2747 3148 2992 3208 ΟΜῘΛΙΛ
3028 3154 3160 3209 NH'.

2166 3320 2270 3375 Kal
2328 3320 2707 3391 ἀναϐλέψας
2742 3323 2941 3376 Ἰακὼϐ
2984 3318 3107 3376 εἶδε
3155 3322 3545 3391 παρεμϐολὴν
3602 3324 3747 3376 Θεοῦ

2232 3390 2792 3461 παρεμϐεϐληκυῖαν
2816 3432 2831 3457 ,
2885 3392 2985 3461 καί
3031 3390 3436 3459 συνήντησαν
3486 3390 3651 3461 αὐτῷ
3695 3395 3748 3447 οί

2232 3457 2474 3531 ἄγγελοι
2513 3461 2613 3517 τοῦ
2654 3462 2822 3516 Θεοῦ.
2853 3457 3001 3515 Εἶπε
3032 3462 3102 3516 δὲ
3130 3457 3345 3524 Ἰακὼϐ.
3372 3464 3556 3531 ήνίκα
3589 3459 3749 3518 εἶδεν

2232 3534 2488 3597 αὐτούς·
2535 3531 2887 3601 Παρεμϐολὴ
2920 3532 3070 3586 Θεοῦ
3108 3533 3260 3599 αὕτη
3281 3549 3297 3563 ο
3347 3533 3445 3585 καί
3490 3533 3747 3588 ἐκάλεσε

2233 3601 2301 3655 τὸ
2329 3602 2517 3671 ὄνομα
2540 3602 2647 3658 τοῦ
2667 3604 2854 3657 τόπου
2883 3602 3144 3671 ἐκείνου,
3173 3604 3568 3674 Παρεμϐολαί.

2231 3780 2302 3835 α’.
2325 3777 2455 3834 Οἶδα
2475 3778 2557 3833 ὅτι
2580 3781 2896 3851 κεκμήκατε
2913 3779 3059 3851 χθὲς,
3078 3780 3160 3845 είς
3180 3780 3316 3835 πολὺ
3342 3782 3518 3853 μῆκσς
3540 3783 3641 3839 τοῦ
3667 3784 3748 3838 λό-

2161 3880 2259 3931 γου
2293 3862 2645 3936 προελθόντος
2687 3865 2849 3934 ἡμῖν’
2892 3862 3028 3918 ἀλλά
3061 3865 3156 3919 καὶ
3194 3864 3479 3937 θαρσεῖτε·
3508 3867 3539 3920 6
3580 3868 3747 3929 κόπος

2162 3946 2316 4017 ὑμῶν
2340 3947 2444 4000 οὐκ
2460 3946 2574 4001 ἔστι
2591 3946 2766 4011 κενός⁶
2792 3947 2849 3999 ὲν
2868 3947 3058 4019 Κυρίῳ
3076 3948 3186 4018 γάρ
3213 3950 3330 4002 ἐστι
3349 3949 3660 4021 γινόμενος,
3681 3951 3748 4004 δι’

2159 4031 2219 4084 ὃν
2251 4029 2346 4083 καὶ
2366 4030 2549 4101 ὁπρδς
2583 4030 2757 4101 βραχὺ
2789 4030 2952 4093 πόνος
2973 4030 3225 4101 μεγάλων
3254 4030 3461 4101 μισθῶν
3487 4032 3748 4103 πρόξενος

2160 4113 2388 4181 γίνεται.
2418 4112 2480 4166 El
2508 4112 2615 4185 γάρ
2645 4113 2740 4166 καὶ
2770 4112 2831 4166 τὸ
2860 4111 3021 4184 σῶμα
3049 4113 3347 4184 κέκμηκεν,
3383 4113 3501 4169 ἀλλ’
3533 4116 3567 4187 ἡ
3599 4116 3746 4187 ψυχὴ

2161 4196 2323 4249 πλέον
2352 4194 2677 4269 ὲρῤὠννυτο.
2714 4194 2805 4248 Διὸ
2833 4195 2926 4249 καὶ
2978 4195 3141 4259 αὐτὸς
3182 4196 3327 4267 δρῶν
3370 4198 3527 4269 ὑμῶν
3557 4199 3746 4271 ἀκμά-

2160 4280 2322 4345 ζοντα
2358 4279 2450 4333 τὸν
2484 4279 2668 4343 πόθον,
2707 4280 2803 4333 καὶ
2833 4280 2932 4350 τὴν
2958 4280 3255 4350 ἐπιθυμίαν
3286 4280 3744 4354 διεγηγερμένην.

2162 4363 2483 4435 βουλόμενος
2512 4362 2790 4416 συστεῖλαι
2820 4362 2919 4433 τὴν
2949 4362 3331 4430 διδασκαλίαν,
3377 4365 3480 4418 οὐκ
3511 4366 3746 4440 ἠϐουλή-

2159 4447 2259 4516 θην
2484 4445 2592 4516 πρὸ
2618 4445 2713 4499 τοῦ
2748 4445 2933 4509 τέλους
2991 4448 3070 4509 είς
3106 4446 3262 4518 σιγὴν
3301 4446 3609 4503 καταλῦσαι
3655 4451 3747 4505 τὸν

2158 4530 2340 4599 λόγον,
2390 4529 2548 4594 εἰδὼς
2578 4530 2655 4593 ῶς
2681 4528 2856 4603 ταύτῃ
2898 4528 3100 4598 μᾶλλον
3142 4531 3271 4600 ὑμῖν
3315 4530 3639 4602 χαριοῦμαι.
3677 4532 3749 4587 τὸ

2158 4614 2268 4686 γὰρ
2324 4613 2529 4685 πλῆθος
2583 4613 2694 4667 τῶν
2735 4614 3043 4685 εἰρημένων
3086 4613 3324 4685 μάλιστα
3379 4616 3595 4671 ἐδείκνυ
3647 4618 3744 4689 τῆς

2161 4696 2434 4768 ὑμετέρας
2459 4696 2745 4766 φιληκοΐας
2772 4697 2872 4766 τὴν
2899 4697 3100 4769 πολλὴν
3127 4698 3363 4771 σπουδὴν
3384 4701 3483 4755 καὶ
3502 4701 3599 4756 τὸν
3621 4702 3745 4757 ἀκό-

2162 4798 2353 4855 ρεστον
2397 4780 2595 4835 πόθονο
2629 4781 2719 4836 διὰ
2766 4780 2924 4835 τοῦτο
2968 4782 3064 4837 καὶ
3096 4781 3260 4846 αὐτὸς
3306 4784 3448 4852 μετά
3497 4783 3745 4849 πλείονος

2160 4865 2468 4937 προθυμίας
2487 4864 2585 4934 τῆς
2613 4863 2750 4937 πρὸς
2773 4866 2920 4935 ὑμᾶς
2944 4864 3188 4936 ἅπτομαι
3209 4866 3582 4932 διδασκαλίας,
3602 4870 3745 4940 ὁρῶν

2160 4948 2314 5019 ὑμῶν
2335 4947 2457 5003 καθ’
2483 4948 2724 5020 ἑκάστην
2744 4947 2957 5020 ἡμέραν
2978 4949 3080 5019 τὴν
3105 4947 3284 5021 ὄρεξιν
3306 4950 3741 5025 ἐπιτεινομένην.

2157 5034 2295 5105 Φέρε
2328 5029 2425 5087 οὖν
2458 5032 2554 5087 καὶ
2586 5033 2825 5105 σήμερον
2856 5031 2928 5086 τά
2963 5032 3093 5103 ἑξῆς
3128 5032 3240 5087 τῶν
3273 5032 3400 5104 χθὲς
3438 5035 3744 5105 εἰρημένων

2158 5117 2302 5173 κατά
2326 5116 2555 5189 δύναμιν
2581 5115 3031 5187 ἐπελθόντες,τὴν
3064 5115 3270 5188 συνήθη
3294 5116 3544 5170 ἑστίασιν
3569 5134 3746 5190 παρα·

2159 5201 2342 5273 θῶμεν
2373 5199 2530 5271 ὑμῶν
2567 5202 2636 5272 τῇ
2676 5198 2900 5274 ἀγάπῃ,
2935 5199 3032 5254 καὶ
3077 5199 3307 5270 ἴδωμεν,
3346 5199 3485 5270 μετά
3516 5199 3620 5272 τὴν
3654 5199 3742 5255 τοῦ

2158 5286 2344 5341 Λάϐαν
2397 5283 2746 5357 ἀναχώρησιν
2790 5286 2939 5349 ὅπως
2983 5288 3011 5338 6
3051 5284 3255 5347 δίκαιος
3299 5284 3402 5356 τῆς
3438 5285 3743 5359 ὁδοιπορίας

2158 5373 2410 5426 ἅπτεται.
2447 5369 2613 5424 Οὐδὲν
2653 5370 2763 5442 γὰρ
2810 5371 2980 5442 ἀργὸν
3011 5369 3121 5423 τῶν
3165 5371 3224 5424 ὲν
3263 5372 3332 5441 τῇ
3383 5370 3505 5441 θείᾳ
3553 5370 3739 5441 Γραφῇ

2159 5454 2429 5525 κειμένων
2456 5454 2625 5519 ἐστὶν,
2659 5453 2798 5509 άλλά
2826 5455 3006 5508 πάντα
3033 5456 3102 5507 τά
3133 5452 3238 5506 ὑπὸ
3268 5451 3380 5506 τῶν
3406 5452 3632 5506 δικαίων
3661 5469 3740 5520 γι-

2157 5539 2358 5610 νόμενα
2396 5536 2662 5608 μεγίστης
2697 5538 2858 5609 γέμει
2891 5540 2994 5610 τῆς
3033 5536 3322 5608 ὠφελείας.
3378 5538 3600 5608 Ἐπειδὴ
3635 5538 3738 5606 γάρ

2157 5624 2248 5677 τὸν
2274 5621 2385 5675 τῶν
2413 5620 2550 5674 ὅλων
2587 5623 2863 5692 Δεσπότην
2899 5616 3046 5692 εἶχον
3078 5619 3343 5693 διηνεκῶς
3384 5621 3572 5684 αὐτοῖς
3599 5637 3735 5689 συμ-

2159 5704 2423 5776 παρόντα,
2458 5703 2704 5767 καὶτοὺς
2734 5704 2873 5758 κατά
2909 5706 3009 5774 τὴν
3038 5704 3350 5774 ὁδοιπορίαν
3384 5705 3582 5768 πόνους
3623 5706 3733 5757 ἑπι-

2160 5786 2506 5857 κουφίξοντα,
2530 5786 2730 5860 πολλὴν
2762 5789 2855 5843 καὶ
2893 5789 3001 5843 ἀπὸ
3043 5789 3141 5860 τῆς
3170 5788 3337 5860 ψιλῆς
3377 5789 3558 5845 αὐτῶν
3601 5788 3731 5844 ὁδοιο
