3974 6444
312 387 420 445 505

313 508 473 572 vides,
529 519 644 558 mea
689 511 826 570 sunt,
875 512 921 557 et
963 502 1187 570 ﬁliarum
1221 518 1447 555 mearum
1476 518 1493 556 :
1522 502 1642 571 quid
1691 504 1906 572 facerem

313 600 421 654 illis
445 598 618 664 hodie,
654 599 732 652 vel
747 596 915 668 pueris
938 598 1022 666 qui
1051 595 1111 649 ob
1132 595 1204 649 eis
1224 606 1337 649 sunt
1365 596 1471 648 nati
1493 596 1517 647 ἱ)
1543 595 1685 659 Scio,
1717 594 1905 662 inquit,

311 694 459 765 quod
492 693 615 747 filiae
636 706 771 745 mea:
800 698 943 756 sunt,
971 699 1024 744 et
1050 689 1228 743 omnia
1255 701 1603 758 quaecumque
1633 686 1815 750 babes,
1841 702 1907 741 ex

312 784 616 843 substantia
650 797 766 836 mea
796 788 1155 835 accesserunt.
1192 778 1329 843 Quid
1368 778 1524 848 igitur
1566 781 1783 849 {acerem
1806 777 1909 831 illis

315 879 487 943 hodie,
519 875 598 931 vel
625 875 796 946 pueris
815 874 908 950 gui
934 874 998 928 ab
1022 873 1094 929 eis
1122 872 1265 927 nati?
1290 872 1379 926 Η.
1413 869 1566 925 Nunc
1590 871 1745 942 igitur
1773 870 1903 936 ueni,

309 981 362 1024 et
393 971 624 1024 ineamus
651 967 818 1038 [trdus
843 982 935 1036 ego
964 974 1011 1020 et
1039 974 1115 1033 tu,
1142 973 1189 1018 et
1215 964 1309 1018 erit
1337 963 1388 1017 in
1418 962 1751 1017 testimonium
1776 964 1907 1016 inter

310 1078 394 1115 me
422 1070 471 1115 et
511 1068 576 1113 te.
604 1058 787 1123 Pacta,
811 1056 1003 1127 inquit,
1034 1056 1309 1123 faciamus,
1344 1054 1411 1109 Et
1431 1065 1574 1109 erunt
1602 1055 1655 1108 in
1684 1055 1905 1109 testimo-

310 1153 456 1205 nium
484 1151 616 1205 inter
647 1166 728 1204 me
755 1157 801 1204 et
830 1158 877 1202 te
907 1163 926 1202 :
953 1148 1004 1203 in
1019 1147 1273 1218 judicium
1295 1154 1349 1201 et
1371 1146 1902 1202 demonstrationem.

311 1242 461 1297 Dixit
488 1250 666 1295 autem
694 1241 792 1295 ei:
836 1239 891 1294 Si
930 1239 1049 1310 quis
1095 1236 1395 1308 transgredi
1423 1237 1762 1293 attentavcrit
1786 1253 1905 1307 qua:

309 1350 457 1388 nuttc
487 1348 518 1387 a
545 1332 699 1387 nobis
723 1340 848 1387 sunt
872 1331 1143 1402 proposita
1187 1348 1200 1386 :
1248 1330 1380 1386 Ecce
1421 1330 1594 1385 nullus
1620 1330 1901 1398 nobiscum,

310 1423 454 1479 Deus
479 1433 649 1477 autem
674 1424 812 1478 testis
837 1426 968 1477 inter
994 1438 1074 1476 me
1097 1431 1142 1477 et
1173 1432 1238 1477 te.

383 1515 439 1571 8.
481 1513 775 1569 Considera
818 1511 1086 1583 quomodo
1131 1511 1383 1581 paulatim
1422 1520 1475 1566 et
1501 1510 1681 1566 Laban
1710 1511 1776 1565 ad
1807 1526 1902 1566 co-

307 1608 607 1680 gnitionem
655 1606 752 1660 Dei
794 1604 1025 1660 ducitur.
1082 1603 1214 1659 Nam
1245 1605 1333 1673 qui
1360 1613 1481 1658 ante
1512 1602 1614 1658 hoc
1648 1604 1904 1673 arguebat

307 1703 508 1772 justum
540 1702 607 1756 de
638 1702 778 1756 furto
806 1700 1030 1756 deorum
1060 1716 1301 1765 suorum,
1351 1710 1405 1756 ct
1438 1708 1638 1754 tantam
1687 1708 1903 1769 propter

306 1811 404 1851 eos
431 1795 814 1850 scrutationem
853 1793 1100 1861 faciebat,
1152 1809 1292 1848 nunc
1324 1794 1530 1863 inquit:
1562 1792 1694 1860 Quia
1724 1792 1902 1846 nullus

307 1897 389 1943 est
436 1887 577 1943 inter
621 1902 740 1953 nos,
784 1887 874 1958 qui
904 1886 1091 1957 possit,
1146 1886 1189 1941 si
1236 1885 1362 1956 quid
1404 1884 1625 1956 posthac
1650 1892 1900 1938 novatum

308 1979 489 2044 fuerit,
531 1978 684 2033 testis
709 1992 831 2032 esse
855 1976 1075 2034 hederis
1103 1978 1293 2043 nostri,
1328 1976 1468 2032 Deus
1494 1976 1645 2033 testis
1668 1976 1736 2031 sit
1764 1975 1902 2029 inter

307 2087 395 2128 me
424 2080 480 2127 et
525 2081 594 2125 te.
644 2071 761 2139 llle,
778 2070 969 2141 inquit,
1006 2070 1178 2137 adest,
1205 2070 1294 2141 qui
1325 2069 1501 2123 omnia
1530 2068 1696 2136 videt,
1742 2082 1898 2137 quem

308 2165 442 2219 nihil
469 2167 639 2221 latere
667 2174 863 2237 potest,
907 2166 997 2235 qui
1027 2164 1440 2234 uniuscujusque
1466 2172 1699 2218 mentem
1735 2176 1898 2231 agno-

306 2259 429 2313 scit.
456 2258 545 2313 45.
597 2257 816 2313 Sumens
857 2266 1045 2325 autem,
1096 2257 1287 2326 inquit,
1332 2254 1494 2310 Iacob
1521 2255 1676 2310 erexit
1703 2255 1898 2308 colum-

307 2367 447 2414 nam,
472 2359 544 2403 et
582 2350 697 2420 fecit
724 2350 903 2404 collem
927 2350 963 2415 ί,
996 2357 1043 2403 et
1068 2347 1391 2402 comederunt
1411 2362 1560 2417 super
1577 2346 1775 2400 collem.
1810 2345 1898 2398 47.

307 2440 377 2494 Et
419 2441 551 2494 dixit
596 2441 640 2494 ei
680 2439 859 2495 Laban
905 2456 922 2494 :
969 2440 1124 2495 Collis
1153 2439 1232 2493 hic
1262 2447 1473 2492 testatur
1505 2438 1635 2491 inter
1658 2452 1738 2490 me
1761 2448 1805 2489 et
1833 2446 1899 2490 te.

306 2531 447 2598 Quid
477 2540 577 2598 est,
617 2531 775 2587 Collis
800 2531 925 2585 hic?
976 2530 1032 2585 Id
1058 2539 1162 2596 est,
1212 2528 1385 2584 Verba
1417 2543 1536 2597 qua:
1562 2528 1693 2581 fiunt
1718 2526 1769 2580 iu
1802 2525 1904 2580 hoc

304 2625 446 2680 colle
468 2624 724 2678 memoria
752 2632 1004 2692 perpetua
1034 2621 1187 2676 nobis
1217 2628 1390 2675 erunt.
1422 2618 1483 2671 Et
1506 2618 1697 2671 vocavit
1723 2633 1903 2670 nomen

308 2718 425 2783 eius
455 2716 572 2781 loci,
607 2717 765 2772 Collis
797 2715 1088 2768 testimonii.
1137 2711 1335 2767 Deinde
1361 2710 1531 2780 inquit
1564 2728 1577 2763 :
1610 2710 1699 2765 49.
1753 2708 1902 2777 Aspi-

306 2815 407 2869 ciat
445 2812 585 2867 Deus
626 2813 758 2865 inter
789 2825 868 2862 me
902 2818 950 2863 et
982 2816 1048 2861 te.
1100 2805 1332 2862 Attende
1373 2803 1643 2875 quomodo
1692 2818 1902 2874 poenam

307 2907 503 2960 iterum
547 2917 575 2956 a
622 2902 732 2956 Deo
772 2900 1091 2969 deprecatur
1134 2897 1335 2953 Laban.
1391 2897 1655 2965 Aspiciat,
1713 2894 1901 2964 inquit,

308 2997 451 3050 Deus
475 2995 605 3049 inter
616 3009 697 3047 me
722 3004 767 3048 et
787 2994 918 3047 inter
941 3001 1010 3057 te,
1033 2991 1153 3061 quia
1174 2990 1461 3045 secedemus
1488 2989 1615 3043 alter
1637 2987 1697 3040 ab
1719 2987 1899 3043 altero.

308 3088 483 3152 Nunc,
519 3088 709 3156 inquit,
760 3084 1150 3155 separabimur,
1181 3090 1236 3137 et
1262 3092 1314 3137 tu
1347 3081 1559 3151 quidem
1586 3080 1686 3137 ibis
1709 3082 1758 3134 in
1793 3089 1902 3134 ter-

309 3194 424 3232 ram
445 3178 732 3248 propriam,
754 3190 853 3248 ego
877 3183 1053 3230 autem
1081 3173 1264 3229 redibo
1287 3173 1338 3227 in
1359 3171 1574 3227 domum
1598 3186 1793 3225 meam.
1813 3170 1902 3225 50.

308 3270 371 3327 Si
399 3268 743 3323 Itumiliaveris
771 3268 905 3337 ﬁlias
931 3282 1089 3332 meas,
1119 3266 1163 3320 si
1188 3264 1439 3332 acceperis
1468 3278 1648 3316 uxores
1671 3262 1738 3313 ad
1770 3261 1905 3328 filias

310 3379 468 3426 meas,
521 3361 650 3424 vide,
698 3361 870 3417 nullus
914 3358 1177 3413 nobiscum
1226 3367 1299 3411 est
1350 3356 1437 3427 qui
1492 3355 1693 3420 videat;
1766 3352 1903 3409 Deus

310 3456 470 3511 testis.
517 3452 809 3510 Considera
858 3450 1128 3521 quomodo
1181 3448 1347 3504 semel
1396 3457 1449 3502 et
1502 3446 1695 3501 iterum
1743 3453 1904 3514 atque

310 3547 511 3615 saepius
564 3544 733 3599 Deum
787 3544 838 3597 in
890 3550 1080 3598 testem
1124 3548 1298 3595 vocat.
1351 3538 1485 3605 Quia
1538 3535 1898 3607 providentia,

310 3653 473 3709 quam
531 3643 786 3705 expertus
854 3641 969 3689 erat
1030 3630 1235 3697 Jacob,
1303 3629 1482 3685 docuit
1543 3644 1665 3683 eum
1732 3642 1901 3697 quan-

312 3738 363 3783 ta
405 3735 552 3782 esset
575 3726 784 3779 Domini
812 3722 1076 3793 potentia,
1106 3731 1161 3778 et
1187 3720 1327 3791 quod
1356 3718 1681 3789 impossibile
1710 3720 1781 3773 sit
1807 3716 1907 3770 ali-

312 3822 438 3893 quid
473 3821 741 3876 occultum
778 3832 898 3874 esse
925 3817 1080 3872 oculo
1106 3816 1195 3886 qui
1222 3814 1511 3869 dormitare
1537 3811 1738 3881 nequit.
1769 3809 1903 3863 Pro—

313 3922 499 3982 pterea
548 3909 715 3980 inquit
758 3926 772 3962 :
823 3906 1046 3962 Etiamsi
1089 3918 1429 3973 separemur,
1471 3901 1678 3957 etiamsi
1724 3898 1905 3952 nullus

312 4003 451 4057 alius
479 4002 619 4056 adsit
646 4000 738 4071 qui
768 3998 1035 4055 testificari
1070 3996 1267 4067 possit,
1298 3996 1385 4050 ille
1415 3996 1564 4049 testis
1588 3992 1689 4048 erit
1711 3992 1905 4061 ubique

312 4109 555 4165 pra-scus
588 4113 602 4149 :
634 4109 730 4163 per
756 4092 961 4162 singula
986 4091 1145 4146 verba
1174 4089 1331 4143 docet
1360 4088 1531 4158 ipsum
1563 4086 1723 4141 totius
1749 4092 1906 4139 terra:

312 4202 437 4243 esse
484 4186 784 4241 Dominum.
833 4185 923 4239 51.
974 4183 1040 4236 Et
1083 4183 1211 4236 dixit
1250 4180 1411 4235 Jacob
1441 4196 1460 4234 :
1490 4179 1619 4233 Ecce
1653 4177 1797 4232 collis
1822 4176 1907 4229 ille

314 4289 548 4335 testatur.
589 4278 678 4334 52.
708 4277 903 4331 Deinde
930 4278 1111 4330 iterant
1141 4274 1315 4329 Laban
1341 4275 1499 4345 inquit
1527 4290 1545 4327 :
1577 4272 1639 4328 Si
1662 4272 1793 4325 enim
1817 4286 1907 4340 ego

313 4388 421 4425 non
462 4371 706 4424 transiero
748 4370 817 4424 ad
861 4380 942 4435 te,
988 4385 1145 4439 neque
1183 4379 1237 4421 tu
1274 4377 1500 4420 transeas
1526 4365 1593 4418 ad
1624 4380 1703 4417 me
1727 4363 1907 4417 callent

315 4462 453 4515 hunc
500 4467 545 4516 et
586 4461 871 4515 columnam
915 4460 1047 4512 hanc
1088 4460 1142 4513 in
1186 4458 1381 4510 malitia
1410 4474 1423 4510 :
1451 4456 1540 4510 55.
1582 4453 1722 4508 Deus
1743 4452 1907 4506 Abra-

315 4557 436 4608 ham
456 4594 471 4618 ,
501 4563 545 4607 et
577 4552 713 4606 Dens
746 4551 1163 4621 Nachorjudicet
1188 4551 1316 4603 inter
1336 4564 1445 4601 nos.
1482 4545 1612 4600 Vide
1641 4543 1910 4614 quomodo

312 4663 440 4701 cum
483 4656 633 4713 patre
676 4655 731 4700 et
769 4659 928 4697 avum
976 4656 1129 4696 suum
1170 4640 1473 4709 conjunxit,
1502 4637 1592 4708 qui
1620 4636 1784 4691 frater
1808 4634 1909 4689 fuit

315 4735 671 4807 patriarchai,
720 4735 887 4804 ipsius
926 4742 1104 4788 autem
1147 4748 1296 4785 avus.
1345 4730 1483 4786 Deus
1527 4728 1817 4792 Abraham,
1863 4734 1911 4779 et

315 4827 461 4883 Deus
508 4827 720 4881 Nae/tor
753 4827 948 4896 judicet
986 4826 1117 4879 inter
1156 4840 1269 4878 nos.
1298 4823 1385 4877 54.
1434 4820 1499 4874 Ει
1526 4821 1720 4891 jurauit
1746 4820 1907 4875 Jacob

316 4937 412 4992 per
446 4920 672 4973 timerent
702 4917 799 4972 Dei
827 4918 984 4987 patris
1002 4917 1081 4971 sui
1108 4914 1289 4981 Isaac,
1318 4924 1364 4967 et
1391 4912 1691 4981 sacriﬁcavit
1714 4907 1914 4980 sacriﬁ-

317 5013 458 5065 cium
482 5012 532 5063 in
565 5019 732 5063 monte
757 5025 776 5063 .°
806 5018 851 5062 et
876 5008 1066 5062 vocavit
1095 5010 1278 5078 fratres
1304 5022 1420 5061 suos
1452 5020 1470 5059 :
1498 5014 1545 5058 et
1564 5004 1908 5069 comederunt,

314 5114 366 5159 et
393 5104 622 5157 biberunt
642 5143 659 5170 ,
686 5112 733 5157 et
753 5102 1064 5157 dormierunt
1095 5103 1146 5155 in
1172 5111 1356 5155 monte.
1381 5099 1700 5167 Sacriﬁcavit
1718 5098 1914 5166 sacriﬁ-

317 5196 457 5248 cium
494 5194 547 5247 in
577 5203 745 5247 monte
772 5207 793 5246 :
826 5192 1051 5263 gratias,
1086 5192 1283 5260 inquit,
1312 5191 1419 5260 egit
1457 5190 1565 5245 Deo
1595 5189 1663 5245 ob
1701 5203 1762 5244 ea
1792 5203 1913 5258 qua:

317 5284 669 5348 acciderant;
711 5284 779 5338 Et
817 5285 1178 5348 comederunt,
1224 5293 1271 5337 et
1312 5284 1568 5349 biberunt,
1610 5292 1657 5337 et
1698 5282 1916 5336 dormie-

320 5387 447 5430 runt
491 5377 544 5430 in
594 5387 779 5431 monte.
825 5377 915 5431 55.
962 5375 1195 5430 Surrexit
1234 5385 1401 5429 autem
1443 5374 1621 5428 Laban
1662 5390 1839 5441 mane,
1867 5384 1914 5427 et

322 5469 584 5523 osculatus
621 5478 694 5522 est
736 5470 870 5537 ﬁlios
895 5486 1012 5523 suos
1037 5478 1084 5523 et
1111 5467 1248 5536 ﬁlias
1274 5484 1391 5523 suas
1411 5508 1427 5533 ,
1459 5477 1504 5520 et
1530 5466 1778 5521 benedixit
1808 5482 1911 5519 eos.

324 5558 396 5613 Et
435 5576 662 5614 reversus
695 5560 873 5614 Laban
902 5562 1022 5615 abiit
1059 5562 1112 5615 in
1136 5561 1303 5616 locum
1327 5575 1492 5614 suum.
1528 5559 1752 5627 Vidisti,
1784 5558 1913 5613 dile-

392 5696 408 5726 ι
446 5700 501 5744 Et
526 5694 847 5758 fecitgcollem.
889 5703 997 5745 Haec
1029 5695 1246 5758 pluribus
1283 5700 1539 5758 narrantur
1558 5699 1604 5745 in
1630 5705 1768 5749 textu
1794 5705 1915 5753 Scri-

326 5761 500 5827 plura},
520 5757 606 5805 ubi
631 5757 804 5827 dicitur
826 5759 970 5805 Jamh
1006 5757 1299 5827 ju-zecepisse
1326 5757 1554 5827 fratribus
1590 5762 1691 5811 suis
1718 5772 1769 5814 ut
1795 5763 1917 5826 lapi‘

327 5823 417 5871 des
435 5826 800 5877 eoae-errarent,
828 5833 988 5883 exque
1016 5822 1071 5870 iis
1085 5822 1258 5870 collem
1276 5822 1601 5869 constituisse.

1316 383 1378 437 ΙΝ
1409 384 1556 442 CAP.
1585 383 1797 440 XXXII.
1824 383 2067 441 GENES.
2111 388 2337 446 IIOMIL.
2381 391 2561 448 LVIII.

3488 408 3592 468 5.06

2018 513 2137 573 cte,
2179 517 2373 578 quanta
2424 510 2516 565 Dei
2564 511 2858 582 sapientia,
2905 520 3172 587 quomodo
3218 537 3322 577 uno
3366 523 3502 580 facto
3544 540 3594 583 et

2014 611 2164 653 suam
2204 614 2326 669 erga
2362 600 2561 670 justum
2600 603 2888 661 declaravit
2922 609 3343 678 providentiam,
3365 622 3419 669 et
3447 616 3594 671 illum

2014 690 2082 746 ab
2122 692 2377 761 injustitia
2405 695 2654 763 abduxit,
2686 707 2739 754 et
2769 700 2820 754 in
2850 699 3042 757 divina:
3071 703 3268 759 notitiae
3296 708 3435 762 viam
3463 725 3596 777 pan-

2012 782 2161 836 latim
2189 784 2401 839 induxit
2430 786 2696 843 Labanum
2713 832 2729 857 ,
2759 790 3151 849 interminando
3170 796 3217 850 ei
3244 812 3312 851 ne
3329 799 3452 867 quid
3469 801 3594 854 mali

2012 885 2198 929 contra
2225 876 2393 932 Jacob
2419 879 2753 949 loqueretur:
2774 890 2826 937 et
2852 885 2940 955 qui
2968 887 3118 955 quasi
3142 887 3251 942 fera
3282 892 3595 946 accurrebat

2012 976 2065 1021 et
2094 971 2551 1040 comprehendere
2583 982 2740 1044 atque
2781 967 3081 1032 interﬁcere
3132 979 3375 1048 volebat,
3400 981 3596 1037 desiuit

2014 1062 2064 1115 in
2091 1062 2460 1119 defensionem
2482 1106 2497 1131 ,
2529 1074 2584 1121 et
2612 1065 2664 1120 in
2696 1065 2926 1123 filiorum
2958 1069 3289 1140 ﬁliarumque
3315 1071 3594 1127 deoscula~

2013 1154 2244 1221 tionem,
2289 1164 2343 1210 et
2383 1157 2461 1212 sic
2490 1157 2704 1213 domum
2734 1160 2909 1215 redit?
2946 1161 3106 1218 Forte
3134 1164 3389 1232 prolixius
3416 1178 3599 1219 sermo

2009 1261 2068 1300 se
2109 1246 2378 1313 extendit,
2425 1248 2519 1304 sed
2561 1251 2816 1321 ignoscite
2846 1269 2859 1306 :
2888 1269 2991 1307 non
3038 1254 3137 1309 hoc
3162 1264 3352 1324 sponte
3378 1255 3597 1311 admisi-

2009 1350 2129 1390 mus
2154 1378 2168 1401 ,
2204 1337 2298 1391 sed
2325 1339 2498 1408 coegit
2527 1356 2625 1394 nos
2649 1340 2883 1396 historia:
2910 1344 3065 1399 ratio.

2079 1428 2296 1484 Moralis
2333 1432 2634 1487 exhortatio.
2681 1465 2753 1475 —
2791 1435 2915 1490 Ideo
2961 1437 3045 1490 hic
3084 1439 3302 1492 missum
3334 1438 3591 1492 facientes

2006 1534 2310 1577 sermonem
2338 1564 2353 1589 ,
2391 1538 2608 1579 oramus
2634 1535 2863 1580 vestram
2890 1528 3165 1583 caritatem
3184 1569 3201 1596 ,
3233 1538 3290 1584 ut
3314 1530 3489 1583 omnia
3518 1529 3595 1583 fa.-

2006 1612 2208 1668 ciamus
2247 1623 2300 1669 et
2344 1623 2660 1683 tractemus,
2706 1632 2813 1687 quo
2851 1634 3134 1688 supernam
3164 1620 3317 1674 nobis
3339 1620 3593 1675 concilie-

2007 1719 2124 1758 mus
2170 1703 2622 1761 benevolentiam.
2662 1706 2793 1761 Nam
2820 1708 2865 1762 si
2903 1708 3069 1763 Deum
3098 1709 3435 1763 habuerimus
3460 1711 3593 1763 ami-

2006 1810 2129 1849 cum
2151 1838 2167 1862 ,
2193 1797 2371 1851 omnia
2401 1797 2554 1853 nobis
2583 1797 2753 1853 facilia
2782 1808 2939 1854 erunt
2967 1817 2981 1853 :
3010 1809 3064 1854 et
3094 1799 3221 1853 nihil
3249 1816 3346 1854 nos
3374 1801 3423 1853 in
3457 1817 3590 1869 prae-

2005 1885 2145 1939 senti
2187 1887 2291 1941 vita
2337 1888 2655 1943 contristare
2700 1889 2928 1958 poterit,
2968 1890 3211 1959 quamvis
3242 1891 3588 1959 injucnndum

2004 1990 2126 2031 esse
2152 1976 2412 2032 videatur.
2462 1978 2631 2033 Tanta
2661 1978 2801 2033 enim
2835 1979 2952 2049 ejus
2982 1981 3191 2034 virtutis
3214 1990 3299 2035 est
3324 1982 3590 2035 excellen-

2007 2068 2113 2133 tia,
2157 2079 2215 2124 ut
2260 2070 2419 2125 etiam
2464 2086 2526 2126 ea
2570 2087 2691 2141 quae
2730 2073 2897 2127 tristia
2949 2082 3100 2137 sunt,
3141 2074 3372 2143 jucunda
3417 2074 3592 2129 facere

2003 2170 2185 2230 queat.
2208 2161 2297 2218 Sic
2317 2169 2371 2217 et
2399 2161 2595 2217 Paulus
2622 2163 2672 2217 in
2700 2163 3077 2219 afﬂictionibus
3105 2165 3367 2219 exsistens
3392 2165 3591 2234 gaude-

2005 2256 2096 2311 bat
2123 2266 2178 2311 et
2206 2256 2505 2312 exsultabat
2526 2258 2926 2326 exspectatione
2953 2257 3311 2326 repositorum
3334 2257 3591 2311 bonorum

2004 2349 2270 2403 animatus
2302 2349 2474 2419 (Rom.
2501 2349 2553 2405 5.
2586 2349 2640 2402 2.
2667 2350 2740 2411 5).
2774 2349 3059 2419 Propterea
3086 2359 3140 2403 et
3167 2348 3422 2419 prOpheta
3447 2348 3593 2404 diee-

2010 2439 2102 2493 bat
2135 2455 2147 2490 :
2181 2436 2248 2490 In
2274 2439 2539 2508 afﬂictione
2565 2439 2791 2493 dilatasti
2819 2440 2942 2492 mihi
2984 2439 3154 2509 (Psal.
3186 2440 3239 2493 4.
3269 2439 3327 2510 2)
3356 2457 3369 2492 :
3394 2438 3594 2494 docens

2007 2543 2105 2584 nos
2130 2569 2144 2593 ,
2183 2528 2348 2583 Deum
2380 2529 2512 2583 sein
2548 2528 2659 2598 ipsa
2691 2529 2981 2585 afflictione
3008 2530 3233 2586 liberum
3264 2539 3318 2585 et
3340 2531 3594 2599 tranquil-

2007 2621 2117 2675 lum
2164 2620 2534 2676 constituisse.
2583 2621 2765 2675 Talem
2799 2622 2957 2691 igitur
2986 2622 3244 2677 habentes
3274 2621 3593 2685 Dominum,

2008 2722 2113 2766 tam
2153 2721 2459 2782 potentem,
2503 2720 2609 2768 L'Im
2651 2714 2948 2782 Sapientem
2972 2754 2989 2781 ,
3041 2722 3253 2783 tamque
3290 2713 3594 2769 misericor-

2005 2804 2159 2872 dem,
2205 2805 2348 2875 quod
2393 2815 2633 2860 nostrum
2676 2816 2757 2860 est
2793 2806 3109 2870 alferamus,
3140 2807 3457 2875 virtutisque
3481 2821 3594 2859 ma-

2009 2914 2166 2969 gnam
2197 2898 2491 2954 habeamus
2520 2899 2780 2953 rationem
2803 2942 2818 2966 ,
2850 2908 2908 2954 ut
2938 2914 3043 2953 non
3073 2899 3245 2953 solum
3274 2898 3551 2969 prtesentia
3579 2939 3594 2961 ,

2007 2990 2103 3046 sed
2143 3000 2197 3046 et
2233 2990 2409 3045 futura
2451 2991 2589 3047 bona
2627 3006 3047 3062 consequamur,
3075 2992 3242 3064 gratia
3273 3002 3325 3046 et
3351 2992 3595 3060 benigni-

2009 3091 2115 3137 tate
2143 3082 2349 3137 Domini
2379 3083 2546 3137 nostri
2574 3082 2699 3138 Jesu
2726 3082 2957 3148 Christi,
2984 3098 3105 3138 cum
3135 3098 3242 3153 quo
3266 3082 3410 3136 Patri
3437 3082 3592 3135 simul
3622 3074 3629 3079 ’

2006 3184 2061 3230 et
2107 3174 2327 3244 Spiritui
2376 3184 2561 3230 saneto
2604 3177 2673 3230 sit
2718 3176 2921 3246 gloria,
2974 3174 3253 3245 imperium
3289 3216 3305 3243 ,
3352 3188 3493 3229 nunc
3539 3183 3593 3227 et

2006 3282 2250 3337 semper,
2283 3276 2337 3322 et
2363 3268 2414 3322 in
2446 3270 2639 3323 sarcula
2666 3268 3003 3323 saeculorum.
3028 3267 3222 3321 Amen.

2555 3401 2833 3457 IIOMILIA
2874 3401 3054 3456 LVIII.

2012 3540 2072 3594 Et
2096 3543 2297 3597 elevatis
2325 3541 2483 3596 oculis
2507 3540 2665 3595 Iacob
2696 3539 2820 3593 uidit
2855 3548 3020 3592 castra
3066 3538 3156 3593 Dei
3181 3547 3364 3591 metata
3388 3580 3401 3601 ,
3424 3548 3471 3592 et
3500 3556 3587 3591 oc-

2075 3643 2336 3689 currerunt
2374 3633 2421 3688 ei
2449 3633 2614 3703 angeli
2637 3630 2769 3697 Dei;
2802 3648 2925 3701 quos
2943 3647 3057 3684 cum
3075 3631 3276 3685 vidisset
3299 3672 3316 3697 ,
3347 3630 3474 3684 dixit
3500 3629 3597 3683 Ja-

2078 3728 2168 3781 cob
2213 3742 2231 3781 :
2275 3728 2453 3781 Castra
2482 3725 2574 3778 Dei
2602 3733 2719 3779 sunt
2746 3726 2853 3778 Iuro
2873 3766 2889 3786 ,
2920 3733 2965 3778 et
2989 3723 3259 3795 appellavit
3289 3740 3467 3777 nomen
3495 3724 3595 3777 loci

2078 3820 2215 3874 illius
2234 3862 2248 3885 ,
2276 3819 2454 3872 Castra
2484 3817 2633 3887 (Gen.
2663 3816 2750 3871 32.
2784 3813 2946 3887 1.-2).

2078 3977 2130 4029 1.
2150 3973 2272 4029 Scio
2298 3988 2393 4028 vos
2415 3971 2531 4026 heri
2556 3969 2872 4041 defatigatos
2896 3968 3082 4037 fuisse,
3115 3970 3268 4025 nobis
3295 3986 3605 4026 sermonem

2010 4066 2269 4136 prolixius
2293 4061 2704 4119 extendentibus
2733 4078 2746 4114 :
2778 4061 2875 4117 sed
2902 4059 3045 4115 bono
3073 4070 3245 4116 estote
3265 4062 3443 4115 animo
3467 4079 3482 4127 ;
3516 4063 3597 4116 la-

2010 4159 2109 4214 bor
2154 4166 2332 4212 vester
2380 4172 2487 4210 non
2533 4164 2614 4209 est
2660 4153 2832 4208 inanis
2862 4171 2875 4206 :
2911 4154 2963 4207 in
2996 4153 3223 4208 Domino
3251 4154 3394 4210 enim
3427 4155 3595 4209 factus

2010 4260 2123 4315 est,
2155 4259 2372 4321 propter
2396 4264 2553 4319 quem
2580 4256 2635 4304 et
2658 4247 2832 4301 brevis
2858 4246 3005 4301 labor
3026 4262 3271 4317 magnam
3295 4248 3603 4302 mercedem

2010 4344 2162 4399 vobis
2205 4344 2461 4397 allaturus
2509 4350 2609 4397 est.
2661 4339 2795 4394 Nam
2838 4339 2962 4394 licet
3008 4355 3202 4409 corpus
3246 4339 3555 4409 fatigaretur
3582 4384 3596 4403 ,

2011 4437 2188 4493 anima
2237 4444 2412 4491 tamen
2460 4435 2629 4505 magis
2665 4431 3097 4488 conﬁrmabatur.
3144 4433 3265 4487 Ideo
3296 4443 3350 4487 ct
3377 4434 3489 4502 ipse
3516 4435 3595 4486 vi-

2011 4526 2144 4582 dens
2182 4537 2418 4583 vestrum
2462 4526 2673 4582 fervens
2714 4523 3037 4578 desiderium
3076 4532 3128 4577 et
3158 4524 3427 4590 sttulium,
3453 4523 3594 4577 volc-

2012 4617 2133 4673 bam
2162 4617 2478 4672 contrahere
2507 4613 2763 4670 doctrina:
2798 4629 3139 4677 sermonem;
3176 4613 3268 4667 sed
3314 4622 3599 4682 antequam

2015 4710 2259 4765 finiretur
2305 4700 2558 4773 histeria,
2612 4706 2794 4773 nolui,
2836 4706 3011 4761 sciens
3057 4722 3143 4761 me
3184 4705 3338 4759 vobis
3379 4706 3479 4761 hac
3514 4722 3595 4759 ra-

2016 4805 2161 4859 tione
2201 4802 2371 4873 magis
2394 4801 2831 4872 gratificaturum.
2861 4799 3139 4855 Multitudo
3164 4799 3307 4854 enim
3333 4800 3598 4855 dictorum

2015 4895 2145 4951 satis
2182 4894 2492 4950 declarabat
2534 4892 2860 4962 inexplebile
2901 4900 3135 4948 vestrum
3185 4891 3507 4947 desiderium
3546 4900 3602 4946 et

2015 4987 2250 5043 studium
2291 4986 2542 5043 audiendi
2585 4987 2798 5042 avidum
2849 5004 2862 5040 :
2914 4995 3192 5055 propterea
3234 4994 3289 5041 et
3333 4986 3445 5054 ipse
3480 4999 3604 5040 cum

2017 5080 2208 5150 majori
2250 5080 2526 5136 alacritate
2555 5095 2650 5135 vos
2676 5079 2874 5135 docere
2901 5079 3123 5149 incipio,
3157 5079 3341 5133 videns
3370 5090 3606 5132 vestram

2019 5173 2257 5243 quotidie
2284 5174 2645 5243 appetentiam
2669 5186 2935 5228 crescere.
2964 5172 3076 5240 Age
3108 5180 3161 5225 et
3191 5170 3346 5224 hodie
3373 5184 3491 5238 quae
3521 5182 3609 5221 se-

2019 5274 2253 5335 quuntur
2291 5264 2596 5321 hesternam
2643 5264 2926 5320 lectionem
2970 5277 3066 5332 pro
3094 5261 3227 5315 virili
3270 5270 3449 5314 nostra
3483 5274 3607 5329 per-

2022 5369 2314 5415 tractemus
2331 5400 2347 5425 ,
2377 5369 2691 5427 consuetum
2713 5368 2903 5411 vestrm
2924 5353 3131 5409 caritati
3149 5352 3451 5406 convivium
3482 5366 3608 5420 pro-

2023 5461 2286 5521 ponentcs
2311 5492 2325 5515 ,
2376 5459 2430 5504 et
2456 5451 2758 5513 videamus,
2793 5456 2912 5516 post
2940 5445 3229 5499 discessum
3264 5444 3441 5499 Laban
3472 5458 3606 5513 quo-

2023 5541 2182 5597 modo
2217 5542 2393 5611 justus
2421 5542 2521 5593 iter
2548 5539 2782 5607 arripiat.
2815 5538 2956 5591 Nihil
2986 5537 3126 5591 enim
3156 5551 3609 5606 supervacaneum

2023 5637 2075 5690 in
2115 5636 2295 5689 divina
2342 5634 2611 5701 Scriptura
2651 5633 2881 5702 positum
2927 5640 3008 5687 est
3032 5673 3047 5697 ,
3093 5631 3190 5686 sed
3229 5632 3407 5684 omnia
3433 5645 3549 5700 qua:
3581 5643 3616 5684 εδ

2018 5726 2176 5795 justis
2221 5725 2393 5789 fiunt,
2433 5724 2661 5777 ttiaxima
2702 5721 2930 5777 utilitate
2977 5723 3133 5791 plena
3174 5731 3321 5777 sunt.
3349 5722 3621 5789 Quoniam

2027 5816 2166 5871 enim
2203 5814 2571 5869 universorum
2605 5813 2884 5869 Dominum
2912 5817 3164 5869 continuo
3187 5811 3492 5869 habuerunt
3515 5826 3609 5867 co»-
