3974 6410
443 353 543 406 601

438 468 661 536 mitem,
706 476 761 524 et
806 469 1012 526 itineris
1054 471 1393 528 difﬁcultates
1438 475 1749 532 reddentem
1801 476 2022 541 faciles,

435 559 662 614 nuiltum
707 561 867 615 etiam
907 577 1005 618 nos
1042 564 1283 620 utilitatis
1323 582 1392 623 ex
1434 583 1598 637 parvo
1624 585 1810 624 eorum
1838 572 2028 628 itinere

438 663 721 715 pessumus
747 653 1042 722 percipere.
1065 653 1195 708 Nam
1221 668 1499 727 postquam
1525 658 1704 713 Laban
1733 661 1784 714 iu
1806 661 2023 717 domum

435 755 589 792 suam
619 741 780 806 abiit,
817 742 870 798 Ι.
901 743 964 796 Et
983 743 1142 798 Iacob
1171 747 1303 799 viam
1327 764 1473 802 suam
1511 751 1765 820 perrexit,
1793 761 1841 805 et
1859 753 2023 806 eleva-

435 831 500 883 tis
523 832 683 886 oculis
710 835 832 887 vidit
858 846 1022 889 castra
1049 836 1145 891 Dei
1171 849 1540 896 castrametata
1572 859 1676 897 esse
1698 883 1713 909 ,
1732 853 1779 898 et
1795 861 2024 900 occurre-

436 933 556 977 runt
595 925 642 978 ei
675 925 842 997 angeli
883 927 978 982 Dei
1007 929 1196 1000 (Caput
1221 933 1332 1001 52).
1357 933 1643 1004 Postquam
1674 937 1820 991 enim
1845 953 2022 993 cessa-

435 1013 548 1078 vit,
589 1023 644 1069 et
687 1016 847 1071 ﬁnem
898 1017 1082 1075 habuit
1127 1022 1286 1076 timor
1309 1022 1511 1080 Labani
1533 1067 1549 1092 ,
1578 1027 1789 1098 excepit
1811 1043 1931 1083 eum
1959 1030 2025 1084 ti-

437 1121 555 1158 mor
588 1107 769 1163 fratris
808 1129 822 1165 :
868 1125 1086 1183 prepter
1117 1114 1217 1171 hoc
1241 1117 1478 1174 clemens
1504 1119 1761 1178 Dominus
1784 1123 2024 1180 animare

435 1199 633 1264 justum
660 1202 844 1256 volens
864 1245 879 1268 ,
912 1213 967 1258 ct
985 1221 1197 1261 onmem
1218 1208 1334 1278 ejus
1359 1220 1558 1266 metum
1578 1211 1870 1281 discutere,
1902 1215 2024 1271 fecit

437 1299 494 1341 ut
520 1292 830 1360 angelorum
849 1295 1054 1350 videret
1079 1307 1272 1354 castra.
1304 1300 1641 1359 Occurrerunt
1655 1306 1806 1370 enim,
1831 1307 2018 1378 inquit,

436 1380 481 1430 ei
505 1382 673 1451 angeli
692 1381 807 1438 Dei.
834 1384 888 1438 9..
915 1385 980 1440 Et
1001 1389 1130 1443 dixit
1147 1389 1330 1460 Iacob,
1354 1405 1523 1450 castra
1541 1395 1641 1451 Dei
1659 1409 1776 1453 sunt
1799 1401 1928 1455 haec.
1953 1401 2022 1455 Et

438 1471 628 1524 vocavit
657 1489 836 1528 nomen
862 1477 960 1530 loci
985 1480 1095 1550 ejus
1111 1521 1126 1545 ,
1159 1480 1340 1538 Castra
1359 1500 1380 1538 :
1407 1496 1464 1539 ut
1486 1502 1550 1541 ex
1582 1503 1644 1543 ea
1670 1490 2024 1558 appellatione

444 1573 697 1629 perpetua
727 1579 970 1624 maneret
993 1573 1246 1627 memoria
1267 1575 1487 1632 visionis
1513 1594 1632 1648 qua:
1653 1580 1763 1635 illic
1781 1582 1831 1636 ei
1853 1584 2024 1638 conti-

437 1663 610 1720 gerat.
642 1654 842 1712 Deinde
859 1671 974 1728 post
991 1663 1247 1720 visionem
1271 1667 1426 1733 hanc,
1445 1671 1498 1724 3.
1523 1669 1685 1737 Misit,
1706 1673 2024 1744 inquit,ante

436 1758 490 1795 se
519 1747 719 1800 nuntios
745 1749 815 1800 ad
853 1749 991 1805 Esau
1018 1753 1227 1821 fratrem
1252 1774 1419 1825 suum,
1447 1769 1493 1814 et
1519 1763 1774 1817 mandavit
1812 1765 1882 1818 eis
1903 1807 1918 1832 ,
1937 1766 2022 1819 di-

436 1837 668 1890 cens:Sic
683 1837 856 1892 dicetis
876 1842 1079 1897 domino
1107 1862 1215 1900 meo
1237 1846 1538 1906 EsaiNide
1555 1861 1742 1922 etpost
1761 1855 2021 1911 visionem

433 1936 664 1992 quantus
692 1929 869 1985 adhuc
897 1933 1057 1988 timor
1088 1937 1306 2007 urgebat
1328 1938 1548 2008 justum.
1591 1943 1835 2000 Timebat
1875 1946 2018 2002 enim

433 2014 614 2071 fratris
638 2019 964 2090 violentiam,
994 2033 1050 2080 et
1079 2027 1376 2096 angebatur
1405 2031 1608 2099 animo,
1649 2050 1717 2090 ne
1743 2035 1878 2090 forte
1904 2052 2019 2092 me-

433 2107 603 2160 moria
624 2123 807 2165 eorum
835 2129 953 2182 qua:
981 2116 1107 2170 olim
1135 2118 1272 2174 facta
1298 2132 1422 2176 sunt
1449 2123 1751 2194 impelleret
1777 2129 1922 2182 illum
1953 2129 2020 2185 ad

435 2194 674 2252 insidias.
723 2201 777 2254 4.
806 2201 992 2268 Dicite,
1025 2205 1213 2277 inquit,
1246 2210 1449 2265 domino
1475 2231 1585 2268 meo
1615 2215 1756 2271 Esau
1782 2233 1801 2272 :
1824 2218 1916 2274 Sic
1937 2221 2020 2274 di-

433 2289 500 2340 cit
548 2304 718 2344 servus
752 2301 868 2348 tuus
895 2294 1055 2350 Iacob
1095 2316 1114 2352 :
1144 2297 1454 2371 Peregrinus
1482 2306 1558 2375 [ui
1589 2323 1704 2361 cum
1747 2308 1945 2378 Laban,
1974 2322 2022 2366 et

433 2379 585 2449 longa
625 2390 847 2452 tempore
888 2386 957 2440 ibi
983 2399 1209 2445 moratus
1235 2408 1348 2446 sum
1376 2411 1532 2464 usque
1556 2413 1708 2464 nunc,
1741 2399 1795 2454 5.
1825 2411 1872 2454 et
1901 2417 2022 2456 con-

433 2470 651 2539 tigerunt
675 2474 800 2528 milii
827 2474 991 2544 boves,
1017 2487 1066 2532 et
1092 2481 1270 2549 asime,
1301 2493 1349 2536 et
1376 2501 1510 2550 oves,
1543 2497 1589 2540 et
1614 2490 1760 2554 servi,
1787 2499 1834 2544 et
1853 2493 2018 2546 ancil-

431 2561 514 2624 lae,
538 2572 583 2616 et
626 2565 740 2620 utisi
783 2578 836 2620 ut
862 2571 1250 2626 annuntiaretur
1275 2574 1479 2630 domino
1521 2594 1631 2631 meo
1660 2578 1822 2647 Esaia,
1853 2593 1905 2636 ut
1932 2585 2016 2638 in-

429 2654 595 2706 veniat
619 2673 744 2725 puer
769 2668 885 2714 tuus
921 2663 1140 2732 gratiam
1169 2681 1339 2719 coram
1367 2679 1434 2722 te.
1486 2670 1714 2726 Attende
1751 2677 2019 2743 quomodo

439 2744 625 2800 timeat
661 2746 878 2804 fratrem
909 2767 923 2804 :
954 2761 1009 2807 et
1058 2763 1334 2824 propterea
1387 2759 1599 2828 placare
1647 2778 1769 2818 eum
1809 2767 2015 2836 volens,

434 2836 723 2902 prtetnittat
747 2839 1050 2909 signiﬁcans
1075 2846 1125 2900 ei
1154 2857 1209 2902 et
1242 2849 1469 2905 reditum
1499 2868 1652 2908 suum
1680 2865 1736 2911 et
1759 2857 2010 2916 substan-

431 2924 557 2978 tiam
575 2942 694 2996 quae
721 2929 823 2984 sibi
851 2934 1166 3003 contigerat,
1194 2947 1249 2993 et
1278 2939 1366 2994 ubi
1396 2951 1542 2997 tanto
1571 2952 1810 3015 tempore
1834 2965 2016 3006 mora-

432 3023 519 3069 tus
549 3016 724 3087 fuerit,
758 3029 816 3075 ut
841 3023 1051 3092 placato
1074 3028 1189 3096 ejus
1216 3029 1396 3087 furore
1433 3033 1757 3092 clementem
1787 3039 2014 3098 reddere

432 3109 642 3176 possit:
689 3112 738 3166 id
787 3115 930 3184 quod
968 3126 1022 3172 et
1078 3118 1275 3176 factum
1325 3132 1433 3191 est,
1468 3126 1578 3181 Deo
1631 3143 1724 3184 cor
1758 3131 1898 3188 illius
1920 3133 2014 3189 de-

431 3199 715 3269 mnlcente,
740 3214 795 3258 et
821 3205 964 3261 illum
996 3211 1321 3267 tractabilem
1353 3217 1616 3272 exstincta
1640 3219 1715 3274 ira
1755 3221 2004 3282 faciente.

428 3291 559 3347 Nam
588 3295 632 3349 si
659 3296 929 3354 Labanum
960 3303 1046 3372 qui
1093 3313 1232 3359 tanta
1269 3309 1624 3366 concitatione
1654 3317 2011 3385 persequeba-

428 3395 534 3449 tur,
583 3385 841 3445 deterruit
871 3407 964 3462 per
1001 3409 1061 3450 ea
1092 3412 1212 3466 qua:
1249 3397 1316 3452 ad
1351 3399 1521 3469 ipsum
1550 3403 1760 3459 dicebat
1794 3426 1807 3461 :
1841 3408 2010 3462 multo

427 3479 593 3547 magis
619 3479 834 3536 fratrem
863 3476 1273 3543 mansuetiorem
1304 3505 1428 3560 erga
1443 3491 1646 3562 justum
1677 3494 1926 3551 reddidit.
1951 3499 2008 3555 6.

433 3567 632 3623 fleversi
654 3582 768 3625 sunt
789 3583 981 3643 autem,
1008 3577 1196 3646 inquit,
1229 3581 1447 3635 dicentes
1468 3599 1486 3636 :
1521 3583 1757 3640 Venimus
1799 3589 1868 3642 ad
1889 3590 2006 3656 [ra-

431 3666 560 3709 trem
580 3667 741 3726 tuum,
768 3671 816 3714 et
855 3664 985 3716 venit
1019 3665 1071 3718 in
1109 3682 1370 3723 occursum
1391 3680 1550 3738 tuum,
1576 3683 1622 3727 et
1657 3677 2009 3751 quadringenti

429 3748 519 3800 viri
544 3765 658 3802 cum
677 3767 754 3803 eo.
774 3751 907 3807 Vide
922 3758 1188 3825 quomodo
1204 3771 1257 3814 et
1283 3761 1420 3816 istud
1444 3764 1613 3834 ipsum
1632 3780 1788 3839 auget
1804 3748 2004 3829 metum

425 3838 573 3905 justi.
605 3840 788 3912 Neque
832 3847 973 3902 enim
1001 3850 1203 3905 sciebat
1222 3853 1496 3911 evidenter
1516 3838 1750 3916 mentem
1778 3862 1958 3922 fratris
1987 3885 2001 3923 :

422 3931 514 3985 sed
533 3942 584 3987 ut
606 3933 789 3992 didicit
811 3939 1198 3997 multitudinem
1216 3947 1538 4002 venientium
1555 3965 1674 4006 cum
1693 3953 1802 4022 illo,
1823 3955 2004 4013 formi-

422 4022 586 4087 davit,
615 4027 890 4096 suSpicans
915 4048 982 4088 ne
1003 4037 1152 4105 quasi
1177 4037 1229 4092 in
1251 4037 1450 4094 bellum
1473 4053 1658 4100 contra
1683 4061 1742 4102 se
1770 4051 1998 4117 veniret,

426 4121 481 4168 et
510 4113 578 4167 ita
608 4115 769 4171 vellet
788 4132 1090 4178 occurrere.
1118 4125 1171 4179 7.
1200 4125 1388 4182 Timuit
1418 4131 1582 4199 enim,
1606 4133 1795 4204 inquit,
1817 4113 1998 4209 Iacob,

420 4211 470 4255 et
497 4205 764 4274 perplexas
801 4219 926 4264 erat.
969 4212 1220 4270 Formido
1249 4229 1482 4274 mentem
1517 4222 1635 4291 ejus
1668 4205 1998 4298 turbaverat,

421 4305 474 4349 ct
524 4297 797 4354 nesciebat
849 4304 974 4372 quid
1030 4306 1247 4376 faceret,
1293 4312 1386 4366 sed
1429 4317 1622 4371 mansit
1661 4297 1994 4389 perplexusi

418 4396 700 4456 propterea
743 4391 916 4448 timuit
943 4398 1096 4466 quasi
1125 4398 1193 4454 de
1214 4401 1384 4457 salute
1415 4420 1530 4472 sua,
1561 4417 1853 4466 ctmortem
1874 4424 1998 4472 ante

416 4481 602 4536 oculos
651 4481 874 4541 habens.
909 4485 1088 4542 Divisit
1112 4503 1280 4546 autem
1319 4495 1373 4548 in
1409 4497 1536 4551 duas
1569 4509 1762 4556 turmas
1797 4519 1996 4560 omnem

417 4571 662 4638 populant
685 4576 776 4645 qui
811 4593 980 4632 secum
1024 4592 1151 4634 erat.
1177 4584 1231 4638 8.
1256 4583 1398 4638 Dixit
1423 4587 1573 4655 enim,
1614 4589 1676 4644 Si
1715 4595 1902 4648 venerit
1924 4596 1995 4650 ad

413 4667 450 4709 ιι
473 4677 637 4716 rmam
666 4681 842 4735 unam,
883 4681 929 4723 et
971 4677 1274 4742 percusserit
1317 4694 1450 4746 eam,
1493 4682 1588 4736 erit
1617 4683 1785 4738 adhuc
1809 4689 1989 4757 altera,

414 4767 527 4818 qua:
554 4755 845 4812 minabitur.
876 4760 1021 4816 Talia
1050 4767 1400 4836 suggerebant
1434 4772 1483 4825 ei
1516 4772 1676 4828 timor
1717 4784 1771 4832 et
1798 4755 1989 4849 magna

416 4841 660 4897 formido.
694 4845 894 4903 Videns
923 4861 1098 4906 autem
1129 4869 1187 4910 se
1228 4860 1376 4926 quasi
1418 4860 1470 4914 in
1505 4865 1602 4918 reti
1633 4841 1989 4937 comprehen-

412 4945 552 4999 sum,
581 4933 647 4988 ad
677 4934 928 4992 invictum
961 4940 1502 5018 Dominumconfugit,
1533 4960 1587 5007 et
1612 4933 1990 5022 promissiones

411 5041 530 5094 qua:
555 5027 604 5080 ei
632 5025 784 5083 facta:
828 5040 982 5086 erant
1001 5037 1189 5102 repetit
1215 5037 1284 5093 ab
1316 5041 1551 5097 omnium
1579 5045 1704 5113 Deo,
1742 5053 1889 5118 quasi
1917 5053 1991 5107 di-

410 5131 540 5171 cens
579 5117 648 5173 ad
696 5135 818 5175 eum
853 5139 868 5176 :
907 5121 1059 5178 Nunc
1086 5127 1230 5180 venit
1253 5135 1460 5198 tempus
1493 5133 1544 5185 in
1561 5149 1667 5204 quo
1694 5147 1747 5192 et
1762 5117 1988 5212 propter

417 5209 888 5280 primogenitorum
919 5214 1168 5270 virtutem
1196 5257 1212 5283 ,
1243 5226 1298 5271 et
1334 5229 1550 5288 propter
1580 5209 1984 5293 promissionem

409 5314 528 5365 quae
557 5315 587 5354 a
614 5310 666 5355 te
695 5304 830 5360 facta
860 5315 944 5360 est
977 5306 1128 5375 mihi,
1158 5308 1348 5378 dignus
1381 5309 1576 5398 habear
1601 5317 1691 5386 qui
1720 5327 1810 5374 tuo
1835 5323 1986 5393 adju-

412 5401 507 5439 ver
549 5392 813 5455 prinsidio.
845 5394 902 5452 9.
949 5395 1092 5452 Dixit
1125 5401 1267 5456 enim
1293 5392 1454 5460 Iacob
1483 5423 1501 5461 :
1531 5404 1668 5463 Deus
1695 5413 1853 5478 patris
1887 5392 1984 5470 mei

410 5476 686 5547 Abraham,
712 5491 756 5534 et
789 5483 930 5540 Deus
962 5491 1122 5554 patris
1145 5493 1244 5546 mei
1268 5492 1436 5562 Isaac,
1457 5509 1511 5551 tu
1530 5501 1618 5567 qui
1635 5476 1811 5556 dixisti
1835 5507 1978 5574 mihi,

421 5561 556 5618 ι’ωιε
589 5570 643 5622 in
686 5581 870 5626 terram
907 5580 1333 5648 uativitatistute;
1377 5590 1463 5657 qui
1494 5594 1724 5648 evocasti
1752 5609 1855 5661 me,
1894 5596 1978 5651 itt-

409 5655 544 5722 quit,
572 5657 638 5711 de
664 5668 802 5716 terra
829 5665 1018 5737 aliena,
1046 5681 1100 5726 et
1128 5655 1425 5746 praecepisti
1457 5691 1512 5737 ut
1539 5685 1767 5742 redirem
1794 5655 1858 5746 ad
1887 5704 1978 5761 με

1155 358 1210 415 S.
1253 361 1530 418 IOANNIS
1574 362 2050 421 ClliiYSOSTOMI
2093 365 2411 429 ARCIIIEP.
2453 375 2985 446 CONSTANTINOP.

2141 489 2274 536 trem
2308 501 2503 555 meum,
2545 495 2678 548 etin
2709 506 2900 553 terram
2933 503 3258 561 nativitatis:
3290 507 3380 564 10.
3427 509 3570 568 Satis
3591 516 3716 568 mihi

2134 577 2197 628 sit
2225 580 2240 607 ‘
2267 580 2330 633 de
2355 584 2496 636 onmi
2515 586 2716 653 justitia
2738 599 2784 643 et
2804 594 3028 661 veritate,
3052 613 3203 666 quam
3233 602 3397 669 fecisti
3419 617 3577 670 puero
3606 617 3711 660 tua.

2133 665 2371 762 Sufﬁciat
2400 675 2548 740 tnihi,
2580 678 2767 749 inquit,
2799 685 2864 737 ad
2894 665 3187 744 subsidium
3220 665 3271 745 in
3298 665 3710 762 przesentitem-

2134 769 2282 858 pore.
2310 759 2410 858 Qui
2441 766 2582 820 enim
2605 783 2770 840 usque
2795 773 2859 828 ad
2875 790 3109 844 praesens
3135 759 3341 852 tempus
3369 794 3571 841 tantam
3593 805 3716 858 erga

2134 862 2220 902 me
2245 848 2524 909 declarasti
2555 861 2962 933 providentiam,
2987 876 3140 936 potes
3165 848 3325 927 etiam
3350 890 3490 931 nunc
3506 848 3715 948 αἱρεῖν

2133 952 2219 994 me
2250 941 2319 995 ab
2356 949 2664 1015 urgentibus
2695 955 2964 1023 periculis.
3000 959 3116 1015 Non
3146 965 3289 1019 enim
3321 966 3510 1037 ignoro
3529 1010 3545 1034 ,
3574 941 3714 1039 quod

2134 1030 2200 1087 lu
2251 1035 2346 1092 isto
2382 1037 2560 1096 baculo
2592 1062 2702 1100 meo
2730 1051 2938 1106 transivi
2972 1051 3253 1111 Iordanem
3292 1074 3312 1114 :
3339 1030 3447 1115 sed
3496 1030 3710 1132 propter

2133 1127 2379 1211 tuam.de
2402 1146 2489 1186 me
2513 1136 2922 1198 sollicitudinem
2947 1186 2962 1210 ,
2991 1145 3082 1215 qui
3109 1146 3352 1204 baculum
3407 1127 3587 1207 solum
3598 1127 3710 1224 ge.

2133 1225 2282 1272 stans
2314 1221 2452 1278 abivi
2485 1225 2536 1281 in
2555 1235 2750 1284 terram
2779 1233 3028 1302 alienam,
3062 1237 3216 1293 Nunc
3238 1257 3352 1294 cum
3377 1242 3577 1299 duabus
3600 1221 3708 1298 tur-

2132 1309 2227 1362 mis
2247 1311 2446 1366 adveni.
2473 1315 2549 1370 Tu
2576 1317 2752 1387 igitur,
2799 1322 3042 1393 Domine,
3073 1331 3161 1398 qui
3191 1339 3390 1386 tantam
3423 1333 3557 1388 mihi
3584 1334 3708 1389 sub-

2131 1401 2379 1457 stantiam
2428 1405 2647 1477 largitus
2697 1427 2756 1466 cs
2788 1455 2803 1478 ,
2844 1416 2932 1485 qui
2961 1427 3162 1473 tantum
3195 1422 3583 1479 incrementum
3620 1425 3709 1481 de:

2129 1487 2274 1556 disti,
2306 1508 2447 1550 nunc
2485 1498 2571 1552 ll.
2622 1500 2777 1572 Eripe
2818 1521 2896 1559 me
2923 1507 2986 1562 de
3026 1526 3179 1564 manu
3206 1515 3382 1582 fratris
3406 1516 3505 1568 mei
3527 1513 3664 1570 Esau
3691 1533 3705 1571 :

2127 1585 2246 1653 quia
2277 1587 2427 1642 timeo
2465 1607 2557 1662 ego
2577 1609 2709 1658 eum,
2745 1613 2808 1650 ne
2847 1602 2978 1668 forte
3027 1606 3272 1672 percutiat
3306 1623 3405 1673 me,
3429 1618 3477 1662 et
3501 1618 3710 1662 matrem

2129 1691 2242 1730 cum
2283 1682 2470 1746 pueris.
2502 1683 2591 1738 12.
2622 1684 2698 1740 Τιι
2719 1688 2892 1744 dixisti
2916 1709 2927 1742 :
2953 1689 3276 1763 Beuefaciam
3301 1697 3409 1764 tibi,
3451 1711 3500 1753 et
3527 1715 3709 1768 ponam

2127 1783 2294 1822 semen
2332 1779 2474 1825 tuum
2501 1775 2628 1828 sicut
2665 1794 2872 1834 arenam
2908 1785 3082 1851 maris,
3118 1801 3232 1855 qua:
3255 1791 3513 1843 numerari
3539 1794 3701 1861 nequit

2129 1877 2236 1931 prae
2255 1865 2591 1921 multitudine.

2198 1955 2252 2008 2.
2281 1957 2441 2012 Iacob
2477 1962 2602 2028 petit
2635 1980 2668 2017 a
2703 1962 2810 2020 Deo
2845 1977 2900 2020 ut
2933 1985 3052 2024 suas
3080 1972 3433 2040 promissiones
3462 1975 3706 2042 impleat;

2128 2045 2336 2101 luctatio
2353 2046 2533 2104 Jacobi
2567 2069 2681 2107 cum
2709 2059 2886 2126 angelo
2908 2074 2928 2123 ;
2951 2063 3159 2116 mutatio
3198 2067 3412 2120 nominis
3430 2067 3484 2120 in
3503 2067 3708 2135 Israel;

2127 2154 2219 2191 cur
2245 2140 2469 2197 humana
2492 2145 2659 2216 ﬁgura
2682 2163 2961 2220 appareant
2993 2154 3183 2224 angeli.
3210 2187 3280 2196 —
3310 2157 3443 2214 Vide
3465 2159 3594 2229 justi
3621 2177 3705 2217 re-

2129 2227 2372 2299 ligiosum
2393 2235 2649 2302 animum,
2669 2249 2724 2294 et
2748 2242 2969 2310 probum
2996 2244 3241 2301 affectum
3271 2267 3284 2302 :
3316 2227 3588 2319 quomodo
3604 2267 3706 2309 non

2127 2321 2268 2378 aliud
2300 2325 2580 2383 Dominum
2611 2343 2873 2400 precatur,
2910 2351 3068 2407 quam
3098 2348 3156 2393 ut
3179 2354 3305 2396 suas
3327 2345 3706 2412 promissiones

2125 2413 2434 2484 adimplcat.
2451 2419 2517 2473 Et
2537 2420 2604 2476 de
2627 2424 2892 2491 prioribus
2907 2428 3142 2484 exhibita
3165 2433 3455 2501 gratiarum
3474 2435 3702 2502 actione,

2124 2507 2503 2580 confessusque
2537 2527 2596 2568 se
2617 2514 2816 2570 nudum
2847 2527 2902 2572 et
2921 2520 3167 2576 omnibus
3186 2522 3497 2579 destitutum
3521 2525 3574 2580 iu
3598 2535 3706 2580 tan-

2126 2605 2233 2652 tam
2265 2602 2570 2668 perveuisse
2598 2605 3276 2681 abundantiam,supplicat
3301 2624 3358 2668 ut
3379 2614 3446 2670 de
3467 2617 3705 2685 periculo

2125 2705 2186 2745 se
2229 2691 2438 2748 liberet.
2489 2693 2672 2751 Dixisti
2713 2701 2878 2764 enim,
2908 2702 3098 2772 inquit,
3130 2703 3328 2759 Ponant
3372 2723 3541 2762 semen
3566 2719 3705 2763 tuum

2123 2780 2253 2834 sicut
2277 2798 2482 2836 arenam
2512 2788 2686 2853 maris,
2713 2805 2828 2858 qua:
2849 2791 3161 2847 dinumerari
3181 2796 3366 2862 nequit.
3387 2795 3524 2852 Cum
3549 2797 3705 2868 igitur

2125 2872 2420 2928 orationem
2450 2889 2598 2931 suam
2622 2879 2689 2933 ad
2721 2880 2888 2937 Deum
2910 2881 3146 2952 fecisset,
3177 2895 3232 2940 et
3259 2888 3700 2958 supplicationem

2125 2979 2338 3033 precum
2369 2966 2667 3036 obtulisset,
2690 2970 2814 3026 facit
2837 2981 2893 3028 et
2919 2989 3071 3029 suum
3089 2977 3342 3032 ofﬁcium.
3381 2979 3445 3032 Et
3466 2982 3703 3049 acceptis

2119 3059 2452 3125 muneribus,
2492 3061 2682 3133 inquit,
2713 3081 2777 3120 ex
2815 3067 2880 3120 iis
2909 3084 3026 3137 qua:
3053 3069 3327 3136 aﬂcrebat,
3353 3074 3498 3127 misit
3525 3073 3699 3141 fratri,

2117 3165 2237 3206 cum
2255 3165 2586 3225 segregasset
2601 3173 2718 3228 qua:
2737 3159 3091 3226 mitterentur,
3111 3173 3163 3218 et
3179 3165 3427 3220 mandata
3443 3168 3699 3233 dedisset,

2117 3243 2186 3298 ita
2227 3253 2284 3299 ut
2332 3245 2637 3316 placaretur
2660 3251 2818 3304 etiam
2863 3267 2960 3321 per
2988 3254 3146 3310 verba
3177 3257 3388 3312 animus
3415 3257 3616 3325 fratris,
3649 3270 3700 3315 et

2116 3349 2244 3389 suns
2278 3339 2612 3394 nuntiaretur
2650 3342 2910 3398 adventus
2943 3345 3012 3414 (v.
3059 3347 3145 3401 15.
3175 3348 3345 3419 ~19).
3389 3349 3480 3405 20.
3529 3349 3694 3406 Dicite

2115 3428 2280 3494 enim,
2307 3429 2495 3498 inquit,
2530 3431 2661 3487 Ecce
2685 3451 2810 3503 puer
2837 3445 2952 3491 tuus
2983 3437 3183 3492 advenit
3209 3449 3321 3509 post
3347 3456 3479 3504 nos;
3505 3452 3563 3496 ut
3589 3444 3695 3512 pri-

2116 3533 2258 3571 mum
2277 3519 2586 3576 redderetur
2606 3525 2825 3588 amicus,
2859 3537 2913 3580 et
2931 3535 3054 3582 tunc
3076 3529 3127 3582 in
3153 3528 3342 3585 faciem
3362 3531 3481 3600 ejus
3503 3547 3695 3589 occur-

2113 3617 2276 3664 reret.
2302 3609 2528 3666 Posthac
2562 3615 2716 3680 enim,
2753 3615 2943 3686 inquit,
2980 3618 3156 3674 videbo
3174 3621 3355 3691 [aciem
3385 3624 3497 3693 ejus
3522 3640 3542 3678 :
3567 3625 3696 3695 forte

2113 3703 2245 3754 enim
2280 3713 2488 3774 accepta
2525 3706 2620 3759 erit
2661 3707 2709 3760 ei
2745 3709 2901 3779 facies
2941 3727 3070 3764 mea.
3107 3710 3198 3767 2L
3231 3712 3298 3766 Et
3334 3715 3695 3771 antecedebant

2113 3791 2247 3845 dona
2289 3794 2561 3848 secundum
2607 3797 2787 3867 faciem
2825 3801 2956 3871 ejus.
3002 3802 3198 3858 Verum
3246 3803 3388 3870 vide,
3441 3805 3690 3874 obsecro,

2112 3883 2431 3940 ineffabilem
2461 3885 2556 3942 Dei
2576 3889 2935 3957 clementiam,
2967 3901 3019 3947 ct
3041 3895 3308 3964 quomodo
3324 3911 3540 3967 semper
3560 3912 3692 3955 con-

2109 3989 2241 4044 gruo
2257 3983 2498 4048 tempore
2514 3993 2664 4034 suam
2681 3980 2914 4037 declarat
2929 3985 3334 4053 providentiam.
3352 3987 3487 4045 Nam
3504 3989 3574 4045 de
3589 3990 3690 4045 La-

2109 4067 2212 4121 ban
2229 4068 2442 4136 quidem
2456 4071 2708 4140 quoniam
2725 4072 2901 4142 justus
2915 4075 3045 4130 nihil
3065 4078 3171 4132 tale
3185 4079 3580 4148 suspicabatur,
3599 4097 3689 4136 ne-

2107 4175 2210 4229 que
2239 4159 2442 4216 sciebat
2468 4161 2740 4219 Labanum
2771 4180 2892 4232 cum
2923 4176 3064 4222 tanta
3089 4170 3140 4225 vi
3170 4170 3422 4228 invadere
3449 4188 3510 4229 se
3529 4175 3684 4244 velle,

2107 4259 2164 4304 ut
2186 4249 2325 4305 clam
2355 4261 2659 4322 susceptum
2693 4255 2762 4310 ab
2786 4271 2848 4312 se
2892 4257 3184 4314 discessum
3212 4261 3578 4330 ulcisceretur,
3607 4264 3687 4319 di-

2104 4348 2249 4396 ctum
2271 4351 2354 4396 est
2371 4346 2680 4414 apparuisse
2695 4347 2939 4418 angelum
2961 4359 3122 4406 noctu
3148 4351 3382 4417 Labano,
3401 4364 3456 4409 et
3481 4371 3688 4424 repres-

2103 4435 2238 4490 sisse
2284 4435 2400 4506 ejus
2453 4437 2728 4507 impetum,
2783 4441 3196 4512 mandatumque
3234 4443 3447 4502 dedisse
3490 4462 3558 4502 ne
3599 4448 3684 4503 vel

2102 4540 2348 4594 asperum
2377 4528 2595 4583 verbum
2622 4530 2926 4600 loqueretur
2943 4533 3146 4591 Jacob:
3173 4535 3383 4592 dicebat
3406 4539 3573 4604 enim,
3602 4539 3685 4595 Ne

2101 4615 2323 4684 loquaris
2346 4633 2460 4671 cum
2475 4617 2636 4673 Iacob
2661 4622 2795 4674 mala
2813 4621 2963 4694 (Gen.
2989 4625 3076 4680 3|.
3099 4624 3196 4695 24)
3225 4644 3239 4679 :
3265 4636 3320 4683 et
3347 4629 3450 4684 hoc.
3478 4630 3548 4683 ita
3575 4629 3680 4684 diss

2100 4707 2372 4776 pensabat,
2404 4723 2508 4778 quo
2527 4724 2622 4778 per
2640 4709 2778 4764 illius
2798 4712 3030 4783 linguam
3059 4723 3239 4770 notum
3265 4715 3415 4771 fieret
3433 4719 3608 4787 justo;
3624 4728 3680 4773 ut

2099 4796 2365 4852 ﬁdentiori
2396 4810 2539 4854 esset
2567 4801 2747 4855 animo
2773 4816 3045 4872 comperta
3075 4815 3218 4862 tanta
3250 4807 3342 4863 Dei
3382 4810 3435 4864 in
3462 4825 3521 4864 se
3552 4826 3678 4880 pro-

2095 4888 2344 4943 videntia.
2375 4891 2525 4946 Nunc
2553 4901 2750 4961 autem,
2782 4894 2904 4964 quia
2945 4895 3108 4952 frater
3147 4901 3402 4968 temporis
3443 4902 3676 4973 longitu-

2096 4981 2219 5036 dine
2261 4982 2530 5053 mitigatus
2572 4995 2708 5050 erat,
2742 4987 3120 5058 quieveratque
3165 4988 3242 5044 ira
3289 5000 3342 5046 et
3387 4991 3675 5063 indignatio

2093 5083 2279 5128 contra
2309 5073 2470 5130 Jacob
2501 5091 2518 5129 :
2551 5076 2635 5131 hic
2659 5085 2836 5132 autem
2863 5080 3053 5135 anxius
3079 5091 3214 5147 erat,
3245 5083 3439 5139 timens
3471 5095 3527 5140 et
3563 5096 3672 5141 tre-

2095 5179 2246 5220 mens
2287 5164 2463 5220 fratris
2505 5181 2785 5222 occursum
2834 5185 2848 5221 :
2895 5169 3067 5225 bonus
3114 5172 3371 5228 Dominus
3412 5191 3518 5230 non
3563 5177 3671 5246 jam

2093 5253 2235 5308 Esau
2265 5255 2520 5324 prtncipit,
2550 5254 2705 5328 (nihil
2732 5259 2873 5313 enim
2903 5269 3089 5315 contra
3127 5260 3344 5317 fratrem
3376 5264 3667 5320 meditaba-

2093 5345 2221 5414 tur),
2253 5345 2346 5402 sed
2375 5348 2571 5414 justum
2601 5349 2821 5404 solatur.
2849 5350 2980 5406 Nam
3009 5363 3288 5423 postquam
3327 5357 3560 5412 misisset
3583 5357 3664 5412 of-

2092 5433 2323 5490 ferentes
2353 5453 2593 5507 munera,
2619 5450 2677 5496 et
2697 5441 3055 5510 dormivisset,
3081 5444 3171 5498 22.
3201 5444 3439 5500 Surrexit
3455 5448 3508 5502 iu
3527 5459 3666 5502 nom

2089 5527 2199 5594 illa,
2231 5539 2278 5582 et
2306 5546 2486 5586 uxores
2513 5534 2641 5590 duas
2667 5545 2715 5589 et
2741 5535 2877 5604 ﬁlios
2904 5539 3180 5594 transmisit
3222 5540 3274 5594 in
3315 5543 3533 5596 transitu
3565 5541 3660 5596 Ia-

2090 5733 2115 5768 ς
2148 5663 2513 5786 ΞῇιιὶκωἉςθίδι.
2541 5667 2804 5730 legendum
2844 5674 2953 5722 est:
2980 5669 3103 5724 satis
3142 5669 3260 5724 ntihi
3290 5678 3386 5735 est,
3412 5679 3465 5724 et
3502 5672 3657 5724 infra:

2090 5738 2144 5776 ,ιι
2199 5738 2241 5775 ει
2284 5738 2348 5775 nu
2384 5739 2417 5775 t.

2084 5738 2260 5776 sumat
2284 5738 2417 5775 ηωιι.
