3974 6422
254 322 358 379 509

252 440 377 494 bach
402 457 419 504 ;
449 437 542 492 25.
574 446 621 490 et
646 434 835 505 accepit
859 451 961 499 eos,
992 443 1035 487 et
1074 432 1268 485 transiit
1297 442 1584 485 torrentem.
1614 431 1703 483 2i.
1738 428 1839 481 Re-

253 533 403 585 lictus
433 539 505 583 est
535 539 703 581 autem
728 527 889 580 Iacob
918 526 1078 591 solus,
1124 534 1171 578 et
1214 523 1496 577 luctabatur
1534 523 1681 575 homo
1727 537 1840 573 cum

248 638 327 677 eo.
374 621 558 690 Magna
609 618 817 673 Domini
866 616 1167 673 clementia.
1214 614 1474 681 Quoniam
1521 624 1842 667 occursurus

249 722 363 767 erat
391 711 563 778 fratri,
594 719 650 764 ut
679 710 836 763 sciret
866 709 1037 778 reipsa
1065 707 1207 777 quod
1237 705 1369 761 nihil
1404 720 1649 773 asperum
1698 703 1840 756 latu-

248 819 341 859 rus
367 812 531 867 esset,
564 802 616 857 in
648 801 811 872 ﬁgura
840 800 1069 854 hominis
1100 799 1287 854 luctari
1321 812 1441 853 cum
1476 797 1620 867 justo
1651 794 1838 849 voluit.

248 898 455 953 Deinde
484 897 671 952 videns
698 910 757 951 se
786 896 924 949 vinci
956 894 1059 964 (a),
1100 892 1192 949 9.5.
1236 890 1599 963 Apprehendit,
1648 889 1835 958 inquit,

247 992 571 1045 latitudinem
609 990 814 1061 femoris
852 989 981 1060 ejus.
1032 986 1223 1041 Totum
1266 996 1443 1039 autem
1494 985 1594 1038 hoc
1643 982 1837 1036 factum

246 1092 351 1149 est,
382 1090 443 1136 ut
469 1096 529 1137 se
568 1081 710 1135 illius
748 1078 1031 1135 humilitati
1065 1084 1463 1147 attemperaret,
1502 1074 1836 1130 formidinem

245 1190 307 1226 ex
337 1173 517 1226 anima
541 1172 671 1241 justi
699 1170 978 1237 eximeret,
1020 1176 1074 1223 et
1110 1167 1451 1238 persuaderet
1490 1166 1559 1231 ei,
1607 1174 1664 1218 ut.
1705 1164 1836 1217 cit:a

245 1279 504 1335 angorem
531 1263 683 1317 fratri
711 1269 1036 1316 occurreret.
1071 1259 1202 1315 Nam
1231 1274 1351 1313 cum
1376 1258 1635 1311 tenuisset
1663 1255 1841 1308 latitu-

244 1353 429 1407 dinem
472 1352 691 1407 femoris
725 1350 909 1415 Jacob,
944 1348 1205 1403 Emarcuit
1252 1347 1467 1402 latitudo
1502 1346 1706 1419 femoris
1743 1343 1840 1397 J1:-

245 1446 357 1509 cob,
389 1462 504 1498 cum
545 1444 906 1498 colluctaretur
944 1442 1031 1495 ille
1070 1457 1184 1494 cum
1224 1456 1302 1493 eo.
1347 1438 1546 1492 Deinde
1579 1446 1633 1491 ut
1676 1437 1836 1490 sciret

244 1537 414 1592 Iacob
446 1538 693 1592 virtutem
721 1535 837 1604 ejus
864 1550 1021 1602 quem
1049 1548 1229 1588 secum
1262 1531 1449 1586 luctari
1481 1530 1723 1599 putabat,
1753 1528 1835 1582 di-

242 1629 403 1684 citad
427 1644 550 1684 eum
596 1647 609 1682 :
653 1626 745 1682 ‘26.
795 1626 1002 1680 Dimitte
1035 1640 1151 1689 me;
1193 1623 1417 1679 ascendit
1466 1624 1595 1677 cnim
1624 1638 1833 1676 aurora.

242 1722 499 1775 Sentiens
530 1719 688 1791 igitur
714 1718 887 1789 justus
911 1717 1327 1787 magnitudinem
1351 1715 1563 1770 virtutis
1583 1714 1715 1784 ejus,
1743 1713 1834 1782 qui

246 1816 361 1866 lucc
386 1811 486 1866 sibi
514 1811 742 1873 dixerat,
774 1809 910 1863 dixit
946 1826 959 1861 :
990 1807 1203 1862 Minime
1233 1817 1279 1861 te
1317 1807 1591 1872 dimittam,
1624 1805 1723 1859 nisi
1759 1821 1837 1859 me

243 1903 578 1957 benedixeris.
614 1903 800 1971 Magna
829 1909 1192 1971 consequutus
1231 1914 1377 1964 sum,
1414 1908 1468 1954 et
1510 1914 1628 1969 qua:
1670 1912 1831 1967 supra

244 2011 421 2051 meam
448 2005 571 2049 sunt
597 1995 903 2065 dignitatem
933 2010 946 2047 :
978 2009 1082 2048 non
1111 1992 1258 2062 prius
1294 2002 1346 2046 te
1386 1991 1702 2060 relinquam,
1732 1990 1833 2045 do-

244 2101 342 2141 nec
372 2085 803 2156 benedictionem
839 2099 867 2137 a
912 2093 962 2137 te
984 2083 1259 2153 accipiam.
1307 2081 1507 2136 Deinde
1543 2080 1691 2148 dicit,
1740 2080 1829 2134 27.

247 2177 398 2245 Quod
428 2193 611 2231 nomen
636 2186 776 2229 tuum
796 2176 911 2229 est?
939 2175 1066 2229 Vide
1095 2175 1284 2229 iterum
1312 2183 1567 2243 quantum
1592 2187 1711 2227 sese
1733 2173 1834 2227 lu-

242 2268 415 2322 milit-t
438 2276 493 2323 et
515 2275 849 2337 attemperet.
870 2264 1006 2320 Num
1033 2265 1078 2320 si
1102 2281 1210 2319 non
1234 2266 1633 2335 interrogasset,
1662 2264 1809 2319 nesci

242 2360 554 2431 vissetjusti
580 2360 813 2415 nomen?
836 2359 1046 2413 Sciebat
1066 2359 1246 2428 utique
1268 2375 1279 2410 :
1305 2356 1397 2411 sed
1416 2357 1833 2427 interrogatione

241 2455 352 2508 vult
377 2453 499 2524 ejus
534 2452 778 2508 ﬁduciam
807 2451 1057 2512 solidare,
1090 2461 1144 2505 et
1171 2450 1366 2504 docere
1394 2450 1512 2519 quis
1555 2449 1624 2503 sit
1664 2449 1753 2518 qui
1782 2450 1828 2503 ei

241 2545 510 2616 loquatur.
540 2543 608 2598 Et
633 2552 913 2613 postquam
941 2541 1094 2607 dixit,
1124 2539 1310 2605 Jacob,
1334 2537 1424 2593 28.
1458 2539 1628 2608 inquit
1660 2555 1673 2591 :
1710 2537 1831 2592 Non

239 2636 505 2699 rocabitur
552 2652 735 2690 nomen
776 2644 914 2689 tuum
953 2634 1135 2698 Jacob,
1176 2633 1264 2685 sed
1302 2629 1472 2686 Israel
1509 2632 1601 2685 erit
1650 2648 1831 2685 nomen

238 2738 409 2782 tuum.
439 2727 692 2794 Quoniam
715 2726 760 2780 si
784 2735 964 2780 contra
988 2724 1155 2778 Deum
1181 2725 1328 2793 fortis
1350 2724 1510 2794 fuisti,
1543 2724 1699 2776 multo
1726 2737 1837 2773 ma-

240 2823 316 2891 gis
344 2830 526 2873 contra
552 2819 775 2872 homines
798 2827 971 2890 potens
996 2818 1114 2871 eris.
1142 2815 1330 2869 Vidisti
1354 2814 1623 2884 quomodo
1648 2824 1833 2867 osten-

239 2913 317 2967 dit
343 2922 513 2966 tetam
550 2924 788 2976 causam,
819 2919 1035 2979 propter
1059 2923 1217 2977 quam
1250 2906 1382 2960 adeo
1421 2921 1477 2959 se
1502 2904 1734 2963 demisit,
1779 2914 1831 2959 et

240 3005 399 3060 simul
427 3004 608 3058 docuit
642 3002 842 3072 justum
883 3016 976 3071 per
1007 2998 1236 3055 nominis
1280 2998 1672 3068 impositionent
1716 2998 1835 3065 quis

240 3106 381 3151 esset
403 3111 561 3166 quem
585 3094 778 3149 viderit
799 3101 852 3149 et
867 3090 1352 3162 comprehenderit.
1389 3089 1504 3143 Non
1535 3089 1670 3142 ul.‘r.t
1690 3089 1834 3143 enim

240 3188 498 3243 vocaberis
525 3185 711 3252 Iacob,
738 3186 828 3241 sed
850 3184 1020 3238 Israel
1046 3185 1137 3237 erit
1162 3199 1341 3236 nomen
1372 3191 1532 3235 tuum.
1563 3181 1719 3235 lsraél
1742 3195 1836 3233 au-

244 3292 384 3348 tem,
407 3281 451 3334 si
480 3280 599 3349 quis
628 3279 1027 3348 interpretetur,
1055 3285 1229 3341 sonat,
1255 3273 1451 3328 Videtis
1478 3274 1662 3326 Deum.
1686 3270 1735 3338 Q
1755 3288 1834 3324 to-

173 3430 182 3439 .
243 3372 383 3425 niam
415 3370 556 3425 sicut
579 3369 762 3423 videre
787 3367 987 3422 homini
1022 3365 1274 3437 possibile
1312 3372 1414 3430 est,
1446 3364 1611 3419 Deum
1651 3362 1835 3417 videre

242 3462 527 3516 meruisti:
559 3470 838 3531 propterea
876 3467 931 3513 et
965 3456 1104 3511 hanc
1144 3455 1557 3527 appellationem
1604 3453 1696 3508 tibi
1732 3453 1835 3507 im—

245 3548 412 3626 pono,
441 3565 501 3611 ut
528 3555 779 3610 omnibus
804 3552 1032 3624 posteris
1061 3551 1401 3605 manifestum
1438 3550 1529 3615 sit,
1564 3562 1722 3618 quam
1762 3548 1839 3600 vi-

244 3650 455 3704 sionem
481 3654 799 3718 assequutus
823 3646 1006 3700 lueris.
1038 3644 1105 3699 Et
1134 3642 1349 3713 subjicit
1374 3660 1386 3695 :
1422 3640 1673 3707 Quoniam
1703 3655 1837 3710 prte-

244 3741 450 3795 valuisti
472 3749 647 3793 contra
677 3737 864 3803 Deum,
903 3745 948 3791 et
990 3744 1165 3790 contra
1195 3734 1424 3787 homines
1462 3740 1638 3802 potens
1678 3732 1777 3785 eris
1820 3747 1839 3784 :

246 3832 380 3887 nihil
410 3830 636 3901 amplius
665 3830 793 3886 time
830 3830 871 3895 ι,
899 3842 1073 3898 neque
1119 3827 1373 3881 damnum
1403 3823 1616 3895 aliquod
1644 3838 1839 3891 cupe-

242 3935 385 3990 ctes,
419 3923 560 3994 quod
587 3923 655 3979 ab
679 3924 856 3993 aliquo
881 3922 1040 3977 feras.
1076 3920 1207 3974 Nam
1234 3918 1323 3989 qui
1352 3926 1551 3973 tantam
1590 3917 1838 3971 virtutem

244 4016 530 4086 accepisti,
565 4025 621 4070 ut
646 4029 766 4069 cum
798 4015 906 4069 Deo
944 4013 1130 4067 luctari
1173 4009 1422 4075 volueris,
1464 4008 1634 4064 multo
1673 4008 1842 4079 magis

249 4108 502 4164 homines
531 4106 826 4176 superabis,
856 4114 910 4159 et
937 4104 1159 4158 invictus
1189 4101 1437 4157 omnibus
1472 4101 1599 4156 eris.

320 4202 379 4256 3.
423 4200 515 4253 llis
562 4199 755 4253 auditis
769 4198 946 4269 justus
995 4196 1379 4265 obstupescens
1426 4191 1841 4263 magnitudinem

246 4292 369 4359 ejus
400 4290 491 4361 qui
517 4304 700 4346 secum
727 4287 1152 4359 colloquebatur,
1182 4285 1312 4341 dicit
1339 4285 1389 4339 ei
1426 4301 1438 4337 :
1468 4283 1558 4339 29.
1589 4282 1845 4335 Annuutia

249 4382 381 4437 mihi
406 4398 592 4436 nomen
613 4391 773 4435 tuum.
799 4380 867 4433 Et
894 4379 1023 4434 dixit
1057 4393 1075 4431 :
1099 4376 1203 4431 Cur
1229 4376 1411 4447 quaeris
1432 4390 1613 4428 nomen
1640 4372 1847 4426 meum?

250 4476 322 4531 Et
352 4475 605 4529 benedixit
630 4490 765 4527 eum.
798 4472 941 4528 Intra
965 4480 1088 4526 tuos
1107 4470 1328 4537 limites,
1362 4468 1556 4537 inquit,
1590 4480 1765 4530 mane,
1794 4473 1848 4520 et

252 4585 323 4623 ne
354 4567 767 4638 transgredior-is
808 4578 1111 4619 mensuram
1152 4573 1318 4617 tuam.
1350 4560 1443 4615 Vis
1478 4574 1649 4614 meam
1681 4559 1846 4614 bene-

250 4661 547 4715 dictionem
574 4658 854 4713 obtinere?
887 4657 1025 4711 Ecce
1049 4670 1170 4709 eam
1200 4653 1293 4708 tibi
1315 4653 1402 4707 do.
1437 4652 1572 4705 Dicit
1594 4650 1758 4716 enim,
1783 4648 1849 4701 Et

249 4753 512 4807 benedixit
555 4768 688 4805 eum.
730 4750 826 4805 50.
866 4747 934 4801 Et
972 4746 1188 4811 vocavit,
1220 4744 1429 4814 inquit,
1466 4742 1627 4796 Iacob
1670 4756 1850 4793 nomen

257 4845 356 4898 loci
386 4843 546 4908 illius,
581 4839 816 4911 Speciem
855 4839 967 4892 Dei.
1014 4836 1126 4891 Vidi
1162 4836 1294 4889 enim
1330 4833 1496 4887 Deum
1524 4832 1654 4902 facie
1679 4830 1746 4883 ad
1770 4830 1854 4900 fr:-

256 4934 408 4997 riem,
437 4942 485 4985 et
514 4931 656 4985 salva
683 4935 823 5001 facta
850 4939 921 4984 est
950 4928 1121 4982 animo
1152 4942 1283 4981 mea.
1319 4924 1481 4979 Vides
1507 4932 1763 4993 quantum
1801 4922 1851 4975 ei

255 5027 471 5081 ﬁdurize
499 5042 527 5077 a
567 5024 773 5078 visione
811 5024 881 5078 sit
917 5021 1180 5077 inditum?
1211 5019 1370 5076 Salva
1416 5019 1553 5088 facta
1582 5025 1653 5069 est
1682 5014 1853 5068 anima

322 5156 349 5186 ι
377 5154 600 5215 Quinque
622 5159 752 5210 Mssa
775 5150 1011 5201 neminem
1035 5147 1389 5215 ampliustime.

322 5204 409 5278 (-a)‘
435 5204 534 5278 ttic'
548 5215 710 5264 series
836 5204 1380 5278 intricatatn'exhibcre
1422 5208 1591 5278 incipit
1619 5218 1636 5278 ξ
1670 5217 1781 5278 nam
1815 5204 1860 5275 si

256 5264 414 5328 ita‘s'e
438 5276 636 5333 habeat,
660 5282 713 5324 ut
737 5277 787 5324 in
810 5276 954 5324 Editis
978 5281 1030 5323 et
1060 5274 1111 5333 in
1134 5271 1462 5333 Manuscriptis
1481 5264 1857 5333 oinmbuslegi-

257 5326 360 5397 tur,
387 5338 535 5387 Jacob
555 5326 665 5407 ipse
688 5339 739 5407 in
764 5335 889 5386 lucta
912 5337 1067 5407 victus
1088 5332 1255 5407 fuerit,
1280 5326 1385 5394 ipse
1414 5330 1635 5407 (ἥκει-ἱξὲ
1666 5326 1858 5407 ψηῄιιε

258 5388 360 5457 ine:
383 5388 604 5449 ascendit
620 5398 747 5448 enim
769 5410 964 5447 aurora.
1013 5403 1065 5445 Et
1101 5388 1264 5444 tamen
1296 5388 1393 5457 non
1424 5392 1565 5457 modo
1595 5388 1860 5457 ttebraicus

258 5451 453 5519 textus,
486 5475 757 5523 manesque
787 5466 1086 5522 Interpretes
1116 5457 1225 5523 haec
1240 5454 1393 5523 verba
1413 5453 1719 5523 dicunt-esse
1742 5451 1861 5523 ‘ejus

256 5511 346 5586 Qui
372 5511 647 5586 luctabatur
672 5511 780 5586 cum
805 5535 892 5581 eo;
918 5511 1011 5586 sed
1030 5532 1137 5586 ipse
1181 5518 1550 5586 Chrysostomus
1580 5511 1859 5586 init-allicit,

259 5570 479 5648 sinunt
499 5570 649 5648 igitur
662 5584 826 5648 justus
851 5570 1227 5648 magnitudinem
1272 5570 1461 5648 :t'irttttis
1504 5576 1610 5648 ejus

260 5628 955 5704 iiii'iiiii‘r’iii‘oinﬁiobiéiﬁ
972 5628 1351 5704 vgideturi‘series
1378 5628 1677 5704 aliquantum
1695 5628 1863 5683 vitiata

263 5723 399 5759 esse.
427 5717 538 5758 Utut
564 5699 661 5765 est,
684 5714 890 5767 textum,
926 5702 1059 5756 nullo
1104 5702 1401 5767 sutl‘t'agante
1435 5699 1629 5759 ουώοθ,
1671 5704 1863 5746 mutare

272 5787 371 5822 non
386 5772 491 5821 ausi
512 5781 705 5820 sumus.

1282 315 1342 371 IN
1374 316 1522 372 CAP.
1569 313 1779 369 XXXII.
1816 309 2057 368 GENES.
2100 310 2326 365 llUillL
2370 309 2549 365 LVI”.

3437 313 3539 368 5l0

1949 442 2094 491 mea,
2149 443 2265 496 quae
2314 436 2431 481 erat
2481 428 2863 497 prepetnodnm
2915 440 3121 483 mortua
3165 444 3278 499 pro:
3324 431 3533 486 timore.

1947 517 2208 583 Quoaiatn
2252 518 2429 571 videre
2461 518 2589 571 tnihi
2629 517 2810 571 datum
2853 529 2934 573 cst
2981 520 3145 573 Deum
3192 521 3323 575 Iacie
3362 520 3428 575 ad
3462 524 3537 574 l'a-

1946 609 2106 669 cicm,
2138 606 2297 661 Salva
2318 608 2455 677 facta
2484 616 2555 661 cst
2584 609 2755 661 anima
2787 626 2914 665 mea.
2950 610 3038 664 51.
3090 610 3244 664 Ortus
3269 621 3342 665 est
3374 620 3539 665 autem

1945 696 1990 748 ei
2018 697 2114 757 sol,
2144 697 2344 762 quando
2368 698 2608 767 praeteriit
2633 698 2757 751 visio
2787 698 2899 751 Dei.
2929 698 3117 752 Vidisti
3150 702 3418 767 quomodo
3459 701 3537 755 in—

1948 786 2186 839 ﬁrmitati
2209 785 2454 841 humana:
2488 788 2741 841 Dominus
2787 804 2904 843 sese
2945 798 3326 859 attemperans,
3357 795 3535 847 omnia

1946 877 2053 945 agit
2081 886 2133 930 et
2163 885 2371 943 tractat,
2400 886 2455 931 ut
2484 892 2632 931 suam
2666 878 3045 947 benignitatem
3070 881 3338 935 declaret?
3375 883 3440 935 Et
3471 900 3537 936 ne

1945 966 2248 1030 admireris,
2294 967 2507 1032 dilecte,
2540 968 2682 1037 quod
2723 977 2864 1022 tanta
2906 970 2975 1023 sit
3013 969 3355 1040 indulgentia:
3394 972 3536 1027 illius

1945 1060 2252 1128 magnitudo
2279 1078 2291 1113 :
2320 1060 2412 1114 sed
2439 1061 2607 1130 cogita
2635 1060 2900 1129 quomodo
2940 1070 2993 1115 et
3033 1062 3366 1131 patriarcha},
3411 1080 3533 1117 cum

1944 1151 2081 1221 apud
2114 1166 2365 1220 quercum
2392 1153 2625 1218 sederet,
2655 1151 2705 1204 in
2738 1150 2967 1205 hominis
2996 1154 3158 1222 ﬁgura
3186 1170 3302 1206 cum
3330 1156 3534 1223 angelis

1944 1241 2141 1310 hospes
2166 1243 2349 1308 fuerit,
2376 1243 2700 1311 prmsignans
2743 1243 2895 1297 nobis
2925 1243 3034 1313 jam
3070 1245 3236 1298 multo
3281 1257 3436 1298 antea
3480 1257 3534 1299 ct

1942 1331 2010 1384 ab
2037 1332 2189 1387 initio
2218 1347 2276 1387 se
2307 1334 2591 1386 humanam
2619 1345 2859 1387 naturam
2887 1344 3257 1404 suscepturum
3285 1350 3405 1390 esse
3425 1375 3442 1401 ,
3475 1347 3531 1389 ιιι

1942 1424 2019 1478 sic
2038 1439 2250 1479 omnem
2279 1426 2563 1479 lnnnanam
2590 1435 2833 1481 naturam
2878 1441 2908 1478 a
2937 1426 3131 1481 diaboli
3162 1427 3439 1497 tyrannide
3471 1429 3532 1481 li-

1944 1516 2175 1583 beraret,
2208 1529 2258 1572 ct
2289 1518 2353 1571 ad
2381 1519 2609 1572 salutem
2640 1519 2940 1572 reduceret.

2025 1608 2220 1663 Veritas
2265 1610 2631 1663 incarnationis
2677 1610 3006 1673 declaratur;
3050 1610 3404 1677 beneﬁciorum
3444 1610 3533 1662 Dei

1941 1714 2265 1755 monumenta
2295 1704 2346 1756 in
2375 1703 2741 1772 Scriptura.—
2758 1702 2953 1756 Verum
2986 1711 3109 1755 tunc
3135 1702 3370 1771 quidem,
3401 1717 3533 1770 quo-

1943 1792 2083 1846 niam
2115 1792 2260 1847 initia
2291 1807 2341 1846 et
2374 1794 2630 1862 principia
2659 1802 2830 1858 erant,
2869 1796 2919 1846 in
2949 1792 3110 1862 ﬁgura
3144 1793 3429 1862 unicuique
3464 1794 3531 1846 il-

1941 1883 2113 1937 lorum
2141 1883 2450 1953 apparebat,
2478 1886 2617 1939 sicut
2650 1884 2764 1954 ipse
2798 1900 2892 1953 per
2916 1884 3076 1936 alium
3108 1884 3419 1953 prOpIu-tam
3452 1884 3533 1937 dio

1940 1974 2010 2027 cit
2041 1990 2056 2026 :
2086 1974 2198 2045 Ego
2228 1975 2441 2029 visiones
2468 1976 2817 2045 multiplicavi,
2843 1984 2886 2027 et
2914 1976 2965 2027 in
2992 1976 3230 2028 manibus
3254 1976 3523 2045 prop/teta-

1938 2083 2052 2118 rum
2078 2068 2387 2121 assimilatas
2428 2084 2537 2120 sum
2576 2067 2729 2136 (Osee
2778 2069 2864 2120 12.
2901 2066 2991 2137 10)
3038 2084 3050 2119 :
3098 2065 3310 2137 quando
3352 2076 3528 2122 autem

1938 2156 2188 2228 dignatus
2212 2167 2295 2214 est
2323 2159 2578 2214 Dominus
2603 2160 2888 2213 humanam
2912 2156 3139 2214 formam
3163 2160 3455 2229 suscipere,
3480 2171 3535 2214 et

1942 2250 2199 2319 primitias
2229 2260 2438 2306 nostras
2467 2252 2725 2321 recipere,
2760 2267 2863 2304 non
2894 2253 2946 2304 in
2978 2250 3141 2320 ﬁgura
3174 2267 3345 2319 neque
3369 2266 3535 2320 appa.

1940 2349 2149 2395 tentem
2179 2350 2382 2395 tantum
2413 2356 2651 2405 Carnem,
2684 2341 2777 2395 sed
2807 2355 2995 2395 veram
3021 2341 3212 2396 induit.
3248 2341 3315 2396 Et
3335 2357 3534 2411 capro-

1940 2441 2056 2499 pter
2098 2433 2264 2485 voluit
2310 2447 2405 2501 per
2446 2433 2624 2485 omnia
2670 2442 2849 2485 nostra
2895 2432 3156 2498 transire,
3202 2448 3262 2486 es
3310 2433 3535 2486 muliere

1939 2524 2106 2589 nasci,
2139 2523 2313 2579 infans
2343 2523 2478 2587 ﬁeri,
2522 2523 2821 2593 panniculis
2864 2522 3087 2589 involvi,
3110 2531 3164 2576 et
3200 2523 3333 2577 lacte
3366 2524 3530 2589 pasci,

1938 2616 2149 2685 aliaque
2193 2615 2369 2670 omnia
2414 2615 2577 2684 ferre,
2614 2624 2669 2669 ut.
2711 2614 3124 2683 dispensationis
3170 2614 3366 2668 veritas
3406 2629 3529 2669 cre-

1937 2706 2154 2761 dibilior
2209 2717 2386 2769 esset,
2443 2717 2494 2759 ct
2543 2705 2917 2760 haereticorum
2978 2719 3071 2758 ora
3133 2704 3529 2758 obturarcntnr.

1941 2799 2225 2867 Propterea
2284 2808 2338 2853 et
2393 2798 2592 2852 dormit
2648 2797 2699 2850 in
2761 2795 2920 2859 navi,
2992 2804 3047 2849 ct
3104 2795 3205 2848 iter
3263 2793 3419 2857 facit,
3478 2804 3535 2847 et

1938 2891 2220 2961 fatigatur,
2271 2899 2324 2945 et
2372 2890 2551 2944 omnia
2599 2888 2829 2942 humana
2879 2885 3142 2948 sustinet,
3194 2894 3249 2938 nt
3295 2900 3390 2953 per
3444 2899 3529 2938 res

1939 2982 2083 3054 ipsas
2152 2981 2419 3051 certisque
2476 2979 2807 3049 argumentis
2876 2976 3192 3045 persuadeat
3262 2974 3531 3028 omnibus.

1938 3073 2164 3143 Propter
2195 3073 2298 3128 hoc
2342 3073 2503 3127 etiam
2545 3071 2794 3125 tribunali
2841 3069 3042 3133 adstat,
3086 3076 3141 3123 et
3185 3067 3531 3136 cruciﬁgitur,

1938 3174 2272 3234 mortemque
2300 3164 2530 3218 sustinet
2559 3160 3139 3231 ignominiosissimam,
3173 3167 3227 3212 rt
3268 3160 3319 3211 in
3358 3159 3536 3227 sepul-

1939 3271 2031 3311 cro
2062 3257 2296 3326 ponitur,
2331 3264 2389 3309 ut
2425 3271 2520 3309 sua
2565 3253 2860 3308 inearnatio
2893 3268 2987 3321 per
3011 3252 3188 3305 omnia
3231 3251 3321 3304 ﬁat
3365 3251 3537 3304 mani-

1940 3349 2096 3405 festa.
2127 3348 2258 3403 Nam
2288 3349 2333 3403 si
2361 3364 2468 3402 non
2502 3362 2629 3401 vere
2668 3359 2887 3399 carnem
2924 3354 3164 3397 nostram
3201 3343 3488 3410 assumpsit
3518 3358 3531 3393 :

1941 3457 2113 3512 neque
2139 3440 2426 3495 cruciﬁxus
2451 3447 2553 3503 est,
2587 3451 2761 3507 neque
2784 3443 3046 3498 mortuus,
3072 3446 3244 3500 neque
3272 3432 3542 3500 sepultus,

1942 3550 2114 3604 neque
2155 3532 2466 3587 resurrexit.
2510 3528 2661 3597 Quod
2694 3529 2737 3583 si
2766 3542 2870 3581 non
2900 3523 3219 3588 resurrexit,
3266 3523 3442 3577 omnis
3468 3524 3537 3576 de

1945 3625 2311 3680 incarnatione
2340 3636 2521 3677 sermo
2546 3622 2836 3675 subversus
2866 3626 2969 3672 est.
3006 3615 3166 3669 Vides
3196 3615 3246 3667 in
3279 3623 3533 3683 quantam

1944 3714 2330 3770 absurditatem
2355 3711 2597 3766 incidunt
2625 3710 2716 3780 qui
2741 3708 2934 3763 divinae
2964 3706 3254 3776 Scriptura:
3275 3716 3537 3759 canoneut

1942 3805 2095 3876 sequi
2151 3804 2376 3869 nolunt,
2430 3803 2524 3858 sed
2578 3801 2693 3855 suis
2752 3796 3167 3869 cogitationibus
3228 3794 3541 3865 permittunt

1943 3895 2163 3950 omnia?
2209 3895 2401 3959 Verum
2450 3893 2588 3948 sicut
2632 3891 2719 3945 hic
2767 3889 3045 3961 perspicua
3075 3895 3159 3941 est
3204 3886 3423 3949 veritas,
3468 3884 3537 3937 ita

1944 3985 2083 4056 apud
2117 3986 2321 4055 justum
2354 3984 2504 4038 illum
2558 3982 2724 4053 ﬁgura
2767 3978 3013 4050 quaadam
3056 3984 3191 4039 erat,
3244 3990 3340 4045 per
3377 3990 3541 4043 quam

1944 4080 2126 4148 justus
2156 4078 2337 4132 multis
2364 4075 2696 4147 argumentis
2723 4073 2922 4128 certior
2966 4070 3137 4131 ﬁeret,
3170 4080 3424 4139 quantam
3457 4068 3540 4119 sui

1946 4187 2127 4227 curam
2160 4172 2297 4226 Deus
2343 4170 2585 4235 haberet,
2634 4177 2688 4222 et
2740 4166 2993 4221 invictum
3043 4178 3102 4218 se
3150 4160 3382 4217 futurum
3421 4175 3547 4215 esse

1948 4264 2197 4319 onmibns
2226 4263 2315 4333 qui
2346 4261 2447 4315 sibi
2479 4260 2878 4315 insitliarentur.
2912 4256 3132 4317 Deinde,
3160 4264 3211 4309 ut
3247 4253 3542 4323 posteritati

1949 4363 2073 4408 nota
2104 4354 2255 4407 ﬁeret
2280 4353 2395 4423 ejus
2425 4351 2581 4419 visio,
2617 4348 2957 4413 Claudicavit,
2988 4345 3177 4415 inquit,
3210 4345 3401 4411 femore
3420 4358 3545 4395 suo.

1953 4447 2040 4501 32.
2080 4446 2302 4517 PrOpter
2326 4445 2421 4498 hoc
2450 4461 2550 4499 non
2578 4441 2844 4496 comedunt
2884 4439 2981 4507 ﬁlii
3022 4435 3188 4490 Israel
3220 4450 3424 4487 neri-um
3453 4434 3539 4501 qui

1950 4540 2215 4606 emarcuit,
2249 4539 2335 4609 qui
2376 4548 2447 4591 est
2488 4552 2641 4606 super
2684 4532 3001 4587 latitudinem
3030 4522 3255 4599 femoris,
3297 4539 3454 4593 usque
3493 4525 3552 4576 in

1952 4634 2085 4686 hunc
2115 4631 2245 4685 diem
2274 4645 2294 4684 :
2323 4628 2442 4699 quia
2471 4626 2635 4696 attigit
2676 4634 2883 4677 nervum
2927 4634 3079 4688 super
3110 4614 3430 4669 latitudinem
3469 4616 3547 4699 In.

1954 4725 2105 4779 moris
2125 4721 2306 4789 Iacob,
2334 4729 2379 4773 et
2403 4717 2669 4773 emarcuit.
2696 4713 2958 4782 Quoniam
2987 4709 3129 4765 enim
3163 4709 3336 4777 justus
3363 4695 3550 4773 imp'é-

1956 4819 2022 4873 tis
2048 4818 2169 4871 vita:
2209 4830 2321 4869 suae
2360 4812 2536 4878 annis,
2585 4810 2938 4880 emigraturus
2972 4811 3088 4859 erat
3130 4818 3196 4857 ex
3235 4799 3336 4854 hac
3374 4799 3489 4853 vita.
3532 4818 3547 4851 :

1956 4909 2235 4981 oportebat
2260 4916 2437 4961 autem
2468 4901 2858 4975 providentiam
2886 4898 2979 4953 Dei
3023 4897 3075 4950 in
3109 4894 3279 4958 illum,
3320 4900 3374 4946 et
3420 4901 3553 4946 t‘an-

1959 5013 2063 5058 tam
2094 5002 2186 5056 Dei
2214 4997 2713 5069 attemperationem
2751 4993 2895 5048 omni
2930 4990 3203 5043 hominum
3231 4983 3413 5056 generi
3444 4982 3549 5036 dc-

1958 5095 2149 5149 clarari
2179 5110 2191 5145 :
2226 5091 2594 5160 Ideo,inquit,
2637 5104 2738 5142 non
2778 5085 3044 5140 contedunt
3092 5080 3187 5150 filii
3229 5073 3401 5131 Israel
3431 5090 3554 5126 ner-

1958 5205 2075 5242 vum
2118 5185 2402 5241 lntitudinis
2439 5182 2667 5255 femoris,
2711 5180 2795 5250 qui
2840 5175 3102 5231 emarcuit.
3152 5169 3336 5225 Sciens
3365 5180 3559 5220 eorum

1962 5279 2246 5335 admodum
2275 5278 2536 5348 ingratam
2568 5282 2823 5336 mentem,
2865 5278 2920 5323 et
2962 5279 3118 5335 quam
3165 5258 3552 5348 facileioblivi—

1963 5380 2177 5428 SCaItltll‘
2198 5370 2288 5424 Dei
2316 5346 2591 5429 beneﬁcia,
2621 5370 2874 5434 perpetuo
2894 5355 3105 5411 artibus
3126 5347 3441 5422 quibusdam
3471 5346 3552 5400 ef-

1965 5466 2076 5521 ﬁcit
2114 5476 2164 5519 ut
2195 5474 2539 5519 monumenta
2576 5457 2805 5511 habeant
2848 5464 3035 5504 eorum
3081 5460 3199 5516 quae
3238 5456 3268 5495 a
3312 5456 3369 5495 se
3417 5439 3557 5493 faeta

1968 5567 2111 5625 sunt,
2146 5553 2495 5627 providctqne
2522 5562 2577 5603 ut
2616 5548 2702 5601 illa
2743 5545 3069 5599 monimenta
3112 5551 3208 5608 per
3253 5529 3563 5600 hujusmodi

1889 5621 2370 5707 Vobservationes
2393 5621 2797 5702 custodiantur;
2826 5634 2877 5689 id
2918 5631 3062 5703 quod
3105 5643 3198 5699 per
3228 5622 3565 5692 Scripturam
3599 5680 3603 5684 ι

1975 5750 2138 5800 totam
2158 5737 2418 5796 invenies.
2448 5734 2571 5790 llznc
2597 5731 2741 5788 enim
2766 5727 3003 5786 mamma
3029 5735 3188 5778 causa
3205 5726 3286 5775 est
3305 5712 3561 5787 plurima-
