3974 6430
441 300 542 356 511

443 431 561 471 rum
593 413 1051 481 Observationum,
1074 410 1219 482 quod
1250 408 1378 464 velit
1416 416 1670 479 perpetuo
1702 408 1906 461 futuras
1931 420 2023 474 ge-

444 507 750 562 nerationes
790 504 1034 561 meditari
1080 502 1336 557 beneﬁcia
1382 500 1496 565 Dei,
1536 507 1593 554 et
1631 512 1736 553 non
1771 497 2037 553 oblivione

445 613 698 668 antiquam
723 597 1066 652 obliterantes
1091 593 1159 647 ad
1185 607 1313 646 suos
1340 605 1557 646 errores
1583 603 1865 644 recurrere
1901 605 1915 642 :
1945 587 2037 658 qui

443 706 563 747 mos
593 692 689 745 fuit
713 690 1016 744 .ludzeurum
1045 687 1276 742 maxime
1292 684 1439 756 genti
1464 684 1766 754 peculiaris.
1791 681 1924 737 Nam
1945 682 2036 752 qui

443 782 514 838 de
538 780 812 838 beneficiis
833 795 976 850 smpe
1001 794 1266 833 summam
1295 793 1404 847 pra:
1431 790 1490 830 se
1515 776 1752 830 tulerunt
1777 774 2036 844 ingratam

443 877 807 938 voluntatem,
859 872 1026 927 multo
1063 871 1257 940 magis,
1303 869 1406 923 nisi
1434 868 1537 924 hoc
1577 866 1764 922 fuisset
1814 865 2033 932 factum,

441 965 621 1020 omnia
648 979 770 1035 qua:
803 978 840 1017 a
882 963 990 1018 Deo
1037 962 1088 1016 in
1133 961 1278 1031 ipsos
1309 959 1445 1014 facta
1487 967 1632 1021 sunt,
1667 972 1700 1012 e
1731 967 1910 1012 mente
1942 972 2039 1012 sua

441 1057 783 1127 abjecisseut.
820 1055 1088 1110 Cancrum
1129 1051 1404 1107 videamus
1443 1065 1586 1106 nunc
1623 1048 1898 1120 quomodo
1927 1047 2037 1102 fra-

445 1151 511 1205 tri
548 1165 646 1203 suo
665 1145 900 1203 Jacobus
922 1144 1238 1201 occurrerit.
1267 1143 1554 1214 Postquam
1569 1142 1718 1198 enim
1747 1156 1811 1195 ex
1835 1140 1900 1195 iis
1919 1154 2039 1209 quae

443 1243 579 1296 facta
606 1248 751 1305 sunt,
784 1238 1030 1294 idoneam
1053 1237 1262 1308 accepit
1281 1235 1704 1291 consolationem
1727 1243 1782 1288 et
1809 1232 2036 1302 promis-

443 1339 650 1388 sionem
687 1330 830 1402 quod
880 1329 1033 1385 fortis
1075 1329 1285 1384 futurus
1330 1335 1497 1395 esset,
1544 1334 1605 1382 et
1645 1335 1836 1396 potens
1873 1324 2038 1378 etiam

444 1432 630 1478 contra
658 1421 923 1486 homines,
957 1421 1010 1476 1.
1043 1419 1268 1474 Elevatis
1294 1417 1456 1472 oculis
1485 1416 1630 1483 vidit,
1674 1424 1721 1470 et
1749 1430 1864 1470 ecce
1896 1412 2040 1467 Esau

445 1519 605 1586 frater
633 1514 764 1584 ejus,
793 1522 841 1566 et
862 1511 1220 1582 quadringenti
1239 1510 1332 1564 viri
1351 1525 1474 1564 cum
1507 1524 1590 1562 eo.
1626 1507 1691 1562 Et
1736 1506 1903 1561 divisit
1943 1505 2040 1560 Ja-

445 1605 538 1660 cob
563 1621 746 1675 pueros
771 1604 838 1656 ad
866 1602 1010 1656 Liam
1033 1613 1080 1656 et
1107 1601 1321 1667 Rachel,
1351 1610 1397 1656 et
1439 1600 1570 1654 duas
1601 1599 1836 1653 ancillas.
1872 1596 1930 1652 ἓ.
1973 1596 2040 1652 Et

452 1698 620 1766 posuit
647 1697 776 1750 duas
818 1696 1030 1750 ancillas
1071 1703 1118 1748 et
1148 1709 1331 1764 pueros
1380 1709 1556 1747 earum
1595 1692 1647 1746 in
1689 1689 1958 1763 principio,
1994 1701 2041 1744 et

448 1789 597 1842 Liam
621 1799 668 1842 et
693 1804 875 1858 pueros
901 1788 1009 1858 ejus
1036 1797 1209 1857 postea
1230 1827 1246 1852 ,
1289 1795 1337 1840 et
1381 1785 1578 1840 Rachel
1623 1801 1684 1838 ac
1717 1783 1910 1854 Joseph
1949 1800 2041 1854 po-

448 1893 680 1937 strcmos.
699 1883 752 1936 ὅ.
790 1879 818 1934 Ι
825 1897 913 1949 pse
935 1890 1105 1935 autem
1143 1880 1396 1951 pra'cessit
1427 1888 1546 1933 ante
1591 1895 1676 1933 eos
1718 1888 1766 1934 et
1810 1877 2042 1932 adoravit

445 1989 600 2043 super
637 1983 823 2026 terram
861 1973 1064 2042 septies,
1093 1971 1254 2025 donec
1278 1971 1702 2043 appropinquavit
1734 1969 1802 2022 ad
1831 1968 2042 2039 fratrem

443 2085 594 2123 suum
618 2065 774 2140 (Cap.
799 2067 926 2138 38).
959 2066 1095 2122 Vide
1121 2067 1391 2137 quomodo
1419 2065 1685 2121 divisione
1723 2064 1860 2120 facta
1879 2105 1894 2130 ,
1927 2063 2044 2135 ipse

447 2175 558 2228 pra:
587 2159 837 2214 erunibus
870 2158 1120 2213 occurrit.
1155 2156 1224 2210 Et
1258 2157 1493 2210 adoravit
1525 2172 1677 2227 super
1713 2165 1918 2220 terram,
1959 2156 2043 2209 in-

444 2250 580 2320 quit,
610 2250 812 2320 septies,
844 2249 1004 2303 donec
1032 2248 1464 2320 appropinquavit
1499 2247 1567 2300 ad
1608 2251 1818 2319 fratrem
1843 2263 1993 2302 suum
2026 2262 2045 2301 :

448 2357 543 2412 per
578 2351 781 2412 gestus,
812 2349 870 2396 et
895 2355 992 2410 per
1017 2340 1385 2396 adorationem
1415 2339 1636 2395 fratrem
1668 2341 1720 2394 in
1765 2341 1845 2396 sui
1875 2341 2041 2394 bene-

444 2433 734 2488 volentiam
767 2447 1102 2502 provocans:
1135 2431 1186 2485 id
1213 2431 1355 2501 quod
1380 2440 1436 2486 et
1461 2430 1656 2484 factum
1683 2441 1785 2486 est.
1819 2432 1873 2486 4.
1906 2429 2044 2484 Nam

445 2524 591 2580 Esau
615 2539 903 2590 occurrens,
931 2523 1121 2592 inquit,
1151 2523 1472 2593 amplexatus
1501 2533 1574 2577 est
1601 2539 1736 2589 eum,
1763 2532 1810 2577 et
1839 2525 2040 2578 oscula-

447 2628 529 2671 tus
554 2626 646 2681 est,
673 2615 983 2686 prociditque
1019 2616 1074 2669 in
1102 2615 1290 2669 collum
1319 2615 1430 2686 ejus
1461 2631 1479 2668 :
1518 2626 1564 2668 et
1594 2613 1786 2684 ﬂebant
1813 2625 2040 2685 uterque.

519 2707 578 2762 ι.
622 2706 751 2760 Vide
779 2705 1233 2776 dispensationem
1266 2707 1361 2760 Dei
1393 2723 1407 2759 :
1437 2705 1580 2776 quod
1625 2705 1767 2760 enim
1806 2705 1924 2762 heri
1965 2707 2047 2761 di-

446 2800 657 2866 cebam,
677 2799 728 2854 id
749 2799 1042 2854 etiamnum
1067 2798 1262 2854 dicam.
1290 2798 1515 2867 Quando
1539 2799 1652 2853 vult
1670 2798 1911 2855 omuium
1937 2800 2043 2855 Do-

447 2893 627 2947 minus
669 2907 820 2947 suam
862 2907 987 2963 erga
1035 2907 1135 2948 nos
1181 2892 1458 2949 declarare
1504 2894 1914 2964 providentiam,
1951 2909 2046 2950 eos

449 2985 611 3040 etiam
637 2983 728 3055 qui
758 2985 924 3042 atroci
953 2984 1005 3038 in
1053 2999 1152 3040 nos
1179 2985 1360 3040 animo
1386 2994 1532 3052 sunt,
1576 2985 1766 3040 ovibus
1797 3000 2046 3041 mansue-

449 3075 616 3131 tiores
661 3075 805 3130 facit.
852 3075 1145 3131 Considera
1189 3076 1349 3147 igitur
1392 3085 1644 3147 quantam
1695 3078 2045 3134 mutationem

449 3168 688 3224 declarat
733 3167 896 3224 Esait.
943 3168 1178 3222 Accurrit
1224 3169 1390 3235 enim,
1437 3169 1625 3240 inquit,
1676 3169 1731 3224 in
1781 3186 2046 3225 occursum

447 3263 580 3331 ejus,
626 3269 674 3314 et
722 3261 1043 3332 amplexatus
1089 3277 1204 3315 eum
1253 3261 1510 3315 osculatus
1549 3270 1660 3326 est;
1707 3272 1754 3316 et
1799 3263 2046 3332 ﬂeverunt

447 3355 614 3408 ambo.
643 3353 740 3412 Vix
769 3353 980 3409 tandem
1005 3354 1183 3424 justus
1203 3354 1489 3426 respiravit
1509 3363 1564 3411 et
1591 3355 1836 3411 timorem
1859 3371 2048 3412 excus-

447 3445 535 3508 sit,
568 3445 862 3500 animosior
888 3445 1083 3500 factus.
1117 3445 1170 3500 5.
1197 3443 1424 3500 Elevatis
1449 3456 1619 3499 autem
1642 3449 1821 3514 oculis,
1852 3447 2043 3519 inquit,

451 3537 591 3592 Esau
616 3538 739 3592 vidit
777 3538 1012 3591 mulieres
1040 3546 1087 3591 et
1126 3553 1326 3607 pueros,
1359 3548 1407 3592 et
1449 3537 1600 3606 dixit,
1635 3539 1773 3606 Quid
1815 3540 1923 3594 lucc
1959 3541 2048 3595 tibi

447 3631 604 3684 sinu?
628 3629 824 3684 Videas
848 3629 992 3683 enim
1022 3628 1202 3683 fratris
1231 3627 1534 3695 facultates,
1562 3630 1614 3684 in
1639 3631 2044 3688 admirationem

447 3722 709 3778 adductus
729 3729 834 3788 est,
858 3719 979 3776 ideo
999 3731 1054 3776 et
1081 3736 1269 3792 rogare
1287 3723 1476 3776 voluit.
1496 3722 1633 3791 Quid
1657 3724 1814 3794 igitur
1827 3724 2046 3794 justus?

454 3812 601 3878 Filii,
631 3813 819 3885 inquit,
851 3822 987 3879 sunt,
1014 3812 1196 3887 quibus
1241 3813 1632 3869 misericorditer
1659 3815 1864 3870 donavit
1907 3815 2045 3872 Deus

448 3923 646 3961 servum
673 3916 836 3961 tuum.
870 3904 1004 3962 Vide
1026 3915 1286 3977 quantum
1309 3906 1736 3964 mansuetudinis
1757 3908 1921 3964 robur
1950 3926 1962 3962 :
1990 3918 2047 3965 et

450 3997 720 4066 quomodo
750 4014 847 4068 per
873 3998 1156 4054 verborum
1185 3997 1480 4054 modestam
1511 3998 1864 4056 humilitatem
1903 3999 2045 4056 illius

453 4088 874 4160 indignationem
901 4089 1060 4162 fregit
1084 4099 1139 4146 et
1164 4091 1445 4162 mitigavit.
1475 4091 1529 4146 6.
1565 4091 1634 4146 Et
1661 4093 2046 4164 appropinqua-

453 4189 654 4247 rerunt,
683 4181 875 4250 inquit,
898 4182 1099 4237 ancilch
1122 4192 1169 4236 et
1194 4183 1313 4251 ﬁlii.
1339 4183 1395 4237 7.
1425 4181 1493 4236 Et
1518 4184 1858 4238 adoraverunt
1881 4184 1976 4237 Lia
1995 4195 2045 4239 et

451 4270 662 4326 Rachel.
709 4271 777 4326 Et
806 4271 932 4326 dixit
969 4287 988 4327 :
1020 4273 1074 4328 8.
1123 4273 1262 4337 Quid
1291 4273 1400 4328 hcec
1437 4275 1524 4328 tibi
1557 4284 1698 4342 sunt,
1742 4275 1914 4330 omnia
1951 4292 2043 4330 ca-

445 4373 551 4416 stra
574 4362 665 4417 illa
689 4379 807 4434 qua
835 4363 959 4416 mihi
982 4363 1180 4418 obviam
1205 4364 1488 4419 venerunt?
1509 4363 1613 4420 Ille
1655 4375 1825 4421 autem
1851 4367 1981 4422 dixit
2024 4383 2046 4422 :

449 4454 518 4510 Ut
544 4456 761 4511 inveniat
790 4473 959 4512 servus
985 4466 1103 4512 tuus
1128 4458 1348 4529 gratiam
1373 4474 1544 4513 coram
1575 4468 1640 4513 te.

520 4545 828 4604 Humilitate
847 4549 997 4602 vincit
1024 4553 1237 4620 fratrem
1255 4547 1436 4604 Iacob.
1457 4580 1528 4591 --
1542 4549 1859 4619 Considera,
1881 4551 2044 4608 obse-

443 4651 561 4704 cro,
591 4639 860 4708 quomodo
899 4639 1200 4696 humilitate
1244 4641 1444 4712 ingenti
1473 4640 1696 4698 fratrem
1723 4641 1982 4699 devicerit
2024 4661 2039 4698 :

446 4737 502 4781 et
523 4742 681 4798 quem
714 4729 934 4798 putabat
958 4731 1094 4787 afﬁci
1121 4746 1246 4802 erga
1286 4745 1347 4788 se
1374 4731 1643 4788 hostiliter
1667 4740 1724 4788 et
1765 4734 2040 4802 atrociter,

449 4815 524 4870 ita
553 4817 816 4871 invenerit
859 4829 1194 4876 mansuetum
1227 4829 1286 4875 ut
1323 4821 1550 4879 voluerit
1592 4822 1646 4877 in
1688 4823 2040 4880 ministerium

447 4907 568 4977 ejus
595 4921 758 4962 omne
799 4907 1037 4964 ofﬁcium
1075 4925 1231 4968 suum
1271 4912 1566 4970 declarare.
1607 4915 1661 4970 9.
1694 4914 1839 4971 Dixit
1871 4917 2038 4984 enim,

445 4997 638 5069 inquit,
670 5008 787 5052 sunt
827 4999 954 5052 mihi
992 5000 1171 5066 multa,
1199 5002 1378 5072 frater,
1418 5005 1519 5060 sint
1557 5006 1644 5060 tibi
1688 5016 1794 5061 tua.
1844 5007 2040 5064 Verum

446 5107 622 5162 neque
651 5091 752 5148 hoc
783 5092 1025 5161 permisit
1050 5092 1248 5160 Jacob,
1277 5096 1372 5151 sed
1411 5107 1716 5154 monstrans
1744 5100 1928 5170 quanti
1958 5099 2041 5155 fa-

444 5188 553 5243 ciat
571 5185 690 5256 ejus
706 5187 1015 5254 amicitiam,
1035 5188 1227 5257 inquit,
1255 5187 1340 5244 10.
1370 5189 1432 5245 Si
1448 5191 1613 5246 inveni
1632 5194 1850 5263 gratiam
1868 5210 2041 5248 coram

445 5289 514 5346 te,
544 5279 717 5350 accipe
734 5281 870 5336 dona
890 5280 954 5335 de
975 5280 1206 5336 manibus
1230 5283 1374 5339 meis.
1402 5282 1542 5337 Nam
1572 5295 1779 5354 propter
1799 5287 1892 5341 hoc
1912 5287 2042 5342 vide-

447 5370 562 5422 bam
597 5372 778 5440 faciem
805 5384 943 5428 tuam
964 5415 978 5440 ,
1003 5375 1149 5444 quasi
1168 5376 1352 5448 aliquis
1377 5377 1543 5431 videat
1569 5378 1758 5431 vultum
1786 5378 1900 5433 Dei.
1938 5383 2042 5436 Ac-

447 5462 600 5530 cipe,
633 5462 837 5532 inquit,
870 5465 1010 5520 dona
1050 5482 1170 5538 quae
1210 5483 1240 5521 a
1285 5483 1373 5524 me
1407 5468 1504 5524 tibi
1541 5468 1856 5524 offeruntur.
1906 5472 2038 5527 Cum

449 5560 591 5604 tanta
619 5554 761 5606 enim
785 5554 1113 5622 jucunditate
1139 5558 1246 5614 vidi
1276 5559 1463 5616 faciem
1495 5569 1662 5628 tuam,
1694 5576 1816 5616 cum
1842 5573 2037 5633 quanta

451 5641 570 5707 quis
598 5641 790 5698 viderit
823 5643 916 5698 Dei
947 5645 1155 5704 faciem.
1205 5651 1321 5706 lloc
1366 5655 1540 5724 magni
1584 5653 1824 5724 obsequii
1870 5656 2039 5725 gratia

450 5727 649 5786 dictum
677 5742 760 5790 est
787 5747 821 5786 ι
845 5731 1006 5805 justo,
1041 5749 1098 5794 ut
1124 5754 1246 5796 eum
1273 5740 1622 5813 demulccrct,
1652 5755 1703 5802 ct
1740 5744 1806 5802 ad
1847 5745 2039 5804 frater-

1193 294 1251 350 S.
1292 290 1570 349 JOANNIS
1608 287 2084 346 CllllYSOSTOlli
2125 286 2442 344 AllCﬂlEP.
2483 287 3016 346 CONSTANTiNOI‘.

3640 291 3742 346 hi9.

2145 419 2266 456 nam
2291 401 2720 458 benevolentiam
2753 403 2992 459 duceret.
3026 402 3090 458 Et
3118 403 3487 473 beneplucilmn
3513 404 3637 456 mihi
3665 411 3739 475 fa-

2141 494 2264 563 cies,
2289 494 2389 550 hoc
2401 505 2504 563 est,
2521 505 2727 566 gratum
2753 496 2884 550 mihi
2909 497 3090 552 facies.
3110 497 3196 552 11.
3219 497 3406 565 Accipe
3421 497 3580 568 igitur
3608 498 3752 552 bene-

2142 587 2386 640 dictiones
2427 604 2554 657 quas
2587 588 2738 642 attuli
2773 588 2896 652 tibi,
2925 589 3044 658 quia
3071 589 3304 643 misertus
3336 597 3410 642 est
3438 590 3540 642 mei
3569 589 3707 643 Deus
3727 629 3747 658 ,

2142 688 2190 730 et
2212 687 2330 731 sunt
2348 679 2471 732 mihi
2491 679 2680 732 onmia.
2707 678 2785 733 Ne
2805 679 3093 746 detrectes,
3116 678 3307 751 inquit,
3331 681 3601 749 accipere.
3625 681 3746 738 lla-c

2143 771 2285 823 enim
2312 770 2490 824 omnia
2515 785 2544 823 a
2578 770 2685 824 Deo
2707 770 2836 824 mihi
2857 770 3051 824 donata
3083 779 3226 838 sunt,
3260 781 3316 826 et
3350 771 3437 826 hic
3477 771 3610 826 tnihi
3649 767 3775 830 lio-'.

2143 877 2260 916 rum
2291 861 2531 916 omnium
2551 861 2917 932 suppeditatur
2940 862 3110 918 factus
3132 873 3234 920 est.
3264 863 3366 919 Per
3395 880 3516 934 qua:
3540 865 3746 934 placide

2143 962 2201 1007 et
2228 953 2373 1007 illum
2395 953 2598 1020 docuit,
2617 963 2815 1024 quanta
2843 971 2968 1024 erga
2989 971 3048 1011 se
3079 954 3237 1012 fuerit
3258 956 3352 1012 Dei
3384 957 3740 1022 providentia,

2143 1054 2198 1099 et
2222 1044 2397 1100 cﬁ'ucit
2428 1054 2485 1100 ut
2509 1061 2754 1117 magnam
2791 1046 2891 1102 sibi
2930 1059 3283 1103 reverentiam
3325 1049 3630 1104 exhiberet.
3680 1047 3745 1103 Et

2143 1136 2303 1206 coegit
2327 1153 2463 1202 eum,
2481 1146 2526 1190 et
2545 1138 2758 1208 accepit.
2790 1136 2927 1193 Vide
2955 1153 3098 1193 nunc
3118 1139 3491 1194 mutationem.
3538 1139 3604 1194 Et
3621 1141 3748 1194 dixit

2149 1228 2310 1294 Esau,
2340 1229 2563 1300 Profecti
2589 1248 2760 1286 eamus
2790 1232 2842 1285 in
2862 1242 3049 1286 rectam
3075 1249 3094 1286 :
3121 1231 3233 1287 lloc
3255 1241 3376 1298 est,
3405 1248 3552 1287 nunc
3588 1234 3742 1288 simul

2145 1319 2249 1374 iter
2276 1318 2555 1375 faciamus.
2605 1320 2699 1377 llle
2717 1331 2896 1378 autem
2926 1331 3174 1378 causatus
3199 1323 3483 1380 honestum
3513 1335 3738 1394 prauos.

2147 1419 2256 1464 tum
2291 1427 2304 1464 :
2336 1410 2582 1466 Dominus
2600 1429 2758 1480 meus,
2785 1413 2971 1484 inquit,
3003 1414 3098 1467 scit
3117 1415 3252 1484 quod
3277 1415 3372 1483 ﬁlii
3403 1415 3500 1468 mei
3528 1417 3739 1469 tenerio-

2146 1516 2246 1568 res,
2275 1511 2322 1554 et
2351 1517 2484 1568 oves,
2514 1511 2560 1555 et
2579 1502 2720 1557 boves
2744 1506 2876 1574 [κείω
2901 1504 3003 1557 sint
3033 1520 3053 1557 :
3071 1505 3117 1558 si
3144 1505 3296 1576 igitur
3319 1505 3457 1573 sequi
3481 1523 3543 1558 ea
3567 1523 3741 1576 cogam

2145 1607 2246 1644 uno
2273 1591 2354 1644 die
2371 1633 2387 1658 ,
2419 1592 2712 1646 morientur.
2739 1592 2854 1647 Non
2881 1609 3096 1664 possum
3121 1636 3136 1661 ,
3177 1596 3364 1666 inquit,
3395 1597 3742 1652 acceleratius

2144 1683 2322 1738 facere
2349 1686 2467 1750 iter,
2483 1684 2578 1739 sed
2591 1700 2752 1756 cogor
2773 1685 2916 1741 lente
2936 1695 2990 1741 et
3003 1687 3327 1757 pedetentim
3344 1688 3620 1758 progredi,
3641 1699 3742 1742 tam

2147 1784 2367 1845 propter
2401 1791 2596 1845 pueros
2628 1792 2785 1847 quam
2831 1787 3048 1848 prepter
3073 1779 3327 1848 pecudes,
3351 1789 3407 1832 ut
3428 1794 3535 1834 non
3562 1779 3740 1834 labore

2149 1868 2374 1936 plurimo
2391 1869 2783 1938 pereant.\’ade
2798 1870 2975 1940 igitur,
2996 1871 3186 1942 inquit,
3203 1881 3258 1926 tu
3276 1887 3404 1942 :ego
3417 1882 3602 1928 autem
3623 1890 3739 1942 par.

2145 1974 2275 2014 cens
2305 1960 2472 2014 labori
2519 1976 2804 2030 puerorum
2832 1970 2885 2016 et
2917 1962 3179 2031 pecudum
3204 2004 3220 2030 ,
3246 1964 3568 2018 conveniam
3605 1975 3656 2019 te
3694 1967 3741 2019 in

2147 2050 2284 2106 Scir.
2309 2051 2509 2118 Quibus
2526 2053 2720 2107 auditis
2737 2052 2899 2108 frater
2916 2055 3024 2109 :15.
3046 2055 3108 2110 Si
3137 2056 3230 2122 vis,
3252 2055 3442 2128 inquit.
3462 2059 3741 2127 relinquant

2147 2144 2344 2214 aliquos
2365 2162 2590 2200 meorum
2615 2146 2754 2216 apud
2780 2158 2846 2202 te.
2874 2146 3125 2203 Faciebat
3141 2152 3241 2206 hoc
3259 2151 3311 2205 in
3333 2153 3547 2222 signum
3571 2156 3741 2222 magni

2148 2237 2369 2291 lnmoris
2391 2248 2446 2292 et
2471 2237 2655 2293 ofﬁcii.
2689 2238 2782 2294 Ille
2805 2249 2982 2294 autem
3005 2241 3137 2296 nihil
3165 2243 3266 2297 tale
3285 2245 3515 2313 accepit.
3541 2244 3744 2300 Sufﬁcit

2149 2331 2290 2385 enim
2320 2331 2472 2399 mihi,
2494 2332 2680 2402 inquit,
2705 2332 2844 2404 quod
2867 2350 2992 2389 vere
3017 2335 3193 2390 inveni
3220 2335 3444 2406 gratiam
3466 2353 3651 2392 coram
3673 2348 3740 2393 te.

2149 2422 2260 2478 lloc
2289 2439 2450 2478 unum
2477 2423 2604 2478 mihi
2629 2439 2774 2480 cura:
2803 2435 2937 2492 erat,
2970 2437 3028 2482 ut
3066 2428 3297 2483 amicum
3341 2438 3392 2484 te
3428 2430 3742 2485 invenirem.

2148 2514 2410 2581 Quoniam
2444 2516 2600 2586 igitur
2628 2516 2730 2572 hoc
2755 2526 3076 2588 assequutus
3098 2535 3238 2584 sum,
3267 2535 3372 2574 non
3398 2521 3626 2576 alterius
3649 2537 3743 2577 cu-

2143 2609 2377 2680 juspiam
2424 2610 2657 2681 indigeo.
2691 2611 2779 2666 l7.
2807 2609 2875 2664 Et
2915 2612 3192 2682 profectus,
3223 2613 3412 2684 inquit,
3441 2612 3607 2668 Iacob
3631 2617 3744 2687 fecit

2148 2703 2242 2756 sibi
2268 2702 2368 2773 ipsi
2393 2713 2440 2758 et
2459 2704 2703 2773 iumentis
2726 2705 2830 2760 suis
2854 2706 3182 2762 tabernacula
3206 2722 3226 2761 :
3252 2718 3522 2778 prapterea
3558 2711 3745 2764 vocarit

2149 2799 2316 2852 locum
2348 2797 2493 2852 illum
2521 2797 2894 2854 Tabernacula.

2218 2889 2276 2945 5.
2300 2887 2518 2944 Horalis
2538 2891 2802 2961 epilogus;
2839 2891 3070 2946 inimicos
3108 2893 3203 2946 sibi
3244 2891 3523 2947 conciliare
3563 2911 3748 2965 magna

2149 2983 2339 3048 virtus;
2386 2985 2716 3038 mansuetudo
2754 2995 2995 3055 quantum
3037 2985 3134 3038 vim
3173 2984 3371 3039 habeat.
3398 3015 3470 3026 —
3497 2985 3628 3040 Haec
3650 3003 3742 3040 au-

2149 3077 2354 3133 dientes
2380 3077 2650 3132 imitemur
2683 3077 2886 3147 justum
2924 3077 3098 3144 illum,
3135 3085 3190 3132 ct
3225 3078 3470 3134 eamdem
3495 3078 3738 3134 exhibea-

2149 3185 2269 3226 mus
2295 3167 2652 3224 humilitatem
2681 3169 2848 3224 animi
2872 3187 2886 3223 :
2914 3177 2969 3224 et
2992 3168 3036 3223 si
3065 3169 3154 3238 qui
3179 3177 3305 3224 sunt
3329 3169 3418 3240 qui
3447 3170 3592 3225 male
3622 3187 3741 3239 erga

2151 3275 2249 3314 nos
2278 3259 2576 3315 afficiantur
2601 3300 2616 3324 ,
2642 3273 2748 3314 non
2777 3260 2946 3330 magis
2975 3274 3162 3314 eorum
3189 3259 3549 3316 accendamus
3579 3261 3741 3326 iram,

2149 3351 2245 3408 scd
2273 3367 2461 3422 magna
2489 3351 2897 3408 mansuetudine
2923 3361 2977 3408 et
3004 3353 3303 3408 humilitate
3329 3360 3436 3408 tam
3460 3353 3742 3409 verborum

2148 3460 2309 3514 quam
2336 3459 2557 3516 Operam
2584 3445 2939 3515 reprimamus
2963 3459 3148 3500 eorum
3177 3445 3504 3512 inimicitias,
3526 3457 3586 3502 et
3616 3447 3747 3502 indi.

2149 3544 2336 3605 gnatas
2357 3550 2542 3591 eorum
2574 3550 2824 3591 curemus
2851 3537 3078 3592 animas.
3103 3535 3237 3592 Vide
3260 3538 3402 3592 enim
3431 3540 3744 3608 sapientiam

2151 3625 2308 3695 hujus
2354 3625 2511 3695 iusti.
2546 3626 2818 3698 quomodo
2849 3641 3040 3698 magna
3067 3627 3354 3683 verborum
3393 3629 3638 3685 efﬁcacia
3678 3631 3744 3684 ita

2151 3716 2297 3773 Esau
2323 3716 2606 3785 demulsit,
2635 3727 2694 3774 ut
2718 3728 2771 3774 et
2793 3719 2864 3774 ad
2891 3734 3014 3776 eum
3039 3719 3321 3776 colendum
3345 3721 3664 3789 festinaret,
3696 3734 3747 3778 et

2149 3809 2326 3866 facere
2341 3810 2503 3867 vellet
2520 3813 2698 3867 omnia
2723 3828 2842 3883 qua:
2868 3813 2934 3868 ad
2963 3813 3079 3884 ejus
3103 3814 3436 3884 pertinebant
3458 3815 3744 3873 honorem.

2149 3903 2262 3959 lloc
2290 3919 2416 3960 vere
2447 3919 2672 3960 summa:
2695 3905 2902 3960 virtutis
2929 3916 3011 3961 est
3036 3946 3052 3971 ,
3082 3914 3141 3961 ut
3175 3922 3282 3962 non
3318 3907 3494 3962 solum
3524 3924 3626 3966 eos
3661 3911 3748 3980 qui

2149 3996 2288 4052 bene
2316 3996 2369 4051 in
2395 4011 2495 4052 nos
2520 3995 2825 4054 afﬁciuntur
2845 4040 2861 4066 ,
2892 4014 3085 4071 magno
3123 4001 3303 4056 studio
3336 4001 3627 4072 diligamus
3647 4045 3661 4068 ,
3699 4015 3749 4058 et

2148 4087 2228 4142 cis
2251 4088 2500 4142 omnibus
2527 4087 2702 4144 modis
2728 4089 3024 4145 serviamus
3053 4107 3068 4143 :
3097 4090 3194 4146 sed
3223 4099 3282 4146 ut
3317 4091 3480 4147 etiam
3523 4109 3622 4149 eos
3661 4096 3748 4164 qui

2148 4178 2306 4234 nobis
2330 4177 2507 4234 infesti
2543 4193 2667 4235 esse
2689 4180 2894 4247 volunt,
2926 4181 3237 4238 assiduitate
3263 4183 3563 4238 ofﬁciorum
3593 4186 3746 4241 nobis

2147 4271 2497 4327 conciliemus
2539 4275 2760 4330 amicos.
2808 4273 2949 4330 Nihil
2989 4275 3131 4330 enim
3171 4277 3582 4334 mansuetudine
3635 4280 3750 4333 vio-

2149 4363 2366 4421 lentius.
2396 4364 2529 4420 Nam
2557 4366 2695 4423 sicut
2721 4384 2907 4439 rogum
2934 4369 3283 4426 vehementer
3307 4371 3586 4426 incensum
3612 4388 3747 4443 aqua

2149 4455 2343 4526 injecta
2376 4458 2678 4528 restinguit,
2710 4460 2779 4514 ita
2809 4469 2864 4514 et
2889 4460 3124 4515 animant
3153 4463 3367 4517 camino
3396 4461 3569 4532 magis
3591 4479 3746 4518 exar-

2147 4549 2457 4605 descentem
2477 4591 2494 4616 ,
2521 4551 2742 4606 verbum
2773 4566 2895 4606 cum
2923 4552 3332 4608 mansuetudine
3361 4553 3628 4623 prolatum
3659 4570 3747 4608 cs-

2147 4640 2370 4710 stinguit
2398 4659 2411 4696 :
2441 4651 2495 4696 et
2529 4641 2724 4714 duplex
2756 4642 2877 4698 inde
2900 4643 3054 4699 nobis
3079 4643 3286 4699 lucrum
3315 4647 3600 4715 accrescit,
3636 4657 3742 4702 tmn

2148 4733 2290 4804 quod
2319 4751 2416 4788 nos
2443 4737 2905 4792 mansuetudinem
2942 4737 3261 4793 exhibemus
3281 4781 3294 4804 ,
3323 4747 3436 4794 tum
3461 4739 3606 4810 quod
3639 4740 3746 4794 fua-

2156 4827 2252 4882 tris
2283 4827 2697 4898 indignationem
2727 4828 2999 4898 scdamus,
3025 4839 3079 4886 et
3101 4839 3335 4886 mentem
3366 4833 3485 4901 ejus
3509 4848 3540 4886 a
3567 4833 3745 4888 turbas

2150 4921 2294 4976 tione
2320 4920 2629 4977 liberamus.
2654 4921 2792 4990 Quid
2821 4921 2997 4990 enim,
3029 4921 3117 4978 dic
3143 4923 3310 4979 mihi?
3340 4925 3532 4980 Annon
3565 4941 3744 4998 repre-

2115 5041 2120 5043 -
2149 5011 2340 5068 luendis
2377 5011 2593 5068 fratrem
2636 5023 2783 5068 tuum
2819 5022 2875 5068 et
2908 5029 3129 5070 accusas
3155 5015 3272 5085 ejus
3300 5015 3742 5087 indignationem,

2147 5103 2290 5175 quod
2323 5102 2590 5159 hostiliter
2612 5103 2684 5158 sit
2707 5103 2931 5159 aﬁ‘ectus
2955 5120 3079 5176 erga
3107 5107 3196 5162 te?
3221 5106 3328 5162 Cur
3353 5108 3515 5178 igitur
3537 5123 3648 5163 non
3670 5109 3742 5164 di-

2147 5210 2302 5250 versa
2332 5195 2412 5249 via
2443 5194 2624 5250 studes
2650 5196 2920 5263 incedere,
2951 5198 3046 5252 sed
3077 5197 3191 5268 ipse
3225 5200 3393 5270 magis
3431 5201 3594 5256 irasci
3627 5202 3742 5256 vis!

2146 5286 2282 5341 Num
2313 5297 2489 5357 potest
2517 5287 2622 5356 igni
2657 5287 2794 5358 ignis
2822 5289 3125 5360 exstingui?
3154 5290 3435 5362 Repuguat
3463 5292 3568 5348 hoc
3593 5303 3739 5348 natu-

2148 5396 2242 5434 m.
2273 5380 2363 5434 Sic
2387 5395 2560 5449 neque
2587 5381 2731 5434 furor
2756 5379 2936 5436 furore
2959 5381 3064 5436 alio
3083 5381 3375 5438 demulceri
3400 5384 3598 5454 poterit
3630 5402 3738 5440 um.

2147 5487 2329 5542 quam.
2365 5470 2576 5525 Etenim
2603 5471 2743 5540 quod
2777 5471 2883 5541 igni
2912 5480 2995 5527 est
3023 5487 3158 5543 aqua
3179 5515 3196 5539 ,
3228 5474 3328 5528 hoc
3354 5485 3440 5529 est
3464 5475 3560 5531 ira:
3586 5492 3738 5531 man-

2147 5561 2374 5618 suetudo
2409 5571 2464 5616 ct
2497 5562 2814 5618 moderatio.
2857 5563 3142 5634 Propterea
3170 5576 3224 5620 et
3251 5565 3498 5622 Christus
3533 5568 3738 5623 dicebat

2146 5653 2419 5725 discipulis
2453 5673 2466 5709 :
2496 5655 2558 5710 Si
2596 5654 2858 5727 diligentes
2882 5671 2968 5712 vos
2991 5657 3202 5728 diligitis
3226 5699 3240 5722 ,
3275 5675 3428 5728 quam
3463 5664 3735 5714 mercedem

2149 5746 2338 5803 habetis
2371 5745 2595 5818 (Matth.
2627 5747 2678 5802 5.
2710 5749 2778 5803 46
2798 5747 2858 5822 )?
2903 5747 3103 5805 Deinde
3134 5750 3301 5820 magis
3329 5749 3394 5804 ad
3425 5749 3523 5806 huc
3551 5753 3735 5807 cultor.
