3974 6434
225 417 317 471 5H

215 527 276 583 τὸ
301 525 590 596 βούλεσθαι
617 528 779 581 αὐτὸν
801 529 1156 595 ἀδιαλείπτως
1184 533 1282 596 τὰς
1312 534 1437 604 ἑξῆς
1472 531 1664 600 γενεὰς
1700 545 1796 599 με·

214 614 380 683 λετᾷν
409 611 502 664 τοῦ
527 611 663 664 Θεοῦ
696 612 792 676 τάς
820 613 1154 684 εὐεργεσίας,
1182 618 1274 669 καὶ
1303 617 1376 688 μὴ
1399 617 1570 685 λήθην
1595 613 1798 666 τούτων

217 693 625 765 ποιησαμένους
655 695 748 747 ἐπὶ
777 696 876 766 τὴν
906 697 1112 749 οἰκείαν
1146 698 1352 768 πλάνην
1382 697 1539 751 πάλιν
1571 695 1798 764 ἀνατρέ-

215 796 334 848 χειν
359 794 373 806 ·
401 776 640 846 μάλιστα
660 778 768 848 γάρ
783 778 940 830 τοῦτο
961 778 1080 842 ἐθος
1099 779 1176 849 τῷ
1201 781 1310 832 τῶν
1334 779 1600 832 Ἰουδαίων
1627 779 1793 846 γένει.

214 861 277 914 Ol
307 859 422 931 γάρ
450 859 546 912 καὶ
577 861 708 930 παρ’
739 857 908 924 αὐτὰς
931 861 1030 924 τὰς
1058 863 1375 934 εὐεργεσίας
1410 862 1666 925 πολλάκις
1697 862 1795 932 τὴν

212 942 426 995 οἰκείαν
463 943 853 1012 ἀγνωμοσύνην
882 944 1328 1016 ἐπιδεικνύμενοι,
1379 945 1554 1015 πολλῷ
1597 945 1794 1014 μᾶλλον

213 1026 261 1076 εί
297 1024 378 1095 μὴ
403 1023 563 1077 τοῦτο
601 1025 830 1092 ἐγίνετο,
866 1027 1042 1080 πάντα
1071 1028 1136 1082 ἂν
1164 1028 1231 1082 τά
1261 1031 1409 1098 παρά
1433 1029 1523 1081 τοῦ
1551 1027 1687 1081 Θεοῦ
1716 1030 1796 1090 εἰς

211 1108 412 1170 αὐτοὺς
431 1123 628 1178 γεγενη
639 1108 772 1177 μένα
790 1108 1038 1173 ἐξέϐα).ον
1049 1111 1149 1180 τῆς
1164 1111 1367 1174 οίκείας
1383 1111 1636 1176 διανοίας.
1656 1111 1794 1165 Ἀλλ’

215 1191 419 1259 ἴδωμεν
444 1189 660 1251 λοιπὸν,
701 1191 818 1254 πῶς
869 1190 936 1245 τά
980 1194 1077 1264 τῆς
1123 1194 1406 1264 συντυχίας
1449 1195 1656 1262 γίνεται
1715 1193 1792 1262 τῷ

225 1271 428 1324 Ἰακὼϐ
478 1273 613 1342 πρὸς
660 1272 750 1325 τὸν
792 1274 1036 1342 ἀδελφόν.
1098 1276 1314 1347 Ἐπειδὴ
1371 1277 1481 1346 γὰρ
1519 1276 1792 1347 ἀρκοῦσαν

213 1355 373 1408 ἔλαϐε
407 1356 756 1426 παράκλησιν
787 1359 850 1410 ἐκ
880 1357 987 1409 τῶν
1014 1361 1392 1428 γεγενημένων
1425 1361 1517 1412 καὶ
1569 1361 1788 1428 ὑπόσχε-

215 1456 300 1490 σιν
348 1438 568 1502 ἐδέξατο
600 1440 678 1491 ὄτι
717 1440 933 1511 ἰσχυρὸς
965 1441 1135 1500 ἔσται,
1183 1444 1276 1494 καὶ
1328 1442 1464 1512 μετὰ
1495 1441 1792 1513 ἀνθρώπων

212 1520 456 1583 δυνατὸς,
507 1521 1089 1593 Ἀναϐ.ίέψας,φησὶν,
1109 1520 1246 1586 εἶδε,
1265 1525 1359 1577 καὶ
1391 1524 1516 1578 ίδοὺ
1540 1524 1726 1578 Ἡσαῦ
1760 1525 1794 1578 ὁ

212 1601 480 1670 ἀδελφὸς
496 1601 702 1666 αὑτοῦ,
719 1605 814 1656 καὶ
836 1607 1203 1672 τετρακόσιοι
1220 1606 1434 1674 ἄνδρες
1445 1607 1571 1674 μετ’
1583 1605 1790 1660 αὐτοῦ.

214 1687 324 1740 Kal
348 1685 576 1738 διεῖλεν
611 1685 812 1740 Ἰακὼϐ
835 1689 905 1740 τὰ
932 1689 1135 1742 παιδιά
1167 1691 1264 1742 ἐπὶ
1307 1691 1486 1743 Λείαν
1520 1689 1618 1741 καὶ
1656 1690 1789 1742 Ῥα-

213 1770 335 1840 χὴλ
363 1769 462 1824 καὶ
489 1769 593 1834 τὰς
615 1768 723 1822 δύο
747 1770 1062 1836 παιδίσκας
1076 1812 1087 1824 .
1104 1773 1209 1825 Kal
1228 1773 1392 1826 ἔθετο
1409 1777 1514 1839 τὰς
1529 1773 1636 1826 δύο
1655 1787 1788 1824 παι-

211 1853 432 1920 δίσκας
445 1855 540 1908 καί
569 1855 710 1921 τοὺς
725 1855 893 1922 υἱοὺς
910 1856 1108 1909 αὐτῶν
1122 1857 1191 1909 ἐν
1206 1857 1474 1924 πρώτοις,
1494 1857 1588 1910 καὶ
1609 1856 1790 1909 Λείαν

213 1938 312 1990 καί
341 1939 413 1992 τὰ
445 1940 652 1991 παιδία
679 1938 872 2007 αὐτῆς
904 1941 1111 2005 ὀπίσω,
1149 1940 1246 1994 καὶ
1280 1941 1495 2009 Ῥαχὴλ
1541 1940 1636 1992 καί
1684 1939 1789 1991 τὸν

225 2021 450 2089 Ἰωσὴφ
469 2021 540 2074 ἐν
563 2021 713 2094 [567]
737 2022 1034 2092 ἐσχάτοις.
1067 2024 1253 2089 Αὐτὸς
1279 2023 1346 2076 δὲ
1368 2023 1788 2092 11701710811]:-

212 2107 480 2171 προσθεν
514 2103 745 2168 αὐτῶν,
770 2105 870 2158 καὶ
909 2108 1368 2174 προσεκύνησεν
1395 2107 1491 2158 ἐπὶ
1526 2105 1641 2172 τὴν
1673 2104 1790 2174 γῆν

209 2185 478 2250 ἑπτάκις,
490 2185 599 2252 ἕως
613 2186 819 2257 ἤγγικε
839 2185 917 2252 τῷ
931 2187 1170 2258 ἀδελφῷ
1185 2189 1540 2260 αύτοῦ.”ορα
1557 2188 1671 2251 πῶς
1689 2187 1788 2258 τὴν

209 2269 473 2341 διαίρεσιν
502 2272 886 2342 ποιησάμενος,
913 2272 1074 2333 αὐτὸς
1097 2273 1201 2344 πρὸ
1222 2273 1439 2327 πάντων
1467 2271 1564 2343 τὴν
1597 2287 1782 2324 συντυ-

209 2352 334 2423 χίαν
354 2357 608 2407 ποιεῖται.
628 2354 735 2407 Kal
754 2355 1196 2422 προσεκύνησε,
1216 2357 1398 2426 φησὶν,
1419 2355 1514 2408 ἐπὶ
1536 2352 1652 2422 τὴν
1672 2352 1788 2423 γῆν

208 2437 482 2502 ἑπτάκις,
516 2436 626 2502 ἕως
652 2433 726 2492 οὗ
757 2436 971 2506 ἥγνισε
996 2437 1074 2503 τῷ
1097 2437 1339 2506 ἀδελφῷ
1365 2437 1550 2490 αὑτοῦ
1570 2453 1584 2467 ·
1631 2435 1786 2504 ἐφελ·

210 2519 439 2589 κόμενος
471 2519 564 2571 καὶ
583 2519 670 2572 διὰ
701 2519 794 2571 τοῦ
825 2521 1100 2590 σχήματος
1132 2521 1225 2573 καὶ
1251 2520 1339 2573 διὰ
1368 2520 1464 2588 τῆς
1481 2519 1786 2589 προσκυνή-

212 2618 349 2665 σεως
367 2601 462 2653 τὸν
486 2601 714 2671 ἀδελφὸν
735 2603 814 2665 είς
837 2604 936 2673 τὴν
963 2603 1089 2673 περὶ
1119 2602 1280 2656 αὐτὸν
1295 2601 1506 2654 εὔνοιαν
1522 2619 1534 2632 ·
1551 2601 1578 2653 ὃ
1597 2601 1661 2670 δὴ
1691 2600 1786 2652 καὶ

217 2683 427 2752 γέγονε.
463 2685 868 2753 Προσδραμὼν
894 2686 1023 2754 γὰρ,
1060 2685 1244 2755 φησὶν,
1282 2685 1486 2746 Ἠσαῦ,
1507 2684 1603 2737 καί
1627 2699 1786 2749 περι-

208 2767 408 2822 λαϐὼν
435 2769 624 2822 αὐτὸν
654 2770 942 2838 ἐφίλησε,
990 2769 1084 2822 καὶ
1121 2769 1502 2837 προσέπεσεν
1548 2767 1648 2820 ἐπὶ
1678 2765 1786 2820 τὸν

209 2855 519 2924 τράχηλον
546 2851 732 2906 αὐτοῦ
752 2867 767 2881 ⁸
809 2852 905 2905 καί
932 2853 1242 2907 ἔκλαυσαν
1268 2853 1608 2921 ἀμφότεροι.

267 2947 484 3022 δ’.”Ὀρα
496 2948 629 3002 Θεοῦ
646 2948 978 3018 οἰκονομίανο
997 2949 1131 3019 ὅπερ
1149 2948 1258 3018 γὰρ
1272 2946 1399 3018 χθὲς
1415 2947 1616 3015 ἔλεγον,
1629 2945 1785 3000 τοῦτο

211 3047 304 3090 καὶ
335 3035 432 3088 νῦν
457 3033 569 3105 ἐρῶ
589 3049 604 3063 ο
634 3034 716 3087 ὅτι
745 3033 871 3085 ὅταν
895 3031 1149 3102 βούληται
1170 3035 1198 3086 6
1219 3033 1326 3084 τῶν
1350 3033 1486 3086 ὅλων
1510 3032 1784 3103 Δεσπότης

209 3120 309 3188 τὴν
345 3119 476 3188 περὶ
509 3117 656 3187 ἡμᾶς
701 3115 1028 3185 κηδεμονίαν
1071 3115 1480 3178 ἐπιδείξασθαι,
1516 3115 1610 3167 καὶ
1657 3116 1783 3176 τοὺς

209 3201 503 3272 ἀνημέρως
533 3199 669 3266 πρὸς
694 3199 840 3268 ἡμᾶς
860 3198 1230 3267 διακειμένους
1247 3197 1534 3268 προϐάτων
1560 3199 1667 3266 ἡμε
1677 3214 1781 3268 ρω-

207 3286 404 3354 τέρους
437 3282 748 3353 ἐργάζεται.
804 3282 1003 3335 Σκόπει
1049 3281 1246 3342 τοίνυν,
1298 3281 1430 3350 ὅσην
1483 3280 1783 3350 μεταϐολὴν

209 3367 578 3419 ἐπιδείκνυται
604 3365 631 3416 6
677 3362 870 3416 Ἡσαῦ.
903 3363 1282 3431 Προσέδραμε
1304 3361 1412 3432 γὰρ
1431 3401 1444 3424 ,
1483 3363 1668 3432 φησὶν,
1699 3364 1784 3426 εἱς

210 3449 599 3513 συνάντησιν
624 3446 830 3508 αὐτοῦ,
868 3446 964 3500 καὶ
1001 3447 1337 3514 περιλαϐὼν
1366 3447 1650 3515 ἐφίλησε·
1687 3444 1783 3498 καὶ

209 3535 531 3586 ἔκλαυσαν
567 3529 906 3598 ἀμφότεροι.
943 3530 1112 3593 Μόλις
1166 3531 1294 3583 ποτέ
1337 3533 1366 3583 6
1408 3531 1612 3592 δίκαιος
1656 3529 1782 3582 ἀνέ-

209 3632 436 3674 πνευσε,
479 3615 574 3667 καὶ
620 3613 710 3666 τὸν
761 3612 922 3681 φόϐον
951 3613 1294 3678 ἀπεσείσατο,
1327 3615 1420 3669 καὶ.
1451 3615 1549 3683 τῆς
1585 3611 1784 3675 δειλίας

210 3700 392 3754 ὲλευθε
404 3697 618 3769 ρωθεὶς,
644 3697 707 3749 θα
717 3714 746 3768 ρ
755 3696 983 3749 σαλεώτε
993 3715 1081 3768 ρος
1121 3698 1340 3765 γέγονεν
1349 3739 1361 3752 .
1423 3695 1660 3751 Ἀναϐλέ
1668 3699 1785 3764 ψας

206 3783 295 3846 δὲ,
328 3783 514 3850 φησὶν,
547 3779 731 3833 Ἠσαῦ
765 3776 885 3833 εἶδε
907 3780 1010 3845 τὰς
1025 3781 1311 3850 γυναῖκας
1338 3779 1433 3833 καὶ
1459 3781 1530 3834 τὰ
1557 3779 1780 3841 παιδία,

207 3867 302 3918 καί
324 3859 458 3918 εἷπε
476 3881 490 3894 ·
539 3865 601 3916 Τί
631 3861 814 3915 ταῦτά
835 3864 938 3916 σοί
961 3864 1162 3927 ἐστιν;
1191 3863 1360 3933 Ὁρῶν
1379 3861 1486 3932 γὰρ
1515 3863 1605 3914 τοῦ
1632 3862 1782 3915 ἀδελ-

206 3950 308 4019 φοῦ
335 3949 436 4019 τὴν
461 3945 796 4017 περιουσίαν,
836 3944 1100 4008 ἐξενίζετο
1120 3945 1213 3998 καὶ
1246 3945 1520 4015 ἐθαύμαζε
1542 3962 1555 3974 ·
1579 3945 1660 3997 διδ
1690 3944 1784 3998 καὶ

204 4035 421 4104 ἐρωτᾷν
451 4031 719 4083 ἐϐούλετο.
755 4029 820 4081 Τί
844 4024 936 4081 οὖν
971 4031 1000 4082 6
1023 4027 1264 4092 δίκαιος;
1303 4027 1383 4082 Τὰ
1411 4027 1649 4093 παιδία,
1681 4045 1784 4099 φη-

208 4119 315 4181 σὶν,
335 4111 428 4180 οἷς
459 4114 724 4182 ἠλέησεν
742 4114 771 4165 6
805 4111 947 4178 Θεὸς
969 4111 1077 4164 τὸν
1098 4112 1280 4165 παῖδά
1305 4128 1444 4168 σου.
1471 4114 1610 4184 Ὅρα
1643 4113 1782 4182 πόση

204 4199 310 4270 τῆς
347 4197 650 4260 ἐπιεικείας
683 4197 719 4265 ἡ
754 4197 926 4266 ἰσχὺς,
947 4199 1041 4250 καὶ
1055 4197 1202 4260 ὅπως
1233 4197 1320 4249 διὰ
1340 4198 1438 4267 τῆς
1461 4197 1568 4249 τῶν
1603 4197 1782 4267 ῥημά-

205 4299 315 4334 των
350 4279 847 4350 ταπεινοφροσύνης
873 4279 1079 4332 ἐκείνου
1107 4280 1196 4332 τὸν
1222 4280 1391 4350 θυμὸν
1419 4280 1782 4349 κατεπράϋνε.

205 4365 319 4420 Kal
351 4362 792 4433 3;,oalirrtaar,
827 4363 1089 4432 φησὶν,αἱ
1122 4363 1432 4416 παιδίσκαι
1463 4364 1558 4415 καί
1601 4365 1670 4416 τὰ
1697 4363 1786 4416 τέ-

203 4463 346 4509 κνα,
379 4446 478 4500 καί
508 4446 976 4513 προσεκύνησαν
1000 4445 1038 4513 ἡ
1059 4447 1201 4499 Λεία
1227 4445 1376 4513 καὶὴ
1407 4446 1652 4515 Ῥαχήλ.
1673 4447 1782 4500 Kal

201 4529 338 4584 εἷπε
361 4548 372 4559 ·
407 4530 467 4582 Τί
508 4528 691 4582 ταῦτά
728 4529 830 4582 σοί
878 4529 1044 4591 ἐστι,
1085 4527 1271 4582 πᾶσαι
1309 4532 1367 4583 al
1418 4531 1777 4597 παρεμϐολαί

200 4611 406 4674 αὗται,
435 4608 532 4678 αἷς
574 4611 934 4680 ἁπήντηκα;
978 4613 1039 4665 '0
1083 4612 1151 4666 δὲ
1178 4609 1522 4668 εἷπεν·”1να
1571 4613 1713 4683 εὕρῃ
1748 4617 1781 4668 ό

202 4697 349 4763 παῖς
373 4712 491 4750 σου
521 4694 693 4763 χάριν
713 4697 987 4749 ἐναντίον
1007 4713 1143 4748 σου.

269 4793 388 4848 Θέα
406 4810 496 4862 μοι
513 4792 629 4855 πῶς
652 4796 717 4864 τῇ
737 4792 1006 4864 ὑπερϐολῇ
1025 4794 1120 4863 τῆς
1139 4793 1632 4865 ταπεινοφροσύνης
1658 4813 1783 4848 κατ-

201 4876 544 4930 εδουλώσατο
567 4875 654 4928 τὸν
672 4875 898 4943 ἀδελφὸν
936 4877 1028 4928 καὶ
1057 4876 1116 4927 ὃν
1142 4876 1388 4945 ἐνόμιζεν
1415 4877 1623 4948 ἀγρίως
1649 4878 1782 4948 πρὸς

199 4961 370 5013 αὐτὸν
398 4959 722 5021 διακεῖσθαι,
751 4958 922 5021 οῦτως
960 4955 1116 5025 ε’ὑρεν
1140 4960 1366 5030 ῆμερον,
1397 4960 1472 5023 ὡς
1495 4959 1781 5028 βούλεσθαι

201 5047 342 5116 πρὸς
364 5044 662 5114 θεραπείαν
694 5043 858 5095 αὐτοῦ
891 5044 1066 5096 πάντα
1094 5044 1162 5096 τά
1194 5043 1322 5112 παρ’
1360 5043 1551 5096 ἐαυτοῦ
1579 5045 1780 5098 ἐπιδεί-

200 5129 422 5195 ξασθαι.
463 5125 608 5180 Εἶπε
637 5127 766 5198 γὰρ,
805 5128 991 5196 φησὶν.
1019 5129 1262 5195 ἐστιμοι
1289 5129 1511 5193 πολλὰ,
1531 5129 1778 5198 ἀδελφέ,

197 5216 360 5267 ἔστω
391 5229 491 5265 σοι
521 5213 590 5264 τὰ
615 5211 715 5264 σιὶ.
754 5212 889 5264 Ἀλλ’
913 5210 1032 5264 οὐδὲ
1049 5210 1218 5274 οῦτως
1237 5211 1492 5281 ἠνέσχετο
1512 5215 1538 5265 ὁ
1564 5213 1775 5277 Ἰακὼϐ,

197 5298 337 5352 ἀλλὰ
365 5296 582 5358 δεικνὺς
605 5295 734 5362 ὅσην
758 5297 989 5348 ποιεῖται
1013 5294 1246 5362 σπουδὴν
1273 5295 1366 5346 τοῦ
1397 5297 1595 5366 εὐμενῆ
1618 5297 1779 5350 αὐτὸν

198 5379 366 5449 ἔχειν,
392 5377 585 5448 φησίν·
614 5381 678 5431 El
703 5377 928 5446 εὕρηκα
955 5377 1131 5446 χάριν
1155 5377 1433 5430 ἐναντίον
1455 5395 1590 5444 σου,
1613 5379 1779 5443 δέξαι

196 5467 266 5519 τὰ
293 5463 464 5533 δῶρα
495 5466 563 5518 ἐκ
593 5463 711 5518 τῶν
749 5464 959 5531 χειρῶν
979 5481 1118 5532 μου.
1157 5464 1398 5518 Ἕνεκεν
1429 5464 1538 5533 γὰρ
1567 5467 1778 5520 τούτου

199 5546 366 5604 εἶδον
394 5548 463 5601 τὸ
493 5549 818 5616 πρόσωπόν
840 5563 975 5611 σου,
1002 5547 1082 5611 ὼς
1109 5545 1185 5599 ἂν
1211 5564 1300 5612 τις
1327 5547 1437 5600 ἴδοι
1458 5549 1781 5616 πρόσωπον

200 5632 368 5687 Θεοῦ.
402 5631 581 5696 Δέξαι,
616 5631 768 5700 φησὶ,
802 5629 868 5682 τά
903 5631 1032 5700 παρ’
1067 5628 1200 5696 ἐμοῦ
1228 5646 1307 5682 σοι
1333 5629 1480 5700 δῶρα
1509 5632 1778 5702 προσαγό-

201 5732 356 5784 μενα.
393 5713 552 5768 Μετά
601 5711 867 5782 τοσαύτης
898 5712 1006 5783 γὰρ
1036 5712 1386 5782 περιχαρείας
1426 5708 1563 5768 εἶδόν
1593 5731 1686 5769 σου
1719 5715 1780 5768 τὸ

199 5803 530 5872 πρόσωπον,
577 5799 695 5869 μεθ’
744 5800 874 5868 ὅσης
908 5799 973 5852 ἀν
1021 5815 1105 5862 τις
1149 5799 1248 5852 ῐδοι
1275 5799 1410 5853 Θεοῦ
1464 5801 1773 5871 πρόσωπον.

201 5883 372 5936 Τοῦτο
406 5881 703 5952 θεραπείας
732 5881 928 5951 πολλῆς
963 5881 1126 5933 ἕνεκα
1156 5881 1350 5954 ἐρρέθη
1394 5885 1544 5954 παρά
1568 5883 1660 5936 τοῦ
1697 5884 1774 5938 δι-

201 5965 374 6033 καίου,
411 5963 553 6018 ὥστε
584 5963 745 6016 αὐτὸν
768 5963 1166 6032 καταμαλάξαι,
1195 5964 1289 6019 καὶ
1325 5965 1458 6036 πρὸς
1488 5965 1586 6038 τὴν
1618 5966 1774 6022 ἀδελ-

523 6053 802 6115 Ρηιιοι..
847 6053 937 6111 (in
1026 6055 1182 6118 LIV.

1263 417 1326 470 ΙΝ
1365 418 1516 472 CAP.
1564 414 1748 470 XXXII
1791 411 2305 492 GENES.IIIO.\III..
2347 415 2524 471 LVEII.

3367 425 3476 482 5ίέ

1904 529 2069 598 φικῆν
2103 529 2311 584 εὔνοιαν
2336 534 2579 600 ἀγαγεῖν.
2601 529 2706 584 Kal
2726 529 3078 599 εὐδοκήσεις
3099 550 3194 602 με,
3221 535 3340 589 ἀντί
3359 540 3479 602 τοῦ,

1901 611 1973 661 T6
1995 612 2226 682 ἀρέσκον
2255 631 2343 684 μοι
2369 615 2632 683 ποιήσεις.
2654 614 2806 667 Λάϐε
2826 615 3035 668 τοίνυν
3049 617 3155 682 τὰς
3173 621 3473 689 εὐλογίας,

1901 692 1973 758 ἇς
2000 695 2265 764 ὲνήνοχά
2297 714 2416 763 σοι,
2454 696 2542 749 ὅτι
2570 696 2798 761 ἠλέησε
2821 714 2898 764 με
2934 701 2966 750 ὀ
3006 699 3180 764 Θεὸς,
3211 702 3306 753 καὶ
3341 703 3475 756 ἐστι

1893 793 1993 844 μοι
2030 777 2243 832 πάντα.
2280 781 2370 849 Μὴ
2395 781 2730 852 παραιτήσῃ,
2751 781 2902 848 φησὶ,
2929 779 3132 834 λαϐεῖν,
3154 783 3339 838 Ταῦτα
3366 788 3473 856 γάρ

1900 860 2076 911 πάντα
2109 862 2260 931 παρά
2288 862 2380 914 τοῦ
2410 862 2544 915 Θεοῦ
2583 880 2672 930 μοι
2704 862 2997 932 δεδώρηται
3022 903 3035 926 ,
3065 864 3158 916 καὶ
3188 867 3349 930 αὐτός
3383 887 3472 938 μοι

1897 941 2102 996 τούτων
2160 945 2413 998 ἁπάντων
2466 943 2695 1016 χορηγὸς
2752 945 3059 1016 γεγένηται.
3121 948 3218 1000 Διά
3268 950 3473 1004 τούτων

1897 1026 2081 1096 ἠρέμα
2114 1027 2360 1081 κάκεῖνον
2387 1029 2662 1082 ἐδίδασκεν
2689 1041 2737 1090 ⁸,
2768 1029 2896 1097 ὅσης
2928 1030 3168 1094 ἀξιοῦται
3197 1032 3296 1102 τῆς
3319 1036 3471 1104 παρὰ

1897 1107 1989 1160 τοῦ
2012 1108 2144 1161 Θεοῦ
2168 1109 2444 1182 προνοίας,
2467 1112 2562 1164 καὶ
2585 1110 2961 1182 παρεσκεύαζε
2992 1111 3190 1183 πολλὴν
3211 1115 3310 1184 τὴν
3341 1117 3470 1187 περὶ

1897 1190 2060 1244 αὑτὸν
2091 1193 2223 1246 αἰδῶ
2253 1193 2674 1247 ἐπιδείκνυσθαι.
2695 1195 2802 1246 Kal
2832 1196 3230 1261 παρεϐιάσατο
3260 1199 3468 1260 αὑτὸν,

1895 1274 1990 1326 καὶ
2027 1274 2262 1330 ἔλαϐεν.
2307 1277 2450 1347 Ὅρα
2477 1276 2660 1328 λοιπὸν
2683 1276 2780 1344 τὴν
2810 1276 3128 1347 μεταϐολήν.
3158 1279 3270 1330 Kal
3299 1275 3470 1333 εἶπεν

1908 1356 2107 1410 Ἡσαῦ·
2143 1358 2493 1426 Ἀπάίαντες
2509 1357 2930 1427 πορευσώμεθα
2959 1359 3049 1411 ἐπ’
3079 1359 3334 1423 εὐθεῖαν,
3350 1363 3471 1416 ἀντὶ

1893 1439 2008 1494 τοῦ.
2036 1441 2235 1494 Λοιπὸν
2258 1445 2410 1512 κοινῇ
2453 1441 2807 1511 ποιησώμεθα
2834 1441 2932 1511 τὴν
2959 1441 3105 1512 [568]
3141 1443 3462 1514 ὁδοιπορίαν.

1906 1522 1964 1574 'U
1996 1523 2052 1576 δέ
2089 1525 2260 1588 αίτεί,
2294 1526 2565 1595 πρόφασιν
2589 1525 2809 1593 εὔλογον
2849 1524 3129 1596 εὑρηκώς·
3180 1527 3233 1578 ’0
3267 1530 3473 1596 κύριός

1886 1622 2006 1674 μου
2025 1645 2040 1669 ,
2079 1609 2211 1677 φησὶ
2231 1647 2244 1669 ,
2280 1609 2556 1677 γινώσκει
2581 1649 2594 1668 ,
2637 1609 2723 1661 ὅτι
2751 1613 2823 1662 τὰ
2860 1608 3066 1661 παιδία
3093 1609 3463 1677 ἁπαλώτερα,

1891 1689 1989 1741 καὶ
2020 1688 2091 1741 τὰ
2118 1693 2380 1756 πρόϐατα
2409 1692 2506 1744 καί
2547 1694 2606 1743 al
2632 1692 2780 1756 ,βόες
2808 1691 3192 1758 λοχεύονταιι
3222 1692 3331 1746 ἐὰν
3356 1688 3470 1748 οὖν

1891 1771 2230 1835 καταδιώξω
2258 1775 2409 1828 αὐτὰ
2430 1773 2660 1841 ἡμέραν
2692 1773 2870 1841 μίαν,
2903 1773 3361 1826 ἀποθανοῦνται.
3391 1776 3467 1828 Οὐ

1889 1853 2141 1924 δύναμαι,
2176 1857 2328 1924 φησὶ,
2361 1856 2765 1926 συντομώτερον
2789 1857 3116 1924 ποιήσασθαι
3144 1857 3240 1926 τὴν
3263 1858 3467 1926 ἀποδη-

1893 1936 2040 2006 μίαν,
2070 1937 2184 1990 ἀλλ’
2210 1939 2388 2009 ἠρέμα
2417 1940 2509 1990 καὶ
2543 1938 2684 1990 κατὰ
2714 1939 2906 2008 μικρὸν
2932 1937 3311 2007 ἀναγκάζομαι
3330 1941 3466 1993 ὁδοι-

1890 2023 2077 2090 πορεῖν
2109 2020 2197 2074 διά
2236 2038 2295 2073 τε
2328 2021 2396 2073 τὰ
2447 2021 2631 2073 παιδία
2675 2020 2766 2072 καὶ
2797 2020 2867 2072 τὰ
2909 2020 3136 2088 ποίμνια
3162 2061 3178 2084 ,
3216 2021 3355 2074 ὥστε
3388 2023 3463 2094 μὴ

1889 2101 2246 2173 διαφθαρῆναι
2271 2103 2349 2172 τῷ
2387 2105 2622 2172 πλείστῳ
2653 2104 2904 2174 καμάτῳ.
2949 2105 3187 2174 Πορεύου
3223 2101 3334 2166 οῦν,
3361 2123 3464 2172 φη-

1892 2185 1976 2238 σὶν
1997 2225 2012 2246 ,
2044 2185 2237 2251 αὐτὸς,
2268 2187 2378 2254 ἐγὼ
2413 2187 2467 2239 δέ
2515 2186 2655 2238 κατά
2697 2187 2858 2257 μέρος
2888 2187 3319 2256 ὑποτεμνόμενος
3353 2188 3464 2239 τῶν

1891 2268 2116 2321 παιδίων
2138 2269 2229 2322 τὸν
2262 2270 2506 2340 κάματον
2534 2271 2626 2322 καὶ
2655 2269 2765 2322 τῶν
2794 2269 3080 2339 ποιμνίων,
3124 2268 3266 2322 οὑτω
3294 2286 3463 2322 κατα-

1889 2351 2128 2421 λήψομαί
2157 2369 2216 2404 σε
2247 2354 2326 2415 είς
2351 2354 2452 2422 τὴν
2472 2353 2656 2422 Σηείρ.
2689 2353 2872 2405 Ταῦτα
2903 2353 3146 2414 ἀκούσας
3167 2355 3194 2405 6
3215 2353 3461 2421 ἀδελφὸς,

1888 2436 1958 2487 Εί
1975 2435 2190 2496 βούλει
2213 2475 2229 2499 ,
2265 2436 2430 2503 φησι,
2467 2437 2807 2488 καταλείπω
2845 2435 3010 2500 τινὰς
3045 2435 3161 2488 τῶν
3190 2435 3311 2488 σὺν
3331 2436 3461 2503 ἐμοὶ

1881 2515 2033 2584 μετὰ
2066 2517 2181 2571 σοῦ
2205 2559 2219 2579 ,
2251 2517 2453 2588 πολλῆς
2491 2518 2657 2587 τιμῆς
2701 2517 2796 2569 καὶ
2839 2517 3132 2588 θεραπείας
3167 2519 3259 2570 καὶ
3305 2519 3462 2571 τοῦτο

1884 2597 2081 2668 δεῖγμα
2113 2598 2452 2668 ποιούμενος.
2499 2600 2557 2652 Ὀ
2599 2599 2656 2652 δέ
2709 2600 2830 2652 οὐδέ
2878 2599 3035 2652 τοῦτο
3070 2600 3419 2669 καταδέχεται
3444 2618 3458 2631 ο

1897 2680 2085 2748 Ἀρκεῖ
2102 2699 2226 2749 μοι,
2255 2683 2438 2752 φησὶν,
2473 2682 2563 2735 ὅτι
2586 2683 2742 2746 ὅλως
2775 2677 2956 2748 εὗρον
2985 2681 3160 2750 χάριν
3184 2683 3462 2735 ἐναντίον

1885 2777 2021 2816 σου.
2058 2763 2225 2816 Τοῦτό
2267 2781 2354 2834 μοι
2396 2760 2464 2834 ἦν
2509 2763 3005 2835 περισπούδαστον,
3049 2764 3109 2815 τὸ
3156 2764 3356 2834 εὐμενῆ
3401 2782 3460 2816 σε

1885 2844 2083 2916 εὑρεῖν.
2133 2847 2284 2899 Ἐπεὶ
2329 2843 2421 2900 οὖν
2470 2847 2658 2900 τούτου
2691 2847 2991 2915 ἐπέτυχον,
3021 2846 3231 2910 οὐδενὸς
3273 2848 3460 2918 ἐτέρου

1883 2926 2094 2998 δέομαι.
2108 2929 2215 2981 Kal
2239 2929 2470 2995 ἀπάρας
2490 2969 2504 2986 .
2531 2930 2713 2998 φησὶν,
2745 2929 2945 2982 Ἰακὼϐ
2962 2929 3250 2995 ἐποίησεν
3271 2929 3462 2992 ἐαυτῷ

1882 3013 2118 3079 σκηνὰς
2154 3012 2252 3065 καί
2284 3012 2406 3078 τοῖς
2432 3013 2722 3080 κτήνεσιν
2747 3014 2966 3067 αὑτοῦ·
2994 3015 3093 3066 διὰ
3123 3013 3295 3067 τοῦτο
3320 3013 3460 3067 ἐκάο

1881 3100 2029 3151 λεσε
2071 3095 2179 3149 τὸν
2211 3098 2416 3160 τόπον,
2449 3098 2695 3164 Σκηναί.

1953 3177 2206 3232 ε’.Ταῦτα
2224 3179 2280 3232 δέ
2297 3179 2583 3242 ἀκούοντες
2609 3177 2902 3250 μιμώμεθα
2922 3179 3013 3232 τὸν
3029 3179 3232 3233 δίκαιον
3249 3179 3456 3240 τοῦτον,

1883 3259 1976 3313 καὶ
2002 3260 2266 3330 τοσαύτην
2299 3260 2760 3330 ἐπιδεικνυώμεθα
2795 3262 3293 3332 ταπεινοφροσύνην
3318 3280 3329 3291 ·
3364 3265 3458 3315 καὶ

1882 3343 2104 3396 ἐπειδὰν
2131 3337 2234 3397 ὧσί
2279 3361 2425 3407 τινες
2459 3343 2596 3415 πρὸς
2625 3346 2770 3413 ἡμᾶς
2792 3344 2969 3415 ἀηδῶς
2987 3345 3315 3414 διακείμενοι
3339 3385 3353 3408 ,
3383 3348 3456 3414 μὴ

1881 3424 1974 3476 ἐπὶ
2001 3425 2162 3478 πλέον
2187 3425 2506 3496 ἐξάπτωμεν
2535 3427 2626 3478 τὸν
2655 3426 2843 3496 θυμὸν,
2875 3427 3011 3480 ἀλλά
3047 3431 3114 3497 τῇ
3141 3427 3306 3498 πολλῇ
3341 3431 3460 3480 ἐπι-

1881 3507 2056 3577 εικείᾳ
2082 3507 2175 3560 καὶ
2209 3511 2274 3580 τῇ
2307 3508 2770 3580 ταπεινοφροσύνῃ
2794 3549 2808 3572 ,
2832 3512 2899 3580 τῇ
2934 3509 3024 3561 διὰ
3059 3509 3353 3580 ῥημάτων,
3389 3514 3457 3582 τῇ

1881 3589 1969 3642 διά
2015 3593 2356 3662 πραγμάτων
2389 3592 2841 3663 καταστέλλωμεν
2887 3592 3064 3646 αὐτῶν
3092 3594 3191 3662 τὴν
3238 3593 3456 3664 ἔχθραν,

1883 3673 1978 3726 καὶ
2003 3675 2336 3745 ἰατρεύωμεν
2359 3675 2538 3728 αὐτῶν
2566 3675 2664 3746 τὴν
2695 3675 2872 3745 ψυχὴν
2896 3676 3456 3747 κεκακωμένην.”()ρα

1883 3757 1991 3828 γὰρ
2026 3758 2122 3828 τὴν
2173 3759 2359 3827 σοφίαν
2385 3759 2575 3812 τούτου
2606 3759 2700 3812 τοῦ
2729 3758 2936 3812 δικαίου
2957 3798 2971 3822 ,
3023 3760 3168 3822 ὅπως
3195 3763 3260 3829 τῇ
3290 3759 3455 3831 πολλῇ

1883 3840 2098 3910 εὐτονία
2127 3841 2233 3894 τῶν
2263 3842 2522 3911 ῥημάτων
2551 3839 2691 3893 οὑτω
2720 3841 2810 3894 τὸν
2847 3839 3018 3894 Ἠσαῦ
3061 3842 3456 3912 κατεμάλαξεν.

1883 3922 1957 3985 ὡς
1985 3925 2081 3976 καὶ
2109 3923 2244 3992 πρὸς
2273 3923 2562 3992 θεραπείαν
2595 3921 2758 3975 αὐτοῦ
2787 3922 3134 3990 ἐπείγεσθαι,
3166 3924 3258 3976 καὶ
3283 3925 3459 3977 πάντα

1886 4005 2022 4074 πρὸς
2047 4004 2145 4075 τὴν
2167 4005 2356 4058 τούτου
2386 4009 2552 4076 τιμὴν
2587 4005 2866 4075 βούλεσθαι
2901 4011 3088 4060 ποιεῖν.
3123 4007 3291 4060 Τοῦτο
3321 4008 3455 4076 ἀλη-

1884 4088 1992 4151 θῶς
2024 4089 2284 4158 μεγίστης
2317 4090 2465 4142 ἐστὶν
2502 4090 2736 4160 ἀρετῆς,
2766 4091 2864 4160 οὐχ
2904 4091 3031 4144 ὅταν
3061 4091 3184 4154 τούς
3222 4093 3460 4161 γνησίως

1885 4171 2020 4240 πρὸς
2053 4173 2196 4241 ἡμᾶς
2241 4171 2616 4241 διακειμένους
2650 4175 2868 4244 ἀγαπᾷν
2902 4174 3318 4244 σπουδάζωμεν,
3363 4177 3458 4229 καὶ

1884 4253 2271 4324 θεραπεύωμεν
2304 4256 2466 4308 παντὶ
2503 4255 2580 4325 τῷ
2611 4257 2830 4328 τρόπῳ,
2869 4257 3002 4311 ἀλλά
3031 4257 3123 4310 καὶ
3152 4261 3279 4312 ὅταν
3331 4261 3458 4320 τοὺς

1884 4337 2210 4408 ἐπηρεάζειν
2242 4339 2373 4407 ἡμῖν
2421 4338 2774 4409 βουλομένους
2819 4339 2907 4394 διά
2935 4342 3033 4411 τῆς
3062 4341 3262 4410 πολλῆς
3292 4359 3457 4414 προσ-

1882 4420 2069 4488 ηνείας
2097 4419 2476 4490 ἐπισπώμεθα.
2508 4421 2670 4475 Οὐδὲν
2705 4422 2812 4493 γάρ
2841 4424 3138 4487 ἐπιεικείας
3174 4425 3458 4494 σφοδρότε-

1888 4520 1998 4573 ρον.
2018 4503 2229 4575 Ὥσπερ
2254 4504 2361 4574 γάρ
2381 4503 2475 4574 τὴν
2506 4505 2680 4575 πυράν
2702 4505 2942 4575 σφοδρῶς
2964 4506 3219 4568 πολλάκις
3243 4507 3454 4558 ἐκκαιο-

1887 4585 2054 4655 μένην
2087 4585 2226 4656 ὕδωρ
2257 4585 2545 4656 ἐπιϐληθέν
2577 4586 2921 4650 κατέσϐεσεν,
2962 4587 3102 4640 οὕτω
3127 4588 3221 4641 καὶ
3245 4589 3334 4640 τὸν
3362 4587 3456 4640 ου-

1885 4666 1985 4736 μδν
2031 4667 2260 4736 καμίνου
2314 4668 2663 4740 σφοδρότερον
2717 4667 3080 4739 ἐξαπτόμενον
3128 4669 3284 4738 λόγος
3334 4672 3452 4741 μετ’

1881 4750 2176 4812 ἐπιεικείας,
2204 4749 2408 4819 προῖὼν
2432 4751 2842 4816 κατασϐέννυσι,
2867 4752 2959 4806 καὶ
2982 4751 3200 4806 διπλοῦν
3227 4755 3358 4823 ἡμῖν
3391 4755 3453 4806 τὸ

1882 4831 2069 4900 κέρδος
2094 4831 2321 4899 γίνεται,
2348 4833 2486 4904 ὑπὲρ
2515 4827 2589 4886 ὧν
2617 4851 2676 4886 τε
2712 4835 2868 4888 αὐτοὶ
2893 4836 2993 4906 τὴν
3015 4837 3313 4890 ἐπιείκειαν
3342 4839 3454 4890 ἐπι-

1881 4914 2224 4985 δεικνύμεθα,
2249 4917 2341 4968 καί
2370 4916 2509 4988 ὑπὲρ
2537 4911 2612 4971 ὧν
2638 4917 2730 4971 τοῦ
2773 4918 3001 4989 ἀδελφοῦ
3031 4919 3122 4972 τὸν
3151 4921 3318 4991 θυμὸν
3351 4939 3451 4974 κα-

1879 4996 2284 5062 ταπαύσαντες,
2329 4998 2421 5051 τὸν
2466 4997 2722 5070 λογισμὸν
2772 5001 2932 5055 αὐτοῦ
2965 5003 3210 5073 ταραχῆς
3241 5004 3451 5056 ἐλευθε·

1883 5079 2102 5151 ροῦμεν.
2138 5079 2203 5132 Τί
2245 5081 2383 5153 γὰρ,
2429 5082 2552 5135 είπέ
2598 5100 2728 5154 μοι;
2766 5085 2899 5155 Οὐχὶ
2953 5087 3139 5157 μέμφῃ
3185 5084 3448 5140 καΐκατ-

1881 5165 2104 5234 ηγορεῖς
2120 5163 2214 5216 τοῦ
2237 5163 2464 5232 ἀδελφοῦ
2494 5163 2959 5236 θυμουμένου,καὶ
2987 5169 3194 5238 ἐχθρῶς
3223 5171 3358 5239 πρὸς
3392 5171 3451 5221 σέ

1880 5245 2221 5314 διακειμένου
2249 5262 2262 5310 ;
2292 5246 2445 5310 Τίνος
2476 5243 2567 5300 οῦν
2592 5249 2774 5302 ἕνεκεν
2803 5250 2920 5319 οὐχὶ
2949 5249 3036 5302 διά
3061 5251 3165 5302 τῶν
3194 5251 3448 5302 ἐναντίων

1881 5328 2040 5390 αὑτὶις
2073 5327 2321 5397 ἔρχεσθαι
2347 5331 2697 5394 σπουδάζεις,
2733 5331 2868 5384 ἀλλά
2901 5331 3199 5399 θυμοῦσθαι
3233 5333 3326 5384 καὶ
3352 5333 3448 5384 αὐ-

1879 5410 1968 5474 τὸς
2003 5412 2094 5464 ἐπὶ
2140 5411 2318 5466 πλεῖον
2349 5412 2554 5482 βούλειξ
2612 5413 2697 5482 Μὴ
2739 5413 2846 5483 γάρ
2881 5405 3101 5467 δυνατδν
3153 5414 3262 5485 πῦρ
3315 5419 3446 5486 πυρὶ

1880 5493 2231 5559 σϐέννυσθαι;
2268 5494 2380 5547 Οὐκ
2415 5495 2523 5564 ἔχει
2553 5495 2712 5563 φύσιν
2737 5496 2798 5547 τὸ
2841 5495 3222 5566 γεγενημένον.
3260 5497 3448 5561 Οὕτως

1877 5576 1997 5630 οὐδὲ
2027 5576 2195 5646 θυμὸν
2237 5578 2405 5648 ἐτέρῳ
2438 5578 2592 5648 θυμῷ
2619 5579 3097 5648 καταπραΰνεσθαι
3131 5580 3352 5634 δυνατὸν
3379 5581 3457 5634 ἂν-

1877 5659 2084 5725 γένοιτό
2121 5677 2250 5712 ποτε
2275 5676 2288 5688 ·
2319 5660 2454 5728 ὅπερ
2483 5659 2587 5728 γάρ
2615 5660 2728 5711 ἐστι
2755 5660 2833 5729 τῷ
2855 5662 2990 5732 πυρὶ
3015 5662 3075 5714 τὸ
3098 5662 3260 5734 ὕδωρ,
3289 5664 3448 5716 τοῦτο

1877 5740 1956 5810 τῷ
1989 5742 2146 5812 θυμῷ
2195 5740 2461 5794 ἐπιείκεια
2507 5741 2600 5794 καὶ
2648 5743 2914 5812 πραΰτης.
2956 5744 3055 5798 Διὰ
3095 5745 3250 5799 τοῦτο
3291 5747 3383 5799 καὶ
3417 5749 3447 5800 ὁ

1878 5823 2109 5893 Χριστὸς
2136 5822 2284 5890 ἔλεγε
2329 5826 2440 5886 τοῖς
2475 5823 2743 5894 μαθηταῖς
2765 5866 2780 5885 ,
2839 5826 2980 5880 Ἐὰν
3011 5828 3152 5895 τοὺς
3182 5829 3446 5898 ἀγαπῶν-

1934 5918 1959 5945 ⁸
1983 5915 2052 5965 Ita
2073 5929 2162 5964 sex
2183 5930 2298 5965 mss.
2318 5953 2331 5974 ,
2345 5918 2459 5966 Sav.
2485 5923 2648 5967 autem
2668 5924 2720 5968 et
2743 5921 2858 5969 Mor.
2875 5923 3194 5972 ἐπεδίδασκεν.
3220 5924 3317 5972 Sed
3339 5938 3442 5972 me-

1870 5977 1966 6027 lius
1985 5978 2222 6039 quadrare
2247 5979 2442 6029 videtur
2464 5981 2572 6030 slne
2595 5986 2959 6044 praepositione,
2985 5993 3036 6033 ul
3060 5986 3241 6034 habent
3265 6000 3380 6034 mss.

3041 6070 3080 6130 9
