3974 6450
278 387 386 444 M3

279 503 374 554 tari
399 509 457 554 et
487 500 879 569 reprehendere
907 503 1231 572 negligentes
1253 506 1455 570 volens,
1473 506 1601 561 dicit
1625 526 1637 559 :
1671 506 1856 563 Nonne

278 602 323 644 et
352 591 614 660 publicani
635 592 769 646 idem
798 595 988 665 faciunt
1006 597 1032 647 2’
1052 598 1444 665 Quemcumque
1474 599 1613 653 enim
1652 599 1865 669 ignavo-

280 690 397 733 rttm
426 683 722 751 sumpseris
742 726 755 744 ,
781 699 955 737 nonne
988 685 1087 738 hoc
1115 685 1274 740 facit?
1318 687 1500 742 Nonne
1520 699 1571 743 et
1599 690 1861 759 publicani

277 785 476 837 magno
516 772 691 825 studio
732 772 844 826 inec
897 773 1126 828 faciunt?
1169 776 1303 843 Quid
1354 787 1530 830 autem
1587 780 1865 845 publicano

274 860 553 915 deterius?
598 863 841 915 Attamen
883 862 1118 918 invenies
1160 881 1279 919 eum
1327 866 1426 921 hoc
1464 868 1707 922 omnibus
1751 886 1865 923 mo-

278 951 361 1004 dis
407 950 733 1016 observare,
776 963 829 1007 et
863 969 966 1007 non
994 964 1076 1008 cst
1106 957 1354 1025 possibile
1395 968 1449 1010 ut
1488 973 1590 1011 non
1627 959 1865 1013 redamet

281 1040 371 1107 qui
403 1049 633 1094 amatur.
684 1041 794 1110 Ego
822 1051 995 1095 autem
1033 1045 1150 1113 quin
1190 1054 1238 1097 et
1279 1048 1597 1101 excelsiores
1625 1062 1715 1101 vos
1743 1062 1862 1102 esse

280 1131 423 1195 volo,
447 1139 502 1184 et
522 1130 714 1199 aliquid
736 1134 962 1200 aniplius
983 1132 1197 1197 habere,
1220 1151 1323 1187 non
1348 1135 1446 1189 hoc
1465 1136 1748 1200 adtronco,
1768 1135 1860 1190 sed

280 1230 336 1273 ut
379 1222 623 1276 inimicos
654 1222 905 1292 diligatis.
936 1224 988 1277 ld
1015 1225 1152 1293 quod
1185 1226 1367 1280 beatus
1395 1228 1479 1281 ille
1504 1238 1626 1281 ante
1658 1228 1858 1297 legem,

279 1324 407 1365 ante
428 1313 721 1366 doctrinam
755 1314 822 1367 ab
845 1315 962 1367 aliis
982 1326 1250 1384 acceptam
1272 1328 1462 1386 sponte
1490 1332 1581 1372 sua
1616 1320 1733 1372 fecit
1761 1337 1775 1372 :
1808 1328 1862 1372 ct

284 1413 503 1471 propter
530 1404 877 1458 excellentem
918 1406 1371 1460 mansnetudiuem
1416 1408 1557 1474 prius
1592 1408 1863 1476 superavit

283 1490 487 1557 Laban,
531 1508 669 1547 nunc
706 1504 880 1548 autem
923 1503 977 1548 ct
1021 1494 1254 1550 fratrem.
1294 1496 1423 1551 Nam
1470 1499 1589 1553 licet
1628 1514 1861 1567 superno

278 1584 535 1653 praesidio
562 1583 729 1639 fretus
759 1584 931 1652 fuerit,
958 1597 1190 1641 attamen
1220 1589 1358 1658 quod
1390 1605 1543 1644 suum
1574 1600 1687 1643 erat
1716 1591 1859 1658 prius

275 1674 516 1726 exhibuit
543 1671 636 1743 (ιι).
657 1673 729 1727 lta
759 1688 887 1728 sane
908 1686 959 1729 et
981 1690 1078 1729 nos
1103 1679 1511 1746 persuadeamus
1538 1680 1708 1745 nobis,
1739 1682 1861 1735 lictt

278 1764 474 1817 millies
522 1767 825 1832 enitamur,
863 1765 995 1820 nihil
1037 1774 1211 1823 tamen
1264 1783 1478 1838 prorsus
1517 1781 1660 1826 recte
1699 1786 1859 1841 agere

280 1868 460 1921 posse.
494 1854 591 1908 nisi
622 1869 854 1923 superno
888 1856 1085 1910 auxilio
1119 1857 1348 1926 adjutos.
1390 1859 1538 1914 Sicut
1578 1862 1719 1915 cnim
1756 1862 1857 1916 nisi

279 1946 371 1998 illo
399 1945 637 2000 subsidio
661 1945 933 2013 fruamur,
961 1947 1089 2002 nihil
1125 1965 1371 2020 umquam
1406 1966 1686 2021 possumus
1714 1964 1859 2009 recte

274 2052 437 2102 agere
462 2055 475 2090 :
506 2037 575 2091 ita
598 2038 694 2091 nisi
721 2039 860 2108 quod
892 2050 1128 2093 nosmmt
1157 2051 1238 2096 est
1261 2043 1612 2111 attulerimus,
1636 2060 1739 2098 non
1765 2060 1859 2115 po-

276 2128 500 2181 terimus
547 2144 835 2198 supernum
884 2131 1136 2186 auxilium
1174 2133 1433 2189 obtinere.
1480 2134 1673 2190 Demus
1702 2136 1861 2207 igitur

274 2234 498 2288 operam
527 2230 582 2275 ut
607 2230 659 2274 et
686 2231 862 2276 nostra
893 2221 1203 2289 aderamus.
1230 2237 1286 2280 et
1310 2240 1598 2296 supernum
1624 2228 1855 2283 favorem

274 2311 592 2376 :tiliciatutts,
616 2322 669 2366 ut
690 2322 743 2367 et
763 2329 830 2368 ex
853 2323 1035 2369 nostro
1057 2315 1231 2371 studio
1253 2326 1308 2373 et
1330 2334 1395 2373 ex
1420 2318 1511 2374 Dei
1539 2319 1800 2390 benignita
1827 2334 1859 2376 e

281 2402 510 2456 virtutes
541 2418 610 2456 no
640 2412 735 2457 tne
765 2405 999 2474 quotidie
1024 2416 1303 2472 crescant,
1332 2412 1602 2480 multaque
1625 2426 1855 2480 superna

275 2492 519 2546 frumuur
540 2494 726 2561 gratia.
757 2496 907 2561 Quod
935 2497 1087 2552 nobis
1110 2498 1354 2553 omnibus
1373 2501 1714 2563 concedatur,
1736 2518 1855 2570 gra-

273 2584 345 2634 tia
376 2595 432 2637 et
460 2583 777 2654 benignitate
804 2586 1008 2641 Domini
1040 2589 1203 2642 nostri
1229 2589 1352 2645 .Iesu
1378 2590 1597 2658 Christi,
1624 2591 1709 2645 cui
1733 2605 1856 2646 cum

273 2676 434 2730 Patre
462 2687 513 2730 et
540 2687 723 2732 sancto
746 2678 944 2748 Spiritu
985 2679 1053 2734 sit
1089 2680 1251 2748 gloria
1270 2723 1286 2747 ,
1315 2682 1593 2752 imperium
1617 2724 1633 2749 ,
1661 2682 1853 2751 honor,

273 2782 419 2822 nunc
442 2776 497 2822 et
520 2783 750 2838 semper,
774 2778 828 2824 et
854 2769 906 2824 in
936 2772 1127 2825 smcula
1157 2772 1490 2828 seculorum.
1519 2774 1711 2829 Amen.

841 2898 1118 2955 llOMlLM
1158 2900 1296 2956 LIX.

275 3005 341 3061 Et
381 3010 511 3062 venit
531 3009 690 3065 Iacob
723 3010 797 3083 (ὁ)
823 3013 875 3066 in
911 3011 1083 3066 Solent
1111 3014 1357 3068 civitatem
1380 3014 1692 3071 Secimorum
1731 3017 1782 3082 ⁸,
1808 3025 1856 3072 et

343 3103 463 3153 emit
483 3112 671 3166 partem
697 3103 808 3170 agri
820 3102 881 3155 ab
900 3101 1057 3156 Emor
1073 3115 1215 3173 patre
1236 3104 1273 3158 S
1277 3106 1451 3176 ycltem
1462 3118 1658 3160 centum
1675 3124 1819 3178 agnis
1835 3124 1857 3164 :

343 3204 389 3248 et
411 3194 567 3249 erexit
580 3194 646 3249 ibi
675 3194 865 3264 altare,
892 3204 938 3250 et
964 3195 1206 3251 invocavit
1228 3193 1387 3251 Deum
1416 3192 1581 3253 Israel
1598 3193 1854 3272 (ϐαλῶ.

346 3284 567 3355 tis—20).

347 3379 367 3432 ι
444 3377 655 3433 Vidistis
682 3377 795 3433 heri
823 3388 878 3434 et
907 3382 1071 3435 nostri
1113 3383 1346 3436 omnium
1381 3383 1585 3439 Domini
1607 3385 1854 3440 eximiam

264 3468 627 3533 clementiam,
650 3478 703 3524 et
720 3470 1097 3540 discipulorum
1128 3472 1537 3543 philosophiam,
1562 3484 1617 3530 et
1644 3475 1855 3530 Judteo-

267 3576 390 3615 rum
418 3560 676 3630 ingratum
700 3561 975 3613 animum?
1002 3562 1214 3617 Vidistis
1239 3570 1431 3632 quanta
1456 3579 1575 3619 cum
1599 3563 1852 3635 patientia

269 3666 459 3705 eorum
517 3650 875 3719 impudentem
922 3653 1197 3708 audaciam
1245 3656 1616 3712 obmutescere
1657 3659 1851 3727 coegit,

266 3755 394 3795 eum
434 3756 561 3795 suos
588 3752 865 3797 excusaret
892 3742 1184 3814 discipulos
1204 3787 1217 3809 ,
1252 3758 1556 3802 monstrans
1591 3748 1734 3818 ipsos
1761 3749 1851 3819 qui

269 3832 444 3898 legem
475 3832 743 3887 vindicare
770 3834 1038 3899 volebant,
1064 3836 1191 3904 legis
1217 3837 1545 3893 voluntatem
1587 3839 1851 3909 ignorare,

266 3934 323 3977 ct
371 3923 660 3980 irradiante
691 3926 914 3981 veritate
934 3969 947 3991 ,
972 3928 1145 3982 adlmc
1186 3928 1386 3984 umbra?
1408 3930 1646 3986 assidere
1673 3933 1853 3988 velle?

270 4016 391 4067 Vidi
414 4016 494 4069 tis
524 4017 789 4084 quomodo
824 4018 933 4086 jam
974 4019 1097 4074 inde
1140 4021 1206 4074 ab
1243 4021 1392 4074 initio
1440 4022 1846 4080 observationes

269 4107 471 4176 legales
520 4107 728 4162 auferre
766 4108 1044 4175 studebat,
1095 4108 1294 4165 docens
1333 4128 1458 4177 eos,
1505 4124 1692 4167 exorto
1739 4115 1852 4170 Sole

262 4198 511 4266 justitiag
543 4197 774 4252 lucernae
802 4197 978 4253 lumen
1011 4200 1138 4254 nihil
1166 4202 1273 4271 jam
1300 4201 1512 4258 efficere
1541 4222 1694 4273 posse
1714 4206 1736 4260 ?
1755 4206 1852 4260 Ju-

271 4290 370 4342 bar
394 4288 537 4341 enim
565 4289 754 4342 solaris
783 4286 1004 4343 luminis
1031 4292 1171 4361 quod
1210 4293 1412 4346 accedit
1436 4335 1450 4356 ,
1479 4294 1579 4349 hoc
1606 4296 1765 4365 tegit,
1798 4306 1852 4351 ct

266 4380 443 4434 videri
475 4396 579 4433 non
607 4381 752 4434 sinit.
778 4381 1045 4436 Didicistis
1084 4382 1353 4452 quomodo
1379 4385 1631 4453 possibile
1658 4386 1727 4439 sit
1749 4427 1763 4447 ,
1794 4396 1851 4442 ιιι

267 4469 421 4523 feriae
448 4479 717 4538 perpetuae
745 4478 987 4540 agantur,
1017 4480 1072 4526 et
1097 4488 1125 4525 a
1152 4480 1448 4540 temporum
1474 4475 1849 4533 observatione

267 4563 579 4617 liberemur.
604 4561 733 4616 Nam
780 4573 994 4633 propter
1034 4563 1135 4618 hoc
1165 4564 1307 4618 venit
1351 4566 1604 4621 Dominus
1642 4579 1847 4635 noster,

266 4664 326 4706 ut
359 4667 459 4704 nos
489 4653 737 4706 liberaret
766 4668 793 4705 a
826 4662 1125 4723 temporum
1172 4657 1492 4711 necessitate
1528 4675 1539 4710 :
1570 4666 1623 4713 et
1669 4658 1848 4715 efticc-

266 4755 374 4805 ret.
398 4754 450 4797 ut
482 4744 639 4798 altius
666 4746 1020 4812 evolarenuts,
1051 4756 1105 4801 et
1128 4748 1237 4816 jam
1280 4751 1331 4803 in
1359 4751 1493 4803 c;elo
1535 4751 1849 4808 haberemus

268 4838 655 4906 iniinit-ipatum
680 4879 694 4902 ,
726 4848 777 4891 et
805 4854 925 4892 cum
953 4840 1126 4895 adhuc
1157 4840 1397 4896 homines
1435 4859 1646 4909 sumus,
1669 4846 1847 4916 Ange-

333 4977 349 5007 ι
387 4981 527 5046 .tuxta
549 4973 687 5045 savii.
706 4974 968 5037 legendum
984 4984 1133 5035 esset,
1151 4976 1439 5028 sicemornm
1451 4992 1469 5041 ;
1495 4988 1546 5030 et
1562 4982 1697 5043 juxta
1714 4985 1853 5046 quin-

256 5050 362 5098 que
389 5045 518 5096 atss.,
540 5035 837 5086 Sicintoriim.

327 5119 404 5180 (ιι)
439 5121 554 5227 Ἥρω
576 5130 685 5227 quae
706 5124 977 5181 sequuntur
997 5124 1162 5169 contra
1182 5133 1269 5171 eos
1297 5122 1378 5185 qui
1394 5121 1631 5187 Chrysost.
1657 5123 1851 5188 Pelagio

327 5192 433 5227 rere
491 5192 598 5227 tcun

256 5177 433 5228 favere
455 5177 640 5227 dicunt.

327 5242 407 5302 th)
432 5247 570 5307 itane
596 5238 837 5307 homiliam
857 5239 1025 5307 habuit
1046 5241 1291 5307 postridie,
1325 5250 1381 5292 ut
1403 5244 1580 5307 “initio,
1596 5247 1679 5302 ait,
1704 5258 1847 5307 quam

327 5255 407 5300 to)
442 5255 570 5287 lianc
598 5255 837 5287 nomutam
858 5255 1025 5289 naoutl.
1046 5255 1291 5347 posmate,
1325 5255 1381 5292 ut
1420 5255 1557 5293 initio
1596 5255 1679 5302 ait,
1704 5258 1847 5307 quam

253 5297 787 5367 aliani_l_iabuerat,_tthi
813 5302 996 5367 Domini
1019 5314 1046 5349 c
1066 5304 1295 5367 amentia.
1315 5310 1366 5351 ot
1382 5305 1721 5367 discipulorum
1744 5309 1847 5367 phi-

258 5361 485 5423 l-wphia
511 5360 849 5418 exhibebatur,
876 5361 1143 5423 Jud:eorum
1167 5364 1383 5423 ingratus
1404 5360 1592 5414 anitiuts
1631 5360 1845 5416 declara-

256 5421 425 5485 nitur,
447 5424 766 5471 incusantium
787 5421 1076 5485 discipulos;
1112 5436 1205 5485 qua
1227 5421 1291 5472 de
1319 5439 1375 5475 re
1408 5427 1683 5477 incusarent
1722 5430 1847 5478 haud

256 5484 457 5553 difficile
483 5485 818 5553 estraugurari,
856 5484 986 5553 quod
1027 5484 1152 5553 fame
1181 5485 1455 5553 laborantes
1486 5488 1608 5553 _dum
1631 5503 1720 5551 per
1736 5498 1847 5553 sata

257 5546 531 5612 “ausim”
554 5546 758 5612 Summo
797 5544 951 5612 δυίρθδ
992 5544 1235 5612 vellerent.
1258 5555 1308 5612 0‘.
1331 5544 1664 5612 c0_mederent.
1704 5550 1847 5612 qttam

258 5558 531 5594 transirent
554 5558 758 5593 sanitate
797 5558 865 5653 Slltll

258 5610 458 5654 mvemti
485 5605 810 5666 frugalitatem

259 5666 527 5728 Insaniam
553 5673 708 5728 vocat.
741 5667 1011 5714 Judatorum
1049 5681 1168 5717 vero
1204 5666 1464 5716 audaciam
1484 5672 1701 5719 coercuit
1722 5666 1849 5721 Chri-

257 5726 384 5780 stus,
409 5738 459 5776 ut
485 5726 868 5795 ibidemnarrat
901 5728 1272 5791 Cltrysostomus.
1319 5728 1564 5778 ttomilinm
1598 5743 1739 5793 porro
1771 5732 1849 5783 hic

258 5796 579 5840 mettutt'atun
604 5799 865 5835 aitttsuutts.

1284 393 1348 450 ΙΝ
1384 393 1532 452 CAP.
1576 395 1814 454 XXXI".
1853 392 2091 458 GENES.
2126 398 2350 462 llOMlL.
2397 403 2528 464 LIX.

870 5607 913 5653 ic
929 5613 980 5655 et
994 5605 1100 5654 aliis
1139 5608 1187 5655 in
1224 5605 1847 5675 locistdtrysostontusﬂgbi-
1890 5664 1897 5675 ε

3442 426 3545 484 5H

1972 510 2143 565 lorum
2193 514 2523 571 imitaremur
2566 521 2758 585 vitam,
2808 538 2870 578 ac
2923 540 3009 581 res
3052 526 3312 587 humanas
3357 549 3543 590 omnes

1970 601 2332 658 irrideremus.
2362 611 2471 676 Age
2495 610 2672 675 hodie,
2698 612 2740 666 si
2771 615 3010 682 videtur,
3035 623 3227 675 seriem
3258 626 3542 679 verborum

1970 689 2106 743 beati
2139 693 2297 749 Musis
2342 710 2659 767 Sequentes,
2690 718 2751 757 ea
2788 722 2904 772 qua:
2947 711 3311 776 superioribus
3351 716 3545 771 diebus

1967 780 2103 835 dicta
2135 795 2447 853 sequuntur.
2479 796 2785 859 tractemus,
2818 806 2871 849 et
2899 797 3020 852 inde
3048 802 3194 855 vobis
3215 818 3545 871 apponanms

1969 873 2289 927 convivium.
2322 876 2482 933 Scitis
2504 881 2644 934 enim
2677 898 2775 937 nos
2796 925 2809 946 ,
2842 901 2961 941 cum
2990 891 3235 945 rediisset
3268 909 3334 948 ex
3367 896 3542 949 Meso-

1967 965 2199 1033 potamia
2220 965 2404 1033 Jacob,
2428 978 2483 1024 et
2508 984 2811 1029 occurreret
2839 976 2984 1032 fratri
3007 1021 3021 1041 ,
3049 991 3104 1035 et
3146 983 3334 1037 iterum
3380 987 3447 1038 ab
3476 1004 3542 1040 eo

1966 1066 2325 1123 scpararetur,
2354 1069 2406 1112 et
2436 1060 2525 1114 ille
2562 1064 2775 1132 quidem
2825 1066 2874 1119 in
2905 1068 3024 1123 Seir
3054 1082 3287 1126 montem
3315 1084 3540 1131 conten-

1966 1143 2147 1209 deret,
2175 1146 2340 1202 Jaeob
2369 1160 2545 1206 autem
2580 1156 2914 1213 tabernacula
2948 1162 3157 1231 figeret,
3183 1176 3235 1217 et
3264 1167 3433 1221 locum
3473 1171 3543 1224 ab

1965 1244 2157 1290 eventu
2187 1237 2546 1296 Tabernncula
2576 1259 2787 1303 vocaret
2811 1290 2828 1317 ,
2859 1265 3157 1307 sermonem
3196 1255 3279 1311 hic
3321 1259 3539 1315 missum

1966 1325 2199 1383 fecisse:
2236 1330 2356 1386 ideo
2378 1350 2511 1402 opus
2552 1346 2632 1390 est
2674 1348 2731 1392 ut
2776 1343 3048 1410 sequentia
3084 1360 3179 1413 pro
3207 1347 3404 1403 virilms
3442 1367 3540 1403 uo-

1965 1418 2090 1471 stris
2134 1428 2450 1485 tractantes,
2476 1424 2771 1482 doctrinam
2801 1433 2949 1486 vobis
2980 1436 3340 1505 relinquamus
3381 1442 3540 1509 spiri-

1965 1510 2181 1563 tualem.
2236 1511 2465 1568 Securus
2513 1519 2652 1572 enim
2704 1522 2915 1577 tandem
2961 1524 3126 1579 fartus
3168 1529 3359 1598 justus,
3383 1543 3434 1585 et
3473 1535 3543 1587 ab

1964 1600 2107 1653 omni
2140 1605 2334 1659 mentis
2375 1621 2574 1677 angore
2618 1610 2907 1676 liberatus.
2940 1616 3025 1670 l8.
3063 1617 3222 1682 Venit,
3255 1622 3421 1689 inapiit
3442 1666 3456 1688 ,
3488 1625 3543 1676 in

1962 1689 2206 1745 civitatem
2230 1692 2544 1750 Serimorum
2566 1738 2579 1761 ,
2611 1700 2696 1756 19.
2728 1711 2773 1755 et
2791 1706 2911 1757 emit
2936 1718 3126 1775 partem
3148 1714 3259 1780 agri
3283 1712 3345 1764 ab
3390 1714 3544 1767 h'ntor

1964 1789 2108 1846 patre
2130 1779 2346 1851 Sycltom
2373 1796 2568 1840 centum
2594 1792 2737 1859 agnis
2755 1793 2771 1823 ¹
2795 1807 2816 1846 :
2833 1793 2922 1848 20.
2955 1808 3001 1849 et
3021 1779 3187 1853 erexit
3203 1800 3272 1854 iﬁi
3294 1804 3472 1867 altare,
3494 1815 3543 1858 et

1961 1867 2206 1925 invocavit
2235 1872 2399 1928 Deum
2431 1875 2610 1933 Israel.
2629 1880 2703 1935 Ne
2731 1894 3103 1951 pra-tereamus
3133 1890 3306 1945 obiter
3335 1908 3394 1946 ea
3421 1911 3540 1964 qua:

1964 1959 2015 2013 iu
2047 1962 2241 2018 divinis
2269 1966 2557 2035 Scripturis
2587 1982 2710 2026 sunt
2755 1984 3024 2031 contenta.
3060 1978 3189 2033 Nam
3232 1983 3276 2035 si
3307 1985 3395 2053 qui
3426 1959 3543 2040 auri

1963 2064 2201 2108 ramenta
2250 2072 2282 2112 e
2321 2068 2459 2115 terra
2508 2062 2799 2131 effodiunt,
2830 2069 2956 2123 nulli
2994 2070 3159 2126 labori
3206 2086 3456 2143 parcunt.
3486 2090 3542 2132 ct

1962 2145 2140 2197 omnia
2168 2150 2347 2216 gravia
2387 2152 2594 2218 ferunt,
2628 2164 2685 2209 ιιι
2711 2160 2913 2226 possint
2944 2176 3129 2217 aurmu
3152 2164 3188 2218 ‘a
3217 2176 3355 2220 terra
3384 2184 3538 2239 sepa-

1963 2247 2083 2288 rare
2108 2253 2121 2289 :
2148 2238 2315 2291 tnttlto
2341 2243 2509 2311 magis
2527 2242 2728 2312 justum
2753 2246 2910 2304 fuerit
2930 2260 2985 2304 ut
3010 2263 3310 2311 scrutemur
3333 2238 3540 2330 eloquia

1961 2325 2190 2394 Spiritus
2210 2369 2225 2394 ,
2259 2340 2313 2383 et
2354 2332 2633 2390 utilitatem
2661 2353 2777 2407 qua:
2802 2339 2923 2395 inde
2952 2352 3033 2397 est
3076 2325 3458 2416 percipiantus,
3488 2365 3543 2408 et

1961 2420 2041 2472 sic
2069 2421 2192 2475 hinc
2218 2437 2492 2480 exeamus.
2523 2428 2728 2497 Cogita,
2753 2432 3003 2500 obsecro,
3037 2438 3215 2493 eximii
3258 2440 3409 2495 istius
3440 2446 3537 2498 viri

1962 2511 2376 2582 philosorhiatn,
2400 2520 2668 2584 quomodo
2686 2531 2831 2577 tanto
2860 2528 3059 2581 auxilio
3083 2544 3311 2598 superne
3334 2534 3537 2599 fruens,

1960 2610 2017 2656 et
2043 2603 2230 2659 videns
2266 2610 2447 2677 augeri
2479 2609 2753 2667 facultates
2780 2630 2925 2683 suas,
2953 2631 3142 2687 pecora
3169 2622 3307 2687 dico,
3337 2635 3391 2679 et
3426 2635 3540 2680 lau-

1962 2702 2073 2749 tum
2100 2713 2377 2755 numerum
2407 2702 2630 2758 filiorum
2662 2707 3113 2779 circumstantem,
3134 2730 3237 2770 non
3254 2728 3537 2774 exstruxeru-

1960 2784 2045 2840 dis
2064 2788 2299 2846 :ediliciis
2320 2794 2509 2862 amplis
2535 2806 2585 2850 et
2608 2799 2880 2868 praeclaris
2906 2802 3005 2857 fuit
3033 2817 3341 2876 occupatus,
3363 2827 3536 2880 neque.

1961 2892 2116 2948 agros
2145 2891 2199 2937 et
2226 2884 2378 2939 villas
2407 2901 2587 2943 emere
2616 2895 2855 2958 curavit,
2895 2911 3013 2964 qure
3047 2898 3295 2955 sufficere
3322 2914 3538 2969 possent

1961 2981 2019 3024 ut
2043 2973 2487 3032 distribuerentur
2529 2980 2668 3035 ﬁliis.
2715 2983 2838 3039 llch
2875 2988 3014 3041 enim
3047 2998 3100 3043 et
3145 2992 3333 3047 similia
3375 3011 3539 3065 agere

1960 3067 2136 3121 solent
2166 3072 2251 3138 qui
2288 3087 2384 3124 nos
2410 3074 2600 3141 opibus
2630 3077 2957 3133 antecellunt
2986 3090 3071 3135 :et
3089 3097 3230 3152 smpe
3252 3088 3339 3154 qui
3372 3104 3533 3142 uutuu

1961 3165 2163 3212 tantum
2210 3160 2368 3216 habet
2401 3163 2596 3233 mium,
2627 3166 2811 3221 decem
2859 3171 3018 3226 tnillia
3062 3175 3375 3232 talentormn
3425 3182 3537 3235 auri

1958 3248 2208 3319 colligi-rc
2248 3255 2470 3322 qua-rit,
2501 3266 2555 3310 ut
2607 3272 2762 3327 agros
2811 3271 2987 3327 emat,
3032 3274 3083 3317 et
3129 3265 3319 3322 domus
3364 3269 3536 3323 claras

1961 3350 2198 3395 exstruat
2220 3360 2233 3396 :
2257 3353 2310 3397 et
2339 3347 2537 3400 utinam
2580 3364 2644 3401 ex
2670 3350 2830 3417 justis
2859 3351 3130 3408 laboribus
3156 3396 3169 3418 ,
3201 3364 3256 3410 et
3295 3358 3411 3411 sine
3456 3361 3538 3413 ἰη-

1966 3432 2171 3501 justitia
2203 3446 2374 3490 tantas
2402 3452 2530 3506 oles
2559 3440 2862 3510 colligeret;
2887 3443 2976 3497 sed
3000 3446 3139 3513 quod
3170 3462 3327 3515 grave
3354 3458 3457 3515 est,
3479 3460 3536 3505 ct

1959 3525 2196 3580 omnium
2226 3530 2617 3597 grm'issiuuun.
2650 3533 2716 3586 ab
2742 3534 2860 3589 aliis
2900 3540 3034 3606 rapit
3058 3578 3072 3599 ,
3120 3539 3255 3595 alios
3296 3543 3529 3598 circum-

1960 3618 2134 3684 venit,
2166 3619 2287 3675 aliis
2314 3621 2433 3676 lites
2464 3634 2639 3678 movet
2661 3666 2676 3689 ,
2700 3636 2753 3678 ct
2782 3628 2848 3680 ita
2880 3629 3079 3682 alienas
3109 3630 3386 3688 facultates
3409 3649 3533 3690 suas

1961 3709 2102 3763 facit.
2136 3711 2202 3765 Et
2243 3712 2287 3767 si
2327 3714 2447 3783 quis
2475 3715 2667 3771 dixerit
2699 3736 2711 3771 :
2746 3719 2824 3772 Ad
2855 3721 2978 3789 quid
3005 3731 3146 3779 tanta
3184 3726 3249 3779 ad
3279 3728 3532 3797 colligen-

1959 3802 2055 3857 das
2086 3818 2216 3874 opes
2247 3805 2448 3861 insania
2472 3810 2495 3860 ?
2523 3810 2610 3864 ille
2640 3812 2816 3865 Statim
2851 3813 3013 3868 lilium
3042 3819 3303 3885 prmtexit,
3328 3828 3380 3874 et
3405 3822 3532 3878 dicit

1958 3910 2015 3950 sc
2041 3898 2161 3951 talia
2189 3901 2396 3967 operari
2422 3900 2490 3955 ob
2512 3917 2662 3956 suum
2688 3905 2738 3957 in
2769 3905 2915 3960 illum
2944 3922 3197 3963 amorem.
3219 3911 3281 3966 Et
3308 3913 3393 3967 ille
3416 3918 3533 3984 qni-

1958 3987 2077 4041 dem
2102 3990 2309 4044 tametsi
2330 4007 2545 4059 puerum
2568 4003 2883 4061 przctexens,
2902 3997 3015 4051 bare
3032 4006 3314 4070 utCumque
3334 4018 3395 4057 ex
3405 4006 3531 4073 piat,

1960 4078 2150 4134 frustra
2194 4091 2367 4136 tamen
2407 4094 2461 4138 et
2507 4085 2793 4140 incassum.
2828 4089 2964 4142 Sunt
3004 4098 3179 4144 autem
3223 4094 3313 4160 qui
3362 4110 3534 4166 neque

1960 4187 2156 4243 pueros
2182 4174 2399 4242 habent,
2427 4187 2479 4233 ct
2510 4178 2776 4234 insaniunt
2805 4191 2860 4235 ut
2884 4184 3133 4251 pecunias
3157 4186 3408 4257 colligant
3439 4207 3451 4242 :
3483 4198 3536 4243 ιιι

1959 4266 2177 4320 mallent
2206 4270 2515 4337 gravissima
2546 4269 2683 4324 ferre.
2704 4312 2717 4335 ,
2746 4288 2903 4341 quam
2944 4289 3107 4329 unum
3138 4276 3353 4332 obolum
3400 4280 3535 4333 indi-

1955 4360 2203 4427 gentibus
2229 4373 2470 4429 crogare.
2502 4360 2605 4416 Sed
2634 4361 2811 4431 justus
2843 4363 2930 4419 ille
2960 4364 3091 4420 nihil
3121 4367 3293 4422 simile
3323 4372 3532 4422 consul-

1958 4451 2089 4504 tavit
2111 4493 2124 4513 ,
2150 4467 2322 4521 neque
2350 4454 2638 4523 cogitavit:
2670 4454 2763 4508 sed
2791 4470 2910 4508 eum
2942 4471 3104 4525 parvo
3133 4472 3267 4525 epus
3315 4460 3533 4514 haberet

1952 4556 2102 4609 agro,
2130 4552 2344 4596 centum
2375 4544 2526 4612 agnis
2552 4543 2712 4608 datis,
2748 4556 2947 4613 partem
2976 4548 3086 4615 agri
3121 4551 3250 4602 emit
3275 4549 3342 4602 ab
3369 4550 3533 4603 Etnor

1955 4644 2103 4702 patre
2128 4632 2376 4704 Sychem.
2410 4632 2471 4687 Et
2500 4634 2618 4689 vide
2652 4636 2922 4702 pietatem,
2952 4636 3365 4709 religionemque
3397 4640 3490 4692 viii
3513 4685 3525 4698 .

1952 4741 2059 4796 qua
2103 4725 2169 4779 de
2213 4741 2371 4778 causa
2417 4743 2600 4796 agrum
2630 4742 2810 4781 emere
2859 4729 3138 4785 studuerit.
3174 4729 3238 4783 Et
3261 4734 3413 4786 erexit
3440 4736 3529 4795 ibi.

1955 4814 2143 4882 inqtttt,
2172 4815 2333 4867 ultore
2351 4857 2365 4878 ,
2391 4825 2440 4869 et
2481 4817 2722 4869 invocavit
2760 4816 2917 4870 Deum
2956 4817 3123 4873 lsraé‘l
3153 4836 3171 4873 :
3200 4830 3251 4874 et
3277 4826 3385 4891 agri
3413 4839 3533 4893 par—

1960 4911 2063 4957 tem
2096 4906 2224 4957 emit
2252 4906 2391 4958 uulla
2426 4907 2524 4959 alia
2558 4906 2626 4961 de
2657 4924 2836 4969 causa,
2856 4925 3012 4976 quam
3046 4920 3099 4963 ut
3128 4914 3324 4981 gratias
3354 4927 3535 4982 ageret

1953 4996 2221 5048 couuuuni
2269 4997 2435 5050 nostri
2481 4996 2720 5050 omnium
2770 4999 3011 5053 Domino.
3054 4999 3202 5055 Illqu
3252 5015 3525 5071 oporteret

1955 5086 2145 5138 imitari
2175 5102 2358 5140 omnes
2385 5088 2472 5157 qui
2508 5087 2605 5141 sub
2646 5089 2813 5158 gratia
2855 5100 3011 5154 sunt,
3040 5093 3129 5161 qui
3162 5093 3259 5146 fuit
3290 5104 3411 5147 ante
3458 5095 3532 5148 leo

1952 5190 2112 5244 gem;
2143 5184 2197 5229 et
2238 5192 2341 5229 non
2387 5178 2465 5232 sic
2514 5177 2745 5232 insanire
2793 5180 2843 5233 in
2888 5182 3227 5248 pecuniarum
3259 5184 3530 5237 collectio-

1953 5281 2096 5319 nem.
2140 5268 2313 5331 Quare
2368 5270 2532 5333 enim,
2563 5271 2647 5323 die
2678 5271 2827 5335 mihi,
2858 5280 2911 5323 ct
2957 5272 3152 5341 tibiipsi
3206 5273 3321 5326 lucc
3364 5289 3527 5328 onera

1952 5359 2223 5427 Spiuarum
2256 5376 2567 5430 rongrcgas,
2602 5363 2827 5429 filiisque
2858 5363 2960 5413 tuis
2988 5363 3262 5415 materiam
3289 5372 3343 5417 et
3368 5380 3531 5417 occa—

1952 5450 2156 5504 siouem
2187 5454 2399 5505 malitia:
2444 5464 2495 5506 te
2542 5454 2843 5518 relinqui-re
2886 5469 2988 5505 non
3036 5454 3312 5508 advertis?
3343 5455 3526 5511 Nescis

1956 5541 2234 5594 Dominum
2265 5544 2516 5609 majorem
2539 5584 2552 5606 ,
2584 5558 2738 5610 quam
2770 5552 2821 5595 tu
2852 5543 3045 5596 habeas
3068 5586 3083 5609 ,
3118 5544 3209 5598 lilii
3237 5546 3309 5598 tui
3340 5562 3523 5601 curam

2014 5700 2029 5731 ³
2066 5705 2115 5748 In
2150 5700 2384 5748 tlebraico
2420 5697 2599 5762 legitur
2623 5701 2821 5784 πειτα
2839 5706 3007 5755 nam
3032 5719 3045 5756 :
3076 5710 3153 5760 alii
3179 5718 3393 5770 vertunt,
3417 5722 3526 5763 crn-

1949 5800 2048 5844 tttm
2068 5800 2285 5842 ntuttmts.
