3974 6448
419 382 520 436 515

417 504 630 561 gerere,
662 498 717 539 ttt
751 493 926 536 autem
952 490 1217 547 tamquam
1246 475 1386 528 illius
1411 471 1666 539 majorem
1691 481 1875 521 curam
1901 479 1994 534 ge.

424 556 574 645 rens;
599 577 909 634 occasiones
931 573 1004 626 illi
1036 569 1336 636 relinquere
1365 563 1571 627 studes,
1603 575 1722 630 quae
1761 556 2004 611 submer-

422 687 552 743 gere
597 669 827 724 animam
876 663 992 732 ejus
1037 656 1283 713 valeant?

493 760 740 814 Iuventus
763 754 831 808 ad
847 753 1035 807 malum
1051 744 1460 821 proclivis—An
1479 740 1654 795 nescis
1673 739 2005 808 jnventutem

431 867 527 921 per
557 851 786 919 seipsam
811 843 878 900 ad
904 843 1109 898 ruinam
1147 837 1436 908 proclivem
1479 845 1620 896 esse,
1650 837 1706 883 et
1745 825 1813 881 ad
1859 823 2010 880 mali-

431 943 556 995 tiam
590 939 694 993 levi
723 942 998 992 momento
1020 926 1303 986 inclinari?
1328 922 1542 995 quando
1573 929 1750 974 autem
1773 925 1827 972 et
1850 928 2008 984 opum

431 1029 760 1086 afﬂuentiam
788 1022 1080 1094 acceperit,
1102 1019 1271 1074 multo
1306 1016 1474 1085 magis
1519 1011 1587 1067 ad
1634 1010 1832 1065 malum
1887 1019 2011 1074 pro-

433 1123 560 1177 ruit.
589 1120 740 1175 Sicut
765 1118 906 1173 enim
937 1115 1074 1185 ignis
1099 1125 1220 1166 cum
1253 1108 1490 1163 fomitem
1523 1101 1757 1166 invenit,
1788 1095 2012 1151 validio-

434 1214 582 1269 ribus
627 1210 856 1264 ﬂammis
891 1205 1169 1275 exsurgit:
1206 1203 1276 1255 ita
1323 1209 1377 1254 et
1418 1195 1632 1267 quando
1673 1193 1725 1246 in
1767 1192 2016 1260 juvenem

437 1305 660 1360 materia
686 1301 1031 1373 pecuniarum
1055 1295 1314 1358 inciderit,
1343 1300 1541 1346 tantam
1572 1284 1815 1341 accendit
1842 1281 2020 1335 forna-

441 1412 560 1452 cem
579 1436 596 1461 ,
623 1372 701 1450 uti
728 1394 957 1448 animam
999 1387 1208 1458 juvenis
1241 1395 1405 1439 totam
1436 1381 1745 1436 inﬂammet.
1767 1372 2019 1444 Quando-

445 1502 568 1542 nam
599 1486 798 1555 poterit
824 1482 944 1535 talis
965 1479 1124 1533 homo
1153 1473 1493 1530 continentia:
1517 1484 1698 1524 curam
1719 1465 1937 1531 habere,
1969 1470 2025 1518 et

445 1553 909 1646 intemperantiam
943 1571 1156 1639 fugere,
1190 1581 1253 1621 ac
1289 1565 1526 1619 laborem
1557 1575 1654 1630 pro
1680 1559 1906 1622 virtute,
1938 1553 2022 1609 vel

444 1666 588 1721 aliud
621 1664 900 1734 spirituale
928 1659 1182 1731 quiddam
1210 1652 1530 1725 suscipere?

515 1756 572 1810 Ξ.
615 1755 914 1808 Diuitiarum
937 1752 1226 1804 vanitas.—
1244 1747 1434 1801 Annon
1470 1741 1623 1798 audis
1646 1739 1916 1794 Christum
1945 1735 2027 1790 di-

449 1857 660 1902 centem
697 1863 709 1897 :
738 1845 885 1898 Curta
905 1843 1056 1912 hujus
1071 1839 1242 1894 sa'culi
1258 1847 1302 1891 et
1318 1835 1541 1906 decrptio
1558 1831 1847 1886 divitiarum
1863 1827 2028 1894 stt/To-

447 1947 564 1990 cant
582 1945 810 1994 mentem,
830 1949 889 1985 ac
917 1932 1100 1985 sterilis
1134 1926 1418 1998 ﬁl(M(lll/l.
1441 1925 1526 1980 15.
1559 1920 1676 1992 22),
1701 1937 1819 1990 qua:
1851 1917 2030 1973 omnia

447 2028 628 2096 spinas
649 2023 960 2078 nominavit?
977 2021 1106 2075 Nam
1129 2034 1248 2074 eum
1266 2015 1496 2072 dixisset
1521 2014 1572 2066 in
1592 2009 1838 2082 parabola
1869 2007 2033 2062 semi-

452 2119 557 2182 nis,
579 2116 718 2170 aliud
741 2131 802 2169 ex
830 2113 1122 2168 seminibus
1146 2111 1198 2163 in
1227 2109 1407 2177 spinas
1437 2105 1710 2169 incidisse,
1726 2100 1922 2156 deinde
1947 2099 2033 2152 di-

453 2208 671 2278 scipulis
696 2208 1052 2276 interpretans
1079 2215 1322 2272 quaenam
1349 2200 1456 2253 sint
1475 2197 1664 2266 spin:e,
1685 2193 1885 2262 inquit:
1913 2191 2034 2246 Sol-

461 2299 678 2354 licitudo
708 2297 863 2367 hujus
891 2295 1068 2351 smculi
1095 2302 1150 2348 et
1174 2291 1420 2360 deceptio
1440 2288 1742 2344 divitiarum
1766 2283 2033 2338 suﬂocant

457 2401 713 2453 mentem,
741 2397 796 2442 et
823 2386 1021 2443 sterilis
1047 2384 1104 2438 fit
1127 2381 1338 2454 (Matth.
1371 2381 1471 2445 l5;
1501 2387 1547 2432 et
1567 2377 1693 2431 Luc.
1715 2373 1790 2447 8).
1812 2374 1878 2428 Et
1901 2373 2037 2428 brne

455 2483 625 2553 spinis
653 2479 980 2550 comparavit
1021 2474 1432 2532 sollicitudinem
1473 2470 1628 2540 hujus
1657 2467 1836 2523 steculi
1890 2466 2040 2521 Sicut

459 2577 600 2632 enim
630 2574 796 2644 spinae
817 2587 924 2626 non
946 2571 1131 2625 sinunt
1154 2583 1339 2624 semen
1365 2565 1618 2629 emicare,
1643 2562 1736 2617 sed
1775 2559 2040 2616 densitate

457 2683 554 2722 sua
581 2667 897 2722 seminatum
924 2661 1264 2732 supprimunt
1290 2678 1304 2714 :
1339 2658 1411 2712 ita
1440 2665 1495 2711 et
1520 2669 1664 2710 cura:
1695 2650 2038 2722 temporales,

459 2757 739 2826 spirituale
767 2769 974 2818 semen,
1005 2750 1147 2823 quod
1177 2751 1230 2804 in
1259 2749 1436 2803 anima
1465 2747 1791 2809 seminatur,
1822 2757 1932 2797 non
1960 2743 2048 2796 si-.

463 2857 595 2904 ntmt
625 2847 849 2901 fructum
888 2843 1082 2898 aﬂerre
1109 2858 1125 2895 :
1156 2839 1249 2894 sed
1279 2838 1512 2892 adurunt
1540 2847 1594 2892 et
1625 2833 1883 2889 suﬂ'ocant
1905 2831 2046 2887 sicut

462 2939 653 3009 spinte,
677 2950 779 2990 nec
803 2935 986 2989 sinunt
1022 2929 1299 3002 spirituale
1329 2943 1515 2984 semen
1555 2939 1822 2981 crescere.
1855 2922 1924 2978 Et
1951 2924 2042 2978 de-

465 3031 628 3102 ceptio
675 3027 985 3082 divitiarum.
1033 3024 1200 3080 Recte
1244 3020 1380 3076 dixit
1429 3019 1798 3089 deceptionem
1836 3017 2048 3071 divitia-

465 3139 585 3178 rum
619 3139 633 3174 :
667 3120 864 3176 etenim
910 3133 1038 3172 vere
1073 3114 1320 3185 deceptio
1348 3122 1452 3167 est.
1482 3111 1613 3179 Quae
1655 3110 1799 3166 enim
1845 3109 2046 3163 utilitas

466 3223 545 3268 tot
570 3213 891 3267 talentorum
912 3249 928 3274 ,
955 3219 1008 3264 et
1039 3215 1199 3261 tantre
1227 3203 1505 3275 pecunire?
1529 3199 1810 3266 Profecto,
1837 3199 2005 3269 inquit
2029 3239 2044 3262 ,

468 3320 712 3374 magnam
741 3301 941 3371 praebet
961 3300 1194 3353 lu-titiatn
1217 3296 1502 3367 possessio.
1526 3292 1750 3360 Qualem
1784 3290 2047 3344 lartitiam‘l

472 3396 541 3451 Et
593 3393 718 3464 quid
778 3393 899 3448 dico
955 3388 1236 3447 laetitiam?
1279 3388 1467 3443 Nonne
1507 3385 1738 3441 maxime
1781 3384 2046 3451 intempe-

473 3489 664 3543 stivam
691 3485 955 3540 tristitiam
982 3491 1032 3536 et
1056 3494 1339 3536 maerorem
1362 3478 1585 3532 multum
1615 3474 1790 3544 parit?
1811 3471 2046 3527 nondum

472 3581 591 3635 ilico
634 3591 878 3646 magnam
919 3575 1062 3627 illam
1104 3581 1157 3626 et
1198 3572 1250 3625 in
1295 3571 1474 3624 futuro
1509 3567 1793 3638 repositam
1835 3571 2050 3634 propter

474 3673 618 3740 ipsas
664 3683 874 3738 pomatn
910 3664 1045 3720 :sed
1091 3664 1158 3718 de
1201 3663 1284 3717 his
1313 3664 1506 3731 loquor
1543 3675 1662 3731 quae
1707 3659 1760 3713 in
1802 3657 2050 3728 przesenti

475 3762 578 3814 vita
599 3759 931 3826 contingunt,
965 3769 1157 3824 nempe
1186 3767 1253 3808 ne
1279 3753 1608 3821 voluptatem
1647 3748 1861 3819 quidem
1886 3749 2048 3803 ullam

485 3851 622 3905 hanc
651 3864 775 3904 vere
807 3847 1004 3902 habere
1032 3858 1210 3916 posse,
1242 3842 1336 3898 sed
1366 3842 1542 3914 potius
1569 3839 1910 3911 quotidianas
1942 3847 2053 3892 tur-

473 3942 713 3998 bationes
737 3948 792 3996 et
815 3935 1217 3992 amaritudines.
1265 3933 1373 3988 Nec
1400 3947 1547 3987 mare
1587 3931 1835 3986 ﬂuctibus
1866 3929 1937 3984 ita
1971 3929 2051 3982 in-

479 4031 747 4096 tumescit,
773 4039 832 4085 ut
870 4029 1029 4083 talem
1067 4027 1300 4082 animam
1325 4040 1356 4079 a
1379 4023 1792 4094 cogitationibus
1828 4031 1884 4074 et
1922 4019 2052 4073 alie-

481 4122 750 4175 ctionibus
779 4118 1040 4181 infestari,
1063 4126 1117 4172 et
1146 4117 1198 4170 in
1230 4129 1419 4170 omnes
1449 4123 1554 4168 tam
1577 4126 1704 4167 suos
1738 4126 1895 4181 quam
1923 4111 2054 4164 alie-

477 4227 578 4266 nos
601 4209 738 4264 male
759 4208 898 4262 allici
925 4207 1183 4261 videmus.
1211 4206 1277 4259 Et
1298 4205 1342 4259 si
1370 4203 1583 4273 quando
1611 4212 1816 4272 partem
1841 4199 2050 4253 illorum

474 4301 680 4356 auferat
716 4297 942 4368 aliquis:
976 4295 1140 4350 multa
1170 4295 1314 4348 enim
1353 4293 1618 4359 accidunt,
1647 4301 1702 4346 et
1730 4289 1880 4344 multi
1914 4289 2045 4343 insi-

473 4394 706 4458 diantur,
736 4403 930 4458 nempe
957 4386 1275 4442 famulorum
1305 4384 1626 4453 malignitas.
1653 4380 2055 4452 potentiumque

475 4485 760 4551 violentia;
796 4493 918 4537 tunc
957 4482 1139 4551 utique
1173 4479 1412 4532 invenies
1443 4477 1560 4530 illos
1590 4476 1750 4530 vitam
1783 4475 1880 4529 sibi
1907 4490 2060 4529 acer-

477 4580 600 4635 bam
625 4577 841 4632 ducere.
864 4571 1119 4642 Qualibus
1155 4569 1317 4640 igitur
1357 4569 1605 4622 lamentis
1634 4566 1766 4620 tales
1806 4580 1911 4620 non
1943 4564 2057 4620 fue-

479 4671 590 4726 rint
606 4668 771 4738 digni,
796 4667 884 4736 qui
908 4664 1082 4718 omnia
1104 4661 1278 4718 facere
1299 4661 1516 4716 student
1536 4674 1656 4728 qum
1682 4657 1781 4713 sibi
1807 4666 2053 4720 noceant,

475 4769 532 4815 et
567 4760 620 4814 in
651 4757 940 4828 perniciem
980 4754 1173 4808 anima:
1210 4768 1320 4807 sua:
1366 4751 1486 4804 talia
1530 4749 1784 4818 colligere
1826 4739 2054 4801 volunt?

479 4851 700 4916 Verum,
732 4851 777 4904 si
805 4849 1033 4913 videtur,
1064 4847 1258 4902 talibus
1291 4846 1493 4899 relictis
1529 4843 1594 4898 ad
1627 4843 1906 4896 historiam
1922 4839 2054 4909 justi

485 4943 642 5013 hujus
684 4940 1073 5016 redeamus,_et
1129 4937 1404 4992 videamus
1454 4935 1787 5004 sequentium
1835 4932 2052 4987 seriem.

481 5034 690 5098 Erexit,
721 5032 911 5100 inquit,
941 5030 1100 5083 altare
1123 5029 1176 5082 in
1203 5037 1356 5097 parte
1381 5027 1515 5096 agri,
1541 5035 1586 5078 et
1612 5023 1856 5078 invocavit
1893 5022 2058 5075 Deum

480 5129 683 5193 Israel,
708 5136 763 5181 et
800 5135 979 5196 postea
1013 5124 1064 5178 in
1102 5123 1329 5179 Secimis
1369 5122 1694 5176 domicilium
1738 5119 1936 5172 habere
1965 5134 2050 5173 vo-

484 5222 601 5276 luit.
635 5219 740 5275 Sed
774 5219 895 5274 vide
927 5219 1118 5271 iterum
1150 5217 1416 5286 quomodo
1451 5215 1630 5284 justus
1673 5224 1728 5268 et
1776 5213 1862 5266 hic
1905 5226 2055 5266 suam

482 5313 938 5366 mansuetudinem
957 5309 1284 5364 declarat.Et
1303 5308 1428 5378 quid
1447 5307 1660 5361 accidit?
1679 5308 1700 5359 ‘l
1716 5344 1729 5358 .
1752 5305 1966 5374 Egressa
1987 5313 2057 5359 est

482 5414 679 5466 autem,
711 5403 909 5470 inquit,
946 5401 1078 5454 Dina
1105 5401 1213 5469 ﬁlia
1242 5399 1369 5463 Lita,
1399 5409 1451 5451 ut
1483 5399 1668 5451 videret
1698 5396 1832 5464 ﬁlias
1859 5395 2054 5464 indige-

481 5506 684 5543 narum.
702 5489 758 5544 2.
785 5490 848 5542 Et
871 5500 922 5543 ut
951 5489 1070 5543 vidit
1099 5507 1212 5543 eam
1239 5489 1455 5559 Sycltem
1479 5487 1614 5554 ﬁlius
1649 5485 1804 5538 Emor
1824 5523 1838 5547 ,
1868 5483 2056 5536 dormi-

483 5582 551 5633 vit
583 5595 699 5632 cum
725 5595 817 5644 ea,
849 5579 901 5633 5.
931 5589 976 5632 et
1012 5580 1188 5632 dilexit
1226 5578 1468 5646 virginem
1489 5617 1502 5640 ,
1534 5585 1582 5629 et
1622 5575 1858 5644 loquutus
1903 5581 1972 5625 est
2013 5573 2058 5626 ei

475 5672 636 5737 juxta
676 5681 887 5723 mentem
914 5671 1122 5740 virginis
1145 5669 1296 5739 (Cap.
1329 5669 1441 5739 54).
1471 5668 1657 5723 Vidisti
1695 5673 1952 5736 quantum
1989 5663 2059 5718 sit

477 5760 731 5830 juventus
759 5761 977 5829 malum,
1004 5758 1214 5830 quando
1246 5767 1400 5815 recta:
1428 5759 1648 5814 rationis
1687 5757 1838 5813 lrcuo
1881 5756 2053 5813 caret?

1127 367 1181 422 S.
1224 362 1501 421 JOANNIS
1529 351 2003 415 CIIRYSOSTOMI
2045 349 2362 406 AllClllEP.
2405 347 2937 407 CONSTANTINOP.

3595 348 3696 405 516

2112 463 2256 516 Vidit
2308 461 2453 516 enim
2509 459 2809 530 virginem,
2857 469 2912 514 et
2961 469 3103 514 totus
3152 466 3368 529 propter
3419 472 3697 529 aspectum

2109 568 2290 608 amore
2313 561 2612 622 correptus,
2644 550 3136 619 concupiscentiam
3162 564 3328 618 opere
3365 549 3691 619 complevit,

2109 652 2156 696 et
2183 644 2417 713 loquutus
2443 653 2513 698 est
2541 643 2588 695 ei
2602 644 2755 712 juxta
2776 650 2984 694 utentem
3003 639 3230 710 virginis.
3251 638 3387 705 Quid
3409 649 3516 707 est,
3546 641 3700 712 juxta

2112 745 2326 788 mentem
2365 734 2573 803 virginis
2590 734 2616 785 ?
2638 731 2901 799 Quoniam
2928 731 3139 800 juvenis
3167 739 3283 785 erat
3313 730 3490 800 puella
3511 771 3525 794 ,
3555 731 3702 798 ejus-

2115 827 2258 881 modi
2285 829 2468 894 verba,
2495 827 2696 895 inquit,
2725 840 2846 878 cum
2878 838 2939 877 ea
2970 823 3221 893 loquutus
3247 831 3363 887 est,
3389 838 3509 892 qua:
3553 822 3703 877 sufli-

2114 919 2329 974 ciebant
2374 917 2441 972 ad
2485 915 2878 973 conciliandum
2903 915 3002 970 sibi
3033 931 3172 969 eam.
3207 916 3271 970 Et
3303 915 3476 986 inquit
3503 915 3571 970 ad
3605 931 3701 984 pa-

2117 1019 2251 1064 trem
2277 1025 2291 1063 :
2319 1009 2372 1062 6.
2403 1009 2584 1077 Accipe
2613 1007 2738 1061 mihi
2763 1007 2899 1076 puell
2917 1023 2982 1058 ειη
3013 1006 3148 1059 hanc
3194 1006 3246 1058 in
3275 1022 3508 1059 uxorem.
3535 1006 3702 1060 Andi-

2118 1100 2396 1154 vitantem
2421 1097 2588 1153 Jacob
2612 1097 2807 1152 factum
2828 1135 2844 1161 ,
2875 1104 2929 1150 et
2958 1105 3083 1150 tunc
3111 1095 3300 1150 leviter
3341 1094 3486 1162 tulit,
3511 1111 3706 1164 exspe-

2119 1201 2271 1244 ctans
2293 1189 2512 1244 fratrum
2539 1189 2657 1257 ejus
2681 1187 2991 1242 adventum.
3025 1186 3190 1240 Erant
3214 1187 3358 1240 enim
3386 1185 3441 1240 in
3471 1186 3702 1254 pascuis.

2124 1283 2178 1338 5.
2204 1281 2270 1335 Et
2294 1281 2455 1343 siluit,
2488 1279 2660 1348 inquit
2682 1321 2696 1339 ,
2727 1278 2887 1332 Jacob
2907 1318 2922 1342 ,
2947 1277 3107 1331 donec
3133 1277 3356 1331 venirent
3385 1277 3481 1330 illi.
3503 1276 3560 1331 6.
3581 1275 3705 1330 Cum

2124 1386 2289 1428 autent
2317 1373 2526 1428 venisset
2553 1371 2711 1425 Emor
2734 1369 2804 1423 ad
2832 1368 3022 1432 Iacob,
3052 1368 3105 1422 7.
3135 1376 3374 1422 venerunt
3422 1377 3470 1422 et
3528 1371 3708 1436 fratres

2127 1465 2300 1533 Dirue,
2327 1475 2505 1519 etcum
2533 1461 2837 1516 audivissent
2867 1475 2980 1527 qntz
3017 1459 3153 1529 facta
3192 1467 3335 1512 erant
3373 1458 3540 1511 sorori
3568 1473 3672 1510 sata:
3690 1498 3705 1519 ,

2126 1555 2411 1626 compuncti
2438 1563 2572 1608 sunt.
2595 1551 2731 1617 Quid
2774 1559 2892 1616 est,
2921 1549 3206 1619 compuncti
3230 1560 3344 1602 sunt
3361 1549 3388 1602 ?
3413 1548 3710 1602 contristati

2129 1656 2274 1711 sunt,
2309 1661 2528 1716 remque
2561 1643 2955 1698 intolerabilem
2983 1657 3103 1696 esse
3131 1649 3458 1710 putaverunt
3497 1650 3554 1693 et
3591 1656 3711 1708 gra-

2133 1739 2404 1792 vissimam
2431 1776 2448 1798 ,
2475 1744 2696 1804 eratque
2721 1734 2800 1787 eis
2829 1731 3090 1788 maerendi
3120 1747 3310 1800 magna
3333 1732 3570 1785 occasio.
3599 1729 3712 1782 Ma-

2131 1845 2232 1899 gna
2253 1827 2406 1894 enim,
2441 1826 2631 1894 inquit,
2654 1840 2737 1878 eos
2783 1823 2986 1877 tristitia
3013 1822 3286 1892 eliciebat,
3313 1821 3450 1890 quod
3478 1837 3586 1874 rem
3613 1830 3714 1870 tur-

2134 1934 2248 1988 pem
2275 1922 2460 1987 fecerat
2489 1917 2542 1969 in
2570 1913 2740 1970 lsrae‘l
2758 1914 2977 1984 Sychem
2997 1953 3012 1978 ,
3038 1913 3123 1983 qui
3143 1911 3446 1966 dormiverat
3472 1927 3589 1964 cum
3611 1911 3716 1978 [ilia

2134 2007 2316 2063 Iacob.
2370 2007 2530 2063 Vides
2582 2006 2815 2062 ﬂliorum
2847 2004 3280 2059 continentiam?
3327 2002 3714 2072 turpitudinem

2139 2101 2423 2154 maximam
2449 2098 2552 2154 hoc
2589 2098 2784 2152 factum
2812 2095 3178 2166 reputabant?
3217 2093 3410 2148 Vidisti
3448 2093 3717 2164 quomodo

2135 2195 2312 2265 justus
2349 2207 2542 2264 pueros
2587 2206 2714 2248 suos
2756 2190 2953 2246 erudiit
2996 2189 3064 2245 ad
3117 2189 3409 2244 virtutem?
3440 2187 3718 2255 Quommlo

2141 2289 2266 2342 item
2301 2286 2442 2341 ﬁlius
2469 2286 2634 2341 Emor
2661 2299 2814 2339 suam
2849 2283 3341 2352 concupiscentiam
3384 2295 3552 2351 opere
3575 2295 3718 2334 com-

2143 2379 2330 2449 pletis,
2360 2376 2420 2431 lit
2459 2376 2598 2447 patri
2629 2385 2687 2432 et
2712 2376 2809 2430 toi
2835 2374 3037 2430 civitati
3068 2372 3326 2444 perniciei
3357 2375 3594 2426 auctor?
3621 2371 3720 2426 Sed

2144 2471 2292 2540 prius
2314 2468 2596 2524 audiamus
2617 2482 2737 2538 quae
2761 2467 2926 2522 Emor
2955 2465 3023 2520 ad
3068 2480 3164 2521 eos
3186 2465 3422 2526 dixerit,
3451 2473 3507 2518 et
3537 2472 3721 2533 postea

2142 2561 2324 2617 scietis
2354 2560 2578 2617 fratrum
2601 2559 2751 2614 Dina:
2788 2557 3080 2614 versutiam
3101 2600 3116 2622 ,
3143 2565 3200 2610 et
3246 2554 3516 2625 quomodo
3558 2552 3723 2608 vindi-

2143 2669 2269 2711 care
2298 2653 2617 2710 studuerunt
2641 2651 2886 2722 injuriam
2909 2653 3082 2707 sorori
3112 2650 3334 2705 illatam.
3368 2649 3423 2704 8.
3453 2646 3522 2700 Et
3545 2649 3718 2715 loquu-

2145 2757 2228 2800 tns
2257 2756 2329 2800 est
2368 2746 2439 2801 eis
2463 2744 2622 2799 Emor
2659 2745 2828 2798 dicens
2850 2762 2869 2798 :
2891 2743 3113 2814 Sychem
3143 2741 3282 2810 ﬁlius
3309 2756 3449 2793 meus
3474 2739 3724 2810 prun-legit

2146 2839 2320 2893 animo
2359 2838 2520 2907 ﬁliam
2548 2845 2784 2890 vestram.
2812 2834 2946 2889 Vide
2971 2831 3241 2904 quomodo
3285 2830 3394 2900 jam
3445 2829 3726 2898 pra‘signat

2151 2929 2444 3002 perniciem
2486 2943 2546 2982 se
2574 2926 3110 2996 comprehcnsuram.
3143 2921 3409 2994 Pro-elegit
3439 2920 3585 2974 enim
3608 2962 3622 2983 ,
3654 2919 3725 2972 iu-

2149 3021 2300 3092 quit,
2323 3020 2493 3074 anima
2516 3035 2534 3072 :
2565 3018 2666 3073 hoc
2714 3027 2818 3082 est,
2847 3019 3080 3070 animam
3132 3029 3282 3069 suam
3334 3012 3586 3082 exposuit
3636 3024 3728 3078 pro

2152 3113 2255 3168 lilia
2307 3125 2508 3169 vestra.
2559 3112 2654 3167 llle
2713 3110 2927 3181 quidem
2981 3107 3197 3168 dicebat
3241 3105 3727 3174 concupiscentiam

2150 3204 2286 3274 ejus,
2310 3217 2467 3274 quam
2497 3215 2622 3271 erga
2653 3200 2884 3271 puellam
2919 3197 3148 3252 habebat
3173 3213 3186 3249 :
3213 3197 3371 3264 paulo
3399 3206 3521 3265 post
3555 3203 3728 3248 autem

2150 3297 2354 3363 didicit,
2386 3296 2524 3350 hanc
2553 3310 2663 3349 suae
2689 3303 2743 3348 et
2766 3293 3003 3347 omnium
3035 3291 3124 3360 qui
3155 3290 3226 3343 ibi
3251 3298 3440 3354 erant,
3472 3287 3728 3356 perditio-

2151 3391 2234 3445 nis
2288 3389 2404 3445 fore
2447 3389 2808 3444 occasionem.
2841 3385 2973 3453 Quia
3016 3383 3180 3452 igitur
3217 3381 3308 3435 ille
3355 3381 3619 3449 virginem
3659 3379 3731 3432 sic

2151 3479 2447 3550 deperibat,
2477 3478 2624 3544 Date,
2652 3476 2840 3546 inquit,
2866 3477 3016 3529 istam
3037 3473 3116 3528 illi
3141 3487 3370 3534 uxorem,
3396 3470 3454 3528 9.
3485 3479 3530 3523 et
3565 3470 3731 3540 affini-

2153 3580 2303 3625 tatem
2333 3572 2613 3624 contraltite
2647 3569 2944 3622 nobiscum:
2972 3566 3108 3635 ﬁlias
3135 3574 3320 3618 vestras
3341 3562 3458 3615 date
3493 3559 3667 3625 nobis,
3689 3567 3734 3612 et

2153 3665 2287 3732 ﬁlias
2313 3670 2511 3718 nostras
2530 3660 2740 3731 accipite
2760 3659 2879 3728 ﬁliis
2907 3657 3080 3711 vestris
3099 3697 3114 3720 ,
3141 3655 3226 3710 10.
3249 3663 3293 3708 et
3316 3655 3446 3707 inter
3471 3669 3565 3705 nos
3593 3651 3730 3703 habi-

2154 3765 2274 3809 tate.
2295 3753 2360 3808 Et
2385 3767 2495 3806 ecce
2522 3761 2656 3804 terra
2683 3751 2788 3804 lata
2817 3758 2887 3804 est
2913 3763 3083 3801 coram
3111 3745 3246 3799 vobis
3264 3785 3279 3810 ,
3309 3743 3534 3797 habitate
3572 3751 3619 3795 et
3650 3757 3733 3793 ne-

2154 3846 2412 3918 gotiamini
2438 3846 2490 3898 in
2517 3861 2595 3911 ea,
2623 3853 2668 3897 et
2696 3843 2749 3896 in
2781 3857 2840 3895 ea
2884 3837 3218 3908 possessiones
3243 3835 3434 3889 habete.
3475 3833 3606 3888 Vide
3644 3848 3734 3901 pa-

2157 3953 2313 4002 trem,
2333 3943 2584 4006 quantam
2615 3941 2832 4003 propter
2859 3930 2951 3984 lilii
2981 3944 3221 3984 amorem
3250 3927 3412 3981 habet
3429 3939 3556 3993 erga
3587 3938 3738 3993 pcre-

2155 4031 2337 4102 grinos
2366 4029 2767 4098 benignitatem,
2795 4034 2848 4079 et
2873 4021 3145 4094 quomodo
3171 4035 3268 4075 eos
3315 4018 3609 4074 conciliare
3639 4015 3736 4069 sibi

2155 4122 2289 4185 vult,
2322 4121 2443 4175 data
2471 4120 2551 4174 eis
2577 4119 2630 4173 in
2655 4117 2803 4172 omni
2832 4115 3052 4185 regione
3082 4127 3177 4167 sua
3200 4119 3484 4182 potestate.
3529 4108 3598 4161 Et
3627 4108 3738 4160 lucc

2158 4211 2371 4283 quidem
2417 4211 2524 4280 egit
2572 4217 2764 4278 pater:
2799 4206 2939 4260 filius
2985 4213 3162 4258 autem
3215 4200 3336 4271 quia
3390 4197 3524 4253 vidit
3574 4196 3740 4266 patris

2157 4316 2284 4371 erga
2327 4313 2386 4355 se
2405 4298 2657 4362 studium,
2684 4305 2740 4351 et
2783 4293 3051 4366 quomodo
3087 4291 3263 4346 omnia
3305 4288 3484 4343 facere
3525 4295 3741 4357 paratus

2159 4391 2338 4457 fuerit,
2388 4399 2449 4445 ut
2492 4387 2805 4458 impleretur
2850 4383 2991 4455 quod
3042 4381 3312 4451 cupiebat,
3365 4378 3552 4448 adjicit
3599 4376 3740 4446 quod

2158 4497 2314 4536 suum
2358 4489 2472 4547 est,
2506 4478 2740 4548 dicitque
2767 4475 2831 4530 ad
2857 4473 3025 4529 laeob
3055 4481 3109 4527 et
3156 4471 3223 4524 ad
3267 4470 3466 4524 fratres
3498 4467 3695 4537 puella:
3723 4484 3736 4518 :

2161 4572 2247 4627 Η.
2264 4570 2291 4624 l
2299 4571 2526 4624 nveniam
2554 4569 2769 4641 gratiam
2787 4581 2957 4620 coram
2971 4563 3129 4629 vobis,
3149 4571 3196 4614 et
3215 4558 3460 4630 quidquid
3485 4558 3740 4621 dixeritis,

2159 4665 2429 4719 dabimus:
2468 4661 2553 4716 12.
2597 4659 2931 4730 Multiplicate
2973 4655 3173 4718 dotem,
3202 4662 3250 4706 et
3295 4651 3427 4705 dabo
3462 4649 3741 4704 secundum

2159 4755 2294 4825 quod
2313 4753 2537 4808 dixeritis
2563 4751 2705 4815 mihi,
2721 4760 2766 4803 et
2792 4747 2972 4802 dabitis
3000 4745 3121 4799 mihi
3139 4744 3358 4815 puellam
3381 4741 3512 4794 hanc
3536 4741 3590 4794 in
3616 4756 3742 4794 uxo-

2160 4861 2288 4900 rem.
2315 4843 2504 4898 Vidisti
2537 4851 2740 4912 patrem
2765 4848 2981 4908 propter
3006 4835 3238 4891 studium
3268 4841 3324 4887 et
3360 4845 3545 4887 curam
3573 4830 3628 4884 in
3676 4829 3738 4882 li-

2161 4938 2291 4994 lium
2343 4936 2538 4992 obnixe
2591 4932 2819 5004 precari,
2863 4930 3224 5000 juvenemque
3271 4935 3519 4996 prompte
3559 4922 3740 4978 omnia

2161 5029 2496 5099 promittere,
2528 5036 2582 5080 ut
2613 5024 2785 5094 puella
2816 5019 3114 5092 potiretur?

2233 5119 2432 5176 3.1km
2459 5118 2620 5182 enim,
2647 5115 2758 5168 haec
2787 5113 3079 5183 perniciosa
3110 5109 3324 5163 affectio
3348 5106 3526 5160 omnia
3566 5104 3742 5160 susci-

2164 5210 2357 5282 pienda
2387 5207 2608 5264 libidine
2637 5205 2897 5261 difﬂuenti
2923 5200 3233 5273 persuadet,
3265 5199 3438 5254 donec
3465 5197 3521 5251 in
3548 5194 3742 5250 inferni

2166 5299 2700 5373 profundum_ducat.
2757 5297 2825 5351 Et
2867 5296 3021 5358 vide,
3054 5294 3278 5348 obsecro
3323 5307 3337 5341 :
3393 5291 3572 5344 senior
3621 5289 3742 5358 qui-

2162 5395 2282 5450 dem
2309 5393 2472 5448 Jacob
2498 5392 2610 5446 lucc
2629 5391 2850 5444 audiens
2871 5390 3011 5452 silet,
3026 5397 3078 5441 et
3097 5401 3191 5456 pro
3215 5400 3311 5438 sua
3329 5382 3740 5437 mansuetudine

2163 5486 2293 5542 nihil
2324 5484 2586 5554 loquitur:
2615 5483 2708 5538 sed
2734 5483 2839 5535 vim
2867 5481 2986 5534 lilia:
3012 5480 3200 5534 factam
3225 5476 3486 5546 patienter
3503 5473 3628 5527 fert.
3656 5473 3738 5527 ΓΞ.

2166 5578 2287 5630 Filii
2314 5587 2479 5630 autem
2509 5574 2668 5628 Jacob
2706 5572 2940 5626 dixerunt
2971 5570 3188 5641 Sycltem
3214 5577 3262 5620 et
3293 5565 3448 5620 Emor
3472 5564 3608 5634 patri
3636 5565 3741 5628 eius

2164 5669 2352 5731 dolose,
2384 5676 2430 5722 et
2460 5665 2651 5734 loquuti
2675 5673 2790 5718 sunt
2827 5664 2948 5728 illis,
2983 5660 3114 5730 quod
3140 5659 3512 5729 coinquinarint
3561 5655 3744 5708 Dinam

2165 5775 2386 5816 sororem
2406 5774 2568 5814 suam.
2596 5754 2887 5814 Considera
2916 5754 3003 5810 hic
3045 5748 3312 5824 quomodo
3341 5757 3564 5822 propter
3592 5751 3746 5806 unius
