3974 6424
212 347 324 405 διε

211 468 270 524 δὲ
305 462 381 526 ὡς
429 468 650 523 πλείονα
696 469 797 540 τὴν
826 470 953 542 περὶ
993 472 1155 526 αὑτὸν
1187 474 1629 547 ἐπιδεικνύμενος
1669 476 1800 547 πρό-

209 570 387 616 νοιαν,
421 553 678 624 ἀφορμάς
713 554 863 625 αὐτῷ
890 555 1209 611 καταλιπεῖν
1239 558 1557 624 σπουδάζεις
1582 559 1681 624 τὰς
1706 561 1798 613 δυ-

212 636 454 705 ναμένας
479 635 809 707 ὑποϐρύχιον
837 638 1004 691 αὑτοῦ
1030 639 1127 711 τὴν
1150 639 1327 713 ψυχὴν
1354 642 1729 713 ἑργάσασθαι;

282 719 357 772 “Il
397 718 498 771 ούκ
549 715 706 774 οἶσθα
746 720 829 774 δτι
860 724 893 793 ἠ
929 722 1119 793 νεότης
1164 725 1258 777 καὶ
1306 724 1428 779 καθ’
1456 726 1656 793 ἑαυτὴν
1696 727 1797 797 μὲν

209 801 488 855 εύόλισθόν
515 801 631 854 ἐστι
657 803 891 873 πρᾶγμα
929 804 1024 857 καὶ
1051 804 1349 877 ὀξύρροπον
1383 808 1523 879 πρὸς
1554 808 1789 872 κακίανς

214 887 385 939 Ὅταν
402 884 462 937 δέ
486 886 579 937 καί⁵
596 900 700 955 χρη
708 885 894 954 μάτων
911 888 1224 957 περιουσίαν
1244 889 1527 962 προσλάϐῃ
1540 902 1590 952 ι,
1613 890 1793 962 πολλῷ

214 967 418 1038 μᾶλλον
448 966 911 1038 ἑπιρρεπέστερον
940 969 1002 1021 τὸ
1048 971 1219 1024 κακὸν
1249 971 1479 1040 γίνεται.
1531 971 1793 1044 Καθάπερ

211 1052 321 1122 7&9
347 1050 463 1123 πῦρ
486 1050 618 1120 ὓλην
648 1052 955 1121 προσλαϐὸν
973 1092 988 1117 ,
1026 1054 1390 1126 σφοδροτέραν
1419 1056 1649 1111 ἀνάπτει
1694 1059 1797 1130 τὴν

210 1136 386 1205 φλόγα
404 1152 418 1167 ο
461 1133 604 1188 οὕτω
629 1136 725 1189 καὶ
752 1137 787 1206 ἡ
820 1135 1011 1203 νεότης
1041 1137 1295 1210 καθάπερ
1324 1140 1504 1211 πυράν
1534 1142 1633 1213 τὴν
1663 1142 1794 1212 ὕλην

209 1219 319 1272 τῶν
352 1218 651 1291 χρημάτων
675 1218 941 1291 δεξαμένη
955 1259 971 1285 ,
1013 1221 1285 1293 τοσαύτην
1309 1224 1538 1279 ἀνάπτει
1567 1226 1667 1297 τὴν
1699 1227 1796 1281 κά-

214 1321 368 1374 μινον
386 1344 402 1367 ,
428 1304 503 1367 ὡς
537 1303 831 1376 ὁλόκληρον
863 1305 1152 1376 ἐμπρῆσαι
1179 1306 1277 1361 τοῦ
1300 1308 1423 1362 νέου
1450 1310 1549 1380 τὴν
1592 1309 1792 1381 ψυχήν.

211 1388 349 1441 Πότε
380 1386 490 1458 γάρ
509 1388 538 1440 6
554 1385 795 1451 τοιοῦτος
826 1387 1117 1459 δυνήσεται
1149 1390 1507 1462 σωφροσύνης
1528 1393 1796 1462 ἐπιμελή-

208 1472 407 1525 σασθαι
432 1511 449 1533 ,
493 1472 587 1524 καὶ
635 1470 931 1524 ἀκολασίαν
972 1474 1164 1541 φυγεῖν
1189 1513 1206 1537 ,
1240 1474 1336 1527 καὶ
1368 1476 1493 1539 τοὺς
1523 1475 1662 1546 ὑπὲρ
1693 1476 1795 1546 τῆς

204 1557 408 1627 ἀρετῆς
433 1555 628 1617 πόνους
650 1552 1029 1618 ἀναδέξασθαι,
1049 1556 1082 1626 ἦ
1111 1574 1165 1609 τι
1190 1556 1376 1628 ἕτερον
1400 1559 1790 1627 πνευματικόν;

277 1638 345 1709 β’.
372 1641 441 1691 Ἢ
462 1638 563 1691 ούκ
593 1636 811 1701 ἀκούεις
836 1636 931 1689 τοῦ
948 1639 1212 1708 Χριστοῦ,
1232 1640 1315 1694 ὅτι
1339 1642 1398 1695 Ἠ
1418 1642 1669 1711 μέριμνα
1685 1642 1791 1697 τοῦ

205 1719 422 1786 αἰῶνος
448 1720 666 1774 τούτου
695 1718 794 1772 καὶ
820 1721 860 1789 ἡ
893 1719 1092 1788 ἀπάτη
1110 1723 1215 1777 τοῦ
1238 1724 1509 1777 πλούτου
1530 1724 1793 1792 συμπνίο

205 1827 293 1879 γει
343 1807 455 1861 τόν
488 1806 815 1876 λογισμὸν,
849 1806 947 1859 καί
974 1805 1243 1876 ἄκαρπος
1289 1810 1515 1879 γίνεται
1540 1825 1553 1838 ·
1593 1810 1661 1872 ἀς
1696 1811 1791 1865 καὶ

206 1890 450 1953 ἀκάνθας
474 1888 793 1959 ὼνόμασεν;
824 1887 1007 1942 Εἰπὼν
1036 1890 1147 1960 7&9
1165 1891 1227 1944 τὸ
1254 1892 1312 1943 ἐν
1346 1891 1443 1960 μὲν
1467 1891 1561 1946 τοῦ
1586 1892 1791 1961 σπόρου

205 1977 284 2037 είς
313 1974 416 2037 τάς
444 1971 686 2035 ἀκάνθας
713 1973 1161 2042 ἐμπεπτωκέναι,
1188 1970 1309 2030 εἶτα
1336 1976 1656 2047 ἑρμηνεύων
1679 1979 1792 2040 τοῖς

210 2056 477 2128 μαθηταῖς
501 2054 650 2118 τίνες
678 2056 818 2108 είσὶν
845 2058 903 2110 al
923 2056 1176 2122 ἄκανθαι,
1205 2059 1370 2129 φησίν
1393 2076 1408 2089 ο
1450 2058 1513 2116 Ἠ
1528 2059 1789 2129 μέριμνα

205 2142 307 2196 τοῦ
346 2140 568 2206 αἰῶνος
609 2141 824 2193 τούτου
849 2180 866 2205 ,
900 2140 1001 2194 καί
1053 2144 1092 2209 ἡ
1130 2141 1328 2209 ἀπάτη
1368 2142 1475 2197 τοῦ
1518 2144 1788 2197 πλούτου

203 2224 606 2292 συμπνίτει
636 2223 744 2276 τὸν
768 2224 1148 2294 λογισμὸν,
1168 2226 1266 2278 καί
1289 2225 1614 2295 ἄκαρπος
1638 2226 1792 2296 γίνεο

204 2324 312 2362 ται.
345 2309 459 2361 Kal
475 2305 658 2369 καλῶς
675 2307 940 2371 ἀκάνθαις
956 2307 1259 2380 παρείκασε
1277 2308 1377 2378 τὴν
1402 2308 1673 2380 μέριμναν
1690 2309 1786 2363 τοῦ

201 2388 397 2453 αἰῶνος
417 2388 631 2442 τούτου.
649 2388 916 2460 Καθάπερ
934 2389 1043 2460 γάρ
1066 2391 1121 2442 αἱ
1137 2389 1371 2444 ἄκανθαι
1385 2393 1486 2445 ούκ
1504 2392 1635 2446 ἐῶσι
1655 2409 1790 2463 προ-

204 2474 369 2544 κόψαι
406 2473 498 2525 τὸν
538 2473 741 2543 σπόρον
765 2512 781 2535 ,
814 2471 952 2525 ἀλλά
982 2475 1048 2543 τῇ
1080 2473 1378 2543 πυκνότητι
1420 2475 1786 2544 συμπνίγουσι

200 2558 257 2610 τὸ
286 2554 668 2625 καταϐληθὲν·
721 2553 864 2607 οὕτω
892 2556 989 2609 καὶ
1036 2555 1093 2609 al
1127 2556 1387 2626 μέριμναι
1429 2559 1486 2610 aI
1537 2558 1788 2627 βιωτικαὶ

198 2642 284 2695 τὸν
306 2641 517 2711 σπόρον
549 2639 642 2693 τὸν
673 2638 1061 2709 πνευματικὸν,
1105 2639 1328 2692 ἐπειδάν
1367 2642 1447 2705 είς
1481 2640 1580 2711 τὴν
1609 2641 1788 2712 ψυχὴν

200 2723 513 2793 καταϐληθῇ
540 2763 554 2785 ,
588 2724 690 2776 οὐκ
718 2723 909 2791 ἀφιᾶσι
935 2722 1148 2796 καρπὸν
1179 2724 1446 2791 ἐνεγκεῖν,
1479 2722 1615 2778 άλλά
1655 2741 1782 2793 συγ-

200 2809 449 2863 καίουσαι
481 2806 576 2859 καὶ
596 2806 1018 2876 συμπνίγουσαι,
1045 2805 1297 2877 καθάπερ
1329 2809 1384 2859 αί
1408 2806 1663 2872 ἄκανθαι,
1685 2808 1786 2861 οὐκ

199 2892 319 2945 ἐῶσι
358 2888 640 2961 προκύψαι
689 2888 782 2941 τὸν
818 2888 1018 2959 σπόρον
1043 2889 1133 2942 τὸν
1178 2890 1569 2960 πνευματικόν.
1600 2890 1710 2944 Καὶ
1744 2892 1783 2960 ἠ

195 2973 428 3039 ἀπάτη,
461 2965 631 3043 φησὶ,
675 2970 782 3025 τοῦ
817 2971 1107 3025 πλούτου.
1146 2971 1341 3034 Καλῶς
1368 2968 1522 3027 εἶπεν
1566 2972 1785 3042 ἀπάτην

196 3056 282 3109 τοῦ
328 3055 605 3109 πλούτου·
639 3054 735 3106 καὶ
783 3052 893 3124 7&9
941 3055 1108 3117 ὅντως
1158 3054 1341 3121 ἀπάτη
1388 3056 1523 3110 ἐστί.
1562 3056 1627 3108 Τί
1674 3056 1784 3125 7&9

196 3142 392 3211 όφελος
421 3139 530 3192 τῶν
562 3137 833 3192 τοσούτων
868 3137 1147 3193 ταλάντων
1168 3179 1183 3203 ,
1236 3138 1331 3192 καὶ
1379 3138 1483 3209 τῆς
1511 3140 1783 3211 τοσαύτης

194 3224 294 3278 τῶν
339 3221 655 3295 χρημάτων
704 3220 1032 3292 περιϐολῆςς
1064 3222 1209 3285 Ναὶ,
1245 3222 1413 3293 φησί·
1442 3222 1644 3294 πολλὴν
1683 3224 1784 3293 τὴν

193 3304 536 3379 εὐφροσύνην
560 3305 789 3376 παρέχει
807 3305 868 3357 τὸ
888 3304 1205 3375 κεκτῆσθαι.
1223 3305 1389 3359 Ποίαν
1409 3306 1779 3377 εὐφροσύνηνς

195 3392 296 3445 Kal
339 3391 400 3444 τί
449 3389 597 3458 λέγω
643 3388 1024 3459 εὐφροσύνηνς
1071 3389 1208 3459 Ούχὶ
1234 3388 1392 3443 τοῦτο
1423 3389 1657 3460 μάλιστα
1684 3390 1783 3455 τὰς

196 3476 458 3548 ἀκαίρους
490 3474 762 3545 ἀθυμίας,
794 3473 893 3536 τὰς
932 3472 1132 3536 πολλὰς
1157 3473 1349 3545 ἀηδίας
1369 3474 1649 3528 τίκτεσθαι
1680 3492 1783 3528 πα-

196 3556 563 3627 ρασκευάζει;
594 3557 704 3612 Kal
748 3555 903 3610 οὔπω
926 3555 1071 3624 λέγω
1118 3555 1216 3625 τὴν
1240 3556 1328 3610 διά
1360 3556 1533 3611 ταῦτα
1564 3557 1783 3612 κόλασιν

195 3641 607 3714 ἐπηρτημένην,
638 3640 757 3694 ἀλλ’
788 3640 974 3703 ἁπλῶς
1005 3639 1075 3693 τά
1107 3639 1261 3710 ἐντῷ
1290 3642 1517 3711 παρόντι
1547 3640 1667 3712 βίῳ,
1700 3642 1784 3695 δτι

192 3726 305 3779 οὐδὲ
329 3724 532 3797 ἡδονὴν
548 3724 609 3777 τὸ
630 3725 863 3796 πρᾶγμα
887 3723 973 3793 ἒχε
983 3740 1030 3775 ιν
1061 3720 1285 3776 δύναται
1307 3762 1322 3785 ,
1363 3725 1500 3778 ἀλλά
1531 3725 1780 3795 καθημε-

195 3810 341 3878 ρινάς
363 3807 620 3881 ταραχάς
649 3810 744 3861 καὶ
762 3808 976 3877 ἀηδίας.
1012 3809 1122 3862 Kal
1151 3811 1250 3879 ούχ
1285 3808 1427 3861 οὕτω
1456 3809 1553 3879 τὴν
1582 3808 1781 3862 θάλατ-

188 3907 285 3946 ταν
309 3892 465 3947 ἐστιν
507 3892 636 3945 ίδείν
684 3891 820 3961 πρὸς
853 3890 922 3943 τά
968 3890 1189 3961 κύματα
1233 3891 1679 3963 κορυφουμένην,
1704 3891 1782 3955 ὼς

187 3975 283 4035 τὴν
309 3974 572 4046 τοιαύτην
598 3974 773 4044 ψυχὴν
793 3973 898 4027 ὑπὸ
920 3974 1027 4027 τῶν
1052 3975 1324 4046 λογισμῶν
1348 3975 1440 4028 καὶ
1463 3973 1572 4027 τῶν
1594 3974 1780 4028 παθῶν

187 4056 679 4129 πολιορκουμένην,
717 4057 811 4109 καὶ
839 4058 975 4127 πρὸς
1012 4060 1259 4121 ἅπαντας
1284 4058 1378 4111 καὶ
1407 4056 1641 4120 οἰκείους
1686 4057 1781 4111 καὶ

186 4139 505 4211 ἀλλοτρίους
533 4139 714 4210 ἀηδῶς
745 4139 1111 4213 διακειμένην.
1140 4142 1250 4194 Kal
1276 4141 1370 4194 ἐάν
1398 4157 1525 4193 ποτε
1555 4140 1662 4194 κᾶν
1685 4141 1774 4211 μέ-

187 4240 276 4293 ρος
315 4240 368 4277 τι
402 4220 618 4276 τούτων
652 4221 915 4292 ὑφέληται
963 4241 1045 4288 τις
1092 4224 1109 4295 (
1138 4224 1305 4277 πολλά
1335 4218 1444 4294 γάρ
1475 4221 1544 4276 τὰ
1576 4223 1780 4295 συμπί-

184 4322 388 4360 πτοντα
411 4345 429 4370 ,
496 4306 589 4358 καί
626 4304 811 4358 πολλοὶ
844 4306 894 4358 οἱ
950 4306 1329 4377 ἐφεδρεύοντες
1350 4346 1364 4362 .
1419 4306 1515 4360 καὶ
1552 4306 1778 4360 οἰκετῶν

185 4391 520 4460 κακουργίαι
538 4431 553 4453 ,
583 4390 678 4442 xal
703 4389 1135 4443 δυναστευόντων
1172 4391 1429 4463 ἐπήρειαι
1450 4391 1466 4459 )
1490 4432 1506 4451 ,
1536 4390 1660 4442 τότε
1689 4389 1777 4460 δὴ,

180 4474 298 4526 τότε
321 4476 592 4545 εὑρήσεις
615 4474 743 4535 τοὺς
763 4472 1040 4536 τοιούτους
1070 4472 1301 4526 ἀϐίωτον
1335 4473 1427 4525 τὸν
1466 4472 1581 4543 βίον
1615 4474 1781 4543 ἡγου-

183 4555 397 4625 μένους.
422 4556 607 4610 Ποίων
639 4552 732 4608 οὖν
754 4556 856 4609 ούκ
888 4553 954 4608 ἂν
982 4550 1092 4608 εἶεν
1111 4554 1263 4628 [57:]
1293 4555 1508 4627 θρήνων
1531 4556 1582 4609 οί
1608 4554 1782 4609 τοιοῦ-

178 4656 258 4693 τοι
289 4640 475 4707 ἄξιοι,
516 4641 564 4692 οί
604 4639 726 4692 καθ’
752 4639 961 4693 ἑαυτῶν
1007 4640 1221 4694 ᾶπαντα
1263 4640 1521 4710 πράττειν
1557 4639 1783 4694 σπουδά-

180 4721 363 4786 ζοντες
385 4765 401 4785 ,
443 4724 546 4776 καὶ
576 4723 672 4777 ἐπὶ
715 4722 861 4793 λύμῃ
895 4724 993 4793 τῆς
1017 4722 1224 4775 ἑαυτῶν
1251 4723 1432 4792 ψυχῆς
1460 4722 1635 4776 ταῦτα
1664 4721 1784 4774 συλ-

180 4803 357 4873 λέγειν
397 4804 758 4875 βουλόμενοι;
794 4804 956 4868 Ἀλλ’,
993 4806 1042 4857 εί
1082 4803 1266 4866 δοκεῖ,
1306 4804 1530 4868 τούτους
1556 4805 1782 4858 καταλιο

181 4884 375 4948 πόντες
398 4923 416 4947 ,
440 4884 541 4937 ἐπὶ
562 4883 662 4953 τὴν
682 4885 823 4938 κατά
848 4886 940 4938 τὸν
975 4886 1183 4939 δίκαιον
1210 4884 1450 4956 ἱστορίαν
1479 4886 1784 4942 ἐπανέλθω-⁹

183 4980 303 5031 μεν,
329 4964 431 5016 καὶ
462 4963 669 5032 ἴδωμεν
693 4962 803 5016 τῶν
828 4964 955 5035 ἑξῆς
990 4965 1089 5036 τὴν
1116 4964 1453 5018 ἀκολουθίαν.
1492 4965 1781 5033 Ἔστησε,

179 5045 312 5113 φησὶ
335 5086 350 5109 ,
384 5042 837 5113 θυσιαστήριον
882 5045 941 5096 ἑν
978 5047 1043 5115 τῇ
1091 5044 1268 5115 μερίδι
1316 5044 1409 5097 τοῦ
1445 5043 1648 5117 ἀγροῦ,
1688 5045 1788 5099 καὶ

179 5122 607 5177 ἐπεκαλέσατο
636 5124 746 5177 τὸν
776 5124 926 5178 Θεὸν
965 5123 1227 5192 Ἰσραὴλ,
1258 5124 1353 5179 καὶ
1380 5125 1569 5180 λοιπὸν
1600 5127 1658 5178 ἐν
1679 5126 1789 5196 Ση-

178 5202 363 5272 κίμοις
424 5202 534 5273 τὴν
569 5202 784 5270 οἴκησιν
833 5203 1192 5257 ἐϐουλεύσατο
1245 5204 1592 5276 ποιήσασθαι.
1648 5204 1787 5258 Ἀλλ’

177 5281 275 5350 δρα
327 5281 505 5337 πάλιν
552 5281 700 5345 ὅπως
737 5283 765 5335 6
812 5283 1021 5345 δίκαιος
1058 5284 1153 5335 καὶ
1185 5283 1420 5337 ἐνταῦθα
1452 5282 1553 5355 τὴν
1580 5284 1788 5338 οἰκείαν

186 5359 493 5414 ἐπιείκειαν
552 5360 940 5415 ἐπιδείκνυται.
984 5361 1049 5414 Τί
1096 5361 1255 5432 7&9;
1300 5362 1595 5432 Ἐξῆλθε,
1632 5364 1786 5434 φησὶ,

180 5438 353 5492 Δεῖνα
384 5439 427 5505 ἡ
454 5438 727 5507 θυγάτηρ
766 5441 943 5506 Λείας
961 5482 973 5495 .
1004 5439 1154 5494 ἰδεῖν
1178 5439 1285 5506 τὰς
1312 5442 1635 5511 θυγατέρας
1670 5442 1792 5496 τῶν

181 5516 516 5586 ἐγχωρίων.
556 5519 662 5572 Καὶ
687 5518 830 5572 ίόὼν
850 5518 1046 5585 αὐτὴν
1085 5518 1285 5588 Συχὲμ
1323 5523 1357 5575 ό
1399 5520 1530 5586 υίὸς
1577 5520 1785 5591 Ἐμὼρ,

182 5595 475 5665 ἐκοιμήθη
499 5597 632 5665 μετ’
652 5597 843 5666 αὐτῆς
862 5640 876 5660 ,
902 5597 998 5652 καί
1024 5597 1322 5668 ἠγάπησε,
1342 5602 1499 5669 φησὶ,
1514 5600 1629 5667 τὴν
1650 5618 1792 5666 παρ-

184 5673 382 5735 θένον,
409 5677 517 5728 καί
552 5676 862 5741 ἐλάλησεν
893 5676 1049 5746 αὐτῇ
1076 5678 1227 5732 κατὰ
1249 5678 1363 5747 τὴν
1388 5678 1660 5734 διάνοιαν
1679 5678 1790 5747 τῆς

183 5756 518 5823 παρθένου.
554 5755 706 5819 Εἶδες
736 5758 858 5811 δσον
890 5759 1036 5811 ἐστὶν
1071 5760 1104 5829 ἠ
1140 5758 1329 5830 νεότης
1361 5759 1552 5824 κακόν,
1585 5760 1610 5799 ι)
1640 5758 1791 5812 ἐπει-

243 5908 268 5936 ¹¹
289 5906 447 5956 Savil.
463 5913 523 5954 el
548 5920 640 5957 sex
668 5921 769 5957 mss
799 5909 913 5957 ὅταν
932 5910 983 5959 δὲ
1003 5911 1184 5974 καὶχρη
1240 5911 1352 5961 ’των
1375 5911 1623 5975 περιουσία
1641 5928 1676 5959 π
1707 5928 1791 5960 00--

243 5971 306 6022 513.
330 5970 557 6022 καθάπερ
582 5968 698 6022 πῦο.
723 5969 842 6019 lor.
857 5976 915 6020 ιιι
932 5972 981 6020 in
997 5979 1153 6021 lexlu.
1172 5929 1390 6022 Imaque
1404 5928 1786 6022 lccliouuaJJI-at.

183 5971 306 6024 τεθῆ,
330 5970 557 6030 καθάπερ
582 5969 698 6033 πῦρ.
723 5969 842 6019 Hor.
857 5976 915 6020 ιιι
932 5972 981 6020 in
997 5969 1153 6021 lexl'ii.
1172 5969 1390 6036 Utraque
1404 5969 1786 6034 léclioquadral.

230 6040 258 6083 δ
281 6042 366 6094 Sic
386 6055 419 6093 e
442 6042 612 6096 Caici.
629 6050 684 6096 el
705 6044 799 6094 Sav
838 6047 1161 6099 correximus.
1178 6048 1431 6100 Edcbalur
1453 6048 1630 6107 ἐπειδὴ.
1649 6046 1784 6100 lina.

1264 351 1331 409 IN
1360 350 1515 410 CAP.
1557 349 1778 408 XXXIII
1817 350 2063 408 GENES.
2105 350 2337 410 IIOMIL.
2374 352 2512 409 LIX.
3387 354 3486 414 διο

1906 474 2003 530 δᾶν
2071 477 2145 548 μὴ
2193 476 2292 547 ἔχῃ
2326 474 2575 546 χαλινὸν,
2638 471 2729 527 τὸν
2782 472 2983 546 εὐσεϐῆ
3032 473 3325 545 λογισμόν;
3369 475 3491 530 Εἶδε

1906 558 2050 629 γάρ,
2080 560 2234 631 φησὶ,
2265 558 2363 630 τὴν
2393 558 2584 628 κόρην,
2620 557 2716 610 κα).
2738 555 2858 620 ὅλος
2887 557 2994 611 ὑπὸ
3019 558 3119 628 τῆς
3143 557 3318 626 ὂψεως
3354 559 3493 628 ἐρω-

1906 658 1998 705 τος
2026 641 2264 711 γεγονὼς
2282 680 2297 703 ,
2321 642 2421 710 τὴν
2451 638 2750 708 ἐπιθυμίαν
2775 641 2855 691 ε³;
2884 639 3046 710 ἔργον
3074 638 3313 709 ἐξήγαγε
3334 681 3350 704 ,
3378 640 3488 694 Καί

1905 722 2215 790 ἐλάλησεν
2232 722 2389 791 αὐτῇ
2416 724 2566 777 κατὰ
2590 722 2704 789 τὴν
2731 721 3006 776 διάνοιαν
3029 721 3141 791 τῆς
3164 723 3487 791 παρθένου.

1908 808 1975 861 Τί
1996 809 2132 874 ἐστι,
2160 808 2320 862 Κατὰ
2341 808 2459 875 τὴν
2483 804 2754 859 διάνοιαν
2774 803 2880 872 τῆς
2906 804 3244 873 παρθένου;
3273 805 3489 878 Ἐπειδὴ

1908 890 2004 944 νέα
2041 886 2109 961 ἦν
2148 893 2182 961 ή
2228 890 2365 961 κόρη
2393 930 2407 951 ,
2443 890 2659 951 ἐκεῖνα,
2698 888 2896 957 φησὶν,
2952 887 3089 957 αὐτῇ
3134 887 3412 958 διελέχθη.
3451 887 3489 941 ἀ

1906 968 1976 1045 ἦν
2031 973 2193 1027 ίκανά
2239 970 2647 1026 ἐπισπάσασθαι
2689 970 2785 1024 καί⁵
2817 969 2958 1022 ἑλεῖν
2990 970 3181 1039 αὑτήν.
3212 970 3322 1023 Καί
3356 986 3489 1040 φησι

1907 1054 2044 1126 πρὸς
2091 1055 2183 1109 τὸν
2216 1055 2430 1125 πατέρα
2451 1071 2466 1084 ο
2516 1052 2671 1107 Λάϐε
2702 1069 2811 1123 μοι
2842 1051 2957 1121 τὴν
2987 1051 3318 1120 παιδίσκην
3349 1054 3487 1107 ταύ-

1910 1154 2025 1205 την
2060 1140 2148 1205 εἰς
2179 1136 2455 1208 γυναῖκα.
2499 1137 2736 1189 Ἤκουσε
2761 1135 2819 1189 δέ
2850 1135 2879 1187 6
2920 1133 3113 1189 Ἰακὼϐ
3150 1134 3212 1187 τὸ
3241 1134 3487 1203 γεγονὸς,

1906 1220 2001 1272 καὶ
2026 1218 2158 1284 τέως
2190 1219 2377 1291 πράως
2403 1218 2620 1290 ἔφερεν,
2664 1217 2951 1288 ἀναμένων
2983 1216 3088 1270 τῶν
3121 1216 3365 1285 ἀδελφῶν
3398 1217 3489 1270 αύ-

1906 1304 2006 1373 τῆς
2053 1301 2151 1374 τὴν
2202 1302 2524 1373 παρουσίαν.
2556 1297 2742 1355 Ἦσαν
2784 1299 2894 1372 7&9
2944 1302 3001 1352 ἐν
3050 1300 3163 1363 τοῖς
3198 1298 3485 1368 ποιμνίοις.

1905 1385 2015 1438 Καὶ
2044 1383 2473 1453 παρεσιώπησε
2489 1424 2505 1449 ,
2538 1383 2704 1454 φησὶν
2727 1421 2744 1446 ,
2782 1381 2983 1437 Ἰακὼϐ
3006 1382 3117 1447 ἕως
3156 1380 3266 1437 τοῦ
3293 1380 3491 1435 ἐλθεῖν

1906 1466 2151 1532 αὐτούς.
2181 1466 2675 1535 Παραγενομένου
2708 1464 2777 1517 δὲ
2824 1463 2930 1518 τοῦ
2974 1463 3157 1533 Ἐμὼρ
3200 1460 3351 1531 πρὸς
3384 1460 3492 1515 τὸν

1919 1548 2120 1603 Ἰακὼϐ
2141 1588 2157 1612 ,
2189 1544 2379 1617 ἦλθον
2427 1547 2527 1602 καί
2570 1550 2624 1601 οι
2664 1545 2917 1615 ἀδελφοί
2958 1544 3069 1614 τῆς
3108 1544 3317 1609 Δείνας
3340 1560 3357 1575 ι
3391 1543 3495 1597 καὶ

1904 1630 2282 1696 ἀκούσαντες
2310 1630 2382 1683 τὰ
2409 1628 2776 1699 γεγενημένα
2806 1630 2893 1695 είς
2933 1627 3049 1697 τὴν
3072 1627 3352 1698 ἀδελφὴν
3385 1629 3491 1682 αὐ-

1903 1712 2041 1778 τῶν,
2065 1714 2503 1783 κατενύγησαν.
2528 1713 2593 1766 Τί
2614 1715 2754 1779 ἐστι,
2773 1712 3244 1780 Κατενύγησανς.
3266 1709 3494 1780 Ἐλυπή-

1906 1794 2097 1865 θησαν,
2127 1797 2229 1848 ούκ
2254 1794 2479 1849 ἀνεκτὸν
2510 1795 2697 1859 αὐτοῖς
2726 1793 2883 1865 ὤφθη
2902 1836 2915 1854 ,
2940 1793 3078 1847 ἀλλά
3101 1794 3196 1847 καὶ
3220 1793 3361 1848 πάνυ
3392 1809 3491 1863 χαις

1904 1876 2098 1943 λεπόν,
2123 1879 2217 1932 καὶ
2247 1877 2421 1948 λύπης
2458 1877 2640 1940 αὐτοῖς
2673 1877 2927 1940 ὑπόθεσις
2960 1876 3171 1945 γέγονε.
3202 1875 3492 1944 Auum-6r

1904 1959 2033 2029 7&9,
2063 1961 2249 2030 φησὶν,
2268 1957 2346 2030 ἦν
2365 1960 2571 2025 αὐτοῖς
2592 1959 2850 2029 σφόδρα,
2870 1959 2958 2013 ὅτι
2981 1960 3262 2028 ἄσχημον
3282 1959 3490 2027 ἐποίη-

1904 2060 2020 2096 σεν
2055 2044 2126 2096 ἐν
2163 2042 2401 2111 Ἰσραὴλ
2421 2041 2644 2112 Συχὲμ,
2672 2042 2978 2111 κοιμηθεὶς
2993 2042 3145 2111 μετὰ
3170 2041 3277 2110 τῆς
3306 2045 3488 2110 θυγα-

1905 2128 2042 2193 τρὸς
2078 2125 2293 2181 Ἰακώϐ.
2342 2125 2506 2197 Ὁρᾷς
2550 2125 2659 2179 τῶν
2708 2125 2914 2179 παίδων
2963 2126 3062 2196 τὴν
3099 2124 3489 2195 σο›φροσύνην;

1903 2210 2186 2279 Μεγίστην
2221 2207 2377 2279 ὓϐριν
2424 2208 2487 2260 τὸ
2534 2206 2766 2278 πρᾶγμα
2815 2205 3150 2276 ἐλογίσαντο.
3178 2204 3332 2271 Εἶδες
3374 2206 3491 2272 πῶς

1908 2293 2005 2363 μὲν
2038 2294 2067 2347 6
2091 2292 2296 2355 δίκαιος
2320 2290 2449 2355 τοὺς
2472 2289 2668 2344 ἑαυτοῦ
2710 2291 2907 2353 παῖδας
2939 2291 3254 2346 ἐπαίδευσεν
3285 2293 3367 2355 είς
3391 2291 3492 2361 τὴν

1904 2376 2136 2446 ἀρετήνς
2170 2374 2288 2437 πῶς
2323 2373 2380 2427 δὲ
2406 2373 2435 2426 6
2471 2373 2564 2427 τοῦ
2612 2372 2797 2443 Ἑμὼρ
2831 2373 2949 2439 υίὸς
2979 2376 3059 2437 είς
3083 2374 3243 2446 ἔργον
3266 2373 3491 2443 ἀγαγὼν

1903 2456 2069 2511 αὐτοῦ
2110 2457 2210 2525 τὴν
2239 2455 2534 2526 ἐπιθυμίαν
2557 2496 2573 2520 ,
2607 2454 2688 2526 τῷ
2720 2456 2891 2524 πατρὶ
2921 2457 3015 2509 καὶ
3046 2457 3196 2527 πάσῃ
3225 2459 3294 2527 τῇ
3334 2456 3490 2510 πόλει

1902 2539 2124 2611 ὀλέθρου
2154 2538 2410 2601 ὑπόθεσις
2447 2537 2696 2606 γίνεται;
2744 2536 2905 2591 Ἀλλά
2943 2538 3209 2609 πρότερον
3238 2538 3488 2592 ἀκούσω-

1906 2638 2006 2691 μεν
2026 2619 2098 2673 τά
2126 2619 2279 2690 παρά
2298 2619 2394 2673 τοῦ
2441 2619 2626 2691 Ἐμὼρ
2655 2618 2793 2692 πρὸς
2828 2620 3028 2684 αὐτοὺς
3056 2621 3347 2691 λεγόμενα,
3397 2624 3492 2675 καὶ

1906 2703 2043 2775 μετά
2055 2700 2229 2756 ταῦτα
2254 2701 2464 2755 εἴσεσθε
2483 2701 2589 2755 τῶν
2617 2703 2863 2772 ἀδελφῶν
2889 2703 2990 2774 τῆς
3010 2702 3197 2768 Δείνας
3220 2704 3320 2774 τὴν
3350 2722 3490 2758 παν-

1904 2786 2128 2859 ουργίαν
2161 2827 2176 2852 ,
2228 2788 2324 2840 καὶ
2374 2787 2523 2851 ὅπως
2556 2787 2842 2857 ἐκδικῆσαι
2896 2786 2964 2841 τὰ
3002 2789 3080 2851 είς
3112 2788 3211 2859 τὴν
3256 2788 3493 2861 ἀδελφὴν

1904 2870 2249 2941 γεγενημένα
2279 2870 2513 2939 σπουδὴν
2550 2871 2891 2941 ἐποιήσαντο.
2920 2871 3032 2924 Καὶ
3063 2871 3352 2938 ἐλάλησε,
3390 2890 3494 2944 φη·-

1905 2957 2031 3019 σ“ιν,
2071 2952 2280 3018 αὐτοῖς
2350 2952 2533 3023 Ἐμὼρ
2588 2952 2816 3022 λέγων’
2877 2953 3077 3022 Συχὲμ
3104 2957 3137 3007 ὀ
3204 2956 3332 3020 υἱός
3370 2973 3493 3025 μου

1902 3037 2210 3107 προείλετο
2236 3035 2309 3104 τῇ
2333 3033 2506 3106 ψυχῇ
2539 3034 2655 3103 τὴν
2680 3035 2972 3103 θυγατέρα
2994 3035 3178 3105 ὑμῶν.
3202 3039 3345 3110 Ὅρα
3374 3038 3492 3102 πῶς

1903 3122 2005 3192 ἤδη
2038 3121 2131 3175 τὸν
2179 3120 2444 3191 μέλλοντα
2475 3118 2887 3190 καταλήψεσθαι
2936 3120 3101 3173 αὐτὸν
3134 3120 3353 3191 ὄλεθρον
3383 3139 3491 3193 μη-

1905 3205 2043 3258 νύει.
2074 3204 2411 3273 Προείλετο,
2444 3202 2598 3273 φησὶ,
2633 3206 2699 3273 τῇ
2730 3202 2876 3273 ψυχῇ
2902 3244 2915 3267 ,
2950 3204 3071 3256 ἀντὶ
3102 3205 3215 3267 τοῦ,
3251 3205 3355 3276 Τὴν
3387 3206 3493 3275 ψυ-

1904 3287 2006 3360 χὴν
2030 3286 2196 3341 αὑτοῦ
2222 3286 2484 3351 ἐξέδωκεν
2516 3286 2655 3359 ὑπὲρ
2682 3285 2782 3356 τῆς
2814 3286 3085 3356 θυγατρὸς
3119 3288 3294 3360 ὑμῶν.
3325 3290 3494 3345 Ἐκεῖ.

1904 3390 1992 3437 νος
2026 3370 2124 3442 μὲν
2151 3369 2326 3439 ἔλεγε,
2354 3369 2455 3438 τὴν
2487 3368 2785 3439 ἐπιθυμίαν
2820 3367 2986 3421 αὐτοῦ
3012 3370 3113 3440 τὴν
3144 3370 3240 3423 ἐπὶ
3272 3371 3370 3442 τὴν
3400 3373 3495 3426 κό-

1908 3473 2007 3526 ρην
2030 3454 2205 3526 δηλῶν
2228 3471 2242 3484 ·
2282 3454 2419 3524 μετά
2456 3453 2627 3523 βραχὺ
2661 3453 2718 3506 δὲ
2745 3453 3066 3523 ἐμάνθανεν,
3099 3456 3181 3508 ὅτι
3233 3455 3330 3525 τῆς
3381 3456 3491 3509 ἀπ-

1903 3537 2100 3601 ωλείας
2121 3537 2214 3590 καὶ
2235 3534 2431 3589 ἑαυτοῦ
2450 3536 2545 3589 καὶ
2571 3537 2787 3589 πάντων
2805 3535 2915 3591 τῶν
2945 3536 3131 3590 αὐτόθι
3154 3536 3312 3591 τοῦτο
3338 3538 3492 3594 ἔσται

1903 3621 2179 3684 ὑπόθεσις.
2220 3619 2374 3673 Ἐπεὶ
2423 3617 2539 3684 οὖν,
2579 3619 2765 3691 φησὶν,
2818 3620 2991 3684 οὕτως
3050 3621 3334 3676 ἐκκαίεται
3390 3624 3493 3695 τῆς

1902 3706 2091 3776 κόρης,
2154 3704 2294 3757 Δότε
2354 3701 2548 3770 αὐτὴν
2576 3700 2739 3768 αὺτῷ
2773 3702 3052 3772 γυναῖκα,
3104 3705 3204 3758 καί
3249 3705 3497 3776 ἐπιγαμ-

1902 3789 2190 3854 ϐρεύσατε
2221 3785 2389 3856 ἡμῖν.
2442 3787 2551 3852 Τὰς
2579 3785 2906 3856 θυγατέρας
2932 3785 3102 3856 ὑμῶν
3125 3787 3260 3842 δότε
3309 3788 3455 3857 ημῖν
3474 3807 3490 3821 ο

1899 3870 1999 3924 καὶ
2029 3869 2136 3935 τὰς
2168 3870 2499 3939 θυγατέρας
2530 3866 2703 3937 ἡμῶν
2728 3867 2943 3923 ,λάϐετε
2969 3868 3095 3935 τοῖς
3126 3873 3279 3936 υἱοῖς
3298 3871 3489 3940 ὑμῶν.

1900 3953 1999 4007 καί
2038 3953 2109 4005 ἐν
2134 3950 2282 4020 ἡμῖν
2308 3949 2654 4006 κατοικεῖτε.
2689 3950 2803 4005 Καὶ
2849 3951 2974 4008 ἰδοὺ
3013 3952 3053 4019 ἡ
3100 3953 3176 4021 γῆ
3239 3954 3493 4009 πλατεῖα

1900 4036 2177 4090 ἐναντίον
2208 4033 2377 4104 ὑμῶν
2402 4072 2418 4098 ,
2466 4033 2796 4087 κατοικεῖτε
2832 4034 2930 4087 καί
2967 4034 3369 4104 ἐμπορεύεσθε
3396 4038 3490 4090 ἐπ’

1898 4117 2122 4186 αὐτῆς,
2167 4117 2269 4170 καί
2305 4116 2616 4183 κτήσασθε
2655 4116 2726 4169 ἐν
2753 4115 2931 4185 αὐτῇ.
2976 4117 3119 4188 Ὅρα
3151 4118 3243 4172 τὸν
3279 4121 3493 4192 πατέρα

1905 4199 1996 4253 διὰ
2021 4199 2118 4270 τὴν
2156 4199 2285 4269 περὶ
2315 4198 2406 4253 τὸν
2436 4198 2598 4252 παῖδα
2649 4197 3031 4269 φιλοστοργίαν
3066 4200 3200 4272 ὅσην
3254 4205 3491 4258 ποιεῖται

1902 4282 2052 4355 [575]
2089 4282 2226 4353 πρὸς
2253 4284 2378 4346 τοὺς
2409 4282 2592 4348 ξένους
2625 4283 2724 4354 τὴν
2747 4283 3148 4355 φιλοφροσύνην
3174 4327 3188 4350 ,
3215 4285 3310 4340 καὶ
3341 4288 3491 4353 ὅπως

1903 4365 2101 4429 αὐτοὺς
2143 4365 2544 4434 ἐφελκύσασθαι
2602 4365 2883 4436 βούλεται,
2940 4366 3120 4435 πάσης
3154 4368 3337 4432 αὐτοῖς
3389 4370 3492 4440 τῆς

1900 4447 2086 4519 χώρας
2108 4449 2209 4521 τὴν
2240 4448 2492 4514 ἐξουσίαν
2512 4450 2708 4512 διδούς.
2750 4449 2859 4502 Kal
2883 4448 3054 4502 ταῦτα
3094 4450 3192 4519 μὲν
3216 4451 3244 4503 ό
3274 4453 3455 4521 πατήρ
3472 4467 3485 4481 ο

1898 4534 1926 4585 6
1946 4532 2001 4584 δέ
2023 4533 2155 4596 παῖς
2182 4531 2520 4602 θεασάμενος
2544 4531 2639 4585 τοῦ
2680 4532 2885 4601 πατρὸς
2912 4531 3012 4602 τὴν
3047 4532 3174 4602 περὶ
3203 4533 3364 4586 αύτὸν
3391 4551 3489 4603 κη-

1899 4613 1952 4667 δε
1963 4613 2152 4684 μονίαν
2172 4653 2188 4677 ,
2217 4613 2313 4669 καὶ
2364 4616 2510 4679 ὅπως
2541 4615 2720 4669 πάντα
2757 4616 2932 4667 ποιεῖν
2977 4613 3196 4684 ἕτοιμος
3224 4610 3312 4687 ἦν,
3346 4616 3489 4670 ὥστε

1897 4698 2048 4769 αὐτῷ
2081 4699 2161 4763 είς
2190 4698 2350 4770 ἔργον
2395 4700 2622 4767 ἀγαγεῖν
2642 4698 2703 4752 τὸ
2743 4697 3079 4751 σπουδασθέν
3101 4741 3115 4764 ,
3166 4701 3489 4773 προστίθησι

1898 4784 1994 4835 καὶ
2025 4783 2153 4853 παρ’
2174 4781 2390 4847 ἑαυτοῦ,
2422 4781 2514 4835 καί
2543 4798 2675 4852 φησι
2702 4780 2782 4852 τῷ
2830 4779 3029 4835 Ἰακὼϐ
3064 4782 3165 4838 καὶ
3203 4785 3338 4855 πρὸς
3364 4787 3489 4850 τους

1899 4865 2161 4929 ἀδελφοὺς
2190 4866 2289 4936 τῆς
2318 4865 2488 4936 κόρης
2506 4880 2522 4896 ο
2547 4864 2791 4935 Εὕροιμι
2808 4863 2990 4934 χάριν
3006 4865 3287 4921 ἐναντίον
3300 4865 3488 4938 ὑμῶν,

1899 4947 1996 5001 καί
2033 4947 2063 5001 ὃ
2101 4948 2210 5003 ἐὰν
2232 4948 2462 5017 εἴπητε,
2493 4947 2785 5018 δώσομεν.
2814 4950 3169 5016 Πληθύνατε
3202 4950 3317 5019 τὴν
3351 4970 3492 5020 φερ-

1900 5030 2040 5098 rhr,
2068 5030 2166 5084 καί
2206 5029 2402 5095 δώσω,
2448 5030 2575 5087 καθ’
2614 5030 2649 5084 ὅ
2681 5047 2734 5083 τι
2762 5030 2840 5084 ἂν
2856 5030 3066 5099 εἴπητὲ
3101 5051 3225 5102 μοι,
3262 5034 3489 5088 καὶδιιῦ⁴
3588 5078 3596 5086 .

1902 5113 2044 5169 σετέ
2064 5132 2167 5184 μοι
2200 5114 2315 5183 τὴν
2341 5115 2526 5170 παῖδα
2548 5116 2779 5184 ταύτην
2809 5117 2896 5181 εὶς
2916 5116 3173 5184 γυναῖκα
3224 5112 3375 5180 Εἶδες
3396 5119 3489 5171 καὶ

1902 5199 1993 5252 τὸν
2017 5198 2230 5269 πατέρα
2253 5198 2344 5252 διὰ
2362 5200 2462 5270 τὴν
2488 5217 2555 5251 πε
2565 5199 2617 5269 9l
2638 5199 2729 5252 τὸν
2752 5199 2916 5251 παῖδα
2942 5198 3265 5270 κηδεμονίαν
3288 5200 3486 5270 πολλὴν

1900 5281 2000 5353 τὴν
2036 5282 2386 5353 παράκλησιν
2435 5283 2779 5353 ποιούμενον,
2821 5282 3031 5335 καὶτὸν
3082 5281 3201 5336 νέον
3254 5282 3486 5353 ἑτοίμως

1900 5364 2120 5420 ἅπαντα
2156 5365 2479 5437 προϊέμενον
2508 5365 2650 5436 ὑπὲρ
2680 5362 2775 5417 τοῦ
2804 5364 2902 5435 τῆς
2935 5364 3103 5435 κόρης
3143 5364 3444 5438 ἐπιτυχεῖν;

1970 5457 2039 5518 γ’.
2056 5449 2227 5503 Τοῦτο
2246 5451 2374 5522 γάρ,
2396 5450 2553 5503 τοῦτο
2569 5449 2630 5501 τὸ
2647 5447 2888 5519 ὀλέθριον
2909 5449 3080 5511 πάθος
3099 5448 3279 5504 πάντα
3309 5451 3485 5506 πείθει

1899 5534 1992 5589 τὸν
2019 5534 2216 5588 ἁλόντα
2245 5531 2661 5597 καταδέξασθαι,
2707 5530 2899 5602 μέχρις
2925 5531 2993 5587 ἂν
3023 5532 3188 5589 αὑτὸν
3215 5535 3294 5598 εἰς
3323 5534 3490 5595 αύτίν

1900 5619 2082 5688 ἀγάγῃ
2129 5616 2224 5670 τοῦ
2258 5616 2385 5688 ᾅδου
2413 5616 2505 5670 τὸν
2550 5614 2819 5684 πυθμένα.
2870 5616 2982 5670 Καὶ
3011 5615 3111 5669 θέα
3143 5633 3233 5685 μοι
3254 5632 3271 5648 ο
3302 5617 3331 5670 6
3385 5618 3490 5688 μὲν

1899 5699 2216 5772 πρεσϐύτης
2273 5697 2470 5753 Ἰακὼϐ
2510 5695 2684 5751 ταῦτα
2727 5696 2941 5753 ἀκούων
2970 5701 3118 5769 σιγᾷ,
3145 5699 3240 5753 καὶ
3275 5699 3374 5771 τὴν
3405 5710 3485 5755 οι-

1899 5779 2054 5832 κείαν
2098 5776 2397 5831 ἐπιείκειαν
2427 5774 2762 5847 μιμούμενος
2811 5777 2962 5831 οὐδὲν
2998 5777 3314 5848 φθέγγεται,
3349 5780 3485 5836 ἀλλά

1901 5863 2089 5933 πράως
2111 5861 2266 5932 φέρει
2288 5861 2386 5930 τὴν
2409 5862 2487 5923 είς
2508 5860 2606 5930 τὴν
2640 5859 2915 5933 θυγατέρα
2948 5863 3318 5937 γεγενημένην
3342 5866 3483 5936 ἀπή-

1900 5960 2067 6015 ρειαν.
2095 5946 2161 5996 Ol
2188 5942 2255 5996 δὲ
2276 5943 2389 5997 υἱοί
2418 5943 2617 5998 Ἰακὼϐ
2640 5940 2839 6009 εἶπαν,
2865 5947 3021 6018 φησὶ,
3050 5947 3132 6015 τῷ
3162 5949 3360 6019 Συχὲμ
3380 5953 3481 6002 καί

1908 6024 2094 6098 Ἔμὼρ
2123 6024 2198 6091 τῷ
2219 6026 2393 6096 πατρὶ
2423 6026 2608 6084 αὐτοῦ
2628 6029 2782 6099 μετὰ
2812 6032 3018 6100 δόλου,
3041 6034 3138 6089 καί
3168 6034 3482 6102 ἑλ.ἔ.ίησαν
