3974 6426
266 302 368 359 bl?

263 418 732 485 intemperantiam
763 420 990 475 universi
1015 423 1285 478 civitatem
1319 423 1620 482 lubitautes
1655 442 1844 496 paena-

264 522 385 560 rutn
410 509 544 562 socii
571 509 722 564 fiant.
763 510 907 565 Sicut
937 512 1079 570 cnim
1109 529 1330 568 accensa
1365 531 1490 586 pyra
1521 558 1536 583 ,
1564 518 1653 586 qui
1683 532 1848 588 prope

264 597 503 651 lubitaut
527 600 750 667 periculi
773 611 898 654 sunt
928 603 1212 672 participes
1237 647 1251 666 ,
1305 605 1425 675 igne
1468 609 1643 661 onmia
1682 607 1849 677 depa-

268 704 311 742 s!
331 697 458 741 cntc
488 705 501 740 :
528 689 718 745 eodem
749 692 908 746 modo
950 702 1005 747 et
1034 710 1172 748 tuine
1198 695 1548 751 adolescentis
1590 697 1848 767 intempe-

266 781 439 835 rantia
486 797 592 835 nou
637 782 808 836 solum
839 793 1081 852 patrem,
1111 785 1204 840 sed
1235 796 1289 841 et
1315 803 1501 841 oinncs
1532 789 1675 844 urbis
1698 791 1845 845 cites

255 873 417 926 simul
445 872 696 942 perdidit.
727 872 865 939 Quid
888 873 1045 944 igitur
1067 875 1156 928 lilii
1174 875 1382 930 Jacob?
1408 877 1598 933 Dolose
1639 881 1718 934 eis
1759 896 1844 934 re—

254 965 614 1034 sponderunt.
663 965 885 1036 Dignum
913 977 994 1020 est
1030 967 1235 1031 auditu,
1263 978 1318 1022 ut
1346 968 1561 1023 discatis
1584 980 1839 1035 quantum

254 1064 478 1123 propter
501 1069 739 1109 sororem
767 1055 1073 1110 doluerunt.
1095 1056 1182 1110 14.
1213 1055 1837 1128 Dixeruutenim,‘inqnit,

253 1147 484 1216 Symeon
528 1155 574 1198 et
607 1144 727 1199 Levi
755 1149 937 1217 fratres
971 1146 1117 1199 Dina:
1139 1187 1153 1209 ,
1182 1147 1280 1216 filii
1327 1158 1492 1201 autem
1533 1147 1640 1202 Liw
1673 1164 1692 1202 :
1720 1148 1839 1203 Non

253 1240 535 1309 poterimus
565 1240 731 1310 facere
778 1239 979 1293 verbum
1023 1240 1116 1293 hoc
1141 1281 1155 1304 ,
1189 1251 1242 1293 ut
1277 1239 1452 1293 demus
1481 1257 1703 1294 sororem
1741 1259 1835 1294 uo-

249 1342 412 1383 stram
442 1329 632 1384 homini
662 1330 748 1397 qui
772 1329 916 1382 habet
960 1332 1290 1401 prwputium.
1325 1330 1407 1385 l5.
1442 1331 1503 1385 Si
1553 1331 1704 1401 igitur
1739 1333 1838 1384 cir-

245 1420 612 1474 cumcidamiui
635 1436 786 1472 carne
810 1420 1045 1488 prwputii
1069 1420 1254 1485 vestri,
1294 1421 1379 1474 16.
1429 1420 1658 1474 dabimus
1701 1421 1836 1488 filias

249 1525 452 1567 nostras
491 1513 648 1577 vobis,
679 1522 728 1565 et
771 1511 835 1564 de
863 1510 1068 1579 ﬁliabus
1098 1513 1272 1565 vestris
1304 1513 1638 1582 accipiemus,
1661 1523 1705 1566 et
1736 1513 1808 1566 eri

245 1621 360 1658 mus
391 1604 536 1672 quasi
561 1619 720 1672 genus
742 1619 915 1656 unum.
947 1603 1077 1659 Haec
1105 1603 1317 1670 quidem
1355 1603 1645 1672 propositio
1676 1603 1832 1659 bone-

242 1706 324 1746 sta
351 1702 492 1755 erat.
520 1703 569 1748 et
591 1690 781 1747 rationi
811 1701 1188 1758 consentanea,
1207 1693 1299 1747 sed
1329 1709 1450 1746 cum
1472 1693 1618 1758 dolo,
1638 1693 1828 1763 inquit,

241 1786 387 1840 dicta
417 1793 520 1838 est.
550 1785 635 1837 l7.
659 1783 732 1840 ,Et
763 1783 808 1838 si
846 1783 1130 1847 nolueritis,
1159 1783 1328 1851 inquit
1350 1823 1365 1846 ,
1395 1783 1488 1836 hoc
1512 1787 1678 1854 facere
1698 1822 1715 1848 ,
1739 1800 1829 1837 ac-

241 1889 391 1946 cepta
426 1878 535 1945 filia
579 1885 752 1932 nostra
793 1875 1057 1930 abibimus.
1103 1874 1228 1930 Haec
1266 1876 1477 1943 quidem
1521 1875 1748 1945 Symeon
1776 1884 1830 1930 et

245 1971 372 2024 Levi
419 1969 620 2023 easdem
666 1969 902 2022 omnium
944 1982 1126 2022 secum
1183 1968 1502 2020 meditantes
1549 1982 1829 2036 proposue-

242 2073 388 2118 runt.
436 2063 510 2116 Illi
541 2071 718 2116 autem
765 2059 1112 2130 respicientes
1138 2059 1204 2114 ad
1246 2059 1386 2130 quod
1428 2061 1823 2129 exspectabant,

240 2155 585 2224 puellamque
608 2151 809 2206 habere
833 2151 1128 2217 cupientes,
1161 2159 1544 2206 consensi-runt
1574 2150 1626 2203 in
1649 2151 1823 2216 dicta,

238 2257 290 2298 et
323 2246 641 2315 placuerunt
683 2244 763 2298 eis
794 2245 1087 2313 proposita.
1114 2243 1244 2296 Dicit
1277 2245 1418 2295 enim
1451 2259 1464 2295 :
1501 2242 1585 2296 18.
1623 2240 1826 2294 Placuit

239 2355 416 2393 coram
447 2339 518 2391 eis
547 2353 730 2402 sermo,
761 2337 845 2391 19.
898 2345 943 2389 et
989 2353 1085 2389 non
1135 2334 1352 2388 tardavit
1391 2334 1667 2402 adimplere
1690 2333 1829 2386 dicta

237 2431 556 2482 adolescens.
587 2428 858 2498 Dcpcribat
881 2428 1012 2481 enim
1039 2427 1202 2497 filiam
1230 2425 1410 2479 Iacob.
1443 2425 1552 2478 Hoc
1581 2431 1664 2478 est
1683 2465 1698 2487 ,
1739 2433 1822 2476 to~

237 2535 349 2576 tum
381 2538 440 2574 se
465 2522 517 2574 in
546 2521 733 2589 put-lla:
761 2536 998 2574 amorem
1021 2519 1315 2574 dediderat.
1347 2517 1436 2572 20.
1464 2515 1528 2570 Et
1561 2526 1819 2582 venerunt,

236 2615 432 2682 inquit,
456 2614 561 2681 ipse
581 2623 628 2666 et
659 2622 801 2682 pater
814 2612 923 2683 ejus
942 2609 1010 2664 ad
1036 2619 1255 2681 portam,
1284 2619 1329 2663 et
1354 2608 1547 2678 loquuti
1575 2617 1690 2661 sunt
1714 2623 1823 2658 om-

236 2707 386 2758 nibus
437 2704 524 2774 qui
575 2703 628 2756 in
666 2702 862 2756 ciuitate
901 2701 1234 2768 habitabant,
1259 2709 1314 2755 et
1348 2697 1728 2753 consuluerunt
1766 2707 1823 2753 ut

233 2795 701 2850 riretnneisionem
752 2794 1086 2865 susciperent
1140 2792 1433 2848 secundum
1473 2791 1708 2846 oblatam
1754 2790 1822 2845 ab

235 2893 341 2944 illis
365 2889 751 2954 conditionem,
781 2896 835 2943 et
861 2896 920 2942 ut
948 2888 1064 2942 illos
1112 2886 1179 2940 ad
1207 2884 1656 2941 cobabitationem
1681 2882 1822 2938 acci-

233 2993 442 3054 pet-ent.
459 2981 757 3051 Implebaut
788 2980 859 3035 illi
891 2981 1067 3034 statim
1093 2994 1213 3048 qum
1230 2979 1297 3031 ab
1323 2978 1486 3032 Emor
1505 2986 1560 3032 et
1589 2976 1818 3047 Syebem

232 3074 376 3126 diota
410 3083 556 3135 sunt,
589 3083 643 3126 et
670 3087 858 3127 omnes
899 3069 1053 3125 simul
1081 3068 1505 3125 circumcisiouis
1529 3068 1736 3137 signum
1767 3068 1817 3122 in

232 3179 463 3232 corpore
487 3161 840 3231 accipiebant.
886 3160 999 3215 lloe
1030 3159 1116 3214 ubi
1139 3159 1468 3214 resciverunt
1486 3157 1721 3228 Symeon
1753 3171 1818 3210 ac

233 3255 387 3320 Levi,
420 3270 542 3323 qua:
585 3251 698 3322 jam
726 3251 925 3306 dudmn
964 3265 1144 3305 secum
1192 3249 1583 3304 meditabantur
1605 3286 1620 3313 ,
1656 3261 1818 3316 opere

229 3349 673 3418 rmnpleverunt;
695 3345 787 3400 ‘25.
817 3344 880 3398 Et
912 3343 1128 3414 acceptis
1170 3343 1358 3414 singuli
1383 3341 1567 3412 gladiis
1594 3340 1720 3405 suis,
1738 3339 1820 3392 itt-

228 3441 394 3512 gr-rssi
416 3451 532 3494 sunt
558 3439 607 3493 in
635 3439 884 3492 civitatem
923 3453 1114 3492 secure.
1147 3436 1280 3505 Quid
1307 3445 1420 3501 est,
1465 3433 1529 3488 In
1566 3434 1818 3487 civitatem

227 3549 407 3586 secure
426 3532 602 3599 ?Quia
642 3546 764 3584 cum
792 3531 965 3584 solum
992 3529 1099 3583 duo
1125 3538 1308 3583 essent
1336 3569 1351 3593 ,
1380 3537 1538 3582 tantm
1569 3527 1815 3581 multitu-

227 3624 343 3680 dini
388 3639 449 3678 se
475 3631 840 3691 opposuerunt
875 3622 1013 3676 :sed
1055 3635 1298 3689 magnam
1347 3621 1426 3675 eis
1473 3620 1814 3674 securitatem

231 3714 514 3783 ['I'nrstitit,
546 3713 686 3784 quod
734 3727 921 3766 omnes
957 3711 1032 3766 illi
1076 3711 1242 3766 saucii
1288 3711 1548 3780 jaeereut.
1580 3709 1732 3776 Quod
1760 3718 1818 3763 ut

228 3809 389 3860 notus
422 3805 785 3860 manifestaret
810 3805 985 3860 divina
1013 3803 1312 3872 Scriptura,
1347 3802 1558 3856 Factum
1598 3811 1692 3867 est,
1737 3803 1816 3855 itt-

223 3901 364 3967 qnit,
399 3899 452 3950 in
499 3898 581 3951 die
631 3898 796 3961 tertio,
825 3895 1028 3967 quando
1073 3903 1214 3949 erant
1255 3895 1305 3948 in
1333 3893 1527 3947 dolore.
1556 3893 1667 3947 lloc
1697 3893 1816 3946 illos

224 4007 455 4044 securos
488 3989 737 4055 reddidit,
769 4000 823 4042 et
851 3988 986 4043 duos
1013 3987 1263 4041 fortiores
1291 3986 1470 4039 multis
1493 3983 1633 4038 fecit.
1667 3983 1816 4038 Occi-

224 4087 353 4136 dera
363 4094 434 4148 ut,
461 4083 649 4148 inquit,
669 4098 815 4136 onme
835 4079 1190 4140 masculinum,
1210 4079 1309 4132 hoc
1326 4087 1428 4140 est,
1447 4093 1632 4130 omnes
1651 4077 1811 4140 virus,

224 4176 320 4244 qui
393 4183 610 4242 propter
667 4171 1128 4226 eircmncisionem
1186 4167 1469 4237 jaecbant,
1536 4169 1812 4236 paratique

225 4275 404 4328 rrzmt,
427 4272 484 4316 ut
505 4264 570 4316 ita
592 4263 787 4324 dicam,
807 4271 864 4314 ut
887 4260 1286 4316 occiderentur:
1303 4269 1354 4314 et
1375 4274 1496 4314 cum
1518 4257 1634 4311 aliis
1655 4257 1814 4311 etiam

224 4360 486 4428 juvenem
539 4356 630 4409 ulti
681 4363 826 4416 sunt,
855 4355 944 4423 qui
975 4352 1205 4423 puellam
1245 4352 1544 4405 vitiaverat.
1598 4349 1663 4402 Et
1709 4365 1813 4403 nou

223 4456 474 4500 renti-nti
515 4448 610 4498 Lar
641 4445 893 4508 vindicta,
915 4445 1075 4499 etiam
1103 4458 1232 4497 oves
1255 4483 1270 4505 ,
1304 4443 1505 4511 inquit,
1534 4456 1718 4495 eorum
1762 4448 1814 4494 et

225 4542 414 4595 utunia
461 4555 648 4608 pecora
674 4581 690 4604 ,
735 4538 1020 4606 omniaque
1072 4551 1297 4606 corpora
1357 4537 1408 4589 in
1453 4533 1814 4604 captivitatem

225 4635 508 4685 tinxerunt
529 4672 543 4694 ,
571 4646 633 4684 ac
659 4630 874 4683 civitate
903 4629 1029 4682 viris
1058 4627 1309 4682 destituta
1341 4637 1394 4681 et
1435 4626 1638 4695 direpta
1691 4625 1815 4679 red-

229 4726 438 4777 ierunt.
465 4721 683 4783 Vidisti,
709 4720 931 4781 dilecte,
965 4727 1218 4786 quantum
1259 4718 1455 4771 malum
1499 4727 1714 4786 operata
1746 4717 1814 4770 sit

231 4815 394 4865 miins
417 4813 628 4880 juvenis
659 4810 962 4864 temeritas?
991 4808 1178 4862 Vidisti
1208 4819 1456 4877 quantam
1485 4809 1657 4862 attulit
1691 4823 1813 4876 per-

230 4908 432 4960 niciem
456 4905 704 4957 munibus
728 4903 995 4958 civitatem
1025 4899 1419 4954 habitantibus?
1451 4899 1573 4954 IIa-c
1588 4900 1816 4954 scientes

229 4999 568 5053 refrenemus
595 4997 822 5050 liliornm
864 5005 1162 5047 nostrorum
1190 4992 1436 5061 impetus,
1465 5007 1816 5060 magnumque

232 5095 477 5146 furorem
511 5087 861 5143 absterrendo
891 5096 946 5141 ct
987 5085 1321 5140 admonendo
1364 5100 1766 5153 cntnpcscamus
1798 5097 1813 5137 :

229 5197 290 5239 et
320 5198 572 5237 curemus
599 5196 785 5235 eorum
815 5179 1114 5233 castitatem
1141 5219 1155 5239 ,
1183 5178 1466 5246 omniaque
1493 5177 1745 5231 faciamus
1765 5188 1818 5232 rt

230 5285 550 5332 tiaeleuuis.
582 5284 633 5327 ut
657 5272 912 5326 absurdas
932 5271 1385 5337 concupiscentias
1405 5269 1655 5338 juvenilis
1687 5281 1819 5325 tetas

229 5368 476 5434 «litigare
507 5365 692 5433 possit.
724 5361 853 5416 Nam
881 5372 1097 5431 propter
1123 5360 1223 5414 hoc
1247 5371 1299 5414 et
1324 5362 1621 5414 communis
1641 5361 1816 5414 Domi-

233 5474 342 5513 nus
370 5467 552 5509 noster
577 5456 752 5508 sciens
780 5453 1024 5507 homnine
1057 5462 1256 5505 naturae
1294 5451 1692 5515 infirmitatem,
1715 5467 1818 5503 nu-

233 5561 376 5616 ptias
405 5547 559 5602 dedit
587 5558 640 5600 et
678 5544 933 5610 sancivit,
963 5551 1018 5598 ut
1037 5544 1105 5597 ab
1135 5540 1624 5602 illicitoacoucubitu
1651 5542 1818 5596 absti-

227 5650 473 5695 tterctur.

303 5731 526 5785 quenes
552 5725 792 5782 axrribus
810 5725 1078 5796 jttng'udi.
1109 5755 1177 5765 —-
1207 5725 1282 5781 Ne
1311 5723 1466 5797 igitur
1495 5725 1834 5796 negligamus.

1117 313 1182 365 ΙΝ
1219 312 1369 367 CAP.
1412 312 1650 370 XXXIV.
1693 315 1781 372 ΕΤ
1820 317 2037 375 XXXV.
2069 323 2310 382 CI'INI'ZS.
2357 327 2583 386 llOlllL.
2629 333 2760 388 LIX.

3429 350 3527 407 5l8

1951 429 2194 529 juvenes,
2223 437 2316 491 sed
2342 440 2572 498 scientes
2603 443 2833 500 fornacis
2865 449 3166 506 incendium
3185 493 3202 520 ,
3226 458 3528 529 priusquam

1954 521 2007 576 in
2040 521 2246 579 luxuria
2279 528 2638 600 implicentur,
2671 537 2981 596 studcamus
3003 559 3097 597 eos
3131 521 3424 606 secundum
3451 553 3523 607 Ie-

1949 627 2072 680 gem
2099 615 2188 668 Dei
2223 621 2422 687 nuptiis
2449 626 2698 692 copulare
2719 669 2734 691 ,
2767 639 2824 684 ut
2857 642 2907 684 et
2956 635 3336 694 continentiam
3377 657 3527 699 suam

1949 706 2269 775 custodiant,
2325 713 2635 785 nullumque
2693 720 2946 778 damnum
2988 726 3217 786 lasciviae
3271 747 3383 788 sua:
3429 735 3525 788 ba—

1951 797 2132 866 beaut,
2165 807 2400 862 remedio
2439 810 2582 868 illinc
2610 827 2843 884 sunqno,
2865 829 2918 873 ul
2950 822 3345 886 possintearnis
3371 828 3523 884 indo-

1947 891 2105 983 mitos
2132 904 2306 950 motus
2337 901 2649 970 reprimere,
2689 916 2743 960 et
2789 924 3000 976 ptruam
3037 913 3290 983 cll'ttgere.
3319 919 3424 972 Sed
3451 921 3496 972 vi
3508 951 3522 960 -

1945 977 2165 1035 deamus
2199 989 2468 1054 quomodo
2487 1007 2548 1045 ea
2575 1011 2693 1062 quae
2727 1013 2755 1049 a
2784 1000 2962 1064 pueris
2989 1001 3120 1057 laeta
3151 1017 3273 1060 sunt
3293 1047 3307 1068 ,
3337 1023 3520 1063 senem

1943 1068 2236 1165 affecerint.
2268 1077 2354 1132 50.
2387 1078 2530 1134 Dixit
2557 1085 2732 1148 enim,
2761 1087 2948 1156 inquit,
2979 1089 3138 1146 Iacob
3164 1110 3182 1148 :
3221 1097 3444 1165 Symcou
3475 1109 3521 1152 tt

1944 1158 2084 1255 fieri,
2107 1181 2316 1220 exosum
2338 1187 2415 1224 me
2436 1174 2623 1243 fecistis
2649 1217 2662 1243 ,
2687 1187 2742 1231 ut
2776 1182 3012 1237 molestus
3043 1201 3134 1255 ego
3153 1186 3248 1240 sint
3274 1189 3518 1244 habitato-

1943 1251 2078 1304 ribus
2104 1263 2271 1309 terrae.
2295 1258 2495 1328 Quare,
2527 1265 2717 1335 inquit,
2746 1277 2950 1325 tantam
2981 1251 3180 1330 fecistis
3199 1279 3518 1336 vindictam?

1939 1339 2073 1396 Nam
2103 1361 2222 1414 qua:
2248 1364 2277 1402 a
2306 1351 2456 1408 vobis
2492 1354 2626 1410 facta
2655 1371 2776 1413 sunt
2800 1401 2815 1426 ,
2847 1363 3028 1419 odium
3071 1369 3197 1421 mihi
3229 1373 3517 1430 maximum

1939 1433 2147 1502 parient
2181 1440 2319 1506 apud
2349 1457 2537 1498 mnues
2572 1448 2892 1506 habitatores
2921 1464 3076 1510 terra:
3106 1457 3282 1528 hujus.
3315 1463 3516 1519 Deinde

1937 1536 2242 1582 monstrans
2264 1531 2508 1589 timorem
2537 1537 2588 1590 in
2616 1555 2720 1608 quo
2747 1552 2861 1597 erat
2884 1547 3223 1615 constitutus,
3256 1550 3386 1604 Mihi
3413 1572 3508 1606 au-

1937 1624 2055 1681 tem,
2083 1617 2288 1690 inquit,
2313 1640 2496 1692 parvus
2543 1645 2780 1686 numerus
2806 1645 2898 1699 est,
2948 1647 2994 1690 et
3018 1644 3305 1711 congregati
3339 1658 3515 1698 contra

1933 1721 2013 1796 me
2039 1746 2054 1771 ,
2094 1713 2371 1776 percutiant
2403 1733 2480 1769 me
2503 1760 2518 1782 ,
2552 1731 2598 1772 et
2628 1732 2823 1776 exterar
2842 1740 2862 1776 :
2900 1729 3050 1796 quasi
3072 1729 3273 1787 diceret
3300 1750 3312 1786 :
3337 1732 3515 1790 Nesci-

1934 1795 2000 1850 tis
2022 1799 2164 1867 quod
2190 1806 2339 1870 pauci
2371 1810 2592 1863 sumus?
2620 1809 2772 1867 f..cile
2799 1795 2989 1870 eadem
3017 1826 3074 1872 ct
3097 1835 3196 1875 nos
3228 1824 3508 1890 patiemur,

1930 1888 2121 1956 quibus
2161 1895 2311 1948 vobis
2358 1896 2476 1950 illos
2527 1901 2746 1956 allicere
2782 1903 2995 1971 placuit.
3029 1909 3093 1961 Et
3119 1888 3510 1983 sientSycbem

1931 1982 2062 2071 patri
2089 1992 2144 2036 et
2168 1988 2419 2042 omnibus
2440 1989 2712 2047 civitatem.
2733 1994 3089 2055 habitantibus
3131 2001 3284 2071 hujus
3323 1982 3496 2061 inter-

1930 2068 2033 2126 itus
2058 2072 2154 2128 fuit
2178 2088 2384 2142 auctor,
2415 2080 2487 2134 ita
2523 2091 2577 2136 et
2600 2099 2694 2137 vos
2724 2086 2873 2139 mihi.
2923 2087 3055 2142 Nam
3085 2068 3299 2162 propter
3330 2111 3424 2150 vos
3452 2109 3504 2152 et

1927 2176 2027 2231 ego
2064 2179 2256 2220 exosus
2285 2177 2414 2234 cro,
2448 2181 2500 2224 et
2537 2173 2667 2226 nihil
2711 2176 2959 2242 prohibet
3002 2181 3128 2248 quin
3172 2183 3352 2238 delcar
3381 2203 3510 2255 pro-

1929 2261 2047 2321 pter
2099 2265 2327 2312 vestram
2357 2261 2654 2318 audaciam.
2703 2266 2789 2320 51.
2822 2266 2915 2321 Illi
2939 2282 3106 2325 (uitem
3131 2273 3385 2341 dixerunt,
3423 2279 3505 2332 iu-

1925 2344 2075 2411 quit,
2131 2346 2395 2418 Numquid
2439 2363 2492 2405 ut
2545 2365 2708 2408 scorto
2755 2357 3020 2413 abutantur
3062 2379 3235 2417 sorore
3285 2378 3453 2421 nostra
3482 2372 3508 2422 ?

1928 2434 2058 2491 Vide
2086 2453 2280 2506 pttcros
2306 2445 2646 2498 cmitinentia:
2672 2453 2841 2516 gratia
2885 2451 3143 2508 ultionem
3174 2461 3463 2527 stunpsiSse
3487 2478 3500 2514 :

1923 2539 2176 2582 excusant
2197 2531 2339 2585 enim
2365 2549 2422 2587 se
2455 2537 2623 2603 patri,
2673 2548 2726 2591 et
2764 2539 2947 2596 dicunt
2974 2558 2988 2594 :
3016 2541 3232 2599 infantia
3267 2563 3362 2602 nos
3385 2550 3505 2605 alle-

1923 2627 2114 2673 cerunt
2145 2661 2160 2686 ,
2189 2622 2351 2676 veluti
2377 2635 2562 2679 scorto
2591 2627 2741 2682 abusi
2768 2643 2889 2684 sunt
2919 2645 3103 2689 sorore
3126 2646 3306 2692 nostra
3334 2655 3347 2691 :
3383 2655 3504 2709 pro-

1926 2716 2107 2776 pterea
2139 2711 2240 2765 hoc
2281 2711 2454 2770 facere
2480 2718 2647 2772 coacti
2688 2734 2894 2789 sumus,
2937 2732 2994 2779 ut
3033 2735 3087 2781 ct
3124 2729 3303 2785 cancri
3332 2731 3502 2788 disce-

1923 2810 2063 2866 rent,
2095 2804 2286 2858 similia
2314 2822 2417 2861 non
2438 2809 2656 2864 audere.

1982 2894 2034 2947 ι.
2059 2893 2162 2948 Sed
2186 2896 2326 2962 vide,
2348 2898 2590 2965 obsecro,
2615 2900 2701 2956 hie
2727 2903 3047 2960 inellabilem
3073 2907 3161 2964 Dei
3178 2927 3358 2966 curam
3377 2930 3500 2985 erga

1918 2982 2144 3052 justum.
2198 2986 2330 3042 Nam
2360 2991 2480 3057 quia
2510 2992 2638 3047 vidit
2675 3010 2798 3049 cum
2851 2997 3224 3056 formidantem
3272 2982 3502 3075 regionis

1923 3075 2125 3132 incolas
2169 3092 2382 3150 prepter
2409 3083 2636 3138 filiorum
2664 3087 2916 3153 facinora,
2953 3093 2998 3145 l.
3033 3091 3178 3148 Dixit
3219 3096 3264 3150 ιε
3309 3099 3442 3152 Deus
3471 3119 3490 3158 :

1923 3167 2110 3239 Surge,
2133 3181 2179 3225 et
2213 3175 2426 3228 ascende
2454 3177 2504 3230 iu
2548 3178 2712 3232 locum
2755 3180 2949 3236 Bartth
2969 3225 2982 3246 ,
3011 3197 3057 3238 et
3079 3188 3147 3239 ibi
3173 3189 3341 3242 habita
3364 3192 3496 3260 {Ca-

1921 3271 2011 3331 put
2040 3263 2108 3317 55
2207 3265 2360 3332 Quia,
2393 3267 2580 3336 inquit,
2614 3287 2706 3324 eos
2732 3274 2818 3344 qui
2852 3274 2935 3330 hic
2966 3276 3202 3332 habitant
3227 3283 3498 3348 Iimes,re-

1924 3354 2059 3409 cede
2090 3355 2232 3422 hinc,
2264 3353 2315 3412 ct
2350 3359 2522 3412 habita
2554 3362 2603 3414 iu
2631 3362 2847 3430 Btcthel,
2875 3365 2939 3418 Iz't
2967 3367 3051 3436 fac
3087 3370 3192 3422 illic
3211 3372 3371 3425 altare
3389 3374 3494 3427 Do-

1923 3446 2079 3509 mino,
2107 3447 2194 3515 qui
2217 3452 2452 3518 apparuit
2474 3451 2565 3504 tibi
2586 3469 2697 3506 cum
2728 3458 2924 3526 fugeres
2948 3473 2979 3508 a
3003 3459 3132 3527 facie
3160 3459 3295 3513 Esau
3325 3465 3499 3532 fratris

1922 3537 2016 3589 tui.
2041 3537 2097 3590 ‘2.
2125 3537 2188 3590 Et
2209 3539 2336 3593 dixit
2357 3539 2516 3595 Iacob
2537 3542 2708 3596 domui
2727 3561 2853 3610 sate,
2884 3557 2932 3598 et
2951 3549 3180 3602 omnibus
3205 3553 3309 3604 suis
3333 3567 3351 3604 .'
3372 3551 3494 3606 Tol-

1921 3628 2009 3682 lite
2037 3629 2156 3683 deos
2175 3631 2365 3685 alienos
2397 3648 2425 3685 ε
2455 3633 2618 3688 medio
2650 3637 2817 3700 vestri,
2839 3647 2885 3690 ct
2913 3639 3272 3707 ptrriﬁcmniui,
3303 3653 3347 3694 et
3388 3661 3497 3696 mu-

1923 3730 2023 3775 tate
2057 3722 2214 3776 stolas
2241 3733 2446 3789 vestras,
2480 3725 2532 3780 5.
2557 3735 2604 3779 et
2632 3729 2822 3797 surgite
2843 3772 2857 3793 ,
2880 3740 2933 3782 et
2957 3733 3286 3786 ascemlamns
3308 3733 3355 3785 in
3377 3734 3497 3787 lbr-

1921 3811 2041 3876 thel,
2072 3822 2117 3864 et
2135 3813 2382 3882 faciamus
2427 3813 2535 3866 illic
2563 3815 2724 3869 altare
2744 3815 2985 3882 Domino,
3015 3821 3098 3887 qui
3130 3823 3380 3876 exaudivit
3412 3841 3503 3875 tmt-

1918 3901 1974 3954 in
2003 3903 2086 3954 die
2126 3901 2426 3971 aﬂlictionis,
2458 3905 2543 3970 qui
2571 3906 2666 3976 fuit
2690 3923 2903 3974 mecum,
2928 3918 2978 3962 et
2997 3909 3210 3963 salem-ir
3234 3929 3308 3963 mc
3331 3914 3381 3965 in
3414 3916 3506 3968 via-

1919 4008 2019 4060 qua
2061 3991 2333 4045 ambulavi.
2365 3994 2740 4049 Animadw-rtc
2771 3995 2855 4049 hic
2886 3996 3012 4065 justi
3047 4000 3403 4054 obedientiam
3442 4015 3497 4058 et

1921 4084 2172 4153 pietatem
2204 4084 2255 4137 iu
2287 4085 2470 4138 Deum.
2501 4087 2634 4152 Quia
2661 4086 2863 4140 audivit
2889 4104 2902 4141 :
2929 4088 3155 4144 Ascende
3200 4093 3250 4144 iu
3273 4093 3488 4159 Bwthcl,

1919 4185 1965 4228 et
1991 4179 2074 4254 fac
2116 4177 2276 4230 altare
2306 4192 2325 4230 :
2354 4178 2587 4241 vocalis,
2620 4178 2819 4248 inquit,
2851 4181 3099 4235 omnibus
3142 4184 3252 4237 suis
3271 4225 3286 4250 ,
3314 4185 3445 4240 dixit
3475 4230 3492 4252 ,

1920 4267 2102 4321 Tollite
2132 4268 2272 4322 deos.
2325 4270 2519 4337 Quales
2542 4312 2555 4334 ,
2579 4271 2772 4325 dixerit
2812 4273 2931 4342 quis
2951 4316 2967 4338 ,
2995 4273 3167 4330 deos?
3225 4277 3492 4347 Nusquam

1919 4360 2062 4413 enim
2095 4361 2332 4414 videmus
2362 4363 2532 4430 ipsmn
2565 4364 2812 4420 habuisse
2848 4366 2977 4420 deos
3019 4382 3030 4418 :
3073 4367 3140 4418 ab
3175 4367 3323 4420 initio
3352 4369 3494 4422 enim

1922 4451 2018 4506 Dei
2049 4452 2223 4506 cultor
2255 4453 2352 4506 fuit
2375 4453 2571 4520 justus.
2618 4455 2934 4522 Significant;
2965 4454 3103 4509 forte
3125 4456 3254 4510 deos
3289 4456 3491 4518 Laban.

1920 4558 2055 4610 quos
2081 4543 2279 4598 Rachel
2308 4545 2662 4608 subtraxerat,
2695 4545 2812 4598 ideo
2835 4546 2996 4598 dixit:
3026 4547 3516 4616 Quoniamgnatias.

1921 4635 2090 4688 acturi
2120 4650 2304 4688 sumus
2327 4651 2453 4687 vero
2495 4636 2602 4687 Deo
2626 4675 2640 4698 ,
2672 4635 2762 4704 qui
2791 4651 3004 4705 semper
3029 4646 3231 4690 tantum
3270 4638 3372 4692 mei
3396 4656 3490 4692 cu-

1923 4741 2036 4780 ram
2062 4726 2246 4794 gessit,
2276 4725 2478 4778 aulerte
2505 4725 2548 4778 si
2579 4742 2680 4792 qua
2708 4734 2831 4779 sunt
2858 4727 2908 4780 in
2935 4727 3090 4780 vobis
3114 4727 3276 4791 idola,
3310 4728 3372 4780 Et
3401 4747 3494 4797 pu-

1922 4816 2210 4886 ri/irmniui,
2237 4827 2282 4870 et
2309 4827 2497 4869 mutate
2523 4817 2676 4870 stolas
2708 4828 2914 4881 vestras,
2943 4828 2998 4872 et
3025 4819 3102 4872 sic
3129 4818 3208 4872 ad-
3225 4820 3499 4875 civitatem

1923 4923 2236 4976 pergcmus,
2266 4915 2321 4960 et
2375 4907 2520 4960 intus
2565 4916 2619 4960 et
2670 4907 2799 4960 foris
2853 4908 3090 4962 mundati
3137 4911 3304 4964 simul-
3328 4911 3490 4964 ibitis.

1922 4997 2039 5052 Non
2070 4998 2242 5052 solum
2270 4998 2492 5051 vestiunt
2537 4997 2720 5052 nitore-
2740 4999 3023 5066 pnritatcm
3064 5000 3330 5055 declarato
3352 5041 3364 5063 ,
3399 5001 3495 5055 sed

1923 5107 2047 5146 cum
2079 5090 2379 5159 abjectione
2425 5090 2683 5143 idolorum
2745 5090 3035 5157 purilioatis
3093 5093 3500 5157 cogitationibus

1922 5185 2116 5239 mentis
2158 5183 2509 5238 ascendamns
2546 5181 2610 5235 ad
2645 5182 2872 5236 Btctltclt
2896 5184 2950 5236 4.
2999 5183 3061 5234 Et
3090 5183 3365 5244 dederunt,
3414 5183 3495 5233 in-

1923 5276 2060 5341 quit,
2090 5273 2246 5327 Iacob
2268 5274 2385 5326 deos
2411 5275 2600 5326 alienos
2625 5273 2755 5338 (non
2788 5273 2934 5324 enim
2954 5280 3103 5324 erant
3131 5273 3364 5338 ipsorum
3383 5276 3420 5332 ι,
3449 5282 3497 5322 et

1924 5367 2126 5418 inaures
2167 5380 2282 5433 (pta:
2321 5365 2372 5416 in
2425 5363 2628 5415 maribus
2668 5378 2858 5415 eorum.
2891 5360 3046 5413 Forte
3087 5361 3228 5414 enim
3279 5372 3333 5415 et
3387 5361 3497 5414 ha-c

1924 5458 2071 5525 signa
2107 5455 2528 5524 qnaalam-eraut'
2546 5453 2765 5505 istorum
2805 5450 3099 5512 idolorum,
3149 5450 3268 5503 ideo
3296 5461 3348 5503 et
3387 5451 3498 5503 Ita-c

1925 5562 2046 5600 cum
2073 5545 2174 5599 diis
2213 5545 2441 5600 aderunt
2468 5541 2652 5596 Iacob.
2685 5540 2745 5592 lit
2776 5539 3034 5592 abscondit
3077 5556 3135 5591 ea
3169 5542 3338 5594 subter
3367 5551 3491 5593 tere-

1927 5636 2229 5690 binthumiu
2257 5631 2488 5695 Seeimis,
2528 5639 2574 5682 et
2605 5629 2823 5698 perdidit
2848 5646 2906 5681 ea
2938 5647 3089 5696 usque
3125 5631 3175 5682 in
3205 5641 3495 5697 pra'srutem

1937 5727 2088 5782 ιζὰίη.
2114 5721 2400 5784 .-ibsccndil,
2435 5720 2622 5790 inquit,
2654 5735 2732 5786 ca,
2767 5730 2810 5772 et
2840 5719 3091 5789 perdidit,
3127 5730 3179 5774 ut
3218 5719 3313 5789 ipsi
3345 5735 3497 5773 ιειῒυη-
