3974 6412
471 244 574 297 519
1191 241 1248 297 S.
1291 241 1570 295 1033‘le
1607 235 2076 296 CIIRYSOSTOMI
2119 235 2440 291 Al‘djlllEl‘.
2480 237 3014 296 CONSTANTINUI’.
3627 259 3715 316 530

468 357 545 414 ris
579 357 720 411 servi
749 369 989 412 errorem
1017 353 1328 424 ell'ugercnl,
1359 363 1408 407 et
1448 353 1623 406 nullus
1649 353 1809 405 etiam
1835 351 1971 405 alios
1997 365 2061 403 ex

490 448 546 504 is
569 448 824 503 damnum
849 446 1114 514 acciperet
1139 444 1376 515 posthac.
1406 442 1471 498 Et
1497 458 1617 498 cum
1641 441 1756 497 lucc
1781 441 1960 496 omnia
1987 440 2070 496 fe-

479 542 650 600 cisset
676 541 873 609 justus,
898 539 952 593 5.
987 539 1142 601 Aluit,
1182 537 1374 606 inquit,
1403 553 1434 589 a
1460 535 1693 601 Secimis,
1717 545 1770 589 et
1796 534 2072 590 contendit

472 631 545 686 ad
566 630 790 685 Biethel.
821 629 1014 683 lterum
1046 627 1132 682 hic
1176 626 1392 682 attende
1437 635 1695 697 quantam
1739 626 1857 694 ejus
1886 640 2070 680 curam

480 721 729 776 habuerit
748 720 905 785 Deus,
926 728 979 774 et
1000 734 1162 788 quam
1182 716 1749 788 diligenterScriptura
1774 732 1872 772 nos
1891 717 2068 771 omnia

487 815 700 868 doceat.
729 811 861 869 Cum
890 826 1140 882 egressus
1181 811 1323 866 enim
1355 819 1498 865 esset
1519 810 1698 879 justus
1720 825 1786 864 ex
1823 808 2070 872 Sccimis,

480 906 673 960 Factus
696 915 767 960 est
795 905 946 958 timor
973 903 1068 957 Dei
1094 920 1246 973 super
1285 919 1456 956 omnes
1501 902 1725 956 civitates
1766 901 1818 954 in
1857 899 2071 953 circuitu

477 1015 691 1063 eorum,
741 1007 790 1052 et
841 1013 943 1051 non
998 995 1283 1067 persequuti
1327 1002 1444 1049 sunt
1492 993 1626 1063 ﬁlios
1672 991 1859 1046 Israel.
1909 991 2070 1046 Vides

481 1103 678 1159 quanta
701 1089 1056 1160 providentia,
1080 1097 1136 1144 et
1161 1103 1318 1158 quant
1348 1086 1567 1142 evidens
1587 1086 1736 1154 ’ejus
1751 1083 2071 1139 subsidium?

489 1183 656 1239 lrruit
681 1185 848 1248 enim,
879 1183 1091 1253 inquit,
1124 1196 1286 1251 Super
1312 1194 1406 1235 eos
1435 1190 1628 1242 metus,
1659 1188 1713 1234 et
1759 1195 1862 1232 non
1894 1192 2073 1247 perse-

485 1278 637 1344 quuti
667 1283 793 1327 sunt
813 1274 957 1328 illos.
989 1273 1123 1328 Nam
1152 1257 1273 1342 quia
1309 1273 1529 1326 timebat
1566 1271 1665 1324 hoc
1691 1271 1887 1340 justus,
1920 1281 1973 1325 et
1993 1269 2073 1323 di-

485 1367 644 1422 cebat
678 1384 690 1419 :
728 1366 856 1420 Mihi
887 1381 1070 1435 parvus
1113 1381 1354 1418 numerus
1397 1371 1508 1429 est,
1537 1371 1586 1418 et
1621 1362 1822 1417 delcbor
1845 1378 1864 1416 :
1893 1369 2073 1415 narrat

480 1459 753 1528 quomodo
784 1459 974 1513 timore
1009 1472 1102 1512 eos
1129 1457 1432 1522 invadente,
1463 1457 1608 1528 ipsos
1631 1459 1936 1526 persequuti
1965 1471 2071 1510 non

482 1553 612 1605 sint.
637 1549 770 1605 Nam
801 1550 1012 1620 quando
1057 1551 1203 1606 Deus
1247 1566 1401 1606 Sllttm
1438 1549 1698 1604 auxilium
1747 1550 1938 1604 all’crre
1980 1564 2078 1604 vo-

487 1643 951 1708 luerit,iuvalidos
993 1644 1244 1699 fortiores
1289 1645 1614 1713 potentibus,
1659 1653 1711 1697 et
1742 1658 1943 1714 paucos
1980 1657 2073 1712 po-

485 1736 744 1790 tentiores
775 1735 1014 1804 pluribus
1051 1735 1177 1790 facit
1200 1777 1216 1801 ,
1249 1735 1487 1806 nihilque
1516 1735 1720 1791 beatius
1745 1746 1826 1790 est
1870 1751 1935 1792 eo
1980 1737 2071 1806 qui

486 1841 777 1895 supernum
803 1828 1054 1881 auxilium
1074 1837 1393 1897 assequutus
1419 1837 1520 1882 est.
1549 1827 1601 1882 6.
1630 1828 1695 1880 Et
1717 1828 1858 1894 abiit,
1879 1829 2070 1898 inquit,

483 1917 650 1970 Jacob
679 1918 730 1970 in
762 1915 957 1970 Lusum
985 1958 1000 1980 ,
1029 1934 1142 1988 qua:
1174 1928 1266 1982 est,
1317 1920 1368 1972 in
1411 1929 1544 1973 terra
1574 1917 1841 1986 Chanaan,
1864 1935 1976 1992 quc
1999 1929 2074 1973 est

482 2009 699 2075 Ilaetltel,
731 2019 776 2063 et
799 2011 965 2065 omnis
996 2011 1215 2080 populus
1243 2012 1326 2079 qui
1352 2020 1458 2064 erat
1498 2028 1614 2064 cum
1651 2028 1727 2064 eo.
1761 2012 1812 2064 7.
1851 2011 1915 2064 Et
1950 2011 2078 2064 ardi-

484 2101 653 2168 [icavit
685 2099 754 2153 ibi
779 2100 940 2153 altare
967 2139 984 2166 ,
1015 2111 1060 2152 et
1099 2102 1289 2154 vocavit
1331 2118 1511 2154 nomen
1540 2101 1637 2154 loci
1670 2102 1808 2155 illius
1831 2099 2027 2155 Btetltel
2057 2116 2077 2155 :

483 2193 552 2246 ibi
583 2193 715 2247 enim
761 2194 1000 2264 apparuit
1046 2194 1090 2247 ei
1122 2192 1256 2247 Deus
1276 2235 1291 2259 ,
1324 2209 1438 2248 cum
1468 2194 1660 2264 fugeret
1702 2211 1733 2247 a
1778 2194 1910 2263 facie
1935 2191 2077 2248 Esaii

489 2288 666 2356 fratris
690 2285 790 2340 sui.
830 2285 1119 2354 Postquam
1168 2286 1344 2351 venit,
1390 2285 1594 2356 inquit,
1623 2287 1672 2339 in
1705 2285 1926 2349 Baethel,
1954 2286 2079 2342 fecit

483 2377 622 2432 sicut
639 2375 686 2431 ei
704 2384 1027 2446 prmceptum
1049 2383 1164 2431 erat
1186 2392 1201 2442 ;
1221 2377 1546 2432 etandilicato
1569 2377 1743 2442 altari,
1765 2377 1968 2434 vocavit
1983 2393 2079 2434 no-

485 2485 609 2524 men
641 2469 744 2524 loci
767 2469 987 2525 Baethel.
1004 2469 1060 2525 8.
1087 2468 1295 2524 Mortua
1321 2481 1392 2524 est
1419 2481 1608 2534 autem,
1629 2471 1820 2542 inquit,
1849 2469 2077 2526 Deborra

485 2563 663 2618 nutrix
692 2561 952 2630 Rebecae,
972 2573 1017 2617 et
1047 2564 1244 2634 sepulta
1273 2573 1346 2618 est
1369 2563 1437 2617 ad
1457 2564 1655 2618 radices
1687 2562 1882 2618 Baztliel
1905 2564 2080 2618 subter

485 2671 726 2719 quercum
759 2669 776 2708 :
803 2664 848 2707 et
875 2655 1066 2707 vocavit
1087 2653 1248 2708 Jucob
1275 2670 1452 2708 nomen
1484 2656 1614 2726 ejus,
1643 2654 1871 2720 Quercus
1891 2655 2076 2710 luctus.

491 2748 651 2802 Vides
682 2749 952 2817 quomodo
983 2763 1197 2817 semper
1238 2749 1307 2803 ab
1350 2749 1631 2804 eventibus
1671 2750 1906 2804 nominat
1939 2750 2075 2815 loca,

491 2849 550 2892 nt
575 2848 828 2909 perpetua
856 2849 1100 2894 servetur
1126 2841 1382 2894 memoria
1409 2839 1433 2894 τ
1474 2841 1538 2895 Et
1577 2841 1864 2911 quomodo,
1885 2841 2083 2896 dixerit

489 2929 755 2998 quispiam
777 2972 791 2994 ,
824 2931 1000 2984 nutrix
1054 2930 1306 2986 Rebecca:
1354 2931 1451 2986 fuit
1493 2946 1616 2987 cum
1645 2931 1810 2988 laetib
1833 2932 1946 3002 jam
1975 2933 2080 3003 pri-

491 3038 639 3076 mum
667 3023 912 3078 veniente
940 3037 969 3076 a
999 3023 1379 3092 Mesopotamia
1403 3065 1417 3088 ,
1443 3023 1748 3095 priusquam
1777 3034 2084 3080 occurreret

490 3114 634 3186 patri
664 3115 805 3170 suo?
835 3114 995 3170 Forte
1026 3116 1128 3172 hoc
1155 3117 1438 3173 dicendum
1463 3159 1478 3182 ,
1511 3133 1629 3173 eam
1675 3118 1890 3188 quando
1917 3133 1946 3173 a
1977 3118 2081 3174 La-

493 3207 597 3259 iian
621 3206 712 3260 ille
739 3207 916 3273 rediit,
944 3209 1100 3262 simul
1133 3225 1253 3263 cum
1285 3209 1451 3264 Jacob
1478 3211 1662 3265 venire
1691 3211 1989 3280 cupivisse,
2026 3220 2084 3266 ut

490 3307 609 3364 post
640 3298 849 3367 longum
880 3309 1089 3369 tempus
1123 3301 1414 3356 Rebeccam
1443 3300 1695 3358 inviseret
1727 3320 1740 3356 :
1770 3302 1864 3358 sed
1903 3303 2081 3375 prius-

491 3405 654 3458 quam
687 3391 755 3444 illi
787 3405 1111 3456 occurreret,
1135 3378 1440 3450 defunctam
1465 3410 1602 3452 esse.

563 3479 617 3536 5.
647 3480 864 3536 Muralis
891 3485 1118 3554 epilogus
1145 3485 1207 3538 de
1239 3485 1511 3540 liberorum
1536 3489 1890 3559 castigatione.
1917 3520 1987 3529 —
2015 3490 2082 3544 At

495 3586 598 3626 nos
629 3573 811 3639 etiam,
845 3575 888 3629 si
919 3577 1134 3645 placet,
1183 3576 1268 3633 hic
1300 3578 1552 3634 ﬁniamus
1592 3597 1894 3638 sermonem
1917 3598 2102 3647 ,con-e

495 3666 633 3718 tenti
677 3664 742 3719 iis
762 3682 882 3735 quae
909 3667 1049 3722 dicta
1092 3679 1236 3723 sunt.
1277 3671 1407 3727 Illud
1434 3684 1612 3727 autem
1633 3686 1864 3729 vestram
1892 3675 2086 3730 carita-

497 3768 607 3810 tem
633 3759 1028 3828 rogavcrimus,
1064 3768 1120 3814 ut
1147 3770 1200 3815 et
1247 3777 1341 3816 vos
1386 3764 1596 3820 virtutis
1633 3781 1813 3820 curam
1847 3767 2042 3837 geratis
2067 3809 2082 3833 ,

496 3857 553 3902 ct
581 3849 842 3918 juvenum
869 3854 1251 3910 continentiam
1292 3858 1510 3913 curetis.
1548 3859 1683 3913 llinc
1720 3861 1861 3914 enim
1884 3900 1899 3926 ,
1933 3871 1990 3915 ut
2015 3861 2084 3914 ita

495 3942 692 4006 dicam,
713 3944 890 3998 omnia
913 3944 1049 3999 mala
1083 3955 1394 4002 nascuntur.
1413 3948 1758 4005 Consuetudo
1784 3952 1927 4006 enim
1961 3951 2084 4006 mali

492 4049 748 4104 processu
777 4038 1030 4106 temporis
1072 4038 1410 4095 invalescens
1457 4051 1654 4097 tantam
1704 4042 1860 4099 all'ert
1907 4048 2087 4115 perni—

493 4127 654 4191 ciem,
682 4136 738 4181 ut
761 4138 944 4196 postea
971 4146 1077 4184 non
1103 4133 1276 4200 possit
1299 4133 1474 4203 aliqua
1506 4135 1649 4191 vinci
1669 4137 2044 4192 admonitione
2068 4155 2083 4203 ;

495 4229 552 4272 et
595 4233 716 4272 cum
763 4219 929 4274 semel
979 4235 1011 4276 a
1060 4223 1261 4278 malitia
1317 4222 1515 4280 fuerint
1553 4227 2000 4298 occupati,qnasi
2031 4229 2086 4284 in

493 4308 862 4380 captivitatem
883 4321 1063 4366 essent
1100 4311 1351 4382 abducti,
1380 4329 1595 4387 quoquo
1629 4317 1878 4374 diabolus
1901 4319 2082 4389 jusse—

493 4404 564 4458 rit
588 4412 838 4474 aguntur.
873 4403 965 4461 Ille
992 4405 1134 4461 enim
1165 4408 1244 4464 eis
1270 4409 1496 4479 imperat
1520 4451 1535 4476 ,
1568 4419 1622 4466 et
1665 4413 1962 4482 perniciosa
1999 4415 2085 4469 illa

492 4495 582 4548 dat
612 4495 854 4550 tuandata
881 4538 895 4560 ,
931 4512 1051 4567 qure
1090 4497 1320 4568 juvenes
1367 4500 1596 4556 libenter
1622 4503 1922 4572 perﬁciunt,
1950 4522 2085 4576 pra:-

493 4597 703 4642 seutem
735 4596 938 4644 tantum
993 4590 1320 4661 voluptatem
1362 4604 1698 4663 spectantes,
1741 4607 1795 4652 ct
1844 4598 2083 4655 futurum

495 4679 736 4736 dolorem
767 4698 870 4738 non
897 4684 1219 4754 cogitantes.
1253 4685 1379 4742 ldeo
1399 4702 1498 4743 oro
1520 4699 1576 4742 ut
1611 4690 1949 4757 praebeamus
1971 4709 2085 4747 ma-

499 4789 626 4828 num
660 4775 780 4831 ﬁliis
807 4776 1023 4842 nostris,
1061 4789 1113 4832 ut
1146 4795 1212 4835 ne
1241 4781 1402 4837 etiam
1428 4798 1527 4853 pro
1561 4784 1627 4838 iis
1647 4800 1765 4854 quae
1790 4786 1865 4841 illi
1893 4802 2084 4857 pecea-

495 4875 622 4921 ruut
641 4909 658 4934 ,
699 4881 796 4921 nos
825 4883 1013 4938 pugnas
1037 4873 1416 4927 sustineamus.
1463 4875 1544 4931 An
1571 4879 1787 4932 nescitis
1813 4879 1938 4948 quid
1967 4880 2083 4935 seni

497 4959 576 5013 Illi
599 4957 878 5023 acciderit,
903 4975 1024 5013 cum
1053 4975 1156 5014 ηοιι
1188 4963 1368 5020 debite
1392 4966 1706 5023 emendaret
1736 4969 1970 5026 ﬁliorum
1990 4974 2085 5028 de-

491 5049 620 5106 licta
664 5049 683 5122 (
715 5051 767 5106 1.
819 5049 948 5122 Reg.
999 5053 1049 5107 4.
1088 5053 1154 5108 18
1195 5053 1256 5122 )?
1295 5055 1756 5123 Quemadmodum
1796 5064 1940 5117 enim
1981 5079 2085 5118 mc-

493 5144 686 5212 dicus,
738 5144 785 5199 si
841 5145 1088 5201 morbum
1159 5147 1397 5203 sectione
1451 5149 1777 5220 indigentem
1833 5157 2084 5213 unctione

495 5245 587 5288 aut
627 5236 925 5306 emplastro
973 5253 1164 5294 curare
1209 5239 1452 5306 voluerit,
1504 5243 1611 5298 cito
1659 5245 1900 5300 morbum
1928 5247 2083 5301 incu-

498 5325 721 5381 rabilem
751 5329 967 5396 efﬁciet,
1002 5345 1124 5385 cum
1156 5346 1444 5402 congruam
1481 5349 1588 5389 non
1627 5335 1878 5392 adhibeat
1913 5339 2082 5393 medi-

497 5416 676 5468 cinam
711 5434 726 5471 :
770 5419 841 5473 ita
869 5428 924 5474 et
950 5435 1110 5478 senex
1141 5422 1387 5487 ille,eum
1408 5424 1633 5482 deberet
1665 5427 1802 5482 ﬁlios
1836 5443 1963 5483 suos
1991 5447 2086 5500 pro

500 5513 841 5572 peccatorum
874 5512 1076 5568 ratione
1097 5514 1406 5582 emendare,
1424 5516 1584 5572 nimia
1607 5517 1825 5574 lenitate
1848 5519 1966 5576 illos
1995 5535 2083 5574 ar-

568 5676 586 5706 ³
621 5681 839 5745 Quinque
858 5689 984 5745 Mss,
1009 5688 1203 5752 efﬁcax;
1231 5705 1328 5741 non
1350 5694 1496 5744 male.

2183 364 2349 419 gneus
2371 389 2385 414 ,
2433 351 2678 422 supplicii
2707 361 2757 406 et
2787 353 2898 423 ipse
2931 368 3152 410 consors
3195 355 3310 412 fuit.
3346 358 3560 422 Proinde
3610 386 3714 436 oro.

2179 440 2480 509 exemplum
2504 440 2605 497 hoc
2633 444 2935 510 timeamus,
2959 455 3012 500 et
3036 446 3291 504 habentes
3313 447 3446 505 ﬁlios
3470 456 3713 522 providea-

2179 547 2298 587 mus
2323 533 2404 588 eis
2432 532 2500 588 de
2524 533 2749 590 honesta
2777 535 3092 592 educatione
3112 580 3127 605 ,
3171 548 3224 594 et
3251 539 3303 594 in
3346 556 3546 597 summa
3584 561 3717 604 unus-

2175 625 2403 694 quisth
2431 639 2612 680 curam
2641 641 2825 682 eorum
2857 637 2998 698 agat,
3021 628 3108 698 qui
3148 631 3285 699 apud
3331 646 3388 687 se
3426 631 3654 703 habitant,
3675 651 3716 694 et

2179 714 2387 769 lucrum
2418 715 2707 772 maximum
2753 717 2913 772 ducat
2943 719 3218 775 utilitatem
3246 723 3488 792 proximi,
3511 737 3562 780 ut
3579 743 3716 786 unus-

2177 806 2405 876 quisque
2419 805 2630 863 discens
2658 823 2720 863 ea
2747 825 2866 879 qua:
2893 809 2958 864 ad
2981 810 3228 867 virtutem
3257 815 3532 884 pertinent,
3557 829 3717 890 ctpce-

2177 899 2280 953 cati
2315 899 2612 970 periculum
2635 899 2871 972 effugere
2891 941 2906 966 ,
2933 911 2988 957 ct
3017 903 3265 960 virtutem
3304 907 3616 976 amplexatus
3648 927 3718 966 su-

2176 1007 2398 1062 pernum
2427 992 2681 1048 auxilium
2730 994 2830 1049 sibi
2871 995 3157 1051 conciliare
3185 996 3358 1052 valeat
3383 1015 3394 1050 :
3422 999 3553 1069 quod
3595 1003 3720 1058 nobis

2175 1083 2425 1138 omnibus
2451 1084 2796 1151 concedatur,
2844 1088 3014 1156 gratia
3046 1097 3100 1143 et
3128 1087 3411 1142 clementia
3434 1089 3618 1145 Domini
3638 1107 3719 1147 no-

2177 1173 2274 1228 stri
2303 1174 2428 1230 .lcsu
2458 1175 2652 1230 Christi
2679 1217 2694 1242 ,
2729 1175 2816 1232 cui
2847 1193 2968 1232 cum
3007 1177 3166 1234 Patre
3197 1187 3252 1234 et
3277 1191 3456 1235 sancto
3476 1181 3648 1252 Spiritu
3666 1186 3719 1238 sit

2175 1264 2368 1334 gloria,
2393 1266 2698 1336 imperium,
2733 1267 2923 1334 honor,
2959 1284 3100 1325 nunc
3127 1279 3183 1326 et
3206 1284 3417 1342 semper
3440 1313 3454 1337 ,
3477 1281 3528 1328 et
3561 1273 3604 1328 in
3630 1288 3715 1329 sa!-

2177 1358 2298 1412 cula
2326 1361 2666 1415 saeculorum.
2699 1363 2889 1417 Amen.

2749 1476 3025 1533 "051lle
3076 1479 3191 1534 LX.

2179 1588 2246 1642 Et
2275 1589 2530 1656 aediﬁcato
2556 1590 2709 1644 altari
2735 1592 3121 1644 vocaritnomeu
3141 1593 3240 1645 loci
3263 1591 3451 1645 Bwtliel
3470 1609 3486 1644 :
3505 1594 3598 1645 illic
3615 1595 3721 1645 enim

2249 1682 2488 1752 apparuit
2522 1684 2566 1734 ei
2600 1682 2757 1746 Deus,
2789 1699 2905 1736 cum
2935 1687 3130 1753 fugeret
3172 1700 3204 1737 a
3244 1684 3374 1754 facie
3419 1683 3547 1739 Esaii
3580 1686 3722 1754 fratris

2247 1776 2326 1830 sui
2357 1775 2376 1845 (
2410 1774 2539 1830 Gen.
2561 1775 2651 1830 55.
2681 1776 2712 1831 7
2739 1775 2778 1844 ).

2252 1914 2304 1966 1.
2335 1911 2447 1982 Age
2476 1919 2530 1966 et
2558 1911 2717 1966 hodie
2741 1953 2755 1975 ,
2794 1912 2838 1967 si
2869 1912 3031 1978 libet,
3061 1913 3304 1983 repetitis
3345 1913 3407 1968 iis
3450 1930 3559 1984 qu:e
3586 1931 3722 1984 nuper

2178 2003 2440 2070 diximus,
2489 2003 2554 2058 ad
2594 2005 2869 2074 sequentia
2896 2004 3050 2059 vobis
3089 2006 3405 2075 exponenda
3432 2005 3719 2059 accedamus.

2187 2095 2318 2151 Nam
2347 2097 2508 2151 etiam
2538 2095 2695 2150 hodie
2726 2095 2949 2151 historia
2973 2095 3139 2151 Jacob
3167 2106 3292 2165 apta
3319 2105 3402 2152 est
3439 2095 3500 2150 ad
3526 2110 3612 2150 nos
3644 2095 3720 2149 do-

2184 2187 2412 2243 cendum
2447 2186 2797 2256 multiplicem
2847 2187 2940 2242 Dei
2975 2188 3028 2242 in
3060 2188 3214 2242 illum
3255 2188 3655 2258 providentiam,
3681 2196 3722 2240 et

2183 2278 2454 2349 quomodo
2477 2279 2623 2333 illum
2651 2278 2761 2333 suis
2792 2279 3238 2348 promissionibus
3264 2281 3450 2334 iterum
3480 2279 3721 2334 ﬁrmaverit

2182 2386 2537 2428 remunerans
2557 2375 2674 2441 ejus
2708 2372 3048 2441 probitatem.
3082 2372 3373 2442 Postquam
3417 2373 3548 2428 enim
3591 2386 3716 2439 Stipe-

2189 2464 2304 2520 rius
2334 2464 2566 2519 narravit
2593 2463 2746 2517 nobis
2770 2503 2785 2528 ,
2808 2463 3075 2533 quomodo
3115 2463 3408 2517 secundum
3445 2473 3720 2534 przecepuuu

2183 2555 2302 2622 Dei,
2330 2555 2533 2609 relictis
2575 2553 2804 2610 Secimis
2833 2565 3053 2624 propter
3101 2553 3337 2609 facinora
3379 2554 3588 2608 liliorum
3623 2567 3722 2606 suo-

2185 2662 2326 2714 rum,
2349 2645 2416 2700 ad
2468 2645 2665 2700 Luzam
2710 2645 2988 2700 contendit
3023 2664 3035 2699 :
3078 2643 3144 2699 Et
3171 2645 3426 2714 a'diﬁcato
3461 2644 3598 2698 altari
3622 2685 3635 2708 ,
3659 2644 3721 2696 iu-

2183 2739 2322 2811 quit,
2348 2739 2538 2794 vocarit
2567 2755 2749 2793 nomen
2780 2738 2878 2792 loci
2904 2736 3102 2790 Ba'thel
3131 2753 3150 2790 :
3181 2737 3292 2791 illic
3316 2738 3444 2791 enim
3469 2734 3723 2807 apparuita'

2188 2829 2344 2896 Deus,
2379 2847 2492 2883 cum
2523 2832 2721 2900 fugeret
2747 2845 2779 2882 a
2809 2829 2940 2900 facie
2965 2826 3109 2883 Esau
3129 2829 3308 2901 fratris
3329 2828 3426 2883 sui.
3456 2827 3561 2895 Quo
3587 2827 3721 2893 impe-

2185 2924 2271 2980 rio
2321 2923 2460 2979 Deus
2505 2923 2706 2992 justum
2757 2922 3001 2976 liberavit
3049 2937 3079 2976 a
3128 2922 3320 2976 timore
3362 2937 3465 2991 quo
3490 2919 3723 2976 tenebatur

2186 3025 2405 3086 propter
2433 3015 2642 3070 occisos
2670 3013 2953 3070 Secimitas
2985 3029 3000 3066 :
3035 3014 3299 3082 immisit,
3342 3015 3536 3085 inquit,
3577 3013 3620 3066 in
3648 3010 3723 3063 ha-

2185 3107 2447 3163 bitatores
2475 3107 2686 3162 illarum
2708 3106 2984 3160 civitatum
3017 3115 3243 3173 metum,
3287 3111 3357 3160 ita
3391 3116 3449 3161 ut
3487 3105 3618 3159 illum
3643 3115 3723 3154 non

2186 3209 2655 3274 persequerentur.
2686 3199 2820 3255 Vide
2861 3197 3251 3269 providentiam
3300 3199 3410 3266 Dei,
3439 3205 3492 3252 et
3518 3203 3723 3265 quautam

2188 3293 2382 3350 habeat
2417 3293 2831 3349 sollicitudinem
2873 3307 2971 3363 pro
3004 3291 3193 3347 Jacob.
3225 3291 3534 3355 Concussit,
3561 3285 3723 3356 inquit.

2189 3388 2381 3444 timore
2401 3387 2606 3442 animas
2637 3401 2823 3442 eorum
2854 3386 2943 3456 qui
2984 3385 3188 3440 vicinas
3232 3385 3472 3440 civitates
3508 3377 3727 3436 inhabita-

2189 3480 2338 3546 bant,
2360 3488 2418 3534 ut
2442 3494 2509 3534 ne
2537 3487 2984 3551 persequerentur
3039 3477 3187 3532 illum
3218 3493 3232 3530 :
3278 3491 3396 3532 nam
3431 3473 3642 3528 fortissis
3667 3468 3729 3520 ul-

2188 3571 2320 3626 cisci
2360 3571 2612 3624 volebant
2649 3569 2949 3624 Secitnitas.
3000 3568 3106 3623 Sed
3161 3572 3411 3636 quoniam
3452 3566 3530 3619 illa
3571 3570 3728 3632 praeter

2184 3663 2316 3734 justi
2343 3662 2660 3717 sententiam
2684 3660 2818 3715 facta
2851 3660 3079 3726 fuerant,
3105 3669 3160 3714 et
3187 3659 3420 3731 Symeou
3447 3673 3504 3711 ac
3529 3654 3637 3709 Levi
3658 3669 3727 3704 so-

2190 3755 2330 3810 roris
2358 3754 2607 3808 violatam
2625 3754 3008 3809 continentiam
3033 3753 3358 3808 ulciscentes
3385 3750 3494 3804 haec
3513 3747 3724 3806 leccrnllli

2192 3863 2298 3904 non
2323 3847 2497 3902 solum
2527 3861 2648 3902 eum
2683 3854 2740 3902 et
2777 3844 2914 3900 ﬁlios
2942 3843 3061 3915 ejus
3088 3859 3118 3898 a
3158 3843 3328 3898 nimio
3366 3842 3544 3896 timore
3569 3837 3727 3892 libera-

2191 3943 2304 4008 vit,
2333 3941 2429 3997 sed
2474 3941 2596 3996 illos
2647 3939 2809 3994 etiam
2870 3938 3064 3994 timore
3112 3939 3458 3999 concutiens,
3497 3949 3526 3988 α
3570 3936 3730 3985 conatu

2193 4033 2554 4106 persequendi
2608 4032 2848 4088 retraxit.
2885 4031 3106 4087 Vidistis
3148 4042 3409 4102 quantum
3454 4029 3518 4084 sit
3558 4025 3638 4080 niti
3663 4021 3728 4072 di-

2193 4127 2319 4180 vino
2365 4124 2658 4195 prtesidio?
2685 4123 2816 4178 Nam
2857 4122 3072 4194 quando
3127 4123 3269 4177 Deus
3302 4121 3451 4176 nobis
3487 4118 3608 4171 bene
3624 4110 3727 4163 alle-

2191 4229 2313 4273 ctus
2369 4225 2470 4283 est,
2505 4232 2538 4272 e
2589 4215 2766 4271 medio
2807 4216 3065 4270 tolluntur
3114 4215 3374 4270 terribilia
3403 4209 3584 4267 omnia.
3610 4204 3729 4260 Sicut

2192 4312 2337 4365 enim
2377 4309 2526 4380 justo
2573 4308 2819 4363 ﬁduciam
2851 4307 3036 4372 dedit,
3087 4307 3158 4362 ita
3207 4307 3316 4362 illis
3359 4305 3503 4362 d'dit
3546 4309 3728 4356 lllCllllll.

2193 4400 2484 4456 Enimvero
2544 4401 2802 4455 Dominus
2845 4416 2966 4455 cunt
3011 4401 3076 4455 sit
3103 4441 3119 4466 ,
3168 4399 3349 4454 omnia
3395 4403 3541 4468 prout
3583 4390 3731 4446 volue-

2192 4494 2260 4547 rit
2305 4493 2484 4558 vcrtit,
2533 4502 2590 4548 et
2612 4493 3032 4562 omnipotentem
3055 4507 3205 4547 suam
3240 4490 3546 4562 sapientiam
3571 4486 3617 4539 in
3634 4496 3729 4536 om-

2191 4587 2348 4641 nibus
2375 4585 2632 4642 dwlarat.
2663 4588 2742 4642 Ac
2778 4585 2910 4641 nihil
2951 4585 3142 4641 fortius
3167 4595 3252 4642 est
3275 4601 3342 4641 eo
3370 4583 3458 4654 qui
3489 4586 3729 4649 supernam

2191 4680 2293 4735 sibi
2338 4681 2640 4737 conciliavit
2669 4694 2848 4750 opem,
2894 4679 3032 4734 sicut
3060 4679 3221 4734 etiam
3255 4678 3385 4733 nihil
3423 4671 3656 4730 inﬁrmius
3679 4677 3730 4718 eo

2192 4775 2281 4842 qui
2313 4770 2403 4826 illa
2454 4771 2691 4842 privatus
2716 4780 2819 4826 est.
2845 4770 2985 4826 Ecce
3027 4771 3172 4825 enim
3190 4770 3369 4840 justus
3408 4767 3526 4831 ille,
3567 4767 3730 4832 path

2194 4878 2420 4918 numero
2463 4878 2644 4918 secum
2676 4863 2898 4928 habens,
2948 4864 3070 4934 quia
3095 4862 3530 4918 custodiebatura
3557 4856 3668 4914 Deo.
3689 4854 3731 4902 el

2192 4957 2441 5013 ﬁduciam
2478 4958 2707 5028 accepit,
2732 4966 2788 5011 et
2832 4957 3053 5011 insidias
3085 4954 3270 5026 eﬁ‘ugit
3295 4964 3312 5004 :
3341 4955 3413 5010 ilii
3435 4959 3615 5012 autem,
3633 4953 3729 4997 cum

2191 5049 2345 5105 multi
2369 5061 2572 5115 essent,
2595 5058 2650 5105 et
2671 5049 2972 5120 conglobati
2993 5051 3414 5120 conspirassent,
3437 5043 3558 5101 nihil
3577 5047 3727 5093 eorum

2191 5160 2313 5215 qua:
2365 5143 2614 5199 volebant
2647 5144 2898 5213 aperibus
2921 5144 3194 5214 complere
3237 5145 3534 5212 potuerunt.
3571 5131 3729 5186 Fac!“

2193 5246 2268 5292 est
2297 5238 2448 5299 enim,
2481 5237 2669 5307 inquit,
2719 5237 2870 5291 timor
2897 5235 2996 5292 Dei
3036 5252 3190 5305 super
3211 5235 3432 5290 ciuitates
3465 5231 3514 5284 in
3555 5218 3728 5317 circuitu

2191 5344 2387 5382 earum.
2416 5327 2704 5399 Postquam
2737 5327 2895 5399 igitur
2930 5329 3107 5397 justus
3135 5343 3165 5381 a
3213 5328 3402 5381 timore
3445 5326 3642 5375 istorum
3681 5308 3728 5361 li-

2192 5421 2408 5476 beratus
2455 5430 2572 5486 est,
2605 5421 2727 5476 vide
2763 5423 2956 5477 iterum
2985 5419 3238 5476 eximiam
3270 5419 3364 5475 Dei
3414 5407 3726 5472 clementiam.

2193 5527 2352 5583 quam
2379 5528 2505 5583 erga
2527 5529 2649 5569 eum
2676 5513 2987 5570 declaravit.
3019 5514 3076 5572 9.
3113 5513 3263 5569 Visus
3285 5521 3358 5566 est
3383 5509 3510 5563 enim
3542 5511 3584 5557 et
3618 5495 3728 5583 υεκξ

2193 5580 2377 5657 iierum
2420 5580 2474 5657 in
2498 5604 2658 5658 Luza.
2685 5604 2863 5673 Quare
2903 5605 3084 5676 adjicit
3123 5605 3224 5660 hoc
3270 5603 3502 5661 verbum,
3534 5580 3728 5682 Detulit!

2197 5692 2315 5750 Non
2343 5693 2544 5765 absque
2570 5710 2750 5761 causa,
2782 5696 2875 5754 sed
2906 5707 2962 5752 ut
3003 5696 3197 5765 discas,
3235 5709 3354 5750 cum
3375 5691 3514 5764 prius
3529 5683 3723 5742 etiamm

3639 6018 3840 6388 Δ
