3974 6456
333 342 434 406 521

335 458 436 509 hoe
460 453 579 512 loco
601 454 650 508 ei
680 452 1011 524 apparuisse,
1035 449 1246 522 quando
1274 451 1477 521 fugiens
1496 450 1714 503 fratrem
1744 449 1795 503 in
1821 449 1925 503 ille-

336 546 693 617 sopotamiam
733 544 1106 599 contendebat.
1138 542 1317 612 Itaque
1356 550 1411 596 et
1457 557 1595 595 nunc
1632 542 1748 594 ait:
1781 540 1933 594 Sicut

338 651 465 694 tuac
496 640 641 691 visus
672 647 756 692 est
780 638 827 692 ei
853 638 1089 701 abeunti,
1124 635 1193 689 ita
1214 644 1264 689 et
1286 649 1424 688 nunc
1454 633 1932 701 redeuntiapparet

336 731 389 785 in
423 730 613 785 eodem
648 730 783 791 loco,
804 738 855 781 et
879 730 1163 780 eoiiﬁrinat
1183 724 1583 793 [ll‘UllliSaiOllCS,
1609 737 1742 791 quas
1767 736 1932 791 quan-

333 822 408 876 do
438 822 568 876 abiit
595 837 717 875 cum
751 836 815 874 eo
846 820 990 883 fecit,
1043 817 1143 871 hoc
1168 828 1422 887 pra-stans
1449 825 1503 869 ιιι
1527 816 1700 884 justus
1729 814 1932 868 ﬁrmius

337 915 453 968 suis
487 913 929 982 promissionilius
956 911 1224 973 conﬁdat,
1255 920 1309 963 et
1357 926 1423 962 ne
1456 918 1673 978 propter
1725 918 1932 975 tempus

340 1007 582 1062 medium
604 1007 840 1058 lluctttet.
868 1002 930 1056 Et
959 1003 1358 1077 benetliaiteum,
1385 1001 1536 1068 10,”
1560 1001 1686 1053 dia’it
1714 1000 1795 1053 ei.
1832 997 1933 1052 No-

338 1117 455 1151 men
483 1108 622 1151 tuum
650 1114 748 1149 non
779 1094 1032 1148 vocabitur
1059 1094 1196 1146 ultra
1215 1091 1399 1157 Iacob,
1426 1092 1514 1145 sed
1545 1089 1711 1144 Israel
1731 1091 1822 1143 erit
1843 1105 1934 1142 no-

338 1206 455 1241 men
490 1202 648 1240 luunt.
681 1189 1009 1256 Quamquam
1032 1185 1142 1253 jatn
1168 1183 1368 1254 pridetu
1393 1183 1491 1235 hoc
1532 1196 1721 1235 nomen
1750 1182 1798 1235 ei
1837 1182 1931 1236 de-

339 1279 515 1345 derat,
546 1294 667 1331 cum
698 1278 946 1332 transiret
975 1276 1026 1329 in
1056 1274 1280 1341 Jaboeli,
1320 1289 1504 1327 verum
1545 1272 1833 1341 majoribus
1855 1273 1934 1325 iu-

340 1371 495 1424 diciis
543 1371 825 1423 certiorem
875 1367 1085 1422 volebat
1122 1365 1324 1435 justum
1376 1364 1633 1427 reddere,
1690 1373 1743 1416 et
1790 1377 1931 1415 iiunc

339 1462 585 1515 eamdi-ni
616 1459 1036 1513 benedictionem
1067 1456 1115 1511 ei
1154 1456 1265 1523 dat,
1294 1466 1348 1510 et
1391 1455 1516 1509 dicit
1542 1472 1553 1508 :
1582 1453 1749 1507 Israel
1781 1471 1933 1507 voca-

338 1552 475 1603 bitur
514 1568 693 1603 nomen
726 1562 897 1615 tuum;
951 1550 1035 1603 ll.
1068 1558 1115 1601 et
1157 1564 1323 1600 cresce
1346 1588 1361 1612 ,
1406 1556 1451 1599 et
1491 1546 1932 1614 multiplicium“

336 1653 512 1715 gentes
533 1652 576 1694 et
600 1642 1006 1711 eongregationes
1024 1639 1247 1709 gentium
1274 1647 1417 1690 erunt
1445 1653 1509 1690 ea:
1530 1646 1593 1700 te,
1635 1646 1680 1689 et
1709 1652 1850 1706 reges
1870 1648 1933 1691 ex

340 1735 512 1786 lumbo
540 1744 625 1785 tuo
654 1732 941 1802 prodibant.
976 1731 1108 1784 Vide
1147 1730 1564 1801 magnitudinem
1597 1728 1927 1782 benedictio-

340 1826 446 1879 nis.
480 1823 593 1877 Non
622 1823 793 1876 solum
832 1822 961 1874 dicit
1007 1836 1128 1874 eum
1177 1822 1229 1873 in
1285 1830 1482 1871 tantam
1541 1818 1928 1872 multitudinem

341 1914 765 1986 pt'opagatttltlm,
789 1914 880 1967 sed
906 1921 960 1966 et
987 1912 1272 1982 gloriosum
1292 1908 1404 1964 fore
1429 1909 1544 1977 ejus
1570 1923 1751 1963 semen
1786 1924 1799 1961 :
1831 1909 1932 1963 Re-

338 2027 427 2078 gvs
445 2009 606 2070 enim,
630 2008 817 2075 inquit,
846 2022 907 2057 ex
923 2004 1103 2057 lumbis
1130 2004 1227 2056 tuis
1247 2003 1602 2072 egredientur:
1637 2000 1931 2070 pratdicens

339 2095 388 2146 υἱ
423 2094 645 2162 gloriam
679 2107 866 2144 eorum
914 2089 1002 2158 qui
1047 2104 1115 2142 ex
1148 2090 1262 2156 ipso
1300 2096 1475 2140 ortum
1508 2084 1715 2139 ducturi
1757 2093 1926 2137 erant.

340 2187 431 2237 12.
464 2182 754 2246 litterrain,
808 2179 995 2248 inquit,
1048 2194 1198 2248 quam
1241 2176 1458 2229 Abraltw
1500 2186 1544 2227 et
1597 2173 1747 2227 Isaac
1789 2174 1928 2238 dedi,

339 2278 434 2330 tibi
462 2277 579 2328 dedi
620 2292 750 2341 eam,
784 2285 828 2328 et
857 2274 1033 2327 semini
1063 2284 1147 2325 tuo
1172 2282 1281 2341 post
1313 2283 1359 2324 te
1408 2270 1539 2323 dabo
1568 2281 1749 2322 terram
1778 2268 1927 2321 hanc.

339 2370 604 2436 Quoniam
636 2378 852 2437 propter
881 2367 1011 2419 facta
1036 2366 1085 2418 in
1114 2364 1337 2420 Seeimis
1364 2379 1393 2417 a
1415 2362 1750 2434 Symeoneet
1782 2360 1925 2424 Levi,

337 2460 555 2515 dieeliat
587 2478 599 2512 :
638 2458 699 2511 In
729 2474 883 2528 parvo
911 2473 1118 2509 numero
1138 2473 1248 2509 sum
1268 2471 1379 2526 ego,
1406 2463 1450 2506 rt
1476 2452 1760 2522 congregati
1783 2466 1933 2519 super

340 2569 425 2603 me
454 2550 726 2619 percutiunt
758 2564 856 2609 me,
896 2558 940 2599 et
986 2545 1188 2599 deli-bar
1216 2562 1306 2615 ego
1335 2553 1380 2596 et
1417 2543 1594 2594 domus
1627 2558 1734 2593 mea
1775 2539 1929 2607 (σενι.

337 2644 433 2697 54.
465 2641 588 2713 50);
619 2650 675 2695 ct
723 2656 816 2709 per
858 2636 1034 2690 omnia
1069 2634 1395 2689 monstrabat
1448 2630 1930 2701 pusillanimiatent

338 2746 396 2792 et
429 2747 626 2790 metum
644 2749 749 2803 quo
770 2733 1074 2785 tenelaitur:
1094 2739 1370 2799 prepterea
1400 2725 1657 2795 benignus
1681 2722 1931 2775 Dominus

340 2844 485 2882 nunc
512 2827 637 2880 dicit
657 2825 722 2878 ad
753 2840 873 2878 eum
902 2821 1193 2888 :Quouiam
1222 2817 1420 2880 dixisti,
1452 2816 1507 2870 In
1528 2829 1689 2884 parvo
1714 2828 1933 2866 Inmu'ro

340 2941 461 2979 smn
487 2964 501 2985 ,
531 2923 676 2976 disce
706 2920 937 2974 futurum
972 2931 1090 2971 esse
1123 2925 1176 2968 ut
1204 2927 1445 2976 crcsras,
1480 2920 1533 2964 et
1560 2907 1934 2978 multiplicetur

340 3034 527 3073 semen
577 3026 747 3080 tuum,
780 3023 831 3067 et
862 3012 930 3064 ita
957 3010 1025 3064 sit
1048 3008 1352 3078 gloriosum,
1404 3015 1458 3057 ut
1501 3000 1935 3069 congregati..nes

338 3090 579 3183 gentium
603 3121 653 3163 et
679 3121 830 3174 reges
876 3122 939 3160 ex
972 3121 1035 3157 eo
1077 3098 1668 3171 prruliturisint;atque
1696 3095 1928 3146 futurum

340 3220 487 3266 εδει),
521 3209 577 3254 ut
609 3215 711 3251 non
742 3197 914 3251 solum
949 3209 1051 3247 non
1080 3191 1310 3246 delearis
1331 3231 1345 3253 ,
1378 3187 1471 3241 sed
1499 3197 1549 3240 cl
1593 3198 1644 3237 tu
1670 3193 1725 3237 et
1750 3197 1932 3236 semen

344 3306 493 3351 tuum
519 3306 731 3345 onmem
766 3298 962 3340 terram
989 3286 1124 3337 hanc
1164 3282 1214 3335 in
1246 3279 1593 3335 hereditatem
1634 3273 1926 3341 accipiatis.

346 3388 415 3445 Et
439 3384 587 3439 factis
619 3383 665 3436 ei
694 3377 1136 3450 promissionibus
1165 3374 1299 3433 istis,
1334 3372 1420 3427 15.
1459 3368 1692 3423 Ascendit
1719 3366 1851 3420 Deus
1872 3367 1934 3418 ab

344 3498 429 3544 eo,
451 3496 514 3532 ea:
534 3478 643 3531 loco
668 3475 746 3529 ubi
770 3483 840 3527 est
868 3474 1100 3541 loquutus
1128 3484 1238 3521 cum
1269 3467 1376 3520 illo.
1412 3463 1542 3517 Vide
1570 3469 1824 3531 quantum
1851 3467 1935 3511 al-

348 3580 651 3640 temperant
682 3583 740 3622 Se
760 3578 954 3619 nostra-
983 3559 1274 3615 inlirmitati
1305 3556 1495 3609 divinae
1518 3553 1802 3621 Scriptum
1820 3565 1937 3602 ver-

349 3666 438 3722 ba.
467 3661 738 3716 Adscendit
761 3657 923 3719 enim,
954 3653 1141 3723 inquit.
1182 3649 1317 3704 Deus
1358 3649 1420 3702 ab
1450 3663 1506 3700 eo
1539 3660 1554 3697 :
1586 3651 1771 3698 nonut
1817 3642 1934 3695 loco

345 3752 596 3809 concludi
622 3750 988 3807 existimemus
1022 3746 1185 3799 Deum
1209 3782 1223 3805 ,
1258 3740 1351 3794 δια
1384 3748 1441 3791 ιιι
1489 3752 1583 3807 per
1628 3735 1729 3788 hoc
1778 3732 1935 3785 etiam

346 3848 467 3918 ejus
494 3843 813 3900 inell'abilem
843 3840 1108 3894 disc:.nms
1134 3832 1471 3889 clementiam
1498 3846 1511 3882 :
1542 3828 1771 3896 Spiritus
1796 3825 1935 3879 enini

345 3916 517 4009 gratia
533 3952 589 3991 se
604 3934 669 3991 ad
687 3933 1043 3987 inlirmitatem
1067 3934 1300 3980 nostrattt
1323 3922 1607 3977 demittens
1622 3916 1799 3972 omnia
1818 3932 1942 3970 nar-

350 4045 475 4088 rare
498 4029 648 4083 solet.
680 4023 1013 4081 Descendere
1037 4020 1198 4081 enirn,
1228 4026 1279 4071 et
1307 4012 1620 4077 ascendere,
1664 4009 1937 4078 indignum

352 4124 466 4175 Deo
485 4128 582 4182 est;
607 4118 697 4172 sed
730 4116 849 4187 quia
875 4112 1255 4167 niaximumest
1286 4104 1559 4163 ine-ﬂabilis
1580 4104 1695 4168 ejus
1708 4103 1942 4154 ciemeu-

352 4214 445 4270 ti;e
465 4206 880 4278 indicium,un
900 4209 1356 4274 propternostratn
1376 4195 1728 4252 erudiioncm
1752 4191 1940 4244 talibus

351 4306 437 4362 uti
480 4304 651 4358 verbis
688 4302 968 4369 dignetur,
999 4305 1276 4365 propterea
1334 4289 1577 4343 humanis
1625 4284 1942 4339 dictionibus

358 4397 549 4458 utitur,
580 4394 701 4463 quia
735 4389 970 4457 alioquin
1002 4382 1327 4452 impossibile
1352 4392 1465 4434 erat
1490 4379 1749 4431 lmntanas
1788 4386 1942 4426 aut-rs

356 4486 502 4543 ferre
528 4483 805 4536 verborum
833 4475 1231 4539 sublimitatem,
1253 4472 1296 4526 si
1318 4467 1608 4524 secundum
1634 4464 1942 4535 dignitatem

364 4575 574 4631 Domini
598 4573 736 4628 dicta
768 4577 971 4625 essent.

436 4754 492 4808 9..
532 4750 680 4820 Quod
707 4746 1024 4816 cogitantes,
1057 4753 1342 4810 numquam
1363 4736 1416 4790 in
1436 4733 1731 4788 humilitate
1757 4728 1949 4784 verbo-

364 4864 485 4906 rum
516 4844 831 4905 lucreamus,
862 4836 954 4893 sed
982 4845 1034 4891 et
1061 4844 1272 4904 propter
1301 4830 1400 4883 hoe
1417 4827 1739 4881 admiremur
1766 4824 1951 4876 incﬁ'a-

366 4938 530 4993 bilem
567 4936 682 5003 ejus
709 4932 1017 4991 bonitatem,
1042 4924 1181 4994 quod
1222 4938 1395 4991 neque
1421 4920 1490 4974 ah
1526 4918 1624 4972 hac
1657 4914 1950 4969 luunilita'e

366 5031 657 5091 abhorreat
685 5033 902 5096 pmpter
924 5017 1338 5075 imbecillitatem
1368 5022 1570 5067 natura:
1594 5020 1810 5063 nostrzc.
1843 5005 1949 5059 Sed

371 5121 493 5173 ride
518 5120 717 5186 justum
757 5115 901 5166 illum
929 5112 1116 5164 iterum
1147 5106 1279 5175 grati
1310 5104 1469 5157 animi
1518 5101 1668 5169 signa
1707 5098 1944 5150 dantem.

374 5214 464 5273 Η.
498 5210 667 5264 Erexit
689 5206 852 5267 enim,
886 5201 1087 5270 inquit,
1119 5197 1277 5252 Jueob
1311 5195 1592 5249 columnam
1624 5190 1874 5258 lapideam
1902 5187 1954 5238 in

375 5307 507 5365 loco,
532 5301 583 5357 in
610 5314 705 5367 quo
729 5297 961 5364 loquutus
984 5299 1054 5343 est
1089 5304 1201 5340 cum
1240 5301 1297 5339 eo
1330 5284 1494 5343 Deus,
1528 5291 1572 5334 et
1623 5279 1790 5331 libavit
1825 5278 1865 5328 ei
1895 5276 1955 5327 li-

375 5395 647 5450 balionem,
675 5399 717 5442 et
743 5381 1021 5455 superfudit
1047 5381 1230 5442 oleum,
1256 5377 1336 5430 I5.
1361 5385 1405 5427 et
1438 5373 1623 5427 vocavit
1654 5386 1831 5423 nomen
1862 5366 1957 5419 loci

376 5492 428 5547 in
457 5504 555 5553 quo
576 5487 810 5552 loquunts
854 5486 922 5530 est
965 5487 1191 5533 cumeo,
1238 5468 1450 5521 L’tt'tln'l.
1498 5463 1808 5527 Considera,
1839 5476 1954 5521 oro,

379 5551 651 5650 quomodo
692 5575 744 5625 in
790 5567 1094 5623 nominibus
1125 5562 1362 5614 locorum
1402 5554 1711 5609 memoriam
1744 5551 1960 5605 immor-

383 5640 543 5729 talem
576 5662 953 5719 beneﬁciorum
978 5660 1217 5723 reponat,
1251 5659 1302 5702 ιιι
1331 5658 1385 5700 et
1434 5643 1658 5718 posteris
1684 5640 1961 5697 tnarulesta

384 5765 476 5823 ttat
505 5759 665 5824 visio,
707 5766 806 5823 qua
828 5750 1001 5822 justus
1045 5745 1111 5799 ibi
1141 5743 1382 5813 dignatus
1411 5737 1523 5797 luit,
1562 5735 1648 5791 lli.
1679 5733 1742 5787 Et
1786 5735 1960 5805 profe-

1336 340 1401 396 ΙΝ
1436 341 1589 396 CAP.
1633 338 1850 394 XXXV.
1891 338 2131 395 GENES.
2176 339 2404 395 HOMIL.
2448 339 2559 396 LX.

3510 344 3616 400 5‘22

2035 462 2164 510 ctus.
2194 451 2379 521 inquit,
2410 451 2568 506 Jaccb
2590 451 2702 517 ﬁxit
2725 451 3265 509 tabernaculumsuum
3278 453 3406 509 ultra
3428 465 3617 510 (mrem

2038 541 2224 596 liader.
2258 543 2493 599 Ulterius
2516 546 2709 600 iterum
2736 544 2976 616 procedit
2996 546 3171 615 justus
3195 550 3451 602 anhelans
3482 565 3596 616 pan.

2036 634 2183 688 latim
2226 637 2408 691 venire
2434 636 2499 690 ad
2545 636 2721 692 locum
2762 638 2849 691 tibi
2878 637 3148 692 habitabat
3194 638 3356 694 Isaae.
3392 641 3615 706 [ιιῑιιςια9

2037 727 2225 796 inquit,
2254 729 2469 792 Quando
2492 731 2909 800 appropinquavit
2941 734 3227 785 ntintraret
3242 728 3294 782 in
3313 730 3615 797 Ep/irritlm'

2041 818 2232 871 Rachel
2263 819 2516 873 laborabat
2544 820 2593 880 in
2617 830 2789 889 partu.
2823 822 2904 875 l7.
2930 821 2992 874 Et
3020 826 3208 892 factum
3239 834 3311 876 est
3346 841 3459 877 cum
3484 826 3614 895 αἰθί-

2036 908 2194 961 culter
2228 919 2459 977 pareret,
2491 910 2619 965 dixit
2649 912 2692 965 ei
2718 911 2986 977 obstetrix,
3015 914 3226 982 Con/ide
3257 932 3271 971 :
3302 918 3483 970 etenim
3534 919 3615 971 In'c

2037 998 2125 1051 tibi
2148 1009 2220 1053 est
2239 1000 2393 1069 ﬁlius.
2418 1001 2495 1057 Ne
2515 1003 2590 1056 sis
2613 1003 2789 1068 auxia,
2816 1005 2979 1073 inquit
3006 1021 3019 1057 :
3049 1007 3221 1074 paries
3247 1008 3389 1060 enim
3424 1009 3610 1063 tilium.

2036 1087 2168 1142 Nam
2210 1089 2333 1143 licet
2361 1098 2409 1145 te
2434 1092 2670 1147 crucient
2701 1092 2945 1157 dolores,
2981 1105 3345 1150 verumtamen
3393 1095 3614 1151 habebis

2036 1178 2221 1233 ﬁlium.
2248 1181 2334 1235 18.
2366 1180 2581 1236 Factum
2606 1192 2680 1235 est
2731 1193 2921 1246 autent,
2965 1184 3163 1253 inquit,
3200 1202 3313 1238 cum
3355 1187 3614 1241 exhalaret

2036 1270 2256 1322 animam
2285 1288 2457 1336 suam,
2490 1274 2792 1325 moriebatur
2820 1275 2978 1338 enim,
3007 1276 3196 1328 vocavit
3233 1293 3409 1329 nomen
3440 1280 3609 1344 pueri,

2039 1361 2210 1415 Filius
2238 1365 2428 1419 doloris
2456 1367 2551 1419 mei
2583 1382 2601 1420 :
2627 1376 2772 1436 pater
2793 1379 2959 1421 autem
2984 1370 3090 1439 ejus
3122 1371 3308 1424 vocavit
3347 1387 3459 1424 eum
3480 1372 3613 1424 Ben-

2027 1454 2217 1521 jamin.
2252 1454 2342 1509 Illa
2371 1456 2582 1524 quidem
2634 1473 2826 1511 nomen
2855 1460 2901 1511 ei
2945 1460 3087 1511 dedit
3112 1476 3176 1513 es
3233 1461 3297 1515 iis
3343 1477 3461 1531 qua:
3511 1463 3611 1517 sibi

2035 1546 2358 1610 acciderant,
2403 1559 2553 1616 pater
2580 1559 2756 1601 autem
2788 1549 3061 1617 Beujamin
3100 1551 3267 1619 ipsum
3298 1554 3521 1605 vocavit.
3550 1552 3613 1605 I'It

2037 1646 2314 1707 postquam
2344 1640 2566 1708 peperit,
2588 1640 2774 1708 inquit,
2810 1640 2891 1695 l9.
2927 1639 3130 1694 Mortua
3153 1653 3244 1706 est,
3268 1652 3314 1694 et
3334 1643 3531 1710 sepulta
3559 1642 3613 1694 in

2035 1729 2114 1780 via
2144 1725 2566 1797 Eptrratliadiwc
2582 1736 2656 1779 est
2674 1725 2997 1784 Betlrleliem.
3028 1730 3119 1786 20.
3165 1732 3229 1784 lit
3256 1732 3411 1785 erexit
3453 1732 3614 1786 Jacob

2036 1821 2235 1873 titulum
2255 1837 2405 1889 super
2437 1820 2739 1889 sepulcrum.
2792 1820 3071 1874 Murrorem
3115 1838 3273 1892 quem
3319 1838 3388 1877 ex
3439 1835 3613 1878 morte

2008 1910 2281 1964 Baebi-lis
2306 1921 2646 1978 conceperat,
2678 1910 2934 1981 mitigavit
2960 1921 3115 1966 natus
3139 1929 3298 1981 puer,
3330 1921 3384 1967 et
3434 1913 3608 1968 eﬂ'ccit

2035 2013 2090 2056 ut
2113 2004 2284 2070 justus
2312 2002 2558 2056 Ital-luetis
2609 2012 2831 2055 mortem
2866 2018 3022 2070 atquo
3062 2003 3223 2057 ferret
3258 2003 3457 2056 aninto.
3504 2004 3609 2058 Sed

2036 2092 2155 2147 hinc
2175 2093 2407 2147 succirdit
2437 2093 2620 2145 [iuben
2646 2092 2935 2146 temeritas.
2962 2092 3034 2145 ‘22
3072 2094 3203 2145 Abiit
3232 2094 3389 2161 enim,
3421 2095 3610 2164 inquit,

2035 2196 2082 2238 et
2113 2185 2343 2237 dormivit
2365 2202 2477 2237 cum
2505 2183 2653 2236 Bulla
2688 2184 2964 2237 concubina
3006 2185 3163 2252 patris
3191 2184 3267 2237 sui
3293 2200 3312 2237 :
3338 2195 3384 2237 et
3423 2188 3613 2239 audivit

2037 2276 2223 2340 Israel,
2249 2286 2294 2329 et
2319 2277 2504 2329 malum
2531 2276 2686 2329 visum
2709 2286 2777 2328 est
2806 2292 2977 2328 coram
2998 2292 3077 2329 eo.
3112 2275 3236 2329 Erat
3279 2277 3420 2330 enim
3465 2279 3615 2331 valde

2036 2367 2292 2420 nefarium
2343 2366 2565 2419 facinus.
2596 2365 2718 2419 Ideo
2748 2380 2926 2434 pos:ea
2965 2365 3233 2435 legislator
3276 2366 3447 2419 Muses
3496 2384 3616 2436 pro-

2038 2459 2226 2520 hibuit,
2278 2472 2342 2509 ne
2384 2468 2532 2525 pater
2561 2468 2607 2508 et
2656 2455 2793 2507 ﬁlius
2829 2471 2950 2508 cum
2991 2456 3177 2509 eadem
3229 2472 3341 2509 rem
3389 2458 3615 2512 habeant

2036 2547 2217 2619 (Leuit.
2245 2548 2327 2602 18.
2362 2546 2438 2618 8).
2478 2546 2608 2600 Nam
2645 2556 2702 2600 ut
2754 2563 2819 2599 ne
2863 2547 3058 2600 sensim
3092 2548 3478 2616 progredicudo
3529 2565 3615 2603 res

2038 2640 2137 2693 illis
2163 2639 2212 2691 in
2242 2638 2676 2692 consuetudinem
2705 2647 2953 2700 verteret,
2985 2637 3094 2705 jam
3147 2647 3301 2691 antea
3346 2638 3616 2708 legislator

2037 2732 2277 2800 reprimit
2298 2746 2423 2796 eos,
2457 2744 2625 2798 pmna:
2670 2730 2930 2783 obnoxios
2955 2746 3048 2784 eos
3085 2730 3173 2799 qui
3207 2732 3327 2784 talia
3358 2733 3616 2786 auderent

2036 2824 2376 2878 denuntians.
2406 2825 2649 2876 Attamen
2683 2820 2730 2874 id
2787 2835 2926 2876 nime
2958 2832 3235 2877 mansuete
3272 2824 3389 2876 tulit
3436 2823 3612 2892 ju~tus

2038 2918 2263 2971 naturali
2292 2930 2475 2970 arnore
2519 2916 2708 2967 victus.
2752 2911 2940 2967 Postea
2975 2923 3152 2967 autem
3183 2929 3303 2968 eum
3329 2916 3618 2984 emigratu-

2038 3024 2128 3061 rus
2155 3016 2298 3062 esset
2337 3022 2401 3059 ex
2453 3006 2551 3058 hac
2574 3005 2699 3062 vita.
2738 3005 2900 3057 ﬁlimn
2933 3014 3229 3073 vituperat,
3256 3016 3308 3059 et
3360 3006 3391 3057 ιι
3416 3007 3613 3074 νείιίιιιιι

2038 3099 2153 3166 ejus
2184 3099 2382 3168 scripto
2408 3096 2540 3149 tradi
2566 3104 2717 3149 curat
2740 3136 2756 3161 ,
2790 3095 3114 3149 maledicens
3140 3096 3223 3161 ei,
3273 3104 3404 3148 utet
3436 3096 3614 3150 caeteri

2041 3192 2183 3246 illius
2218 3206 2371 3260 pruna
2394 3189 2823 3243 cmendarentur.
2846 3187 2938 3241 llic
2966 3188 3113 3241 nobis
3131 3198 3313 3259 postea
3343 3198 3619 3242 enumerat

2039 3285 2174 3335 ﬁlios
2203 3281 2367 3336 JaCob
2388 3283 2573 3334 beatus
2599 3280 2770 3333 Meses
2798 3295 2812 3331 :
2844 3295 2907 3332 ae
2936 3296 3029 3348 per
3054 3298 3113 3333 ea
3148 3296 3265 3349 quae
3288 3291 3465 3333 narrat
3488 3281 3615 3348 justi

2041 3375 2287 3427 virtutem
2335 3387 2431 3426 nos
2454 3372 2629 3425 docet.
2667 3370 2950 3423 Enimvero
2975 3387 3040 3423 ne
3068 3381 3223 3438 putes
3248 3371 3461 3424 fortuito
3489 3373 3616 3424 sim-

2042 3465 2370 3534 plicitcrque,
2400 3474 2455 3515 ut
2489 3462 2796 3530 contingi-re
2826 3460 2994 3523 solet,
3046 3460 3215 3528 ipsum
3271 3462 3619 3516 concubuisse

2040 3572 2158 3610 eum
2209 3554 2402 3609 Rachel
2430 3562 2483 3606 et
2522 3552 2613 3606 Lia
2661 3551 2970 3619 duaIquue
2999 3551 3227 3615 ancillis,
3257 3561 3513 3603 monstrat
3555 3568 3615 3605 se

2040 3663 2109 3701 ex
2140 3646 2535 3715 dispensatione
2563 3644 2806 3711 quapiam
2846 3658 2965 3695 cum
3025 3640 3129 3694 illis
3189 3658 3299 3693 rem
3351 3642 3618 3709 habuisse,

2044 3752 2099 3793 ut
2125 3738 2401 3792 duodecim
2430 3736 2596 3790 tribus
2621 3751 2684 3788 ex
2710 3750 2775 3788 eo
2802 3743 3146 3786 nascerentur
3179 3750 3192 3786 :
3218 3746 3490 3802 propterea
3516 3749 3619 3785 non

2044 3836 2180 3889 ultra
2204 3834 2443 3889 meminit
2464 3832 2754 3901 Scriptura,
2798 3829 2846 3882 ei
2872 3828 3032 3880 alium
3067 3835 3243 3878 uatum
3266 3840 3384 3877 esse
3414 3824 3575 3876 ﬁlium
3602 3839 3614 3873 :

2044 3941 2098 3984 nt
2128 3931 2301 3983 discas
2332 3928 2432 3982 hoc
2482 3940 2587 3979 non
2628 3923 2961 3993 simpliciter,
3006 3936 3177 3988 neque
3214 3918 3414 3985 absque
3464 3929 3621 3968 causa

2044 4024 2237 4077 [ictum
2261 4035 2397 4074 esse.
2430 4017 2591 4070 Erant
2617 4027 2800 4077 autem,
2828 4014 3014 4081 inquit,
3042 4012 3136 4077 lilii
3160 4009 3318 4062 .Iucob
3340 4008 3620 4059 duodecim.

2050 4113 2327 4180 llistinguit
2367 4124 2494 4163 vero
2522 4115 2795 4177 postea,ct
2827 4104 3052 4173 primum
3077 4115 3169 4154 eos
3200 4103 3284 4168 qui
3318 4098 3424 4151 Lia-
3449 4104 3621 4158 erant,

2046 4207 2166 4259 ιΙιιίιι
2197 4219 2289 4259 eos
2315 4202 2403 4272 qui
2430 4197 2702 4262 Raclielis,
2742 4195 2971 4264 denique
2997 4201 3049 4246 et
3078 4207 3171 4246 eos
3196 4191 3282 4259 qui
3314 4188 3623 4242 ancillarum

2046 4305 2213 4358 erant,
2245 4300 2487 4346 innuerat
2507 4331 2522 4355 ,
2548 4299 2600 4343 et
2628 4288 2755 4341 dicit
2781 4303 2795 4338 :
2826 4284 2920 4340 9.6.
2948 4281 3019 4335 lli
3045 4293 3160 4335 sunt
3198 4280 3294 4350 ﬁlii
3322 4277 3503 4339 Iacob,
3543 4275 3626 4341 qui

2048 4389 2155 4441 nati
2180 4397 2294 4439 sunt
2318 4386 2360 4436 ei
2387 4384 2436 4435 in
2466 4379 2852 4448 Mesopotamia.
2875 4374 3031 4443 Atqui
3060 4384 3182 4425 tunc
3212 4379 3361 4422 llilllh
3383 4385 3423 4419 e.
3447 4376 3466 4419 t
3493 4366 3628 4417 liena

2044 4480 2211 4550 jamin
2246 4480 2456 4547 quando
2496 4472 2639 4525 venit
2690 4466 3021 4522 Bethleltent.
3068 4465 3241 4527 Quare
3290 4457 3446 4525 igitur
3501 4456 3629 4507 dicit

2050 4544 2344 4638 Scriptura,
2401 4563 2497 4631 Qui
2523 4560 2629 4613 nati
2670 4568 2783 4611 sunt
2807 4557 2852 4608 ei
2896 4555 2949 4633 in
2992 4546 3396 4619 Mesopotamia?
3425 4544 3630 4597 Fortas-

2051 4680 2109 4718 se
2153 4664 2274 4732 quia
2302 4656 2494 4712 llaclu-l
2541 4663 2661 4705 ante
2685 4663 2955 4719 egressum
2984 4660 3046 4697 ex
3079 4639 3451 4709 Mesnpttlatttitl
3497 4653 3630 4688 con-

2056 4731 2285 4824 ci-petat.
2312 4750 2401 4803 2'7.
2440 4746 2503 4799 Et
2529 4744 2693 4806 venit,
2722 4740 2909 4808 inquit,
2957 4736 3118 4789 Jarob
3162 4733 3227 4784 ad
3258 4731 3407 4783 Isaac
3438 4740 3630 4799 patrem

2053 4822 2218 4900 suum.
2262 4839 2592 4902 Considera,
2635 4835 2878 4895 ob3ecro,
2930 4828 3015 4881 hic
3069 4823 3337 4894 quomodo
3404 4822 3455 4874 in
3517 4837 3635 4872 om—

2057 4940 2211 4993 nibus
2236 4934 2393 4991 certis
2423 4930 2628 4985 indiciis
2656 4923 2958 4980 misericors
2982 4921 3121 4975 Deus
3132 4920 3302 4986 justus
3318 4917 3635 4969 conﬁrmare

2058 5029 2286 5084 volebat.
2316 5025 2448 5092 Quia
2486 5021 2626 5075 enim
2657 5017 2801 5072 venit
2833 5023 2952 5084 post
3005 5021 3083 5065 tot
3124 5023 3295 5062 anuus
3321 5005 3388 5058 ad
3430 5013 3629 5072 patrem

2060 5137 2214 5177 suum
2257 5119 2440 5181 Jacob,
2471 5117 2696 5168 maxima
2716 5108 2953 5177 utrisque
2982 5104 3077 5157 fuit
3103 5098 3416 5158 consolatio,
3445 5105 3498 5147 et
3528 5095 3633 5145 libo

2060 5231 2125 5271 ex
2175 5212 2336 5283 patris
2360 5215 2670 5275 Conspectu,
2699 5211 2753 5255 et
2784 5199 2915 5268 patri
2948 5194 3141 5248 videnti
3171 5202 3367 5243 tantam
3397 5186 3485 5236 lilii
3510 5185 3634 5235 sub-

2064 5273 2332 5368 stantiam,
2353 5320 2367 5352 ι
2386 5273 2679 5366 horumque
2693 5293 2919 5346 ﬁliorum
2932 5301 2998 5339 ex
3014 5300 3078 5337 eo
3092 5278 3447 5336 natur-uinxit.
3470 5273 3637 5339 Tunc,

2130 5550 2146 5581 ¹
2185 5555 2234 5595 In
2258 5543 2377 5593 ﬁdit.
2408 5544 2516 5589 LXX
2540 5534 2722 5595 legtur
2758 5540 2773 5579 :
2798 5535 2915 5577 (‘um
2937 5516 3332 5595 appropinqunrit
3355 5512 3644 5595 (fabrorm,

2068 5618 2119 5660 Μ
2133 5576 2712 5661 'i,,;'r'a',:‘,:;‘;,,"i;}iiiibiibi?
2735 5576 2859 5661 lianc
2884 5576 3052 5657 autem
3072 5576 3257 5635 vocem,
3278 5580 3327 5627 in
3351 5576 3646 5661 (uitligo-tul,

2070 5636 3020 5727 ὶῖιὲἒυέίῦἑίιίὶΞῗὶ-έι”ιωωθδιδ
3045 5649 3091 5695 in
3112 5656 3218 5705 ejus
3258 5636 3527 5700 exemplari
3552 5648 3649 5685 nou

2074 5732 2337 5783 ferebatur.
