3974 6410
485 307 589 364 5‘13

483 440 676 506 inquit,
699 450 922 495 mortuus
947 451 1019 495 est
1046 441 1192 496 Isaac
1218 461 1389 510 senex,
1419 457 1467 499 et
1488 450 1668 519 plenus
1690 451 1884 504 dierum
1903 452 2060 520 (Gen.

484 531 656 593 27d).
671 530 801 585 Nam
824 548 940 587 cum
963 532 1126 588 Jacob
1143 535 1562 594 benedictionem
1585 543 1948 604 snll'nraretur.
1968 546 2062 600 hc-

488 621 636 675 betes
650 632 804 675 erant
819 621 956 676 oculi
981 624 1116 691 ejus,
1137 625 1276 680 unde
1299 627 1492 682 factum
1511 639 1662 684 estut
1681 631 2020 701 ιΙιεριρρτριιιι·
2042 654 2056 688 :

1244 313 1297 368 S.
1339 313 1612 370 JOANNIS
1649 319 2119 378 CllllYSUS'l'Olll
2159 325 2472 385 ARClllEl‘.
2517 333 3048 400 CONSTANTINOP.

3655 368 3755 425 δίει

2178 433 2316 489 Num
2341 444 2728 507 experimentum
2751 455 2979 517 qtta’rt'tt's
3015 458 3121 520 eius
3148 462 3237 527 qui
3265 464 3318 515 in
3378 484 3458 521 me
3499 471 3748 541 loqttitur,

2168 525 2354 582 Citriin
2390 533 2463 600 (2.
2489 534 2606 589 Cor.
2639 539 2723 592 l5.
2749 543 2842 609 δη
2881 546 2946 599 Et
2987 525 3172 604 itcrnni
3207 569 3220 604 :
3266 554 3387 611 Vivo
3413 525 3617 628 autem,
3653 587 3748 625 non

2158 616 2272 684 jam
2302 636 2411 689 ego,
2435 625 2552 676 vivit
2575 638 2741 682 autent
2772 633 2821 683 in
2851 651 2929 687 me
2956 635 3182 694 Christus
3213 644 3390 711 ((-‘alat
3434 651 3492 704 2.
3517 616 3627 723 20),.

479 712 672 779 cogitat
699 720 817 780 post
836 721 909 766 tot
929 729 1098 768 annos
1118 726 1369 783 quantum
1387 721 1638 773 senuerit.
1669 720 1736 775 Et
1761 725 2012 792 sepelierat

3219 705 3229 711 τ
3563 705 3627 723 -,-
3686 705 3747 715 --.

2164 705 2559 780 iternm:Quod
2583 729 2748 774 autem
2797 741 2931 778 nunc
2976 730 3084 782 rivo
3108 733 3158 786 in
3187 753 3356 804 carne,
3407 743 3459 796 in
3500 748 3605 814 ﬁde
3642 755 3747 806 vivo

478 816 608 864 eum,
636 801 820 870 inquit,
853 801 989 857 Esaii
1015 813 1064 858 et
1085 806 1266 859 Iacob.
1291 808 1394 862 Sed
1433 807 1542 877 jam
1573 813 1844 878 sepultura
1895 817 2056 882 patris

474 887 695 957 facta,6.
713 890 851 947 Esaii
864 895 1079 964 acceptis
1098 897 1334 952 uxoribus
1344 910 1392 952 et
1407 901 1528 967 [iliis
1545 912 1593 955 et
1613 905 1842 958 omnibus
1862 908 1986 969 suis,
2009 916 2056 960 et

473 982 700 1036 omnibus
725 1000 837 1051 qtae
861 987 1146 1055 possidebat
1168 991 1220 1042 in
1253 1001 1386 1044 terra
1415 993 1834 1060 Chananteorum,
1878 1000 2050 1068 profe-

470 1083 580 1126 ctus
607 1082 695 1127 est.
725 1075 780 1130 7.
804 1075 924 1130 Non
951 1089 1144 1144 poterat
1170 1082 1299 1133 enim
1326 1099 1408 1136 eos
1431 1089 1562 1151 ferre
1591 1097 1722 1138 terra
1761 1092 2050 1158 peregrina-

468 1166 620 1220 tionis
642 1183 748 1237 pra:
771 1170 1090 1224 "militudine
1110 1172 1426 1240 facultatum.
1454 1177 1505 1231 8.
1536 1177 1601 1229 Et
1623 1180 1857 1233 habitavit
1874 1193 2047 1250 postea

470 1259 519 1312 iu
545 1269 710 1313 mante
747 1260 865 1315 Seir
891 1262 1076 1334 (Caput
1122 1263 1235 1335 5G).
1269 1267 1334 1321 Et
1364 1268 1448 1321 ubi
1482 1272 1715 1325 narravit
1740 1272 1892 1328 nobis
1909 1275 2044 1328 divi-

465 1367 531 1406 na
561 1353 830 1421 Scriptura
853 1371 945 1409 eos
961 1357 1047 1426 qui
1077 1374 1139 1412 ex
1167 1359 1303 1414 Esau
1335 1362 1439 1414 nati
1469 1372 1608 1432 sunt,
1640 1372 1690 1417 et
1719 1375 1902 1434 gentes
1927 1385 2046 1436 qua:

466 1462 527 1499 ex
558 1461 623 1500 eo
667 1458 790 1501 sunt
815 1458 965 1512 orta‘,
997 1450 1125 1504 dicit
1153 1470 1164 1503 :
1197 1453 1240 1506 l.
1278 1452 1581 1526 Peregrinus
1602 1468 1765 1511 autem
1795 1452 1887 1528 fuit
1908 1461 1920 1491 '
1943 1461 2041 1513 Ja-

465 1535 554 1587 σοι»
596 1539 648 1591 in
688 1549 840 1603 terra,
869 1557 969 1610 qua
990 1545 1335 1612 peregrinatus
1369 1549 1464 1615 fuit
1492 1557 1633 1616 pater
1659 1551 1766 1620 ejus
1815 1552 1866 1603 in
1908 1562 2043 1606 terra

469 1621 705 1680 Chanaan
737 1628 922 1699 (Caput
948 1632 1060 1700 37).
1092 1632 1194 1687 Sed
1228 1632 1349 1688 hinc
1377 1637 1572 1705 excipit
1611 1654 1708 1693 nos
1733 1640 1836 1694 alia
1859 1657 2043 1696 narra-

465 1718 558 1780 tio,
591 1735 694 1789 qua
719 1721 784 1774 de
813 1721 1106 1776 admirabili
1131 1724 1326 1794 .loscph
1368 1728 1560 1795 agitur.

531 1810 585 1863 5.
629 1809 843 1865 Moralis
869 1812 1265 1883 epilogus—lit
1288 1817 1332 1871 si
1358 1817 1504 1880 libet,
1537 1818 1621 1874 hIc
1651 1821 1892 1877 finiemus
1915 1837 2034 1878 scr-

458 1915 694 1968 monem,
727 1901 998 1958 historiam
1025 1906 1113 1958 filii
1142 1907 1306 1962 Jacob
1347 1909 1397 1962 in
1450 1911 1588 1965 aliud
1637 1914 1910 1971 contionis
1949 1917 2032 1971 iu-

454 1991 602 2045 itium
630 1993 981 2049 remittentes.
1009 1995 1138 2050 lllnd
1162 2007 1336 2052 tamen
1371 2002 1665 2069 rogaverim
1691 2014 1916 2059 vestram
1944 2023 2033 2061 ca-

453 2087 693 2148 ritatem,
727 2097 782 2139 ut
807 2103 869 2141 ea
899 2103 1018 2156 qme
1043 2089 1290 2143 dicuntur
1315 2091 1596 2163 diligenter
1620 2099 1947 2164 auscultetis,
1979 2110 2032 2154 et

450 2191 522 2227 ex
554 2176 776 2246 singulis
805 2178 1090 2247 Scriptura:
1121 2181 1274 2235 dictis
1315 2184 1542 2238 maxima
1573 2187 1720 2241 vobis
1761 2200 2031 2246 accrescat.

452 2266 683 2333 utilitas,
726 2268 1035 2339 nullmnque
1082 2287 1265 2325 eorum
1323 2283 1523 2329 temere
1573 2280 2024 2346 przctet'tnitmtur.

449 2355 754 2411 Thesaurus
773 2361 912 2414 enim
938 2361 1227 2430 Spiritnalis
1245 2378 1368 2418 sunt
1390 2365 1563 2421 divina
1592 2369 1828 2440 eloquia;
1848 2373 2024 2428 etsie-

448 2457 506 2503 ut
537 2448 727 2519 aliquis
752 2451 817 2506 de
852 2453 1086 2507 sensibili
1116 2455 1364 2510 thesauro
1400 2475 1542 2528 sa‘pc
1574 2477 1728 2514 unam
1755 2479 2020 2532 gennnam

441 2540 724 2609 recipiens,
758 2558 974 2613 magnas
997 2545 1093 2599 sibi
1123 2557 1270 2614 parat
1294 2548 1503 2604 divitias
1536 2553 1641 2605 :ita
1673 2565 1724 2607 et
1746 2554 1832 2608 hic
1852 2557 2026 2623 justo-

440 2646 558 2684 rum
588 2632 837 2696 virtutes,
879 2635 1037 2690 modo
1073 2641 1345 2694 attendere
1402 2642 1724 2697 voluerimus
1751 2688 1765 2712 ,
1821 2656 2018 2705 tantam

435 2721 595 2776 nobis
637 2723 913 2778 utilitatem
955 2725 1147 2781 afferre
1179 2740 1433 2796 possunt,
1481 2742 1537 2786 ut
1588 2735 1653 2787 ad
1705 2736 2016 2795 imitandum

430 2829 534 2868 eos
583 2814 884 2870 incitemnr.
927 2815 1016 2872 Sic
1041 2819 1182 2873 enim
1227 2822 1518 2888 poterimus
1543 2835 1594 2878 et
1623 2843 1718 2880 nos
1744 2831 2012 2898 etundem,

427 2921 593 2975 quem
613 2905 706 2972 illi,
736 2905 965 2961 favorem
992 2908 1081 2963 Dei
1106 2912 1378 2979 consequi.
1412 2911 1589 2984 Neque
1611 2919 1741 2972 enim
1770 2937 2015 2990 persona-

427 3015 547 3051 rum
591 3010 825 3069 acceptor
867 3011 938 3055 est
983 2999 1137 3067 Deus,
1189 3004 1277 3056 scd
1304 3005 1354 3058 in
1396 3009 1532 3060 omni
1573 3021 1717 3079 gente
1751 3014 1838 3080 qui
1876 3015 2016 3069 timet

436 3087 598 3141 Deum
618 3098 665 3142 et
686 3099 926 3158 operatur
937 3093 1209 3162 justitiam,
1236 3106 1468 3164 acceptus
1487 3099 1532 3152 ei
1550 3111 1623 3153 est
1650 3101 1788 3170 (Act.
1814 3105 1897 3159 l0.
1921 3107 2011 3162 54.

423 3177 524 3247 55)
551 3197 565 3232 :
591 3179 656 3231 ita
682 3189 759 3243 ut,
791 3180 834 3234 si
860 3181 1202 3245 Voluerimus.
1257 3187 1387 3240 nihil
1418 3189 1487 3243 sit
1537 3192 1676 3260 quod
1705 3192 2006 3263 prohibent,

423 3270 554 3338 quin
584 3281 728 3325 tanto
752 3275 830 3327 vel
858 3274 1017 3328 etiam
1061 3277 1244 3347 majori
1271 3281 1533 3348 potiantur
1559 3287 1774 3340 auxilio.
1800 3289 1929 3345 Nam
1960 3293 2006 3348 si

428 3377 523 3414 nos
541 3362 812 3418 dumtaxat
834 3366 1018 3421 viderit
1033 3367 1223 3424 afferre
1243 3387 1358 3440 qna-
1375 3389 1440 3428 ex
1463 3375 1614 3431 nobis
1628 3389 1772 3446 sunt,
1799 3393 1847 3436 et
1869 3398 2005 3452 pra:-

425 3452 566 3510 ferre
591 3453 832 3510 Immanis
851 3474 910 3512 ea
933 3476 1051 3529 qua:
1077 3461 1175 3515 sibi
1200 3463 1426 3532 placent,
1460 3475 1657 3524 ttmtam
1687 3481 1738 3526 et
1772 3475 1883 3542 ipse
1911 3493 2008 3528 Im-

423 3546 518 3598 stri
547 3561 728 3600 curam
763 3548 1071 3616 declarabit,
1101 3563 1156 3606 ut
1185 3554 1236 3606 in
1264 3557 1509 3612 omnibus
1537 3559 1759 3616 invictos
1798 3566 2002 3622 reddat.

423 3636 641 3692 "OSleIII
691 3640 832 3693 enim
857 3641 1111 3697 habemus
1140 3657 1481 3715 perpetuum,
1515 3661 1570 3707 et
1600 3654 1915 3724 implaCabili
1951 3662 2000 3714 in

422 3741 522 3780 nos
566 3727 691 3781 odio
739 3727 1070 3800 flagrantem.
1127 3735 1276 3791 Unde
1322 3741 1475 3795 nobis
1519 3758 1704 3814 magna
1734 3747 1999 3818 vigilantia

419 3833 554 3886 opus
579 3828 683 3885 est,
703 3821 770 3874 ita
804 3832 857 3876 ut
887 3823 1003 3892 ejus
1051 3825 1260 3882 fraudes
1311 3831 1557 3898 vincere,
1599 3851 1661 3891 ac
1697 3841 1998 3908 superiores

418 3908 536 3977 ejus
559 3911 674 3964 telis
695 3915 940 3968 constitui
971 3918 1250 3985 possimus.
1287 3921 1397 3975 Non
1425 3925 1583 3979 aliter
1606 3940 1782 3983 autem
1814 3933 1995 3987 vince-

419 4017 555 4065 mus,
580 4019 736 4072 quam
764 4005 806 4058 si
836 4008 1194 4077 pernptimam
1217 4017 1672 4072 conversationem
1703 4037 1991 4092 supcrmun

416 4092 571 4145 nobis
596 4095 845 4148 amilium
867 4099 1231 4155 conciliemus.
1253 4103 1520 4172 Optinunn
1544 4126 1670 4164 vero
1697 4113 1990 4170 institutum

415 4181 620 4236 estvita
650 4199 796 4251 pura.
830 4186 938 4240 lloe
959 4190 1097 4242 enim
1121 4192 1260 4246 basis
1281 4206 1332 4248 et
1364 4197 1762 4256 fundamentum
1790 4216 1868 4259 est
1888 4209 1993 4260 vir-

415 4273 540 4326 tutis
572 4290 585 4326 :
614 4275 755 4344 quod
778 4277 865 4345 qui
894 4288 1038 4333 recte
1061 4279 1270 4348 jecerit,
1296 4284 1447 4340 facile
1472 4288 1571 4342 alia
1598 4292 1774 4348 omnia
1801 4295 1988 4350 devin-

407 4373 524 4422 ct-t:
554 4382 728 4435 neque
758 4368 901 4423 illum
925 4375 1196 4440 superabit
1233 4376 1313 4430 vel
1341 4381 1680 4445 pecuniarum
1705 4386 1984 4454 cupiditas,

409 4458 491 4510 vel
518 4458 703 4528 glorim
724 4477 892 4527 amor,
922 4463 1006 4516 vel
1035 4465 1246 4530 invidia,
1277 4471 1359 4524 vel
1389 4472 1564 4542 aliqua
1593 4475 1800 4531 affectio
1827 4482 1984 4538 mala.

410 4548 475 4602 lit
512 4550 796 4618 quomodo,
825 4569 924 4622 ego
952 4554 1146 4611 dicam.
1199 4559 1419 4627 Quando
1461 4565 1602 4620 enim
1629 4569 1748 4637 quis
1789 4576 1984 4630 nmnda

407 4637 564 4691 fuerit
588 4643 931 4711 conscientia,
963 4655 1014 4700 et
1045 4646 1113 4701 ab
1153 4653 1296 4704 omni
1322 4653 1484 4708 libera
1515 4662 1718 4714 macula
1741 4703 1756 4726 ,
1793 4668 1986 4732 poterit

410 4727 689 4782 Dominum
720 4733 948 4788 universi
977 4734 1172 4793 habere
1202 4741 1600 4803 inhabitantem.
1642 4749 1785 4806 Beati
1813 4756 1976 4825 e:.im,

405 4815 594 4885 inquit,
609 4821 792 4873 mundo
806 4824 974 4888 corde,
987 4829 1221 4894 quoniam
1240 4831 1334 4899 ipsi
1351 4833 1508 4890 Deum
1523 4840 1754 4896 ridebunt
1767 4848 1786 4911 (
1793 4845 1843 4897 Μ
1850 4849 1976 4902 uttlt.

404 4909 455 4962 5.
483 4906 560 4980 8).
581 4909 729 4976 Quod
759 4912 801 4964 si
819 4915 937 4981 quis
959 4915 1104 4971 illum
1132 4920 1532 4983 iuhabitatorem
1559 4930 1754 4988 habere
1771 4953 1980 4994 merea-

403 5007 491 5052 tur
517 5000 664 5069 quasi
695 4999 886 5056 frustra
909 5012 962 5058 et
982 5005 1096 5060 sine
1118 5010 1490 5080 impedimento
1505 5037 1729 5092 corpore
1759 5031 1980 5086 vestitus

400 5099 565 5153 esset,
617 5092 686 5146 ita
733 5106 913 5162 postea
942 5095 1220 5164 aflieietttr,
1253 5113 1307 5156 et
1357 5106 1700 5169 humanarum
1741 5121 1976 5175 omnium

402 5195 576 5234 rerum
633 5185 934 5252 superbiam
983 5187 1134 5244 facile
1171 5202 1494 5252 contcnmet.
1544 5203 1780 5261 llumana
1832 5214 1974 5267 enim

399 5271 576 5324 oninia
604 5275 788 5330 umbra
839 5278 909 5332 illi
943 5283 1314 5355 son‘miunupte
1361 5294 1706 5362 apparebunt,
1745 5311 1800 5354 et
1840 5305 1979 5359 sicut

398 5365 623 5420 caelestis
644 5368 772 5422 civis
792 5377 1125 5438 pnescntium
1147 5379 1273 5433 nihil
1293 5384 1512 5451 optabit.
1542 5386 1682 5444 Talis
1706 5403 1822 5446 erat
1854 5397 1975 5451 bea-

399 5459 483 5508 tus
505 5453 698 5509 Paulus
722 5458 908 5516 doctor
929 5465 1100 5532 orbis;
1136 5481 1413 5541 propterea
1440 5476 1724 5552 clamabat,
1753 5484 1968 5544 dicens:

458 5689 477 5724 ³
510 5686 655 5750 Ribb,
679 5690 917 5745 habitarit.

2165 797 2374 872 (ΝΜ).
2409 804 2587 862 Vidisti
2613 811 2780 866 virum
2808 831 3030 885 corpore
3056 797 3462 901 circumdatum,

2157 904 2410 961 corporea
2436 899 2615 967 quiete
2644 903 2903 962 fruentem
2935 911 3076 981 loqui
3103 920 3320 974 onmia?

2224 981 2277 1036 4.
2310 983 2478 1039 Multa
2529 990 2611 1044 hic
2657 1002 3103 1069 connuendautur,
3154 1026 3333 1080 nempe
3369 1031 3387 1068 :
3413 1022 3744 1088 mortiﬁcatio

2152 1073 2320 1126 carnis
2343 1115 2357 1137 ,
2395 1079 2478 1130 sui
2514 1081 2673 1150 ipsius
2695 1090 2960 1155 spirituale
2981 1101 3316 1169 sacri/icium,
3365 1109 3630 1180 vigilantia
3649 1159 3664 1182 ,
3693 1133 3738 1174 et

2151 1178 2361 1221 exenten
2391 1176 2723 1232 conscientia.
2758 1212 2826 1221 —-
2866 1185 3015 1242 llunc
3044 1208 3230 1250 oiimes
3256 1197 3558 1270 imitemur,
3590 1225 3733 1264 rnor-

2152 1253 2414 1314 tiflcemus
2463 1267 2697 1322 membra
2745 1277 2955 1344 carnis,
3010 1291 3063 1334 et
3103 1285 3170 1338 ad
3217 1289 3354 1344 male
3400 1299 3729 1362 Operandum

2943 1342 2949 1344 ν
3334 1342 3349 1344 _
3409 1342 3728 1362 -,._-_.........

2149 1342 2440 1406 inefficacia
2486 1356 2815 1418 reddamus:
2857 1367 2933 1422 sic
2970 1373 3111 1427 enim
3153 1379 3485 1445 potissimum
3529 1391 3728 1446 valebi-

2147 1453 2266 1494 mus
2295 1441 2404 1510 ipsa
2449 1446 2562 1502 Deo
2599 1452 2791 1509 offerre
2818 1441 3582 1542 sacrilicimnvbeneplacitum.
3639 1484 3726 1538 Vi-

2141 1529 2264 1585 disn
2312 1549 2469 1603 quam
2523 1557 2714 1598 novum
2758 1558 2812 1601 et
2854 1551 3166 1613 admirabile
3216 1560 3318 1617 hoc
3366 1570 3726 1630 sacrificium?

2141 1620 2362 1686 Quando
2390 1640 2598 1686 mortua
2639 1633 2829 1691 fuerint
2873 1645 3106 1699 uu-mbra
3126 1687 3143 1714 ,
3174 1657 3296 1706 tunc
3325 1659 3490 1728 magis
3515 1672 3722 1730 gratum

2137 1711 2240 1765 erit
2270 1713 2378 1768 Deo
2401 1721 2738 1777 sacrificium.
2788 1728 2961 1796 Quare
2997 1744 3048 1788 et
3090 1743 3360 1807 quomodo
3403 1711 3546 1804 hoc;
3580 1754 3719 1820 Quo—

2138 1801 2278 1854 niam
2305 1805 2578 1872 Spirituale
2615 1816 2929 1873 sacrificiqu
2972 1835 3051 1878 est
3073 1868 3087 1892 ,
3117 1839 3172 1882 ct
3201 1832 3328 1888 nihil
3358 1835 3517 1895 habet
3546 1849 3719 1898 sensi-

2136 1890 2261 1947 bile.
2314 1895 2446 1952 Nam
2479 1901 2528 1954 in
2571 1907 2809 1963 sensibili
2846 1915 3057 1981 quidem
3097 1923 3361 1981 sacrificio
3390 1946 3496 1986 non
3541 1937 3712 1993 solum

2135 1979 2185 2034 id
2210 2023 2223 2047 ,
2253 1988 2393 2054 quod
2422 2001 2683 2048 mortuum
2715 2007 2794 2052 est
2817 2042 2830 2063 ,
2863 1979 3142 2075 abjicitur,
3187 2016 3279 2068 sed
3309 2033 3480 2090 neque
3511 2025 3709 2094 vivum,

2131 2075 2272 2142 quod
2305 2079 2543 2136 vitiatum
2585 2085 2782 2155 fuerit,
2833 2098 3108 2154 sacrificiis
3154 2104 3401 2163 idonemn
3446 2129 3602 2182 esse,
3648 2122 3712 2175 ab

2135 2164 2286 2221 initio
2311 2171 2423 2241 lege
2444 2187 2652 2231 cautmu
2683 2179 2796 2245 fuit.
2827 2201 2923 2240 nec
2949 2190 3062 2246 sine
3081 2208 3238 2250 cmisa
3259 2199 3440 2268 (Leuit.
3466 2205 3557 2261 22.
3574 2164 3665 2280 i3)
3692 2230 3704 2266 :

3265 2261 3274 2268 .
3596 2261 3663 2280 ηι
3692 2261 3704 2266 -

2129 2261 2222 2314 sed
2269 2273 2324 2318 ιιι
2373 2283 2467 2336 per
2506 2269 2940 2335 irrationabilium
2985 2284 3409 2350 observationem
3458 2305 3706 2368 paulatim

3400 2349 3403 2350 ν
3458 2349 3702 2368 r__-_-....

2129 2349 2440 2411 inducantur
2461 2361 2524 2415 ad
2543 2365 2867 2432 spiritualem
2893 2372 3029 2429 hanc
3054 2388 3108 2432 et
3134 2383 3444 2442 rationalem
3479 2391 3702 2452 hostiam

2125 2458 2246 2496 cum
2267 2461 2452 2518 magna
2473 2457 2678 2510 cautela
2705 2459 3047 2520 offerendam.
3063 2469 3212 2537 Quod
3231 2477 3371 2531 enim
3397 2479 3505 2537 illic
3529 2499 3611 2540 est
3634 2492 3705 2542 vi-

2126 2535 2338 2604 tiosum,
2365 2557 2554 2611 nempe
2576 2549 2833 2614 privatum
2852 2557 3176 2625 auribus,vel
3195 2567 3488 2628 mutilatum
3514 2581 3696 2646 cauda,

2126 2623 2138 2646 2
2162 2625 2269 2646 l2_._.
2379 2633 2390 2646 ⁵
2417 2632 2427 2642 ⁵
2558 2645 2564 2646 ί
2695 2640 2708 2646 ⁸

3078 2623 3083 2625 ,
3384 2623 3488 2628 ma-
3519 2623 3696 2646 ν---ι--ν,

2123 2623 2349 2695 idipsnm
2378 2632 2461 2686 hic
2489 2645 2572 2689 est
2608 2640 2741 2694 mala
2771 2648 3199 2718 concupiscentia
3225 2697 3238 2719 ,
3269 2656 3496 2730 luxuria,
3541 2683 3698 2737 opum

2120 2732 2272 2773 amor
2301 2732 2353 2776 et
2383 2728 2558 2781 omnis
2599 2735 2828 2802 nequitia
2857 2753 2872 2790 :
2903 2750 2954 2794 et
2986 2745 3125 2812 quod
3165 2759 3247 2803 est
3291 2751 3396 2809 illic
3437 2771 3625 2814 sanum
3649 2777 3700 2817 et

2120 2808 2188 2863 ab
2239 2813 2380 2866 omni
2429 2819 2632 2874 macula
2677 2824 2906 2883 alienum
2956 2846 3112 2902 esse,
3168 2839 3394 2910 idipsunt
3462 2859 3549 2904 est
3616 2855 3700 2908 hic

2119 2909 2385 2957 mortuum
2435 2910 2669 2980 mundo,
2724 2915 2792 2970 ita
2827 2918 2894 2974 ad
2936 2923 3210 2992 Spiritnale
3246 2909 3560 2994 sacrificium
3610 2960 3691 2998 se-

2119 2992 2402 3061 metipsum
2459 2999 2707 3058 idoneum
2749 3009 3021 3068 exhibere.
3069 3017 3196 3076 lla'e
3241 3039 3344 3078 nou
3387 3028 3694 3100 simpliciter

2117 3093 2526 3152 prmtereamus,
2586 3094 2678 3148 sed
2717 3096 2851 3154 bene
2906 3103 3126 3173 ligentes
3173 3127 3234 3167 ea
3283 3115 3335 3170 in
3379 3131 3557 3177 mente
3596 3142 3688 3179 no-

2113 3180 2221 3225 stra
2253 3215 2268 3239 ,
2323 3177 2630 3238 studeatnus
2676 3202 2744 3241 ne
2792 3191 2957 3249 simus
2995 3195 3289 3260 deteriores
3335 3205 3556 3278 Iudaeis,
3605 3218 3687 3284 qui

3607 3261 3687 3284 .,.-.

2112 3261 2165 3315 ἱιι
2214 3265 2398 3321 tunbra
2465 3279 2662 3330 Lautam
2731 3281 2983 3341 exhibent
3047 3290 3494 3355 observationem.
3548 3306 3688 3363 Sicut

2111 3355 2252 3410 enim
2311 3359 2384 3414 illi
2431 3365 2604 3422 adlmc
2669 3369 2898 3429 lucernze
2939 3381 3235 3440 assiden'es
3276 3397 3552 3462 tantopere
3603 3400 3684 3453 illa

2109 3447 2496 3525 observarunt,
2558 3460 2628 3514 ita
2671 3478 2801 3530 nos,
2849 3480 3124 3542 postquam
3192 3479 3270 3533 sol
3322 3481 3544 3552 justitia:
3593 3507 3687 3547 nos

2108 3538 2376 3599 illustrare
2400 3545 2645 3616 dignatus
2669 3565 2769 3618 est,
2796 3559 3085 3632 relictaque
3110 3572 3291 3625 umbra
3318 3575 3385 3628 ad
3408 3584 3682 3635 veritatem

2105 3629 2318 3686 adducti
2365 3651 2580 3705 sumus,
2636 3644 2861 3702 similem
2915 3653 3337 3717 observationem
3389 3667 3532 3723 circa
3585 3673 3680 3727 hoc

2103 3723 2378 3790 spirituale
2404 3732 2718 3790 sat-riticium
2749 3742 3123 3804 exhibeamus.
3173 3753 3238 3807 Et
3271 3771 3439 3828 neque
3468 3778 3679 3830 peccata

2101 3829 2221 3882 qua!
2253 3818 2404 3871 nobis
2432 3822 2676 3880 videntur
2695 3844 2875 3898 parva,
2904 3837 3256 3903 perfunctorie
3278 3857 3675 3920 prartercamus,

2101 3904 2196 3959 sed
2226 3909 2460 3975 quotidie
2487 3929 2516 3967 a
2543 3917 2696 3974 nobis
2714 3923 2944 3980 rationes
2962 3939 3266 3997 repetamus
3289 3947 3340 3991 ct
3369 3942 3673 4009 verborum,

2099 4010 2152 4056 ct
2171 4016 2476 4073 aspectuum
2507 4024 2521 4062 :
2558 4025 2845 4082 pmnasque
2873 4015 2939 4071 de
2971 4021 3121 4076 nobis
3148 4025 3275 4094 ipsis
3295 4045 3587 4098 sumamus,
3625 4049 3678 4093 ut

2100 4110 2196 4148 nos
2222 4111 2250 4148 a
2280 4096 2452 4151 futuro
2478 4103 2736 4169 supplicio
2767 4107 3073 4168 liberemus.
3108 4115 3329 4187 Propter
3360 4122 3461 4179 hoc
3483 4130 3675 4198 quippe

2098 4183 2293 4239 Paulus
2311 4186 2472 4256 inquit
2497 4207 2509 4242 :
2536 4190 2672 4244 Nam
2691 4195 2736 4248 si
2755 4213 2845 4250 nos
2866 4199 2999 4268 ipsos
3015 4204 3434 4280 judicaverintus,
3457 4234 3556 4271 non
3573 4222 3672 4272 uti-

2094 4292 2192 4344 que
2207 4278 2558 4345 judicaremnr
2586 4284 2662 4351 (l.
2694 4284 2812 4339 Cor.
2847 4290 2934 4342 ll.
2965 4291 3074 4362 51).
3112 4294 3182 4349 Ita
3218 4301 3262 4352 si
3294 4318 3389 4355 nos
3419 4278 3563 4373 ipsos
3587 4309 3672 4364 hic

2095 4368 2623 4429 condemnavcritnus
2670 4388 2886 4447 propter
2921 4386 3224 4450 quotidiana
3273 4408 3522 4462 peccata,
3576 4401 3672 4454 im-

2096 4458 2394 4514 minuemus
2421 4465 2755 4520 seri-ritatem
2781 4469 2964 4537 judicii
2993 4477 3132 4544 quod
3175 4480 3281 4536 illic
3311 4483 3544 4543 futurum
3567 4504 3667 4548 est.

2094 4547 2243 4610 Quod
2277 4549 2318 4602 si
2361 4550 2529 4617 ignavi
2575 4553 2854 4626 fuerimus,
2904 4562 3003 4628 Qui
3036 4567 3365 4637 judicamur,
3408 4576 3608 4646 inquit,
3639 4601 3670 4634 a

2093 4635 2312 4691 Domino
2333 4643 2608 4697 erudimur.
2634 4647 2783 4702 Prius
2805 4651 2962 4719 igitur
2983 4661 3335 4730 nosmetipsos
3350 4669 3670 4726 condemne-

2091 4742 2211 4780 mus
2239 4745 2423 4798 magna
2465 4749 2584 4788 cum
2625 4736 2930 4797 sinceritate
2950 4785 2966 4810 ,
3000 4756 3052 4800 et
3080 4750 3224 4804 nullo
3253 4755 3457 4811 sciente
3495 4759 3544 4813 in
3575 4761 3666 4815 tri-

2094 4816 2271 4871 bunali
2316 4825 2657 4880 Conscientize
2700 4830 2979 4888 sedeamus
3022 4853 3036 4890 :
3076 4837 3259 4908 sicque
3302 4849 3668 4907 examinemns

2089 4919 2300 4965 nostras
2329 4914 2673 4983 cogitationes
2697 4962 2710 4984 ,
2756 4931 2810 4976 et
2853 4935 3050 4981 rectam
3079 4937 3397 4991 sententiam
3427 4943 3666 5008 profera-

2091 5015 2228 5062 mus,
2260 5010 2314 5055 ιιι
2354 5020 2503 5057 mens
2533 5009 2842 5067 imminente
2873 5015 2964 5070 illo
3001 5029 3206 5077 terrore
3237 5042 3491 5094 percussa
3515 5072 3532 5097 ,
3563 5049 3664 5088 non

2091 5102 2316 5158 patiatur
2343 5097 2570 5162 amplius
2607 5097 2814 5169 decipi,
2860 5106 2954 5160 sed
2997 5109 3249 5180 impetum
3299 5120 3562 5190 refrenet,
3606 5143 3664 5180 ac

2091 5184 2418 5249 prespiciens
2451 5187 2594 5240 illum
2624 5191 2918 5248 insnmncm
2952 5203 3165 5256 oculum
3185 5246 3201 5272 ,
3235 5211 3528 5276 prteclndat
3556 5217 3664 5270 dia-

2088 5271 2211 5324 bolo
2230 5274 2542 5340 ingressmn.
2562 5279 2781 5348 Propter
2795 5285 3054 5354 ignaviam
3069 5295 3208 5349 enim
3233 5297 3452 5357 ferimus
3465 5309 3661 5373 omnia,

2090 5372 2146 5415 ιιι
2177 5363 2286 5431 ipsa
2317 5382 2491 5421 rermn
2520 5374 2847 5440 experientia
2881 5382 3094 5437 clamat.
3144 5387 3274 5444 Nam
3315 5399 3662 5462 quemadmo-

2088 5452 2213 5505 dum
2237 5455 2279 5507 si
2307 5457 2391 5509 vel
2420 5460 2687 5526 paulnlnm
2717 5468 2934 5522 excitari
2951 5473 3292 5547 voluerimus,
3323 5497 3512 5542 onmes
3533 5489 3664 5544 illius

2088 5543 2307 5596 insidias
2336 5549 2484 5614 quasi
2523 5552 2790 5618 pulverem
2815 5563 3130 5628 repellemns
3159 5586 3173 5622 :
3197 5571 3274 5626 sic
3297 5577 3514 5644 quando
3542 5595 3659 5649 sup.

2088 5635 2423 5704 plantamur,
2463 5656 2567 5694 non
2601 5657 2816 5714 prepter
2841 5651 2982 5707 illius
3017 5661 3349 5726 tyrannidem
3379 5667 3480 5725 hoc
3505 5674 3658 5725 susti-

2087 5743 2276 5783 nemus
2301 5769 2316 5796 ,
2364 5731 2454 5785 sed
2499 5745 2713 5802 propter
2737 5740 3004 5812 ignaviam
3035 5763 3286 5810 nostram.
3322 5759 3502 5832 Neque
3525 5767 3655 5820 enim
