3974 6424
227 369 335 426 523

221 490 312 546 ὐπ’
343 491 514 544 αὐτοῦ
548 490 870 561 τεχθέντων,
906 492 1060 554 Τότε,
1115 491 1314 564 φησὶν,
1345 491 1743 558 ἐτελεύτησεν
1785 493 1818 544 ὀ

230 574 434 628 Ἰσαὰκ
466 577 828 642 πρεσϐύτης,
877 573 974 627 καί
1032 574 1268 640 πλήρης
1322 572 1576 642 ἡμερῶν.
1617 575 1678 626 Εἰ
1709 572 1819 642 γὰρ

219 661 385 731 ήνίκα
425 659 527 728 τῆς
588 659 842 727 εὐλογίας
888 660 987 730 τὴν
1022 659 1226 730 κλοπὴν
1269 661 1504 711 ἐποιεῖτο
1535 660 1564 710 ὁ
1597 657 1817 720 Ἰακὼϐ,

219 741 614 813 ἠμϐλύνθησαν
643 744 689 795 οί
718 741 988 812 ὀφθαλμοὶ
1014 742 1202 804 αὐτοῦ,
1232 742 1418 811 φησὶν,
1462 741 1583 794 ὅθεν
1626 742 1720 795 καὶ
1751 739 1820 794 τά

217 826 317 894 τῆς
337 824 558 893 ἀπάτης
578 824 728 894 αὐτῷ
749 824 1158 897 προεχώρησεν,
1189 825 1443 892 ἐννόησον
1475 823 1615 893 μετά
1640 821 1822 875 τοσού-

215 925 326 960 των
357 907 496 960 ἐτῶν
524 907 758 978 ἀριθμὸν
787 909 934 972 ὅπως
962 905 1029 979 ῆν
1063 924 1200 977 γεγη
1213 906 1412 977 ρακώς.
1443 906 1554 960 Καὶ
1583 907 1822 974 ἔθαψαν

217 989 428 1054 αὐτὸν,
464 991 648 1059 φησὶν,
685 990 877 1044 Ἡσαῦ
908 991 1005 1043 καὶ
1048 993 1262 1044 Ἰακώϐ.
1301 990 1462 1043 Ἀλλά
1494 990 1680 1042 λοιπὸν
1721 989 1820 1058 τῆς

216 1072 480 1142 τελευτῆς
520 1073 615 1125 τοῦ
655 1074 863 1144 πατρὸς
911 1074 1226 1144 γενομένης,
1263 1072 1494 1140 Λαϐὼν,
1529 1073 1684 1143 φησὶ,
1714 1072 1821 1137 τὰς

217 1158 512 1225 γυναῖκας
541 1158 728 1210 αὐτοῦ
764 1157 967 1220 Ἠσαῦ,
1000 1159 1095 1211 καί
1127 1158 1271 1223 τοὺς
1303 1158 1494 1224 υἱοὺς,
1533 1157 1632 1210 καί
1670 1155 1817 1209 πάν-

218 1257 328 1305 τας
363 1239 506 1305 τοὺς
537 1241 746 1302 αὐτοῦ,
780 1240 879 1294 καί
913 1239 1110 1294 πάντα
1145 1241 1263 1295 ὅσα
1299 1240 1598 1308 ἐκτήσατο
1637 1240 1706 1292 ὲν
1741 1237 1820 1308 γῇ

217 1322 488 1384 Χαναὰν,
508 1322 824 1392 ἐπορεύθη.
859 1326 979 1376 Οὐκ
1006 1324 1270 1391 ἠδύνατο
1292 1325 1422 1394 γὰρ,
1457 1325 1641 1393 φησὶν,
1671 1322 1708 1388 ἡ
1742 1320 1816 1390 γῆ

218 1405 332 1473 τῆς
376 1405 794 1474 παροικήσεως
840 1407 1050 1474 φέρειν
1079 1407 1304 1473 αὐτοὺς
1352 1405 1470 1461 ἀπὸ
1510 1406 1616 1460 τοῦ
1658 1404 1818 1471 πλη-

217 1493 365 1555 θους
398 1488 516 1542 τῶν
546 1491 961 1558 ὑπαρχόντων.
999 1491 1108 1544 Καὶ
1139 1490 1340 1558 ᾤκησε
1376 1489 1596 1544 λοιπὸν
1631 1489 1701 1541 ἐν
1739 1487 1819 1553 τῷ

217 1572 339 1637 ὄρει
384 1573 585 1640 Σηείρ.
638 1574 747 1624 Καὶ
778 1572 1154 1644 διηγησαμένη
1191 1575 1322 1644 ἡμῖν
1379 1575 1413 1644 ἡ
1457 1574 1577 1626 Θεία
1629 1571 1818 1642 Γραφὴ

214 1657 344 1718 τοὺς
393 1657 455 1709 ὲκ
501 1657 595 1710 106
631 1657 802 1711 Ἥσαῦ
850 1657 1142 1728 τεχθέντας
1191 1659 1284 1711 καὶ
1337 1657 1408 1710 τὰ
1450 1656 1576 1726 ἔθνη
1624 1655 1691 1708 τά
1726 1654 1817 1707 ὐπ’

213 1737 385 1790 αὐτοῦ
427 1741 790 1810 γεγενημένα.
823 1741 986 1811 φησί·
1041 1739 1368 1807 Παρῴκησε
1409 1739 1478 1791 δὲ
1509 1737 1712 1792 Ἰακὼϐ
1749 1737 1820 1788 ἐν

215 1819 293 1888 τῇ
334 1820 432 1890 γῇ.
463 1818 536 1876 οὗ
567 1823 930 1890 παρῴκησεν·
963 1825 996 1876 ὁ
1030 1823 1228 1891 πατὴρ
1256 1822 1466 1886 αὐτοῦ,
1490 1823 1560 1875 ἐν
1605 1819 1681 1890 γῇ
1711 1823 1819 1872 Χα-

215 1903 394 1959 ναὰν.
437 1904 578 1958 Ἀλλ’
609 1905 859 1958 ἐντεῦθεν
897 1905 1081 1959 λοιπὸν
1136 1906 1296 1958 πάλιν
1336 1905 1635 1973 διαδέχεται
1671 1904 1818 1974 ἡμᾶς

215 1985 384 2058 ἑτέρα
417 1989 771 2058 πραγματεία
800 1990 834 2059 ἡ
874 1990 1014 2041 κατά
1045 1988 1136 2040 τὸν
1167 1989 1468 2059 Θαυμάσιον
1507 1989 1725 2068 Ἰωσήφ.

288 2084 361 2146 7'.
381 2077 519 2131 Ἀλλ’
549 2079 598 2131 εἰ
627 2078 907 2149 βούλεσθε,
939 2077 1175 2132 ἐνταῦθα
1209 2079 1508 2149 στήσαντες
1539 2079 1630 2130 τὸν
1660 2077 1816 2148 λόγον

214 2163 295 2225 είς
325 2162 520 2234 ἑτέραν
557 2161 732 2233 ἀρχὴν
770 2161 1178 2234 ταμιευσόμεθα
1216 2163 1315 2232 τὴν
1346 2162 1487 2214 κατά
1521 2162 1612 2214 τὸν
1652 2163 1818 2215 παῖδα

211 2245 309 2297 τοῦ
345 2243 540 2297 Ἰακὼϐ
573 2244 835 2315 ἱστορίαν,
870 2247 1047 2299 έκεῖνο
1077 2245 1512 2317 παραινέσαντες
1547 2245 1702 2316 ὐμῶν
1747 2247 1814 2316 τῇ

211 2328 431 2400 ἀγάπῃ.
468 2328 607 2399 μετά
650 2329 936 2399 ἀκριϐείας
986 2330 1275 2401 προσέχειν
1318 2333 1429 2393 τοῖς
1477 2329 1814 2399 λεγομένοις,

213 2416 312 2467 καὶ
341 2413 404 2478 ἐξ
447 2413 680 2467 ἑκάστου
707 2413 814 2466 τῶν
844 2415 902 2466 έν
934 2416 1000 2483 τῇ
1035 2413 1156 2483 θείᾳ
1181 2415 1373 2485 Γραφῇ
1418 2415 1685 2484 κειμένων
1723 2429 1818 2483 με-

211 2497 412 2568 γίστην
445 2496 792 2568 καρποῦσθαι
828 2497 924 2567 τὴν
958 2497 1249 2566 ὠφέλειαν,
1289 2498 1385 2549 καὶ
1427 2496 1595 2567 μηδὲν
1630 2495 1817 2558 ἁπλῶς

211 2579 611 2650 παρατρέχειν.
666 2579 951 2650 Θησαυρὸς
998 2580 1107 2650 γάρ
1159 2580 1276 2632 ἐστι
1329 2578 1694 2649 πνευματικὸς
1749 2577 1818 2629 τὰ.

212 2663 335 2715 θεῖα
372 2662 558 2730 λόγια·
599 2663 693 2716 καὶ
737 2662 985 2732 καθάπερ
1027 2663 1135 2716 ἀπὸ
1176 2662 1270 2716 τοῦ
1313 2662 1573 2732 αἰσθητοῦ
1609 2662 1816 2732 θησαυο

215 2745 311 2815 ροῦ
363 2748 458 2798 καὶ
489 2745 633 2798 λίθον
668 2746 766 2799 ἕνα
809 2746 1068 2810 πολλάκις
1117 2746 1449 2818 ὑφελόμενός
1497 2765 1598 2810 τις,
1650 2745 1818 2799 πολὺν

213 2829 397 2900 ἑαυτῷ
435 2829 728 2900 ἐργάζεται
768 2829 860 2883 τὸν
899 2830 1161 2883 πλοῦτονο
1201 2830 1345 2883 οὕτω
1375 2831 1470 2883 καὶ
1503 2829 1737 2883 ἐνταῦθα
1760 2829 1818 2881 αἰ

211 2913 322 2966 τῶν
351 2913 580 2966 δικαίων
611 2915 824 2985 ἀρεταὶ,
857 2915 906 2966 εί
937 2915 1226 2985 προσέχειν
1257 2913 1601 2984 βουλοίμεθα,
1629 2911 1818 2964 τοσαύ-

212 3013 315 3068 την
342 2999 477 3067 ήμῖν
516 2997 617 3068 τήν
645 2997 914 3066 ὠφέλειαν
941 2998 1201 3068 παρέχειν
1244 2998 1587 3068 δυνήσονται,
1618 2997 1694 3060 ὡς
1726 2997 1818 3049 καὶ

214 3079 356 3149 πρὸς
391 3081 482 3132 τὸν
511 3081 698 3152 ὅμοιον
725 3081 906 3135 αὐτῶν
931 3081 1278 3152 διεγερθῆναι
1315 3079 1492 3150 ζῆλον.
1525 3079 1683 3133 Οὐτω
1709 3079 1817 3152 γάρ

210 3164 565 3236 δυνησόμεθα
600 3167 695 3218 καὶ
727 3167 889 3236 ἡμεῖς
920 3166 1020 3236 τῆς
1051 3164 1224 3234 αὐτῆς
1255 3166 1368 3226 τοῖς
1403 3163 1636 3226 δικαίοις
1683 3165 1818 3216 ἀπο-

213 3247 416 3301 λαῦσαι
448 3249 601 3320 παρά
634 3249 728 3302 106
753 3248 889 3302 Θεοῦ
915 3248 1148 3310 εὐνοίας.
1181 3247 1336 3301 Οὐδὲ
1363 3247 1476 3316 γὰρ
1507 3261 1820 3315 προσωπο-

212 3332 458 3399 λήπτης
491 3332 665 3386 ἐστίν
697 3337 731 3387 ό
768 3334 933 3398 Θεὸς,
973 3331 1112 3386 ἀλλ’
1140 3331 1210 3384 ἐν
1241 3331 1420 3384 παντί
1453 3330 1613 3385 ἔθνει
1644 3334 1676 3384 ό
1712 3347 1819 3398 5:0-

213 3416 512 3484 ϐούμενος
560 3416 750 3469 αὐτὸν
800 3415 899 3469 καί
955 3413 1343 3484 ἐρταζὶῖμενος
1400 3412 1814 3481 δικαιοσύνην,

213 3499 434 3566 δεκτὸς
472 3498 634 3564 αὐτῷ
671 3499 842 3553 ἐστιν
863 3515 875 3527 ·
906 3497 1070 3560 ὥστε,
1111 3499 1160 3550 εί
1197 3497 1544 3568 βουλοίμεθα,
1575 3497 1726 3550 οὐδὲν
1759 3499 1819 3550 τ’»

215 3582 429 3638 κωλύον
459 3581 730 3653 τοσαύτης
752 3583 786 3653 ἢ
815 3582 908 3636 καὶ
940 3581 1182 3644 πλείονος
1210 3582 1357 3650 ἡμᾶς
1388 3579 1695 3633 ἀπολαῦσαι
1723 3579 1818 3649 τῆς

215 3665 429 3720 ἄνωθεν
475 3667 667 3738 ῥοπῆς.
707 3667 831 3719 Ἑάν
875 3666 985 3734 γάρ
1035 3663 1194 3735 μόνον
1239 3662 1386 3735 [581]
1435 3665 1582 3733 ήμάς
1615 3664 1702 3735 ἴδῃ
1750 3662 1818 3716 τά

215 3749 352 3820 παρ’
401 3749 610 3802 ἑαυτῶν
661 3749 1045 3820 εἰσφέροντας,
1103 3747 1197 3800 καὶ
1244 3747 1314 3799 τά
1363 3747 1512 3816 αὐτῷ
1559 3745 1818 3798 δοκοῦντα

214 3833 608 3904 προτιμῶντας
639 3831 746 3884 τῶν
795 3830 1173 3902 ἀνθρωπίνων,
1206 3829 1472 3898 τοσαύτην
1513 3830 1606 3882 καὶ
1657 3827 1817 3892 αὐτὸς

214 3915 550 3979 ἐπιδείξεται
591 3915 690 3986 τήν
734 3914 1081 3985 κηδεμονίαν,
1132 3914 1207 3975 ὡς
1241 3916 1298 3965 έν
1339 3913 1544 3966 ἀπασιν
1586 3910 1818 3982 ἀχειρώ-

213 4018 347 4063 τους
392 4000 544 4069 ἡμᾶς
589 3997 950 4070 ἐργάσασθαι.
1009 3997 1118 4050 Καὶ
1161 3998 1270 4068 γὰρ
1312 3996 1574 4066 πολέμιον
1622 3997 1818 4066 ἔχομεν

213 4082 444 4153 διηνεκῆ
477 4083 572 4136 καὶ
603 4082 867 4137 ἄσπονδον
902 4081 1004 4150 τὴν
1037 4080 1170 4152 πρὸς
1208 4081 1357 4150 ἡμᾶς
1389 4078 1588 4150 ἔχθραν
1621 4095 1820 4150 κεκτηρ

221 4165 406 4236 μένον.
436 4164 527 4217 Διὸ
552 4164 752 4234 πολλῆς
774 4166 907 4234 ἡμῖν
929 4165 1009 4218 δεῖ
1029 4165 1127 4234 τῆς
1152 4163 1479 4234 ἀγρυπνίας,
1501 4162 1644 4215 ὥστε
1666 4179 1821 4233 περι-

216 4248 480 4316 γενέσθαι
509 4246 673 4300 αὐτοῡ
702 4247 998 4318 δυνηθῆναι
1035 4247 1137 4317 τῆς
1185 4247 1452 4317 μηχανῆς,
1491 4246 1588 4298 καὶ
1618 4245 1820 4298 ἀνωτέ⁹

218 4350 352 4403 ρους
389 4332 727 4402 καταστῆναι
773 4331 881 4386 τῶν
917 4331 1106 4385 τούτου
1149 4330 1341 4400 βελῶν.
1370 4331 1482 4400 Οὐχ
1531 4331 1732 4400 ἑτέρως
1762 4329 1820 4383 δὲ

215 4415 677 4487 περιεσόμεθα,ἢ
715 4416 804 4469 διὰ
853 4415 953 4487 τῆς
995 4415 1224 4486 ἀρίστης
1267 4413 1544 4476 πολιτείας
1581 4412 1819 4466 ἐπισπά-

217 4500 421 4554 σασθαι
440 4499 760 4570 δυνηθέντες
785 4499 884 4570 τὴν
909 4497 1116 4553 ἀνωθεν
1142 4497 1483 4568 συμμαχίαν.
1514 4497 1736 4568 Ἀρίστη
1762 4497 1819 4551 δέ

215 4588 338 4638 ἐστι
389 4583 638 4637 πολιτεία
686 4583 802 4653 βίος
851 4581 1113 4654 καθαρός.
1148 4581 1318 4634 Τοῦτο
1355 4580 1464 4650 γάρ
1504 4581 1532 4632 ὁ
1571 4580 1820 4650 θεμέλιος

215 4669 318 4722 καὶ
366 4672 400 4737 ὴ
444 4668 650 4738 κρηπὶς
699 4667 801 4736 τῆς
857 4667 1092 4738 ἀρετῆς-ο
1121 4669 1148 4720 ὁ
1180 4666 1290 4737 γὰρ
1325 4665 1514 4718 τοῦτον
1563 4665 1820 4734 ἀσφαλῶς

215 4749 699 4820 καταϐαλλόμενος
752 4749 1120 4822 εὐκολώτερον
1168 4751 1278 4802 τῶν
1337 4748 1508 4804 ἀλλων
1562 4749 1820 4801 ἀπάντων

216 4834 541 4908 περιέσεται
560 4851 572 4864 ⁸
602 4834 726 4888 οὐτε
753 4836 862 4906 γάρ
895 4833 1200 4905 χρημάτων
1231 4833 1496 4902 ἐπιθυμία
1526 4833 1619 4884 106
1651 4831 1823 4885 τοιού-

213 4935 313 4972 του
356 4919 797 4989 περιγενήσεται,
826 4917 947 4971 οὐτε
981 4918 1139 4988 δόξης
1174 4916 1342 4988 ἔρως,
1370 4916 1496 4971 οὐτε
1529 4915 1819 4984 βασκανία,
1857 4913 1864 4920 ’

212 5000 344 5054 οὐτε
369 5001 556 5071 ἔτερόν
581 5019 633 5054 τι
657 5003 764 5054 τῶν
792 5001 1000 5055 παθῶν.
1031 5001 1139 5056 Καὶ
1164 5001 1300 5065 πῶς,
1337 5000 1448 5070 ἐγὼ
1472 5001 1634 5070 λέγω.
1653 5001 1822 5054 Ὅταν

213 5086 330 5157 γάρ
360 5102 446 5148 τις
479 5085 718 5157 καθαρὸν
754 5085 854 5159 ἔχῃ
890 5085 952 5138 τὸ
986 5085 1246 5150 συνειδὸς,
1289 5087 1384 5137 καὶ
1417 5085 1619 5146 παντὸς
1647 5084 1820 5156 ῥύπου

211 5166 667 5237 ἀπηλλαγμένον,
697 5167 984 5238 δυνήσεται
1015 5168 1108 5221 καὶ
1137 5168 1225 5220 τὸν
1253 5169 1510 5222 ἁπάντων
1543 5170 1824 5239 Δεσπότην

214 5251 432 5304 ἐνοικον
479 5249 646 5321 ἔχειν.
684 5251 976 5318 Μακάριοι
1009 5249 1118 5321 γὰρ
1147 5254 1202 5303 οἱ
1243 5254 1513 5320 καθαροὶ,
1550 5253 1703 5324 φησί,
1751 5251 1825 5320 τῇ

217 5333 468 5403 καρδίᾳ,
493 5334 582 5386 ὅτι
609 5333 779 5388 αὐτοί
797 5333 904 5387 τὸν
933 5333 1081 5387 Θεὸν
1107 5334 1382 5400 ὄψονται.
1407 5336 1576 5389 Ὅταν
1603 5336 1659 5388 δὲ
1683 5337 1825 5387 έκεῖ-

214 5438 312 5474 νον
345 5417 560 5474 ενοικον
595 5417 740 5488 ἔχειν
773 5417 1107 5488 καταξιωθῇ,
1148 5417 1224 5481 ὡς
1253 5419 1439 5482 ἁπλῶς
1471 5420 1564 5473 καὶ
1607 5421 1732 5488 εἰκῆ
1765 5419 1828 5471 τὸ

221 5503 393 5574 σῶμα
440 5503 848 5573 περικείμενος,
904 5501 1049 5555 οὓτω
1088 5502 1271 5556 λοιπόν
1310 5503 1646 5556 διακείσεται
1673 5543 1688 5566 ,
1729 5503 1825 5556 καὶ

217 5589 448 5642 πάντων
468 5586 578 5638 τῶν
600 5585 956 5657 ἀνθρωπίνων
974 5585 1172 5656 πολλὴν
1196 5585 1519 5650 ἐπιδείξεται
1537 5586 1633 5658 τὴν
1657 5587 1757 5639 ὐπε
1766 5603 1827 5656 ρ-

217 5672 404 5744 οψίαν.
452 5672 711 5726 ’Δπαντα
751 5672 861 5741 γὰρ
894 5671 962 5724 τά
1006 5671 1258 5744 ὁρώμενα
1305 5671 1434 5725 σκιά
1465 5675 1560 5725 καὶ
1590 5673 1724 5744 ὄναρ
1748 5672 1828 5743 τῷ

224 5755 460 5828 τοιούτῳ
489 5757 762 5825 φανεῖται,
790 5757 883 5809 καὶ
909 5755 1163 5828 καθάπερ
1197 5759 1254 5810 ὲν
1280 5757 1358 5828 τῷ
1394 5756 1612 5828 οὐρανῷ
1635 5757 1698 5810 τὸ
1731 5775 1829 5810 πο-

223 5841 460 5916 λίτευμα
489 5840 657 5911 ἔχων,
694 5838 865 5905 οὕτως
905 5840 1119 5906 οὐδενὸς
1159 5842 1270 5898 τῶν
1311 5843 1593 5916 παρόντων
1633 5841 1824 5897 ἐπιθυ-

1274 367 1341 422 IN
1383 367 1535 422 CAP.
1578 365 1771 421 XXXV
1813 377 1818 413 ι

1928 366 2055 423 \‘ES.
2100 366 2330 421 "03111..
2375 366 2486 420 LX.
3411 362 3516 418 εει

1933 491 2114 560 μήσει.
2148 490 2400 552 Τοιοῦτος
2421 485 2491 560 ἦν
2517 488 2728 553 Παῦλος
2747 490 2774 541 ό
2803 491 2901 560 τῆς
2927 485 3254 558 οἰκουμένης
3275 485 3520 539 διδάσκα⁴

1927 572 2036 635 λος·
2071 573 2151 625 διὸ
2175 573 2267 625 καὶ
2288 573 2415 626 ἐϐόα
2445 573 2649 640 λέγων’
2683 575 2760 627 ’Ἡ
2785 571 3039 640 δοκιμὴν
3059 571 3276 636 ζητεῖτε
3299 570 3406 623 τοῦ
3447 570 3518 622 ἐν

1926 656 2058 724 ἐμοὶ
2092 657 2432 721 λαλοῦντος
2465 656 2752 724 Χριστοῦς
2792 659 2898 711 Καὶ
2931 657 3116 710 πάλιν
3151 657 3244 709 Ζῶ
3280 657 3377 720 δὲ,
3409 658 3522 708 οὐκ

1927 741 2013 794 ἔτι
2035 740 2169 808 ἐγὼ,
2207 740 2274 810 ζῇ
2295 741 2364 793 δὲ
2390 742 2608 811 ἐνὲμοὶ
2659 744 2934 810 Χριστός.
2969 743 3078 794 Καὶ
3114 741 3294 793 πάλινυ
3350 742 3418 792 Ὃ
3453 738 3522 792 δὲ

1926 825 2044 878 νῦν
2076 824 2146 884 ζῶ
2174 825 2244 878 ἐν
2275 825 2474 894 σαρκί,
2513 825 2584 878 ἐν
2615 827 2815 878 πίστει
2847 824 2938 884 ζῶ.
2977 821 3131 886 Εἶδες
3162 824 3328 893 ἄνδρα
3361 823 3522 892 σῶμα

1927 909 2335 978 περικείμενον,
2377 909 2472 962 καὶ
2507 910 2582 972 ώς
2614 910 2672 961 ἐν
2701 910 2981 980 ἀσωμάτῳ
3011 908 3162 981 λήξει
3192 907 3354 961 αὐτὸν
3387 923 3522 977 τυγ-

1925 990 2178 1059 χάνοντα,
2215 991 2356 1044 οὕτω
2397 991 2576 1045 πάντα
2609 993 3018 1062 φθεγγόμενον;

1996 1071 2057 1126 δ’.
2105 1073 2306 1127 Τοῦτον
2347 1075 2586 1138 ἅπαντες
2622 1075 2986 1146 ζηλώσωμεν,
3024 1074 3119 1128 καὶ¹
3154 1073 3520 1146 νεκρώσωμεν

1927 1154 2082 1225 ήμῶν
2116 1156 2183 1208 τὰ
2223 1157 2360 1228 μέλη
2397 1157 2496 1227 τῆς
2531 1159 2732 1228 σαρκὸς
2753 1200 2768 1223 ,
2800 1159 2895 1211 καὶ
2928 1158 3066 1230 πρὸς
3095 1159 3193 1228 τὴν
3244 1157 3522 1230 ἁμαρτίαν

1926 1240 2263 1311 ἀνενέργητα
2277 1241 2415 1294 αὐτά
2432 1240 2818 1312 ὲργασώμεθα·
2833 1241 2978 1295 οὐτω
2996 1243 3105 1312 γὰρ
3130 1241 3364 1312 μάλιστα
3383 1241 3522 1295 αὐτά

1925 1322 2268 1394 δυνησόμεθα
2312 1325 2666 1395 παραστῆσαι
2695 1324 2773 1395 τῷ
2811 1324 2931 1395 Θεῷ
2967 1325 3160 1379 θυσίαν
3202 1325 3520 1395 εὐάρεστον.

1926 1402 2080 1468 Εἶδες
2120 1406 2180 1458 τὸ
2220 1408 2406 1461 καινὸν
2439 1408 2534 1460 καὶ
2566 1409 2868 1479 παράδοξον
2901 1409 3002 1478 τῆς
3045 1409 3240 1472 θυσίας
3279 1409 3521 1479 ταύτης;

1927 1489 2095 1542 Ὅταν
2122 1492 2291 1562 νεκρὰ
2319 1492 2542 1563 γένηται
2571 1492 2640 1547 τά
2672 1493 2809 1564 μέλη
2829 1533 2843 1552 .
2885 1494 3008 1547 τότε
3049 1495 3250 1566 μᾶλλον
3284 1494 3524 1566 εὐπρόση

1925 1571 2087 1624 δεκτα
2127 1576 2190 1644 τῇ
2240 1573 2402 1646 θυσίᾳ
2445 1575 2675 1643 γίνεται.
2729 1577 2885 1641 Τίνος
2927 1577 3116 1631 ἕνεκεν
3161 1578 3258 1630 καὶ
3308 1576 3397 1629 διά
3426 1576 3526 1644 τί;

1938 1655 2156 1728 Ἐπειδὴ
2181 1660 2525 1728 πνευματική
2564 1661 2712 1712 ἐστιν
2749 1661 2782 1731 ὴ
2816 1661 2999 1726 θυσία,
3029 1662 3124 1715 καὶ
3155 1661 3306 1714 οὐδὲν
3333 1659 3524 1730 αίσθηο

1922 1738 2016 1790 τὸν
2045 1739 2179 1809 ἔχει.
2245 1741 2370 1794 Ἐπὶ
2408 1742 2506 1812 μὲν
2537 1742 2647 1813 γὰρ
2684 1743 2784 1813 τῆς
2817 1743 3010 1809 θυσίας
3035 1745 3136 1814 τῆς
3165 1743 3430 1814 αἰσθητῆς
3462 1742 3523 1794 οὐ

1927 1821 2087 1889 μόνον
2121 1823 2180 1875 τὸ
2213 1823 2406 1894 νεκρόν
2442 1825 2589 1877 ἐστιν
2625 1825 2958 1896 ἀπόϐλητον,
2994 1826 3132 1880 ἀλλά
3163 1827 3259 1879 καὶ
3298 1825 3358 1878 τὸ
3389 1823 3523 1888 ζῶν,

1925 1906 1973 1956 εί
2008 1905 2188 1977 λώϐην
2222 1908 2343 1960 τινὰ
2377 1907 2510 1977 ἕχοι,
2547 1909 2666 1961 οὐδὲ
2711 1911 2872 1964 10610
2902 1913 2983 1974 εἰς
3015 1909 3204 1963 θυσίαν
3231 1908 3420 1963 δεκτὺν
3456 1909 3524 1962 ἂν

1923 1990 2135 2056 γένοιτό
2183 2007 2333 2044 ποτε.
2369 1993 2480 2045 Καὶ
2520 1993 2680 2046 10610
2706 1993 2767 2058 ἐξ
2800 1995 2978 2066 ἀρχῆς
3019 1994 3396 2064 ἐνομοθετείτο
3425 1993 3524 2061 οὐχ
3560 2057 3561 2060 η

1925 2071 2130 2136 ἁπλῶς,
2168 2075 2282 2126 ἀλλ’
2317 2075 2401 2127 ἵνα
2433 2075 2522 2128 διά
2559 2077 2660 2146 τῆς
2691 2078 2800 2131 τῶν
2833 2079 3044 2148 ἀλόγων
3079 2077 3526 2148 παρατηρήσεως

1925 2156 2068 2210 κατά
2098 2159 2294 2228 μικρὸν
2322 2159 2638 2230 έναχθῶμεν
2669 2164 2809 2232 μετά
2833 2163 2934 2231 τῆς
2972 2161 3241 2231 τοσαύτης
3273 2160 3526 2230 φυλακῆς

1921 2239 2022 2309 τὴν
2053 2243 2432 2311 πνευματικὴν
2479 2243 2688 2314 ταύτην
2719 2246 2814 2298 καὶ
2857 2244 3083 2315 λογικὴν
3130 2243 3321 2296 θυσίαν
3351 2259 3525 2314 προσ-

1923 2322 2096 2389 άγειν.
2133 2325 2196 2375 "0
2220 2325 2329 2394 γάρ
2363 2327 2508 2378 ἐστιν
2536 2327 2654 2380 ἐκεῖ
2673 2327 2842 2398 λώϐη,
2878 2329 2972 2381 καὶ
2999 2328 3062 2380 τὺ
3085 2328 3402 2397 ώτότμητον
3431 2325 3526 2379 καί

1924 2405 2335 2478 κολοϐόκερκον,
2387 2409 2546 2462 10610
2591 2411 2829 2463 ἐνταῦθα
2883 2412 3160 2482 πονηρία,
3224 2409 3523 2479 ἐπιθυμία,

1923 2487 2215 2557 ἀσέλγεια,
2261 2493 2562 2560 χρημάτων
2596 2493 2737 2564 ἔρως
2776 2495 2872 2547 καὶ
2921 2497 3074 2548 πᾶσα
3110 2494 3356 2564 ἁμαρτία
3378 2508 3390 2521 ⁸
3427 2493 3526 2547 καὶ⁹

1923 2572 2059 2644 ὅπερ
2089 2575 2235 2627 ἐστὶν
2268 2576 2383 2628 ἐκεῖ
2414 2576 2474 2630 τὸ
2500 2578 2673 2646 ὐγιὲς,
2702 2580 2797 2632 καὶ
2824 2580 2883 2632 τὸ
2909 2580 3088 2652 πάντῃ
3125 2579 3316 2651 μώμου
3347 2578 3525 2648 ἀπηλ-

1922 2655 2217 2728 λαγμένον,
2250 2659 2410 2712 10610
2436 2661 2671 2714 ἐνταῦθα
2702 2662 2763 2714 τὸ
2798 2664 2993 2734 νεκρὸν
3021 2665 3096 2734 τῷ
3127 2665 3316 2734 κόσμῳ
3345 2663 3525 2733 πάντῃ

1923 2741 2185 2810 γεγονότα
2213 2741 2356 2796 οὕτω
2380 2745 2516 2814 πρὸς
2542 2745 2640 2816 τὴν
2662 2745 2852 2799 θυσίαν
2877 2747 2975 2819 τὴν
3004 2745 3377 2818 πνευματικὴν
3406 2745 3525 2797 ὲπι-

1923 2825 2136 2896 τήδειον
2165 2827 2356 2879 ἑαυτὸν
2396 2829 2760 2898 καταστῆσαι.
2795 2829 2979 2883 Ταῦτα
3014 2831 3088 2900 μὴ
3120 2829 3308 2892 ἁπλῶς
3347 2845 3526 2900 παρα-

1923 2909 2229 2980 τρέχωμεν,
2255 2909 2372 2963 ἀλλ’
2399 2911 2784 2981 έμπηγνύντες
2807 2914 2946 2967 αὐτὰ
2968 2917 3034 2984 τῇ
3061 2912 3268 2966 έαυτῶν
3291 2912 3525 2981 διανοίᾳ,

1927 2993 2320 3064 σπουδάσωμεν
2345 2995 2422 3066 μὴ
2444 2995 2702 3059 ἐλάττους
2721 2997 2954 3068 ὀφθῆναι
2977 2996 3086 3051 τῶν
3122 2996 3394 3050 Ἰουδαίων
3415 2996 3526 3049 τῶν

1925 3077 1984 3130 ὲν
2026 3079 2090 3147 τῇ
2130 3079 2258 3148 σκιᾷ
2290 3078 2560 3149 τοσαύτην
2592 3080 3055 3152 ἐπιδεικνυμένων
3107 3084 3519 3152 παρατήρησιν.

1926 3159 2140 3230 Ὥσπερ
2168 3162 2494 3232 γὰρὲκεῖνοι
2518 3162 2600 3215 ἔτι
2627 3163 2703 3234 τῷ
2725 3163 2904 3236 λύχνῳ
2932 3165 3385 3236 παρακαθήμενοι
3413 3181 3528 3217 τοσ-

1925 3253 2096 3325 αύτην
2113 3255 2393 3309 ἐποιοῦντο
2405 3257 2502 3328 τήν
2521 3258 2970 3330 φυλακὴν,οὐτως
2982 3254 3180 3330 ἡμεῖς,Ι
3194 3252 3322 3325 58⁸2]
3337 3259 3525 3330 ἐπειδὴ

1926 3337 2030 3390 ὐπὸ
2059 3337 2153 3390 106
2187 3338 2338 3409 ἡλίου
2375 3342 2474 3409 τῆς
2507 3341 2858 3414 δικαιοσύνης
2899 3344 3350 3414 καταυγασθῆναι
3402 3360 3528 3395 κατε

1926 3421 2262 3492 ηξιώθημεν,
2299 3423 2394 3477 καὶ
2428 3424 2528 3494 τὴν
2575 3425 2734 3478 σκιάν
2787 3427 3185 3488 καταλιπόντες
3235 3425 3373 3496 πρὸς
3423 3426 3526 3494 τὴν

1926 3506 2185 3574 ἀλήθειαν
2205 3508 2758 3578 έχειραγωγήθημεν,
2787 3509 2885 3582 τὴν
2902 3509 3096 3580 ὁμοίαν
3125 3509 3373 3579 φυλακὴν
3402 3509 3525 3560 ἐπι⁸

1925 3591 2230 3661 δειξώμεθα
2256 3591 2385 3663 περὶ
2411 3591 2508 3663 τὴν
2542 3595 2923 3666 πνευματικὴν
2945 3595 3152 3665 ταύτην
3183 3593 3394 3647 θυσίαν.
3417 3591 3526 3645 Καὶ

1931 3674 2064 3744 μηδὲ
2104 3675 2172 3728 τά
2207 3675 2380 3747 μικρά
2415 3677 2792 3748 ἁμαρτήματα
2827 3679 3164 3749 νομιζόμενα
3203 3677 3389 3740 ἁπλῶς
3415 3693 3528 3729 παο

1931 3759 2307 3830 ρατρέχωμεν,
2333 3761 2470 3814 ἀλλὰ
2495 3763 2615 3816 καθ’
2638 3777 2662 3803 υ
2692 3764 2930 3834 ἑκάστην
2955 3765 3171 3836 ἡμέραν
3196 3763 3424 3824 έαυτούς
3445 3763 3530 3815 £6-

1927 3841 2093 3904 θύνας
2121 3843 2446 3913 ἀπαιτῶμεν
2480 3845 2574 3897 καὶ
2609 3848 2874 3916 ῥημάτων
2910 3849 3005 3901 καὶ
3039 3847 3389 3918 βλεμμάτων,
3429 3847 3527 3899 καὶ

1925 3924 2080 3988 δίκας
2102 3927 2329 3989 έαυτούς
2360 3928 2839 3999 είσπραττώμεθα,
2881 3931 2967 3984 ἵνα
3001 3932 3101 4002 τῆς
3127 3930 3337 3984 ἐκεῖθεν
3366 3928 3528 3982 κολά-

1927 4023 2065 4071 σεως
2110 4009 2337 4071 ἑαυτοὺς
2375 4009 2854 4082 ὲλευθερώσωμεν.
2910 4014 3008 4066 Διέι
3055 4013 3164 4083 γὰρ
3221 4010 3380 4064 τοῦτο
3429 4013 3526 4064 καὶ

1928 4091 2140 4154 Παῦλός
2170 4109 2355 4162 φησιν·
2389 4095 2457 4146 El
2491 4095 2603 4163 γὰρ
2632 4094 2890 4162 ἑαυτοὺς
2936 4097 3275 4165 ἐκρίγομεν,
3306 4097 3418 4149 οὐκ
3447 4093 3528 4151 ἂν

1925 4176 2296 4245 ἐκρινόμεθα.
2350 4178 2532 4242 Ὥστε,
2589 4179 2684 4232 ὲάν
2721 4181 2949 4244 ἑαυτοὺς
2996 4180 3229 4234 ἐνταῦθα
3262 4179 3529 4251 κατακρί-

1926 4276 2108 4329 νωμεν
2136 4261 2229 4314 ἐπὶ
2250 4264 2363 4325 τοῖς
2386 4261 2510 4316 καθ’
2532 4264 2772 4336 ἑκάστην
2792 4265 3010 4336 ἡμέραν
3041 4265 3130 4334 ὑφ’
3158 4265 3316 4335 ἡμῶν
3344 4266 3526 4335 ἀμαρ-

1925 4345 2264 4415 τανομένοις.
2289 4347 2710 4419 ὐποτεμνόμεθα
2738 4349 2839 4418 τῆς
2869 4351 2988 4404 ἐκεῖ
3017 4349 3248 4419 κρίσεως
3280 4347 3378 4418 τὴν
3403 4365 3528 4415 σφο-

1926 4427 2177 4499 δρότητα.
2194 4428 2256 4481 Εἰ
2279 4428 2335 4483 δὲ
2354 4431 2796 4501 ῥαθυμήσαιμεν,
2814 4433 3183 4501 Ιῴινόμενοι,
3203 4432 3388 4501 φησὶν,
3403 4431 3526 4485 ὑπὸ

1926 4511 2154 4579 Κυρίου
2200 4511 2619 4582 παιδευόμεθα.
2661 4514 3032 4585 Προλαϐόντες
3065 4515 3246 4568 τοίνυν
3296 4515 3527 4577 ἑαυτοὺς

1927 4594 2382 4664 καταδικάσωμεν
2417 4597 2556 4665 μετά
2583 4597 2783 4667 πολλῆς
2816 4599 2913 4667 τῆς
2940 4599 3388 4669 εὐγνωμοσύνης,
3428 4599 3528 4652 καὶ

1931 4678 2157 4748 μηδενὸς
2187 4678 2387 4742 εἰδότος
2419 4679 2476 4731 τὸ
2519 4679 2872 4751 δικαστήριον
2911 4681 3004 4734 106
3035 4682 3334 4746 συνειδότος
3385 4683 3525 4736 καθ-

1933 4760 2166 4822 ίσαντες,
2199 4759 2343 4812 οὕτω
2374 4760 2756 4832 βασανίσωμεν
2795 4764 3006 4818 ἑαυτῶν
3036 4767 3163 4829 τούς
3201 4767 3524 4836 λογισμοὺς,

1929 4845 2025 4896 καὶ
2052 4843 2216 4914 ὀρθὴν
2248 4842 2346 4912 τὴν
2389 4844 2570 4914 κρίσιν
2601 4845 2948 4918 ἐκφέρωμεν.
2978 4848 3064 4902 ἵνα
3093 4850 3183 4902 τὸν
3209 4851 3527 4922 ἐπηρτημέ-

1933 4944 2020 4980 νον
2053 4927 2219 4996 φόϐον
2237 4926 2493 4991 δεδοικὼς
2522 4930 2549 4982 ὀ
2572 4928 2832 4999 λογισμός
2867 4933 3065 5002 μηκέτι
3099 4935 3360 5006 ἀνέχηται
3396 4937 3526 4988 ὐποο

1933 5011 2214 5082 σύρεσθαι,
2251 5011 2386 5064 ἀλλά
2409 5012 2510 5081 τὴν
2541 5013 2722 5084 όρμὴν
2754 5015 3103 5090 ἀναχαιτίζῃ,
3134 5021 3227 5072 καὶ
3253 5019 3344 5071 τὸν
3370 5018 3526 5072 ἀκοί-

1935 5111 2105 5165 μητον
2132 5097 2338 5148 ἐκεῖνον
2366 5095 2645 5165 ὀφθαλμὸν
2675 5099 3066 5170 προορώμενος
3092 5100 3411 5170 ἀποτειχίζη
3446 5100 3526 5171 τῷ

1930 5178 2162 5248 διαϐόλῳ
2186 5179 2284 5248 τὴν
2310 5178 2534 5236 εἴσοδον.
2564 5180 2686 5234 Ὅτι
2720 5181 2830 5253 γὰρ
2864 5183 2973 5236 ἀπὸ
3005 5183 3279 5254 ῥᾳθυμίας
3308 5184 3526 5237 ἅπαντα

1932 5261 2301 5332 ὑπομένομεν,
2365 5262 2504 5334 αὐτὴ
2561 5263 2660 5334 βοᾷ
2706 5265 2814 5318 τῶν
2853 5268 3196 5334 πραγμάτων
3249 5269 3284 5337 ἠ
3333 5269 3521 5337 πεῖρα.

1936 5345 2147 5414 Ὥσπερ
2172 5343 2282 5415 γάρ
2310 5345 2406 5398 ὲάν
2435 5345 2630 5416 μικρὸν
2653 5347 2996 5417 διεγερθῆναι
3023 5347 3391 5419 βουληθῶμεν,
3422 5366 3524 5402 καο

1934 5427 2110 5498 θάπερ
2149 5429 2425 5500 κονιορτὸν
2453 5429 2596 5482 οὕτω
2627 5428 2818 5482 τούτου
2855 5431 2955 5492 τὰς
2997 5430 3290 5496 ἐπιϐουλὰς
3329 5435 3523 5487 ἀποτι-

1933 5512 2225 5581 ναξόμεθαο
2254 5511 2427 5576 οὕτως
2462 5511 2682 5564 ἐπειδάν
2724 5529 2855 5565 ποτε
2905 5513 3412 5588 ὐποσκελισθῶμεν,
3459 5518 3521 5570 οὐ

1935 5594 2087 5666 παρὰ
2111 5595 2211 5664 τὴν
2240 5595 2450 5647 ἐκείνου
2477 5594 2765 5664 τυραννίδα
2799 5596 2958 5650 τοῦτο
2992 5597 3358 5670 ὑπομένομεν,
3388 5600 3524 5655 ἀλλὰ

1936 5677 2089 5748 παρά
2132 5677 2233 5734 τὴν
2277 5676 2548 5747 ῥᾳθυμίαν
2590 5676 2689 5748 τὴν
2743 5680 3042 5753 ἡμετέραν.
3095 5683 3230 5735 Οὐδὲ
3272 5683 3380 5755 γὰρ
3431 5683 3525 5756 βίᾳ⁵

1935 5761 2094 5833 ήμῶν
2135 5761 2476 5832 περιγίνεται
2521 5762 2614 5815 καὶ
2657 5763 2908 5836 ἀνάγκῃ,
2963 5765 3080 5819 ἀλλ’
3115 5766 3301 5839 ἀπάτῃ
3339 5767 3522 5840 μόνοι.

1999 5854 2025 5885 ⁸
2051 5852 2276 5914 Quinque
2301 5865 2412 5902 mss.
2442 5853 2604 5912 ἅπλῶς
2629 5857 2987 5922 παρερχώμεθα·
3015 5858 3136 5908 ἀλλά
3155 5860 3275 5910 καθ’.
