3974 6410
242 388 346 444 5‘25

251 528 300 578 vi
326 538 421 576 sua
449 532 504 576 et
532 524 852 577 necessitate
886 512 981 575 nos
1010 520 1173 576 vineit
1194 561 1209 584 ,
1238 520 1330 575 sed
1361 520 1676 588 deceptione
1704 518 1840 573 sola.

251 615 331 672 Ne
379 614 713 683 decipiamnr
756 626 932 667 autem
968 613 1022 668 in
1055 613 1205 666 nobis
1221 622 1337 676 est,
1360 613 1403 665 si
1430 612 1699 680 paulultun
1728 625 1847 664 esse

256 706 448 775 vigiles
479 705 845 769 voluerimus,
888 715 943 757 et
977 702 1373 770 nobismetipsis
1411 701 1796 754 attetnlerintus
1830 716 1843 753 :

259 819 371 855 non
396 799 535 869 quod
563 816 627 851 ex
659 800 809 853 nobis
839 799 965 851 solis
993 806 1134 851 tanta
1166 798 1234 851 sit
1277 806 1510 865 potestas
1530 836 1546 861 ,
1592 797 1685 851 sed
1728 796 1847 864 quia

259 904 390 945 tunc
419 905 713 959 supernum
743 890 993 943 auxilium
1038 890 1189 943 nobis
1217 888 1453 957 alTulget.
1500 887 1630 943 Nam
1663 888 1706 941 si
1733 902 1851 956 qua:

257 1000 288 1035 a
319 983 476 1035 nobis
507 992 628 1034 sunt
660 980 964 1045 fecerimus,
997 991 1285 1047 sequentur
1308 980 1467 1034 etiam
1490 979 1707 1032 omnino
1734 994 1853 1047 qua:

262 1073 477 1125 honuni
508 1082 652 1126 sunt.
690 1071 885 1139 Vigiles
916 1070 1073 1138 igitur
1099 1071 1285 1133 sinms,
1318 1069 1563 1132 obsecro,
1594 1078 1648 1122 et
1674 1069 1853 1122 scien-

263 1180 351 1219 tcs
380 1173 524 1217 artes
548 1164 787 1231 maligni,
821 1170 1078 1233 perpetuo
1117 1175 1400 1214 caveamus
1425 1160 1579 1213 nobis
1603 1199 1618 1219 ,
1648 1168 1702 1213 et
1727 1173 1852 1212 ore-

264 1271 391 1308 mus
415 1255 577 1307 [)ettm
608 1263 664 1305 ttt
690 1268 786 1305 nos
815 1252 1029 1317 adjuvet
1054 1250 1117 1303 :ul
1145 1250 1454 1304 certandum
1478 1259 1855 1303 nostrumcum

266 1344 486 1397 diabolo
515 1353 806 1397 certamen.
854 1343 941 1395 Sic
967 1344 1110 1396 enim
1138 1350 1190 1394 et
1217 1356 1312 1393 tt0$
1340 1342 1517 1395 invicti
1546 1342 1766 1403 erimus,
1795 1348 1849 1392 et

270 1434 698 1489 machinationes
737 1434 878 1486 illius
916 1433 1229 1501 effugiemus
1253 1473 1267 1495 ,
1298 1440 1353 1485 et
1391 1431 1622 1484 divinam
1668 1443 1857 1483 consc-

267 1541 504 1593 quetnur
524 1526 771 1592 gratiam,
814 1524 1054 1592 bonaque
1082 1532 1280 1575 aeterna
1307 1522 1663 1589 adipiscamur
1695 1538 1707 1571 :
1737 1534 1858 1588 qua:

272 1618 431 1669 nobis
472 1618 720 1669 omnibus
758 1615 1067 1685 comingant
1090 1655 1105 1680 ,
1137 1616 1304 1683 gratia
1326 1623 1379 1668 et
1408 1613 1735 1682 benignitate
1757 1610 1861 1663 Do-

271 1708 405 1760 tniui
448 1707 615 1760 nostri
653 1705 779 1760 Iesu
807 1705 1004 1759 Christi
1031 1746 1046 1770 ,
1088 1719 1207 1759 cum
1248 1720 1356 1773 qtto
1388 1704 1527 1757 l‘atri
1558 1712 1611 1755 et
1640 1698 1859 1768 Spirittti

271 1810 465 1851 saneto
493 1798 561 1850 sit
590 1798 754 1866 gloria
778 1838 792 1860 ,
820 1797 1097 1864 imperium
1124 1837 1138 1857 ,
1168 1806 1221 1849 et
1252 1797 1441 1854 bonor.
1477 1809 1614 1848 nunc
1640 1804 1692 1847 ct
1716 1808 1859 1847 scmc

273 1908 400 1961 p-r,
424 1900 480 1945 et
508 1891 557 1944 in
580 1890 774 1943 εδει-ιιι]
805 1889 1146 1943 εωειιιοτιιιη.
1175 1892 1362 1943 Amen.

843 2060 1118 2115 IIOMILIA
1160 2059 1295 2115 LXI.

284 2189 387 2247 "at
420 2204 587 2247 autem
626 2202 744 2246 sunt
785 2192 1127 2263 generationes
1164 2192 1324 2246 Iacob
1352 2208 1373 2247 :
1401 2192 1594 2261 Ioseph
1646 2200 1862 2259 septem-

352 2284 517 2336 alecint
549 2300 798 2336 annorum
836 2293 943 2337 erat
983 2300 1190 2353 pascens
1213 2301 1325 2337 cum
1361 2285 1600 2355 fratribus
1643 2284 1752 2337 suis
1782 2298 1867 2352 pe-

348 2391 476 2426 cora
507 2374 657 2443 (Ct’tt.
687 2375 774 2427 57.
804 2372 882 2444 ἓ).

357 2508 407 2558 l.
457 2506 649 2559 lterum
684 2522 778 2573 pro
818 2505 1201 2560 consuetudine
1241 2520 1359 2560 mea
1390 2504 1454 2560 ad
1492 2519 1728 2558 mensam
1773 2518 1869 2558 vos

284 2598 544 2651 inducere
590 2598 743 2663 volo,
784 2606 837 2652 et
875 2612 1203 2667 prosequens
1225 2612 1287 2652 ea
1313 2612 1431 2668 qum
1472 2596 1679 2665 pridem
1720 2594 1869 2649 vobis

281 2691 426 2742 dicta
448 2729 465 2753 ,
515 2704 578 2742 ex
611 2688 692 2742 his
724 2704 841 2758 qme
884 2705 1025 2743 nunc
1054 2690 1186 2743 lecta
1224 2700 1344 2743 sunt
1379 2687 1683 2742 convivium
1721 2687 1871 2741 vobis

289 2785 393 2835 Imc
421 2798 716 2851 proponere
746 2781 1041 2851 spiritualc.
1070 2781 1352 2837 Sufficiunt
1382 2780 1525 2835 enim
1554 2795 1673 2849 qua:
1713 2778 1871 2833 hodie

287 2875 423 2926 lecta
447 2885 565 2926 sunt
587 2873 652 2926 ad
679 2873 976 2926 docendum
1006 2889 1104 2927 nos
1128 2889 1313 2928 onmes
1337 2914 1351 2939 ,
1380 2883 1631 2943 quantum
1662 2872 1871 2926 invidia:

284 2964 543 3016 damnum
559 2964 647 3026 sit,
665 2973 718 3016 et
738 2962 1005 3033 quomodo
1023 2962 1229 3016 invidiae
1248 2964 1506 3031 pernicies
1522 2965 1681 3016 etiam
1700 2977 1872 3031 usque

286 3054 355 3106 ad
386 3064 667 3121 cognatum
695 3069 881 3122 magna
919 3054 969 3105 vi
1000 3068 1059 3107 se
1084 3054 1400 3107 extendet-it.
1454 3052 1649 3106 Verum
1692 3062 1748 3105 ut
1791 3052 1872 3105 vi-

284 3144 481 3198 deatur
506 3159 569 3197 ex
596 3144 973 3212 consequentia
1016 3159 1196 3198 sermo
1238 3143 1517 3214 progredi,
1551 3159 1729 3211 Opera:
1754 3159 1874 3212 pre-

287 3238 424 3287 tium
479 3236 633 3286 fuerit
681 3234 887 3288 initium
930 3234 1170 3288 lectionis
1216 3244 1449 3303 tangere.
1493 3232 1531 3286 2
1582 3232 1677 3287 lla:
1708 3244 1877 3287 autem

284 3337 447 3389 sunt,
481 3327 677 3394 inqttit,
721 3327 1063 3396 generationes
1096 3324 1273 3377 Iacob.
1331 3324 1463 3379 Vide
1506 3324 1874 3379 admirabilem

292 3416 435 3469 hunc
465 3416 774 3483 prophetam
801 3457 816 3481 ,
845 3416 1113 3484 quomodo
1140 3431 1260 3469 cum
1293 3415 1559 3483 promittat
1604 3414 1757 3468 nobis
1781 3430 1875 3485 ge-

290 3508 588 3573 nealogiam
610 3506 776 3561 Jac-ob
796 3548 808 3568 .
837 3508 1012 3560 statim
1041 3506 1105 3559 ad
1140 3505 1414 3560 historiam
1444 3507 1588 3576 pueri
1613 3518 1874 3571 recurrat,

292 3610 347 3651 rt
381 3612 655 3669 postquam
709 3600 970 3664 divisset,
1018 3599 1118 3653 lla:
1154 3610 1270 3652 sunt
1310 3602 1655 3670 generationes
1693 3597 1875 3665 Iacob,

290 3691 545 3743 derelicta
574 3690 851 3744 confestim
877 3692 1200 3757 narratione,
1230 3692 1442 3760 quinam
1476 3692 1677 3745 scilicet
1696 3706 1761 3745 ex
1785 3691 1877 3745 illo

293 3783 427 3843 Itali,
461 3793 513 3835 ct
545 3781 737 3835 iterum
769 3783 855 3851 qui
892 3797 954 3835 cx
987 3780 1122 3837 nalis
1146 3782 1214 3835 ab
1239 3798 1303 3835 co
1323 3781 1485 3851 geniti
1514 3782 1672 3850 (sicut
1692 3797 1874 3850 supra,

289 3891 416 3927 enm
447 3875 513 3926 de
555 3875 692 3928 Esau
736 3890 912 3928 sermo
937 3882 1107 3939 esset,
1151 3873 1292 3943 fecit)
1317 3915 1331 3939 ,
1378 3873 1443 3927 ad
1472 3873 1668 3941 Josepb
1699 3872 1877 3928 statim

293 3965 647 4027 fu'slittztt'el‘il,
677 3965 1093 4029 adolescentem,
1121 3963 1356 4017 omnium
1388 3962 1609 4016 fratrum
1640 3963 1749 4017 fee
1778 3978 1876 4033 po-

291 4066 587 4118 stremum;
639 4071 759 4109 nam
799 4054 969 4108 dicit:
1011 4053 1204 4122 Ioseph
1244 4054 1414 4106 decent
1450 4063 1497 4106 et
1540 4063 1729 4123 septem
1772 4062 1880 4106 erat

292 4162 545 4198 annorum
590 4161 800 4214 pascens
842 4162 958 4197 cum
1004 4145 1241 4214 fratribus
1283 4146 1387 4197 suis
1423 4160 1555 4197 oves.
1612 4143 1781 4210 Quam
1809 4142 1880 4197 ob

289 4252 514 4291 causam
542 4238 693 4290 nobis
720 4252 982 4290 annorum
1011 4237 1248 4306 designat
1281 4236 1598 4289 numerum?
1648 4234 1718 4289 Ut
1742 4235 1880 4290 scias

292 4327 709 4381 adolescentiam
736 4343 839 4380 non
862 4344 980 4381 esse
1003 4329 1211 4380 virtutis
1240 4327 1676 4393 impedimentum
1707 4342 1718 4378 :
1745 4332 1796 4377 ta
1826 4328 1881 4379 ut

296 4418 507 4487 plenius
542 4419 678 4472 scias
706 4418 1058 4471 adolescentis
1085 4434 1205 4486 erga
1247 4428 1448 4484 patrem
1498 4416 1879 4483 obedientiam,

293 4521 351 4563 et
380 4510 431 4561 in
460 4508 651 4562 fratres
681 4510 1103 4562 benevolentiam
1129 4551 1143 4575 ,
1191 4509 1400 4562 iilorum
1427 4517 1602 4560 autent
1641 4509 1690 4561 in
1718 4524 1883 4560 .utna-

296 4601 518 4652 nitalem
548 4618 561 4652 :
589 4610 640 4653 et
670 4600 934 4669 quomodo
962 4616 1027 4653 ne
1058 4598 1106 4652 id
1138 4599 1352 4668 quidem
1380 4598 1631 4653 cohibere
1658 4614 1750 4652 eos
1781 4614 1880 4665 po-

294 4692 421 4755 tuit,
454 4690 592 4758 quod
625 4690 692 4743 ita
722 4690 771 4743 in
798 4706 891 4744 eos
911 4690 1128 4745 all'ectus
1155 4700 1335 4752 esset;
1369 4707 1463 4742 nec
1489 4691 1538 4742 in
1568 4700 1673 4742 tam
1700 4698 1880 4742 tenera

296 4792 480 4843 :etate,
507 4798 624 4849 qua:
665 4781 890 4835 debebat
920 4796 1016 4836 eos
1040 4780 1104 4834 ad
1136 4782 1656 4835 cmnmiserationem
1687 4797 1880 4849 provo-

294 4887 447 4937 care,
477 4870 771 4926 fraternum
791 4887 1027 4929 antorem
1049 4880 1328 4924 servarunt
1352 4889 1364 4925 :
1384 4870 1475 4925 sed
1504 4886 1625 4923 mox
1641 4872 1710 4923 ab
1732 4871 1881 4925 initio

298 4963 543 5015 ﬁdentes
565 4971 617 5016 et
646 4962 793 5031 pueri
820 4962 1010 5015 bonam
1039 4961 1287 5026 indolem,
1320 4972 1371 5015 et
1394 4962 1562 5030 patris
1587 4976 1707 5031 erga
1740 4961 1882 5013 illum

299 5055 746 5118 benevolentiam,
776 5055 829 5108 in
856 5054 1103 5108 invidiam
1131 5064 1311 5108 contra
1342 5072 1463 5110 eum
1495 5055 1705 5109 excitati
1738 5065 1879 5107 sunt.

297 5145 604 5199 Dctuleruut
633 5145 800 5210 enim,
845 5144 1051 5214 inquit,
1088 5144 1279 5212 Ioseph
1316 5145 1379 5198 de
1418 5146 1631 5215 pessimo
1670 5144 1885 5198 crimine

296 5238 440 5307 apud
472 5235 634 5291 Israel
655 5249 846 5306 patrem
866 5253 1013 5290 suum
1030 5236 1263 5309 (a).Vidc
1278 5237 1491 5290 malitia:
1508 5236 1849 5291 eminentiam
1867 5252 1880 5289 :

302 5332 469 5400 patris
499 5332 773 5385 caritatem
803 5329 1115 5399 perturbare
1154 5330 1480 5383 attentabant
1507 5345 1522 5390 ;
1555 5339 1608 5385 et
1629 5344 1746 5398 qua)
1776 5344 1883 5387 non

301 5431 459 5475 erant
484 5420 687 5490 ﬁngunt
709 5430 892 5474 contra
920 5419 1134 5473 fratrem
1170 5435 1182 5471 :
1217 5418 1268 5471 id
1296 5418 1468 5471 solum
1486 5418 1799 5482 efficientes,
1828 5426 1886 5470 ut

368 5558 442 5617 (a)
474 5558 547 5605 sic
569 5563 696 5604 LXX.
723 5563 770 5605 In
796 5557 997 5605 ttebrteo
1014 5563 1065 5606 et
1084 5554 1192 5604 aliis
1216 5555 1517 5604 versionibus
1533 5554 1715 5616 legitur
1734 5555 1886 5614 ipsum

302 5618 565 5689 Josepltum
603 5632 852 5689 accusasse
876 5618 1050 5689 fratres
1086 5631 1199 5689 stips
1223 5617 1344 5677 apud
1385 5617 1885 5689 ltatt-etn'dequ'ssuuo

304 5678 507 5727 t'l‘illtillc
534 5692 546 5726 :
572 5679 645 5726 sic
663 5679 1016 5740 etiann'nlgata
1038 5693 1048 5726 :
1073 5686 1123 5726 et
1146 5678 1221 5725 hic
1240 5686 1315 5725 est
1334 5690 1478 5725 verus
1498 5678 1637 5740 hujus
1662 5678 1748 5724 loci
1771 5688 1884 5740 seu:

304 5755 387 5845 ;,u.s
408 5740 677 5850 stic-uadum
702 5736 975 5789 tlebraiunn
999 5741 1155 5788 fidem.
1180 5747 1198 5784 \
1215 5741 1291 5788 ide
1317 5741 1364 5787 in
1387 5738 1611 5801 tlexaplis
1634 5739 1810 5788 nostris
1826 5736 1885 5787 ad

319 5814 428 5850 tunc
471 5814 631 5850 ecum.

319 5814 428 5853 tunc
452 5814 631 5851 locum.

1171 385 1232 440 IN
1270 385 1422 440 CAP.
1465 382 1730 439 XXXVI.
1770 382 2016 440 GENES.
2052 384 2283 441 llO.\lll..
2329 387 2466 447 LVI.

3432 390 3536 445 526

1960 500 2194 569 ipsormn
2236 502 2435 557 invidia
2477 504 2754 559 manifesta
2784 505 3111 561 redderetur.
3164 506 3227 560 Et
3264 516 3337 559 ιη’
3364 506 3538 558 diseas

1958 608 2052 645 eos
2080 593 2207 647 niltil
2233 593 2374 648 aliud
2417 595 2771 658 lucrifecisse.
2804 612 2965 666 quam
2994 596 3134 667 quod
3178 596 3323 665 prius
3366 601 3527 649 lateuc

1964 692 2068 737 tem
2102 700 2316 753 pravam
2366 696 2599 741 mentem
2645 687 2815 757 palam
2862 688 3116 752 fecerint,
3166 687 3286 739 vide
3335 696 3539 754 patrem

1958 779 2121 830 etiam
2149 788 2265 846 post
2285 793 2470 832 eormn
2488 782 2882 835 accusationem
2900 782 3068 849 magis
3090 779 3377 833 ilil‘l'cnlt‘lll
3406 780 3533 844 lilio,

1958 877 2011 919 et
2032 866 2142 935 jam
2164 869 2416 937 prteferrc
2438 886 2557 923 eum
2575 872 2836 925 omnibus.
2854 872 2906 925 5.
2926 869 3086 925 Iacob
3108 880 3305 933 autent,
3327 871 3493 939 inquit
3513 908 3531 933 ,

1960 958 2137 1013 dilexit
2165 959 2354 1027 Ioseph
2383 978 2537 1030 supra
2571 978 2738 1016 omnes
2764 962 2899 1031 ﬁlios
2921 979 3040 1015 suos
3060 1004 3076 1028 ,
3120 962 3359 1024 quoniam
3397 961 3536 1028 [ilius

1961 1052 2224 1105 senectutis
2247 1062 2355 1105 erat
2384 1053 2450 1105 ei.
2483 1051 2622 1106 Fecit
2649 1064 2815 1106 autem
2840 1055 2884 1106 ei
2905 1055 3122 1106 tunicam
3151 1054 3361 1107 variam.
3402 1054 3538 1119 Quid

1962 1151 2041 1193 est
2067 1182 2079 1200 .
2124 1139 2312 1195 Dilerit
2344 1142 2534 1211 Ioseph
2573 1160 2722 1212 super
2760 1160 2928 1196 omnes
2965 1145 3097 1207 ﬁlios
3123 1160 3237 1195 suos
3258 1184 3271 1203 ,
3304 1143 3542 1211 quoniam

1964 1232 2100 1299 [ilius
2137 1236 2404 1286 senectutis
2424 1245 2528 1286 erat
2555 1235 2640 1287 ei?
2700 1235 2829 1301 Quia
2872 1245 3188 1303 postremus,
3240 1245 3292 1286 et
3332 1235 3381 1287 in
3430 1234 3541 1300 ipsa

1964 1334 2235 1378 senectute
2286 1336 2439 1377 natus
2487 1335 2566 1378 est
2603 1326 2649 1379 ei
2677 1368 2691 1389 ,
2745 1338 2958 1395 propter
3000 1328 3098 1379 hoc
3130 1328 3297 1395 magis
3336 1327 3541 1378 dilexit.

1964 1416 2095 1469 Nam
2127 1418 2292 1485 magis
2321 1418 2576 1473 amabiles
2612 1418 2857 1472 videntur
2898 1418 2987 1471 lilii
3014 1460 3028 1484 ,
3079 1419 3166 1487 qui
3196 1420 3247 1471 itt
3275 1429 3546 1472 senectute

1966 1506 2078 1576 ipsa
2103 1518 2443 1578 generantur,
2474 1510 2838 1579 tuajoretnque
2873 1522 3079 1578 patrttm
3121 1512 3545 1565 benevolentiam

1967 1610 2340 1668 assequuntur.
2397 1600 2498 1655 Sed
2529 1611 2585 1654 ut
2606 1602 2872 1665 sciamus,
2915 1618 3018 1654 non
3052 1604 3152 1653 boe
3180 1600 3351 1653 solum
3384 1600 3547 1654 fuis~e

1967 1694 2106 1761 quod
2139 1704 2340 1762 patrem
2373 1694 2444 1747 illi
2474 1694 2823 1760 conciliabat,
2875 1696 2944 1748 ita
2994 1704 3050 1748 ut
3091 1710 3213 1747 eum
3254 1695 3374 1748 aliis
3416 1710 3551 1762 prm-

1971 1784 2133 1837 ferret
2156 1825 2169 1846 ,
2202 1784 2361 1838 docet
2390 1802 2486 1837 nos
2522 1785 2794 1854 Scriptura
2827 1786 2985 1838 etiam
3030 1794 3146 1854 post
3196 1786 3339 1837 illtttu
3386 1785 3549 1837 alium

1969 1891 2179 1945 quoque
2204 1884 2381 1928 natmu
2405 1890 2523 1928 esse
2552 1874 2713 1927 lilium
2742 1893 2755 1929 :
2784 1876 2899 1928 etsi
2927 1876 3218 1929 secundum
3254 1876 3547 1928 naturalem

1970 1981 2208 2019 amorem
2229 1966 2441 2017 dilectio
2472 1965 2657 2019 fuisset
2682 2006 2697 2028 ,
2725 1974 3024 2031 postremus
3055 1964 3238 2016 fuisset
3269 1964 3437 2031 magis
3463 1963 3549 2015 di-

1973 2056 2161 2120 lectus,
2206 2065 2387 2121 utpote
2434 2071 2558 2108 vere
2587 2058 2875 2109 senet-tntis
2917 2057 3086 2116 titius,
3127 2065 3175 2107 et
3208 2064 3330 2107 tune
3374 2066 3550 2118 natus,

1971 2148 2182 2217 quando
2221 2149 2285 2201 ad
2332 2159 2653 2216 postremam
2696 2157 3024 2200 senectutem
3074 2148 3314 2215 pervenit
3358 2147 3554 2213 justus.

1973 2240 2106 2306 Quid
2136 2239 2293 2308 igitur
2311 2248 2393 2293 est
2417 2239 2744 2292 dicendum?
2787 2239 3082 2308 Supernam
3114 2238 3396 2307 quamdam
3434 2253 3553 2305 gra-

1975 2333 2099 2387 tiam
2143 2332 2341 2396 fuisse,
2391 2346 2510 2401 quze
2551 2331 2803 2400 juvenem
2848 2330 3132 2384 amabilem
3182 2329 3470 2392 reddebat,
3502 2338 3556 2381 et

1974 2431 2191 2490 propter
2231 2422 2423 2474 anima:
2455 2421 2700 2475 virtutem
2748 2432 2803 2473 ut
2847 2421 3055 2473 cunctis
3100 2419 3438 2486 pra-ferretur
3481 2418 3556 2470 l’a—

1974 2515 2191 2569 ciebat:
2223 2513 2359 2566 banc
2404 2523 2582 2565 autem
2630 2512 2681 2565 in
2726 2512 2993 2581 Scriptura
3044 2513 3263 2580 prepnni
3314 2526 3552 2572 causam,

1975 2605 2114 2675 qttod
2152 2605 2287 2657 ﬁlius
2317 2603 2603 2657 senectutis
2646 2602 2840 2669 fuerit,
2883 2612 2934 2656 et
2968 2603 3087 2655 ideo
3118 2603 3283 2670 magis
3320 2618 3440 2654 eum
3470 2602 3556 2652 di-

1978 2698 2187 2761 lexi-rit,
2221 2705 2278 2751 ttt
2309 2712 2411 2751 non
2440 2695 2719 2750 manifeste
2739 2704 2955 2764 angeret
2985 2694 3163 2747 odium
3194 2693 3414 2746 fratrum
3458 2691 3554 2761 (a).

2048 2790 2253 2843 Invidia
2277 2798 2519 2859 quantum
2554 2788 2764 2840 malum.
2808 2785 2933 2839 Cain
2958 2787 3147 2853 primus
3178 2801 3240 2837 ex
3264 2785 3431 2837 iuritlo
3462 2784 3557 2835 ho-

1977 2883 2181 2936 micida.
2223 2911 2293 2921 —
2338 2880 2526 2935 Gravis
2550 2882 2691 2935 enim
2722 2879 2832 2934 bare
2867 2880 3027 2932 animi
3073 2876 3332 2949 a'gritndo
3360 2886 3441 2929 est
3462 2919 3476 2940 ,
3507 2888 3559 2931 et

1978 2974 2190 3044 quando
2216 2973 2445 3026 animam
2485 2971 2737 3025 invaserit
2761 3009 2775 3031 .
2818 2986 2921 3023 non
2954 2970 3098 3037 prius
3124 2985 3240 3021 eam
3284 2969 3555 3035 relinquit,

1980 3068 2149 3119 donec
2179 3065 2229 3118 in
2258 3073 2551 3117 extremam
2595 3061 2974 3115 absurditatcm
3019 3076 3135 3113 eam
3178 3060 3476 3122 induxerit,
3505 3068 3559 3113 et

1982 3157 2182 3211 la-dens
2225 3156 2455 3207 :mimam
2496 3169 2523 3206 a
2556 3168 2657 3221 qua
2690 3161 2810 3205 nata
2838 3162 2915 3206 est
2938 3194 2951 3215 ,
2994 3152 3214 3204 omnino
3256 3151 3412 3204 aliter
3438 3166 3559 3202 emn

1978 3248 2062 3302 cui
2093 3246 2290 3300 invidet
2318 3246 2496 3307 allicit,
2528 3259 2687 3314 quam
2715 3244 2829 3297 vult
2862 3261 2877 3298 :
2911 3258 3100 3312 nempe
3120 3244 3402 3296 clariorem
3424 3284 3438 3308 ,
3468 3260 3560 3294 no-

1982 3338 2242 3399 biliorem,
2275 3335 2613 3389 illustriorem
2638 3334 2782 3386 illum
2812 3332 3019 3393 reddit;
3062 3332 3205 3386 unde
3239 3333 3426 3386 iterum
3457 3331 3557 3385 alia

1980 3429 2191 3499 gravior
2218 3426 2399 3481 invido
2430 3426 2581 3495 plaga
2621 3424 2874 3478 nascitur.
2923 3423 3017 3477 llic
3060 3422 3371 3477 consideres
3401 3422 3561 3491 igitur

1982 3519 2351 3575 admirandum
2395 3518 2540 3571 illum
2579 3516 2830 3585 juvenem
2874 3529 3053 3569 rerum
3097 3530 3215 3585 qua:
3265 3516 3559 3591 agebantur

1982 3614 2221 3681 ignarum
2241 3650 2258 3675 ,
2288 3607 2666 3679 repra‘sentari
2697 3619 2815 3660 cum
2842 3605 2942 3660 illis
2973 3614 3029 3658 ttt
3053 3620 3174 3659 cum
3205 3604 3474 3667 fratribus,
3508 3616 3561 3659 et

1980 3704 2129 3775 quasi
2157 3702 2343 3757 eodem
2368 3711 2518 3756 utero
2548 3701 2705 3766 natis,
2728 3700 2905 3754 omnia
2928 3714 3048 3753 cum
3073 3698 3257 3753 fiducia
3283 3709 3337 3753 et
3361 3700 3563 3768 simpli-

1981 3800 2141 3851 citate
2185 3795 2526 3865 loquentem,
2560 3792 2679 3846 illos
2720 3802 2898 3847 autem
2945 3791 3157 3845 invidia:
3198 3791 3337 3845 malo
3375 3802 3563 3860 captos

1980 3890 2104 3944 odio
2146 3903 2267 3943 eum
2312 3896 2707 3956 persequentes.
2758 3886 2812 3939 4.
2862 3883 3096 3938 Vidcutes
3142 3884 3285 3937 enim
3312 3924 3324 3946 ,
3370 3884 3559 3953 inquit,

1982 3980 2203 4050 fratres.
2245 3979 2380 4049 quod
2401 3988 2542 4047 pater
2585 3992 2691 4045 prae
2726 3975 2953 4028 omnibus
2989 3975 3110 4044 ﬁliis
3149 3974 3389 4044 diligebat
3426 3991 3559 4037 eum,

1983 4073 2190 4127 oderant
2209 4087 2344 4135 eum,
2368 4079 2413 4122 et
2440 4085 2540 4121 non
2563 4075 2795 4138 poterant
2821 4066 2957 4135 loqui
2979 4065 3312 4136 ciquidquatu
3332 4066 3561 4135 paci/ire.

1988 4162 2119 4216 Vide
2145 4159 2413 4231 quomodo
2437 4158 2561 4211 odio
2601 4165 2991 4226 prosequuntur
3029 4169 3151 4209 eum
3189 4155 3277 4223 qui
3324 4155 3373 4207 in
3416 4155 3564 4209 nullo

1984 4253 2301 4308 offenderat.
2326 4250 2389 4303 Et
2411 4248 2564 4311 nihil,
2599 4249 2785 4317 inquit,
2825 4256 3051 4316 poterant
3078 4245 3216 4314 loqui
3247 4246 3294 4297 ei
3324 4246 3555 4314 paciﬁce.

1984 4347 2119 4415 Quid
2159 4354 2273 4411 est,
2324 4343 2473 4397 Nihil
2512 4350 2741 4413 poterant
2784 4339 2919 4408 loqui
2960 4338 3004 4391 ei
3038 4337 3293 4405 paciﬁce?
3319 4336 3450 4403 Quia
3480 4337 3561 4386 af-

1986 4442 2152 4495 fectus
2177 4438 2549 4493 dominabatur
2572 4435 2649 4487 eis
2678 4442 2730 4485 et
2767 4430 3002 4500 quotidie
3027 4428 3319 4497 augebatur
3357 4427 3559 4491 odium,

1985 4548 2080 4587 ceu
2111 4530 2248 4597 capti
2277 4525 2557 4598 tyrannide
2588 4523 2745 4589 lutjns
2773 4521 2932 4586 mali,
2961 4520 3012 4573 in
3040 4519 3162 4573 dolo
3188 4518 3560 4586 loquebantur,

1986 4632 2039 4677 et
2066 4622 2194 4675 niltil
2221 4620 2268 4672 ei
2311 4615 2526 4685 pacilice
2571 4614 2709 4682 loqui
2744 4620 3007 4681 poterant.
3068 4608 3196 4663 Vide
3224 4618 3400 4662 autem
3426 4626 3563 4679 quo-

1988 4716 2146 4769 modo
2175 4727 2386 4767 causam
2419 4709 2524 4761 odii
2557 4706 2872 4775 significavit
2896 4747 2910 4768 ,
2957 4703 3096 4773 quod
3139 4719 3329 4773 nempe
3366 4706 3434 4759 :tb
3479 4706 3564 4759 in-

1986 4808 2122 4859 vidia
2150 4803 2425 4856 exordium
2474 4800 2733 4852 babucrit.
2792 4794 2861 4850 Ut
2899 4796 3127 4849 viderunt
3162 4796 3303 4849 enim
3330 4838 3344 4861 ,
3374 4796 3563 4865 inquit,

1988 4902 2198 4969 fratres,
2245 4893 2381 4964 quot!
2419 4902 2560 4961 pater
2596 4906 2709 4944 eum
2740 4904 2846 4958 pra:
2870 4888 3099 4941 omnibus
3144 4885 3271 4956 ftliis
3299 4888 3403 4941 suis
3449 4888 3568 4940 diti-

1987 4998 2144 5060 geret.
2200 4989 2367 5040 Antor
2398 4982 2562 5053 patris
2608 4980 2859 5034 invidiam
2899 4979 2946 5034 ei
2984 4979 3223 5049 peperit,
3268 4978 3361 5031 sed
3403 4979 3567 5046 patris

2051 5122 2132 5184 (a),
2157 5127 2336 5168 Sensus
2372 5114 2696 5184 _(‘.hrysostomi
2721 5120 2844 5184 “est,
2891 5111 3154 5184 Josepbum
3193 5123 3223 5159 ι
3265 5110 3441 5184 Iacobo
3481 5121 3570 5184 pa:

1988 5175 2069 5235 tre
2092 5175 2197 5244 {lus
2219 5180 2411 5229 caneris
2432 5175 2700 5244 adamatum
2720 5176 2886 5244 fuisse.
2910 5175 2974 5222 ob
3012 5183 3272 5244 supernam
3293 5175 3495 5244 gratiam
3518 5176 3572 5218 et

1988 5230 2160 5295 anima:
2184 5244 2412 5291 virtutem
2435 5253 2448 5289 :
2475 5240 2562 5288 sed
2588 5251 2653 5286 ne
2676 5236 2770 5285 hoc
2810 5237 2965 5295 ipsum
3002 5230 3231 5295 majorem
3255 5230 3451 5292 pareret
3474 5230 3569 5295 frag

1989 5292 2116 5356 frum
2141 5304 2383 5361 invidiam,
2408 5300 2546 5349 aliam
2571 5300 2805 5360 adiectam
2828 5292 2979 5361 fuisse
3003 5292 3179 5341 amoris
3200 5305 3417 5361 causam,
3439 5292 3568 5361 quttd

1991 5352 2220 5416 videlicet
2240 5364 2287 5412 in
2322 5352 2579 5412 senectute
2602 5352 2687 5407 sita
2710 5357 2963 5419 genuisset
3000 5366 3139 5419 eum;
3180 5354 3315 5415 quasi
3331 5352 3572 5419 videlicet

1990 5415 2094 5478 btec
2113 5438 2256 5475 causa
2280 5426 2437 5473 minus
2479 5423 2536 5469 ad
2560 5415 2786 5482 ciendum
2832 5415 3035 5465 livorem
3080 5415 3252 5482 idonea
3297 5415 3568 5463 videretur.

1990 5491 2080 5538 Sed
2105 5487 2221 5536 illud
2236 5487 2419 5547 ipsum,
2444 5483 2570 5544 quod
2593 5481 2643 5530 iu
2665 5484 2899 5547 senectute
2922 5490 3009 5525 sua
3031 5481 3450 5547 genuissetncuntn
3475 5488 3570 5521 non

1991 5535 2127 5599 vacat
2149 5535 2427 5596 ditlic'ultate
2453 5535 2468 5592 Ξ
2491 5556 2597 5591 nam
2645 5540 2817 5589 eodem
2853 5535 3139 5595 lermefaut
3175 5536 3358 5585 tantillo
3406 5535 3570 5596 elapso

1991 5598 2214 5671 tempore
2230 5610 2294 5671 ait
2314 5614 2419 5655 ortu
2447 5612 2796 5671 postremorum
2840 5600 3000 5671 Jacobi
3039 5600 3239 5671 tiliorum
3262 5612 3384 5671 quos
3406 5610 3467 5671 es
3495 5598 3571 5671 lia

1992 5657 2324 5722 bieimann
2365 5657 2596 5725 suscepit,
2624 5670 2763 5711 natus
2804 5668 2880 5709 est
2915 5662 3126 5725 Josephr;
3167 5657 3572 5725 malliennium

1989 5720 2268 5797 specialiter
2294 5730 2340 5797 in
2365 5720 2621 5796 senectute
2646 5738 2730 5797 sua
2767 5720 3041 5797 suscepisse
3076 5722 3307 5770 dicendus
3332 5720 3566 5770 videatur.

2000 5785 2172 5848 verum
2189 5793 2293 5843 base
2319 5788 2508 5851 longius
2531 5795 2661 5838 esset
2680 5785 2897 5849 pluribus
2920 5792 3177 5835 cauetur».
